None,ticker,dimension,calendardate,datekey,reportperiod,lastupdated,accoci,assets,assetsavg,assetsc,assetsnc,assetturnover,bvps,capex,cashneq,cashnequsd,cor,consolinc,currentratio,de,debt,debtc,debtnc,debtusd,deferredrev,depamor,deposits,divyield,dps,ebit,ebitda,ebitdamargin,ebitdausd,ebitusd,ebt,eps,epsdil,epsusd,equity,equityavg,equityusd,ev,evebit,evebitda,fcf,fcfps,fxusd,gp,grossmargin,intangibles,intexp,invcap,invcapavg,inventory,investments,investmentsc,investmentsnc,liabilities,liabilitiesc,liabilitiesnc,marketcap,ncf,ncfbus,ncfcommon,ncfdebt,ncfdiv,ncff,ncfi,ncfinv,ncfo,ncfx,netinc,netinccmn,netinccmnusd,netincdis,netincnci,netmargin,opex,opinc,payables,payoutratio,pb,pe,pe1,ppnenet,prefdivis,price,ps,ps1,receivables,retearn,revenue,revenueusd,rnd,roa,roe,roic,ros,sbcomp,sgna,sharefactor,sharesbas,shareswa,shareswadil,sps,tangibles,taxassets,taxexp,taxliabilities,tbvps,workingcapital
0,WST,MRY,2020-12-31,2020-12-31,2020-12-31,2021-07-30,-110600000.0,2793800000.0,2503850000.0,1373700000.0,1420100000.0,0.857,25.095,-174400000.0,615500000.0,615500000.0,1379100000.0,346200000.0,2.729,0.506,325700000.0,12400000.0,313300000.0,325700000.0,0.0,109100000.0,0.0,0.002,0.65,426900000.0,536000000.0,0.25,536000000.0,426900000.0,418700000.0,4.68,4.57,4.68,1854500000.0,1667475000.0,1854500000.0,20750411632.0,49.0,38.713,298100000.0,4.034,1.0,767800000.0,0.358,141600000.0,8200000.0,1859000000.0,1794675000.0,321300000.0,214700000.0,0.0,214700000.0,939300000.0,503400000.0,435900000.0,20944311632.0,176400000.0,0.0,-93100000.0,-2300000.0,-48100000.0,-137100000.0,-179500000.0,0.0,472500000.0,20500000.0,346200000.0,346200000.0,346200000.0,0.0,0.0,0.161,360900000.0,406900000.0,213100000.0,0.139,11.294,60.498,60.536,1011500000.0,0.0,283.31,9.756,9.752,385300000.0,1846700000.0,2146900000.0,2146900000.0,46900000.0,0.138,0.208,0.238,0.199,34000000.0,302000000.0,1.0,73927188.0,73900000.0,75800000.0,29.051,2652200000.0,16000000.0,72500000.0,36400000.0,35.889,870300000.0
1,WST,MRY,2019-12-31,2019-12-31,2019-12-31,2021-07-30,-149600000.0,2341400000.0,2168700000.0,1058700000.0,1282700000.0,0.848,21.259,-126400000.0,439100000.0,439100000.0,1234200000.0,241700000.0,3.099,0.488,329300000.0,11900000.0,317400000.0,329300000.0,0.0,103400000.0,0.0,0.004,0.61,309200000.0,412600000.0,0.224,412600000.0,309200000.0,300700000.0,3.27,3.21,3.27,1573200000.0,1468850000.0,1573200000.0,10995418173.0,36.0,26.649,240800000.0,3.254,1.0,605700000.0,0.329,137600000.0,8500000.0,1752400000.0,1641125000.0,235700000.0,192700000.0,0.0,192700000.0,768200000.0,341600000.0,426600000.0,11123018173.0,101700000.0,-104000000.0,-58000000.0,60900000.0,-45100000.0,-36800000.0,-228000000.0,0.0,367200000.0,-700000.0,241700000.0,241700000.0,241700000.0,0.0,0.0,0.131,309100000.0,296600000.0,156800000.0,0.187,7.07,46.02,45.972,909400000.0,0.0,150.33,6.045,6.046,319300000.0,1549400000.0,1839900000.0,1839900000.0,38900000.0,0.111,0.165,0.188,0.168,24400000.0,272700000.0,1.0,73990675.0,74000000.0,75400000.0,24.864,2203800000.0,14000000.0,59000000.0,21900000.0,29.781,717100000.0
2,WST,MRY,2018-12-31,2018-12-31,2018-12-31,2021-07-30,-154200000.0,1978900000.0,1917075000.0,894400000.0,1084500000.0,0.896,18.894,-104700000.0,337400000.0,337400000.0,1172000000.0,206900000.0,3.153,0.417,196100000.0,100000.0,196000000.0,196100000.0,0.0,104400000.0,0.0,0.006,0.57,256700000.0,361100000.0,0.21,361100000.0,256700000.0,248300000.0,2.8,2.74,2.8,1396300000.0,1333825000.0,1396300000.0,7160930148.0,28.0,19.831,183900000.0,2.488,1.0,545400000.0,0.318,126100000.0,8400000.0,1427800000.0,1439550000.0,214500000.0,91200000.0,0.0,91200000.0,582600000.0,283700000.0,298900000.0,7262030148.0,101500000.0,0.0,-43400000.0,-100000.0,-42100000.0,-80700000.0,-100800000.0,0.0,288600000.0,-5600000.0,206900000.0,206900000.0,206900000.0,0.0,0.0,0.12,305100000.0,240300000.0,130400000.0,0.204,5.201,35.099,35.011,822000000.0,0.0,98.03,4.229,4.218,288200000.0,1353400000.0,1717400000.0,1717400000.0,40300000.0,0.108,0.155,0.178,0.149,15100000.0,262900000.0,1.0,74079671.0,73900000.0,75400000.0,23.24,1852800000.0,24700000.0,41400000.0,22900000.0,25.072,610700000.0
3,WST,MRY,2017-12-31,2017-12-31,2017-12-31,2021-07-30,-117300000.0,1862800000.0,1842425000.0,743500000.0,1119300000.0,0.868,17.319,-130800000.0,235900000.0,235900000.0,1086200000.0,150700000.0,2.66,0.455,197000000.0,0.0,197000000.0,197000000.0,0.0,96700000.0,0.0,0.005,0.53,239400000.0,336100000.0,0.21,336100000.0,239400000.0,231600000.0,2.04,1.99,2.04,1279900000.0,1251950000.0,1279900000.0,7287035912.0,30.0,21.681,132500000.0,1.793,1.0,512900000.0,0.321,129400000.0,7800000.0,1415000000.0,1428525000.0,215200000.0,85800000.0,0.0,85800000.0,582900000.0,279500000.0,303400000.0,7326535912.0,32900000.0,-6000000.0,-38700000.0,-34900000.0,-39100000.0,-109000000.0,-133600000.0,0.0,263300000.0,12200000.0,150700000.0,150700000.0,150700000.0,0.0,0.0,0.094,285100000.0,227800000.0,138100000.0,0.26,5.724,48.617,48.368,855000000.0,0.0,98.67,4.582,4.56,253200000.0,1178200000.0,1599100000.0,1599100000.0,39100000.0,0.082,0.12,0.168,0.15,16100000.0,246000000.0,1.0,74252923.0,73900000.0,75800000.0,21.639,1733400000.0,25700000.0,80900000.0,16400000.0,23.456,464000000.0
4,WST,MRY,2016-12-31,2016-12-31,2016-12-31,2021-07-30,-186800000.0,1716700000.0,1706325000.0,641900000.0,1074800000.0,0.884,15.246,-170200000.0,203000000.0,203000000.0,1007700000.0,143600000.0,2.663,0.536,228600000.0,2400000.0,226200000.0,228600000.0,0.0,90700000.0,0.0,0.006,0.49,206100000.0,296800000.0,0.197,296800000.0,206100000.0,198000000.0,1.96,1.91,1.96,1117500000.0,1110800000.0,1117500000.0,6233508560.0,30.0,21.002,49200000.0,0.671,1.0,501400000.0,0.332,126300000.0,8100000.0,1375000000.0,1370825000.0,199300000.0,82700000.0,0.0,82700000.0,599200000.0,241000000.0,358200000.0,6208208560.0,-71600000.0,-8400000.0,-30000000.0,-69800000.0,-35800000.0,-113900000.0,-175800000.0,0.0,219400000.0,-1300000.0,143600000.0,143600000.0,143600000.0,0.0,0.0,0.095,306200000.0,195200000.0,122000000.0,0.25,5.555,43.233,43.281,778300000.0,0.0,84.83,4.114,4.12,200500000.0,1071600000.0,1509100000.0,1509100000.0,36800000.0,0.084,0.129,0.15,0.137,19500000.0,239600000.0,1.0,73184116.0,73300000.0,75000000.0,20.588,1590400000.0,66200000.0,54400000.0,13700000.0,21.697,400900000.0
5,WST,MRY,2015-12-31,2015-12-31,2015-12-31,2021-07-30,-162600000.0,1695100000.0,1655325000.0,673700000.0,1021400000.0,0.846,14.221,-131600000.0,274600000.0,274600000.0,944000000.0,95600000.0,2.143,0.656,298200000.0,69300000.0,228900000.0,298200000.0,0.0,89900000.0,0.0,0.007,0.45,136000000.0,225900000.0,0.161,225900000.0,136000000.0,121900000.0,1.33,1.3,1.33,1023900000.0,987425000.0,1023900000.0,4386819909.0,32.0,19.419,80800000.0,1.122,1.0,455800000.0,0.326,142200000.0,14100000.0,1262200000.0,1272150000.0,181100000.0,61300000.0,0.0,61300000.0,671200000.0,314300000.0,356900000.0,4341119909.0,19300000.0,0.0,7100000.0,-28400000.0,-32400000.0,-41500000.0,-129500000.0,-1500000.0,212400000.0,-22100000.0,95600000.0,95600000.0,95600000.0,0.0,0.0,0.068,327200000.0,128600000.0,119800000.0,0.338,4.24,45.409,45.278,721000000.0,0.0,60.22,3.101,3.097,181400000.0,964600000.0,1399800000.0,1399800000.0,34100000.0,0.058,0.097,0.107,0.097,29600000.0,233000000.0,1.0,72087677.0,72000000.0,73800000.0,19.442,1552900000.0,70500000.0,26300000.0,25200000.0,21.568,359400000.0
6,WST,MRY,2014-12-31,2014-12-31,2014-12-31,2021-07-30,-119200000.0,1669700000.0,1688975000.0,659100000.0,1010600000.0,0.842,13.496,-111900000.0,255300000.0,255300000.0,973600000.0,127100000.0,2.61,0.745,335500000.0,27200000.0,308300000.0,335500000.0,0.0,90000000.0,0.0,0.008,0.41,190800000.0,280800000.0,0.198,280800000.0,190800000.0,174300000.0,1.79,1.75,1.79,956900000.0,958550000.0,956900000.0,3879679524.0,20.0,13.817,71000000.0,1.001,1.0,447800000.0,0.315,150600000.0,16500000.0,1346800000.0,1418025000.0,181500000.0,60600000.0,0.0,60600000.0,712800000.0,252500000.0,460300000.0,3783779524.0,25300000.0,0.0,10200000.0,-22300000.0,-29100000.0,-30800000.0,-104000000.0,7000000.0,182900000.0,-22800000.0,127100000.0,127100000.0,127100000.0,0.0,0.0,0.089,265800000.0,182000000.0,103100000.0,0.229,3.954,29.77,29.743,705800000.0,0.0,53.24,2.662,2.656,179000000.0,902200000.0,1421400000.0,1421400000.0,37300000.0,0.075,0.133,0.135,0.134,18600000.0,228700000.0,1.0,71070239.0,70900000.0,72800000.0,20.048,1519100000.0,73900000.0,47200000.0,30600000.0,21.426,406600000.0
7,WST,MRY,2013-12-31,2013-12-31,2013-12-31,2021-07-30,-32400000.0,1671600000.0,1631475000.0,650700000.0,1020900000.0,0.839,13.023,-151900000.0,230000000.0,230000000.0,933700000.0,112300000.0,2.747,0.844,373500000.0,2200000.0,371300000.0,373500000.0,0.0,85200000.0,0.0,0.008,0.385,169500000.0,254700000.0,0.186,254700000.0,169500000.0,152500000.0,1.61,1.57,1.61,906400000.0,818300000.0,906400000.0,3604427373.0,21.0,14.152,68600000.0,0.986,1.0,434700000.0,0.318,162500000.0,17000000.0,1415700000.0,1437600000.0,176900000.0,60900000.0,0.0,60900000.0,765200000.0,236900000.0,528300000.0,3426127373.0,68100000.0,0.0,16500000.0,-5600000.0,-26700000.0,-5100000.0,-149900000.0,4900000.0,220500000.0,2600000.0,112300000.0,112300000.0,112300000.0,0.0,0.0,0.082,272300000.0,162400000.0,108000000.0,0.239,3.78,30.509,30.472,711700000.0,0.0,49.06,2.504,2.495,185700000.0,805000000.0,1368400000.0,1368400000.0,37900000.0,0.069,0.137,0.118,0.124,21200000.0,234900000.0,1.0,69835454.0,69600000.0,71400000.0,19.661,1509100000.0,77700000.0,40200000.0,33500000.0,21.682,413800000.0
8,WST,MRY,2012-12-31,2012-12-31,2012-12-31,2021-07-30,-75900000.0,1564000000.0,1502875000.0,557300000.0,1006700000.0,0.843,10.703,-131300000.0,161900000.0,161900000.0,878700000.0,80700000.0,2.129,1.146,411500000.0,32700000.0,378800000.0,411500000.0,0.0,76900000.0,0.0,0.013,0.365,130100000.0,207000000.0,0.163,207000000.0,130100000.0,113400000.0,1.19,1.15,1.19,728900000.0,705050000.0,728900000.0,2126414814.0,16.0,10.273,56100000.0,0.824,1.0,387700000.0,0.306,163100000.0,16700000.0,1388700000.0,1317525000.0,162200000.0,72200000.0,12400000.0,59800000.0,835100000.0,261800000.0,573300000.0,1868214814.0,70100000.0,0.0,4000000.0,10400000.0,-24900000.0,-3400000.0,-116000000.0,14400000.0,187400000.0,2100000.0,80700000.0,80700000.0,80700000.0,0.0,0.0,0.064,251300000.0,136400000.0,102900000.0,0.307,2.563,23.15,23.004,669000000.0,0.0,27.375,1.475,1.472,175000000.0,719900000.0,1266400000.0,1266400000.0,33200000.0,0.054,0.114,0.099,0.103,15500000.0,218100000.0,1.0,68245290.0,68100000.0,71800000.0,18.596,1400900000.0,98000000.0,32700000.0,44200000.0,20.571,295500000.0
9,WST,MRY,2011-12-31,2011-12-31,2011-12-31,2021-07-30,-71500000.0,1399100000.0,1394700000.0,472000000.0,927100000.0,0.855,9.731,-95400000.0,91800000.0,91800000.0,853000000.0,75500000.0,1.941,1.136,349400000.0,50100000.0,299300000.0,349400000.0,0.0,75700000.0,0.0,0.018,0.345,117200000.0,192900000.0,0.162,192900000.0,117200000.0,99000000.0,1.12,1.08,1.12,654900000.0,676325000.0,654900000.0,1538349979.0,13.0,7.975,35300000.0,0.525,1.0,339300000.0,0.285,163500000.0,18200000.0,1250000000.0,1279100000.0,151800000.0,82700000.0,26500000.0,56200000.0,744200000.0,243200000.0,501000000.0,1279549979.0,-18400000.0,0.0,400000.0,-7300000.0,-23200000.0,-24700000.0,-120500000.0,-25600000.0,130700000.0,-3900000.0,75500000.0,75500000.0,75500000.0,0.0,0.0,0.063,229700000.0,109600000.0,89800000.0,0.308,1.954,16.948,16.942,593600000.0,0.0,18.975,1.073,1.071,147200000.0,664500000.0,1192300000.0,1192300000.0,29100000.0,0.054,0.112,0.092,0.098,8400000.0,191100000.0,1.0,67433464.0,67300000.0,74000000.0,17.716,1235600000.0,93000000.0,23500000.0,38900000.0,18.36,228800000.0
10,WST,MRY,2010-12-31,2010-12-31,2010-12-31,2021-07-30,-31300000.0,1294300000.0,1267400000.0,436600000.0,857700000.0,0.872,9.395,-71100000.0,110200000.0,110200000.0,786600000.0,65300000.0,2.573,1.069,358400000.0,300000.0,358100000.0,358400000.0,0.0,73200000.0,0.0,0.016,0.325,95700000.0,168900000.0,0.153,168900000.0,95700000.0,78900000.0,0.98,0.945,0.98,625700000.0,602125000.0,625700000.0,1645484728.0,17.0,9.742,67200000.0,1.009,1.0,318100000.0,0.288,167600000.0,16800000.0,1205200000.0,1212575000.0,147000000.0,48200000.0,0.0,48200000.0,668600000.0,169700000.0,498900000.0,1371884728.0,27100000.0,-3700000.0,1600000.0,-16000000.0,-21700000.0,-34000000.0,-74000000.0,1700000.0,138300000.0,-3200000.0,65300000.0,65300000.0,65300000.0,0.0,0.0,0.059,227400000.0,90700000.0,63200000.0,0.332,2.193,21.009,21.02,554800000.0,0.0,20.6,1.242,1.242,126400000.0,612600000.0,1104700000.0,1104700000.0,23900000.0,0.052,0.108,0.079,0.087,7800000.0,187700000.0,1.0,66596346.0,66600000.0,73400000.0,16.587,1126700000.0,75000000.0,13600000.0,35000000.0,16.917,266900000.0
11,WST,MRY,2009-12-31,2009-12-31,2009-12-31,2021-07-30,-19700000.0,1271000000.0,1223475000.0,397200000.0,873800000.0,0.863,8.828,-104900000.0,83100000.0,83100000.0,752100000.0,72600000.0,2.321,1.195,379600000.0,500000.0,379100000.0,379600000.0,0.0,68100000.0,0.0,0.016,0.305,101300000.0,169400000.0,0.16,169400000.0,101300000.0,86100000.0,1.105,1.06,1.105,579100000.0,541600000.0,579100000.0,1611135594.0,16.0,9.511,32800000.0,0.5,1.0,303600000.0,0.288,169800000.0,15200000.0,1226600000.0,1214300000.0,129200000.0,38200000.0,0.0,38200000.0,691900000.0,171100000.0,520800000.0,1293635594.0,-4100000.0,-16900000.0,3700000.0,-10200000.0,-20100000.0,-22600000.0,-121900000.0,2600000.0,137700000.0,2700000.0,72600000.0,72600000.0,72600000.0,0.0,0.0,0.069,206100000.0,97500000.0,68400000.0,0.276,2.234,17.819,17.738,577100000.0,0.0,19.6,1.225,1.218,138700000.0,569400000.0,1055700000.0,1055700000.0,19900000.0,0.059,0.134,0.083,0.096,7500000.0,177700000.0,1.0,66001816.0,65600000.0,72600000.0,16.093,1101200000.0,77200000.0,13500000.0,36700000.0,16.787,226100000.0
12,WST,MRY,2008-12-31,2008-12-31,2008-12-31,2021-07-30,-44900000.0,1168700000.0,1210725000.0,366200000.0,802500000.0,0.868,7.517,-138600000.0,87200000.0,87200000.0,748500000.0,86600000.0,2.302,1.399,386000000.0,3900000.0,382100000.0,386000000.0,0.0,60600000.0,0.0,0.015,0.285,125700000.0,186300000.0,0.177,186300000.0,125700000.0,109700000.0,1.325,1.25,1.325,487100000.0,519075000.0,487100000.0,1515681998.0,12.0,8.136,-3600000.0,-0.056,1.0,302600000.0,0.288,155300000.0,16000000.0,1153100000.0,1188275000.0,115700000.0,33600000.0,0.0,33600000.0,681600000.0,159100000.0,522500000.0,1235681998.0,-21200000.0,0.0,1000000.0,-9200000.0,-18600000.0,-29400000.0,-119700000.0,16800000.0,135000000.0,-7100000.0,86000000.0,86000000.0,86000000.0,0.0,600000.0,0.082,178500000.0,124100000.0,67600000.0,0.215,2.537,14.368,14.253,531000000.0,0.0,18.885,1.176,1.164,128600000.0,517300000.0,1051100000.0,1051100000.0,18700000.0,0.071,0.166,0.106,0.12,6400000.0,159300000.0,1.0,65431930.0,64800000.0,72200000.0,16.221,1013400000.0,68800000.0,23700000.0,31000000.0,15.639,207100000.0
13,WST,MRY,2007-12-31,2007-12-31,2007-12-31,2021-07-30,33600000.0,1185600000.0,1147450000.0,412300000.0,773300000.0,0.889,7.42,-129400000.0,108400000.0,108400000.0,728300000.0,71200000.0,2.254,1.431,395100000.0,500000.0,394600000.0,395100000.0,0.0,56600000.0,0.0,0.013,0.265,102400000.0,159000000.0,0.156,159000000.0,102400000.0,87900000.0,1.08,1.025,1.08,485300000.0,480175000.0,485300000.0,1555807473.0,15.0,9.785,-200000.0,-0.003,1.0,291800000.0,0.286,164200000.0,14500000.0,1125200000.0,1053900000.0,111800000.0,52700000.0,21000000.0,31700000.0,694700000.0,182900000.0,511800000.0,1313607473.0,61300000.0,0.0,-38600000.0,137500000.0,-17500000.0,84600000.0,-155900000.0,-22700000.0,129200000.0,3400000.0,70700000.0,70700000.0,70700000.0,500000.0,500000.0,0.069,196900000.0,94900000.0,80400000.0,0.245,2.707,18.58,18.792,481700000.0,0.0,20.295,1.288,1.301,136100000.0,450300000.0,1020100000.0,1020100000.0,16100000.0,0.062,0.147,0.097,0.1,5100000.0,152500000.0,1.0,64725670.0,65400000.0,72400000.0,15.598,1021400000.0,66300000.0,17200000.0,76600000.0,15.618,229400000.0
14,WST,MRY,2006-12-31,2006-12-31,2006-12-31,2021-07-30,10600000.0,918200000.0,887075000.0,281700000.0,636500000.0,1.03,6.436,-90300000.0,47100000.0,47100000.0,648500000.0,67100000.0,1.795,1.204,236300000.0,500000.0,235800000.0,236300000.0,0.0,52700000.0,0.0,0.01,0.245,104400000.0,157100000.0,0.172,157100000.0,104400000.0,91700000.0,1.045,1.0,1.045,414500000.0,392075000.0,414500000.0,1869273028.0,18.0,11.899,49100000.0,0.762,1.0,264800000.0,0.29,169100000.0,12700000.0,781400000.0,780300000.0,97500000.0,29700000.0,0.0,29700000.0,498900000.0,156900000.0,342000000.0,1672973028.0,-1700000.0,0.0,4400000.0,-59600000.0,-15900000.0,-60200000.0,-89900000.0,0.0,139400000.0,4600000.0,67100000.0,67100000.0,67100000.0,-5600000.0,0.0,0.073,163800000.0,101000000.0,61200000.0,0.234,4.036,24.933,24.512,384700000.0,0.0,25.615,1.832,1.806,109500000.0,375700000.0,913300000.0,913300000.0,11100000.0,0.076,0.171,0.134,0.114,14500000.0,147800000.0,1.0,65312240.0,64400000.0,67200000.0,14.182,749100000.0,35100000.0,24600000.0,70300000.0,11.632,124800000.0
15,WST,MRY,2005-12-31,2005-12-31,2005-12-31,2021-07-30,8900000.0,833500000.0,770200000.0,247100000.0,586400000.0,0.908,5.465,-54100000.0,55900000.0,55900000.0,503200000.0,46400000.0,1.926,1.44,281000000.0,300000.0,280700000.0,281000000.0,0.0,47400000.0,0.0,0.018,0.225,78200000.0,125600000.0,0.18,125600000.0,78200000.0,64100000.0,0.745,0.71,0.745,339900000.0,322100000.0,339900000.0,1026636957.0,13.0,8.174,31500000.0,0.506,1.0,196500000.0,0.281,159200000.0,14100000.0,771100000.0,725425000.0,71100000.0,27700000.0,0.0,27700000.0,489500000.0,128300000.0,361200000.0,793936957.0,-20000000.0,-174800000.0,11400000.0,120600000.0,-14100000.0,120500000.0,-227400000.0,0.0,85600000.0,-6200000.0,46400000.0,46400000.0,46400000.0,-400000.0,0.0,0.066,123100000.0,73400000.0,45800000.0,0.302,2.336,17.111,16.799,328000000.0,0.0,12.515,1.135,1.113,107400000.0,325000000.0,699700000.0,699700000.0,7900000.0,0.06,0.144,0.108,0.112,8100000.0,115100000.0,1.0,63438830.0,62200000.0,65000000.0,11.249,674300000.0,13800000.0,17700000.0,56100000.0,10.841,118800000.0
16,WST,MRY,2004-12-31,2004-12-31,2004-12-31,2021-07-30,36400000.0,649200000.0,627125000.0,226500000.0,422700000.0,0.864,5.018,-56900000.0,68800000.0,68800000.0,384500000.0,20200000.0,1.944,1.156,160800000.0,10000000.0,150800000.0,160800000.0,0.0,33200000.0,0.0,0.017,0.212,40200000.0,73400000.0,0.136,73400000.0,40200000.0,31700000.0,0.335,0.325,0.335,301100000.0,279350000.0,301100000.0,865607847.0,22.0,11.793,24100000.0,0.402,1.0,157100000.0,0.29,43700000.0,8500000.0,581000000.0,571950000.0,56700000.0,26600000.0,0.0,26600000.0,348100000.0,116500000.0,231600000.0,766207847.0,31000000.0,600000.0,13400000.0,-16000000.0,-12800000.0,-15400000.0,-24500000.0,0.0,81000000.0,2000000.0,20200000.0,20200000.0,20200000.0,14100000.0,0.0,0.037,107700000.0,49400000.0,29300000.0,0.633,2.545,37.931,37.358,283800000.0,0.0,12.515,1.415,1.386,72900000.0,287500000.0,541600000.0,541600000.0,0.0,0.032,0.072,0.07,0.074,7400000.0,105200000.0,1.0,61223160.0,60000000.0,61600000.0,9.027,605500000.0,18800000.0,11500000.0,60300000.0,10.092,110000000.0
17,WST,MRY,2003-12-31,2003-12-31,2003-12-31,2021-07-30,18900000.0,623600000.0,577125000.0,216700000.0,406900000.0,0.838,4.437,-60400000.0,37800000.0,37800000.0,330000000.0,31900000.0,1.823,1.421,175000000.0,8000000.0,167000000.0,175000000.0,0.0,31200000.0,0.0,0.024,0.203,58300000.0,89500000.0,0.185,89500000.0,58300000.0,48600000.0,0.55,0.55,0.55,257600000.0,227975000.0,257600000.0,618004272.0,11.0,6.905,23300000.0,0.401,1.0,153400000.0,0.317,40900000.0,9700000.0,601000000.0,561600000.0,47600000.0,22200000.0,0.0,22200000.0,366000000.0,118900000.0,247100000.0,493604272.0,4600000.0,0.0,3000000.0,-3300000.0,-11800000.0,-12100000.0,-56700000.0,0.0,83700000.0,4600000.0,31900000.0,31900000.0,31900000.0,17500000.0,0.0,0.066,81400000.0,72000000.0,28600000.0,0.369,1.916,15.473,15.409,251100000.0,0.0,8.475,1.021,1.018,113300000.0,281200000.0,483400000.0,483400000.0,0.0,0.055,0.14,0.104,0.121,1000000.0,91100000.0,1.0,58242392.0,58052000.0,58184000.0,8.327,582700000.0,27800000.0,16700000.0,69800000.0,10.038,97800000.0
18,WST,MRY,2002-12-31,2002-12-31,2002-12-31,2021-07-30,-13400000.0,529600000.0,519450000.0,161800000.0,367800000.0,0.795,3.49,-33600000.0,33200000.0,33200000.0,295200000.0,18400000.0,1.834,1.628,175000000.0,15800000.0,159200000.0,175000000.0,0.0,31200000.0,0.0,0.032,0.193,26800000.0,58000000.0,0.141,58000000.0,26800000.0,16200000.0,0.32,0.32,0.32,201500000.0,191400000.0,201500000.0,495316915.0,18.0,8.54,25500000.0,0.442,1.0,117600000.0,0.285,42800000.0,10600000.0,540400000.0,546300000.0,41300000.0,18000000.0,0.0,18000000.0,328100000.0,88200000.0,239900000.0,352916915.0,-8900000.0,-1000000.0,3200000.0,-25100000.0,-11100000.0,-33000000.0,-30600000.0,0.0,59100000.0,2500000.0,18400000.0,18400000.0,18400000.0,0.0,0.0,0.045,75900000.0,41700000.0,19200000.0,0.603,1.751,19.18,19.062,223300000.0,0.0,6.1,0.855,0.853,66600000.0,261200000.0,412800000.0,412800000.0,0.0,0.035,0.096,0.049,0.065,100000.0,67600000.0,1.0,57855232.0,57736000.0,57736000.0,7.15,486800000.0,28700000.0,-2200000.0,60300000.0,8.431,73600000.0
19,WST,MRY,2001-12-31,2001-12-31,2001-12-31,2021-07-30,-27400000.0,511300000.0,549925000.0,158500000.0,352800000.0,0.713,3.083,-13900000.0,42100000.0,42100000.0,277500000.0,-5200000.0,2.105,1.892,193000000.0,8700000.0,184300000.0,193000000.0,0.0,31900000.0,0.0,0.027,0.182,16900000.0,48800000.0,0.124,48800000.0,16900000.0,3400000.0,-0.09,-0.09,-0.09,176800000.0,193150000.0,176800000.0,559887773.0,33.0,11.473,23600000.0,0.412,1.0,114800000.0,0.293,38500000.0,13500000.0,548400000.0,582625000.0,34300000.0,20800000.0,0.0,20800000.0,334500000.0,75300000.0,259200000.0,381587773.0,-600000.0,-1100000.0,600000.0,-5900000.0,-10500000.0,-15800000.0,-20800000.0,0.0,37500000.0,-2100000.0,-5200000.0,-5200000.0,-5200000.0,24900000.0,0.0,-0.013,74900000.0,39900000.0,22200000.0,-2.022,2.158,-73.382,-73.889,210100000.0,0.0,6.65,0.973,0.972,59500000.0,254000000.0,392300000.0,392300000.0,0.0,-0.009,-0.027,0.029,0.043,400000.0,72000000.0,1.0,57381620.0,57344000.0,57392000.0,6.841,472800000.0,29500000.0,8600000.0,53800000.0,8.245,83200000.0
20,WST,MRY,2000-12-31,2000-12-31,2000-12-31,2021-07-30,-14500000.0,549100000.0,557425000.0,158800000.0,390300000.0,0.668,3.554,-47400000.0,42700000.0,42700000.0,265000000.0,1600000.0,2.237,1.681,199400000.0,3600000.0,195800000.0,199400000.0,0.0,30200000.0,0.0,0.028,0.173,22800000.0,53000000.0,0.142,53000000.0,22800000.0,11700000.0,0.028,0.028,0.028,204800000.0,218100000.0,204800000.0,502553420.0,22.0,9.482,-100000.0,-0.002,1.0,107500000.0,0.289,34900000.0,11100000.0,599900000.0,558075000.0,34800000.0,22000000.0,0.0,22000000.0,344300000.0,71000000.0,273300000.0,351653420.0,-2600000.0,-3400000.0,-9300000.0,30300000.0,-9800000.0,11200000.0,-50900000.0,0.0,47300000.0,-1900000.0,1600000.0,1600000.0,1600000.0,18400000.0,0.0,0.004,65000000.0,42500000.0,23500000.0,6.179,1.717,219.783,219.286,201600000.0,0.0,6.14,0.944,0.95,53700000.0,269800000.0,372500000.0,372500000.0,0.0,0.003,0.007,0.041,0.061,0.0,59500000.0,1.0,57272544.0,57628000.0,57636000.0,6.464,514200000.0,33400000.0,10100000.0,60100000.0,8.923,87800000.0
21,WST,MRY,1999-12-31,1999-12-31,1999-12-31,2021-07-30,-5300000.0,551800000.0,530750000.0,184700000.0,367100000.0,0.746,3.876,-39200000.0,45300000.0,45300000.0,261200000.0,38700000.0,1.776,1.387,171100000.0,29600000.0,141500000.0,171100000.0,0.0,30800000.0,0.0,0.021,0.163,65200000.0,96000000.0,0.243,96000000.0,65200000.0,54800000.0,0.647,0.642,0.647,231200000.0,229500000.0,231200000.0,587479693.0,9.0,6.12,16600000.0,0.278,1.0,134600000.0,0.34,66500000.0,10400000.0,507100000.0,501925000.0,42100000.0,20200000.0,0.0,20200000.0,320600000.0,104000000.0,216600000.0,461379693.0,14000000.0,-17200000.0,-15300000.0,34200000.0,-10300000.0,8600000.0,-54800000.0,0.0,55800000.0,-2300000.0,38700000.0,38700000.0,38700000.0,-2800000.0,0.0,0.098,73700000.0,60900000.0,25500000.0,0.252,1.996,11.922,11.955,227600000.0,0.0,7.735,1.166,1.166,74600000.0,278100000.0,395800000.0,395800000.0,0.0,0.073,0.169,0.13,0.165,0.0,73000000.0,1.0,59648312.0,59656000.0,60192000.0,6.635,485300000.0,25600000.0,16100000.0,53500000.0,8.135,80700000.0
22,WST,MRY,1998-12-31,1998-12-31,1998-12-31,2021-07-30,7200000.0,508100000.0,508675000.0,159700000.0,348400000.0,0.884,3.5,-40600000.0,31300000.0,31300000.0,314500000.0,6700000.0,1.497,1.208,141100000.0,36100000.0,105000000.0,141100000.0,0.0,32300000.0,0.0,0.017,0.152,35100000.0,67400000.0,0.15,67400000.0,35100000.0,27900000.0,0.102,0.1,0.102,230100000.0,261200000.0,230100000.0,669602276.0,19.0,9.935,30400000.0,0.462,1.0,135200000.0,0.301,61200000.0,7200000.0,450000000.0,407475000.0,43500000.0,15700000.0,0.0,15700000.0,278000000.0,106700000.0,171300000.0,606902276.0,-21000000.0,-34900000.0,-57800000.0,48200000.0,-9400000.0,-19000000.0,-73800000.0,0.0,71000000.0,800000.0,6700000.0,6700000.0,6700000.0,0.0,0.0,0.015,102700000.0,32500000.0,20800000.0,1.49,2.638,90.582,87.475,222800000.0,0.0,8.922,1.35,1.304,64400000.0,249300000.0,449700000.0,449700000.0,0.0,0.013,0.026,0.086,0.078,0.0,70500000.0,1.0,68019308.0,65740000.0,66016000.0,6.841,446900000.0,9700000.0,21200000.0,47600000.0,6.798,53000000.0
23,WST,MRY,1997-12-31,1997-12-31,1997-12-31,2021-07-30,3500000.0,477900000.0,477650000.0,170700000.0,307200000.0,0.947,4.214,-32700000.0,52300000.0,52300000.0,320400000.0,44400000.0,2.943,0.721,89000000.0,1600000.0,87400000.0,89000000.0,0.0,31900000.0,0.0,0.019,0.143,63300000.0,95200000.0,0.21,95200000.0,63300000.0,57700000.0,0.672,0.67,0.672,277700000.0,264850000.0,277700000.0,,,,35000000.0,0.531,1.0,132100000.0,0.292,51600000.0,5600000.0,405000000.0,414500000.0,38300000.0,22700000.0,0.0,22700000.0,200200000.0,58000000.0,142200000.0,501130866.0,25000000.0,0.0,4000000.0,-1700000.0,-9400000.0,-7100000.0,-33000000.0,0.0,67700000.0,-2600000.0,44400000.0,44400000.0,44400000.0,0.0,0.0,0.098,70200000.0,61900000.0,18600000.0,0.213,1.805,11.287,11.068,202200000.0,0.0,7.438,1.107,1.083,60400000.0,252500000.0,452500000.0,452500000.0,0.0,0.093,0.168,0.153,0.14,0.0,70200000.0,1.0,67378940.0,65900000.0,66288000.0,6.866,426300000.0,9400000.0,13300000.0,35500000.0,6.469,112700000.0
24,WST,MRY,1996-12-31,1996-12-31,1996-12-31,2021-07-30,16700000.0,477400000.0,,156700000.0,320700000.0,,3.837,-24500000.0,27300000.0,27300000.0,332700000.0,16400000.0,2.389,0.894,98400000.0,2900000.0,95500000.0,98400000.0,0.0,30700000.0,0.0,0.019,0.133,34100000.0,64800000.0,0.141,64800000.0,34100000.0,27200000.0,0.25,0.247,0.25,252000000.0,,252000000.0,,,,38900000.0,0.592,1.0,126100000.0,0.275,58900000.0,6900000.0,424000000.0,,44000000.0,24100000.0,0.0,24100000.0,225400000.0,65600000.0,159800000.0,,9900000.0,-1600000.0,-6500000.0,-13700000.0,-8700000.0,-28900000.0,-24500000.0,0.0,63400000.0,-100000.0,16400000.0,16400000.0,16400000.0,0.0,0.0,0.036,94300000.0,31800000.0,23900000.0,0.532,,,28.25,210300000.0,0.0,7.062,,1.011,69300000.0,217700000.0,458800000.0,458800000.0,0.0,,,,0.074,0.0,72800000.0,1.0,,65672000.0,66000000.0,6.986,418500000.0,10200000.0,10800000.0,42800000.0,6.373,91100000.0
25,WST,MRY,1995-12-31,1995-12-31,1995-12-31,2021-07-30,,,,,,,,-26800000.0,,,294700000.0,28700000.0,,,,,,,,29600000.0,,0.021,0.122,49900000.0,79500000.0,0.193,79500000.0,49900000.0,42600000.0,0.432,0.427,0.432,,,,,,,19300000.0,,1.0,118200000.0,0.286,,7300000.0,,,,,,,,,,,-9800000.0,-72200000.0,2800000.0,49200000.0,-8100000.0,43900000.0,-100600000.0,0.0,46100000.0,800000.0,28700000.0,28700000.0,28700000.0,0.0,0.0,0.07,69900000.0,48300000.0,,0.282,,,13.6,,0.0,5.875,,,,,412900000.0,412900000.0,0.0,,,,0.121,0.0,69900000.0,1.0,,,,,,,13900000.0,,,
0,WST,MRQ,2021-06-30,2021-06-30,2021-06-30,2021-07-30,-133200000.0,2933500000.0,,1477000000.0,1456500000.0,,27.468,-56900000.0,576200000.0,576200000.0,408500000.0,187300000.0,3.125,0.443,319400000.0,11600000.0,307800000.0,319400000.0,0.0,28800000.0,0.0,0.002,0.17,221500000.0,250300000.0,0.346,250300000.0,221500000.0,219600000.0,2.53,2.47,2.53,2032600000.0,,2032600000.0,26347791029.0,42.0,35.39,87500000.0,1.182,1.0,315100000.0,0.435,137800000.0,1900000.0,2066300000.0,,345200000.0,211700000.0,0.0,211700000.0,900900000.0,472600000.0,428300000.0,26510091029.0,92500000.0,0.0,11300000.0,-500000.0,-12600000.0,300000.0,-55900000.0,0.0,144400000.0,3700000.0,187300000.0,187300000.0,187300000.0,0.0,0.0,0.259,103800000.0,211300000.0,205100000.0,0.067,13.042,51.059,51.227,1035900000.0,0.0,359.1,10.509,10.535,480500000.0,2160200000.0,723600000.0,723600000.0,13800000.0,,,,,10300000.0,92700000.0,1.0,73823701.0,74000000.0,75700000.0,9.778,2795700000.0,28800000.0,32300000.0,29900000.0,37.78,1004400000.0
1,WST,MRQ,2021-03-31,2021-03-31,2021-03-31,2021-07-30,-140200000.0,2739700000.0,,1327000000.0,1412700000.0,,24.75,-54700000.0,483700000.0,483700000.0,398800000.0,151200000.0,2.749,0.498,321400000.0,11700000.0,309700000.0,321400000.0,0.0,29100000.0,0.0,0.002,0.17,181800000.0,210900000.0,0.314,210900000.0,181800000.0,179900000.0,2.04,1.99,2.04,1829000000.0,,1829000000.0,20590950666.0,40.0,32.705,34000000.0,0.46,1.0,271900000.0,0.405,138200000.0,1900000.0,1956400000.0,,310200000.0,211900000.0,0.0,211900000.0,910700000.0,482800000.0,427900000.0,20880750666.0,-131800000.0,0.0,-145000000.0,-600000.0,-12600000.0,-156400000.0,-54500000.0,0.0,88700000.0,-9600000.0,151200000.0,151200000.0,151200000.0,0.0,0.0,0.225,96300000.0,175600000.0,204300000.0,0.083,11.416,49.352,49.262,995300000.0,0.0,281.78,8.977,8.952,465700000.0,1985400000.0,670700000.0,670700000.0,12200000.0,,,,,5900000.0,80200000.0,1.0,74103026.0,73900000.0,75800000.0,9.076,2601500000.0,27900000.0,28700000.0,61900000.0,35.203,844200000.0
2,WST,MRQ,2020-12-31,2020-12-31,2020-12-31,2021-07-30,-110600000.0,2793800000.0,,1373700000.0,1420100000.0,,25.095,-57700000.0,615500000.0,615500000.0,369100000.0,98400000.0,2.729,0.506,325700000.0,12400000.0,313300000.0,325700000.0,0.0,28500000.0,0.0,0.002,0.17,120900000.0,149400000.0,0.257,149400000.0,120900000.0,118800000.0,1.33,1.29,1.33,1854500000.0,,1854500000.0,20750411632.0,49.0,38.713,91000000.0,1.231,1.0,211100000.0,0.364,141600000.0,2100000.0,1859000000.0,,321300000.0,214700000.0,0.0,214700000.0,939300000.0,503400000.0,435900000.0,20944311632.0,96100000.0,0.0,2700000.0,-600000.0,-12600000.0,-8700000.0,-57600000.0,0.0,148700000.0,13700000.0,98400000.0,98400000.0,98400000.0,0.0,0.0,0.17,95000000.0,116100000.0,213100000.0,0.128,11.294,60.498,60.536,1011500000.0,0.0,283.31,9.756,9.752,385300000.0,1846700000.0,580200000.0,580200000.0,12900000.0,,,,,6400000.0,76300000.0,1.0,73927188.0,73900000.0,76400000.0,7.851,2652200000.0,16000000.0,20400000.0,36400000.0,35.889,870300000.0
3,WST,MRQ,2020-09-30,2020-09-30,2020-09-30,2021-07-30,-159500000.0,2582800000.0,,1238300000.0,1344500000.0,,23.26,-47500000.0,519400000.0,519400000.0,353400000.0,82300000.0,2.766,0.503,325500000.0,12200000.0,313300000.0,325500000.0,0.0,28400000.0,0.0,0.002,0.16,105500000.0,133900000.0,0.244,133900000.0,105500000.0,103400000.0,1.11,1.09,1.11,1718900000.0,,1718900000.0,20179804581.0,52.0,40.734,71100000.0,0.962,1.0,194600000.0,0.355,139900000.0,2100000.0,1801300000.0,,294900000.0,209600000.0,0.0,209600000.0,863900000.0,447700000.0,416200000.0,20298804581.0,73500000.0,0.0,3600000.0,-600000.0,-11900000.0,-7200000.0,-49100000.0,0.0,118600000.0,11200000.0,82300000.0,82300000.0,82300000.0,0.0,0.0,0.15,95400000.0,99200000.0,180300000.0,0.144,11.809,65.123,64.988,950900000.0,0.0,274.9,9.964,9.972,373000000.0,1773400000.0,548000000.0,548000000.0,12500000.0,,,,,9900000.0,76200000.0,1.0,73840686.0,73900000.0,75800000.0,7.415,2442900000.0,22300000.0,21100000.0,34700000.0,33.057,790600000.0
4,WST,MRQ,2020-06-30,2020-06-30,2020-06-30,2021-07-30,-187800000.0,2392300000.0,,1110600000.0,1281700000.0,,21.766,-37100000.0,445900000.0,445900000.0,332100000.0,91200000.0,2.96,0.489,326900000.0,12100000.0,314800000.0,326900000.0,0.0,26200000.0,0.0,0.003,0.16,109200000.0,135400000.0,0.257,135400000.0,109200000.0,107200000.0,1.24,1.21,1.24,1606300000.0,,1606300000.0,16712219271.0,47.0,36.642,111000000.0,1.504,1.0,195100000.0,0.37,138800000.0,2000000.0,1759300000.0,,274800000.0,199600000.0,0.0,199600000.0,786000000.0,375200000.0,410800000.0,16720219271.0,110600000.0,0.0,9800000.0,-500000.0,-11800000.0,-900000.0,-40900000.0,0.0,148100000.0,4300000.0,91200000.0,91200000.0,91200000.0,0.0,0.0,0.173,91500000.0,103600000.0,162300000.0,0.129,10.409,58.524,58.549,908300000.0,0.0,227.17,8.595,8.618,340600000.0,1703000000.0,527200000.0,527200000.0,10800000.0,,,,,12300000.0,77700000.0,1.0,73602233.0,73800000.0,75500000.0,7.144,2253500000.0,13700000.0,16000000.0,29200000.0,30.535,735400000.0
5,WST,MRQ,2020-03-31,2020-03-31,2020-03-31,2021-07-30,-192300000.0,2246500000.0,,977500000.0,1269000000.0,,20.165,-32100000.0,335300000.0,335300000.0,324500000.0,74300000.0,2.838,0.508,327300000.0,11700000.0,315600000.0,327300000.0,0.0,26000000.0,0.0,0.004,0.16,91300000.0,117300000.0,0.239,117300000.0,91300000.0,89300000.0,1.01,0.99,1.01,1490200000.0,,1490200000.0,11131951610.0,34.0,25.852,25000000.0,0.338,1.0,167000000.0,0.34,135000000.0,2000000.0,1759100000.0,,251000000.0,197700000.0,0.0,197700000.0,756300000.0,344400000.0,411900000.0,11241751610.0,-103800000.0,0.0,-109200000.0,-600000.0,-11800000.0,-120300000.0,-31900000.0,0.0,57100000.0,-8700000.0,74300000.0,74300000.0,74300000.0,0.0,0.0,0.151,79000000.0,88000000.0,157900000.0,0.158,7.544,43.138,43.008,896800000.0,0.0,152.25,5.955,5.96,333000000.0,1611800000.0,491500000.0,491500000.0,10700000.0,,,,,5400000.0,71800000.0,1.0,73837449.0,73900000.0,75500000.0,6.651,2111500000.0,12300000.0,15000000.0,19500000.0,28.572,633100000.0
6,WST,MRQ,2019-12-31,2019-12-31,2019-12-31,2021-07-30,-149600000.0,2341400000.0,,1058700000.0,1282700000.0,,21.174,-37600000.0,439100000.0,439100000.0,317400000.0,63900000.0,3.099,0.488,329300000.0,11900000.0,317400000.0,329300000.0,0.0,26300000.0,0.0,0.004,0.16,82500000.0,108800000.0,0.231,108800000.0,82500000.0,80400000.0,0.87,0.85,0.87,1573200000.0,,1573200000.0,10995418173.0,36.0,26.649,68800000.0,0.926,1.0,153200000.0,0.326,137600000.0,2100000.0,1752400000.0,,235700000.0,192700000.0,0.0,192700000.0,768200000.0,341600000.0,426600000.0,11123018173.0,43100000.0,-85100000.0,-400000.0,61800000.0,-11800000.0,51000000.0,-120600000.0,0.0,106400000.0,6300000.0,63900000.0,63900000.0,63900000.0,0.0,0.0,0.136,75100000.0,78100000.0,156800000.0,0.184,7.07,46.02,45.972,909400000.0,0.0,150.33,6.045,6.046,319300000.0,1549400000.0,470600000.0,470600000.0,10200000.0,,,,,5600000.0,69000000.0,1.0,73990675.0,74300000.0,75700000.0,6.334,2203800000.0,14000000.0,16500000.0,21900000.0,29.661,717100000.0
7,WST,MRQ,2019-09-30,2019-09-30,2019-09-30,2021-07-30,-170400000.0,2174000000.0,,1004100000.0,1169900000.0,,20.103,-31700000.0,396000000.0,396000000.0,308300000.0,56300000.0,2.997,0.461,268400000.0,9800000.0,258600000.0,268400000.0,0.0,25300000.0,0.0,0.004,0.15,69300000.0,94600000.0,0.207,94600000.0,69300000.0,67200000.0,0.76,0.75,0.76,1487600000.0,,1487600000.0,10404928579.0,35.0,26.058,76400000.0,1.032,1.0,147800000.0,0.324,135300000.0,2100000.0,1576100000.0,,230400000.0,97400000.0,0.0,97400000.0,686400000.0,335000000.0,351400000.0,10459028579.0,69300000.0,0.0,9300000.0,0.0,-11100000.0,-400000.0,-31600000.0,0.0,108100000.0,-6800000.0,56300000.0,56300000.0,56300000.0,0.0,0.0,0.123,80500000.0,67300000.0,145300000.0,0.197,7.031,45.514,45.601,883400000.0,0.0,141.82,5.837,5.857,316100000.0,1497300000.0,456100000.0,456100000.0,9300000.0,,,,,5400000.0,64800000.0,1.0,73748615.0,74000000.0,75500000.0,6.164,2038700000.0,33800000.0,10900000.0,29400000.0,27.55,669100000.0
8,WST,MRQ,2019-06-30,2019-06-30,2019-06-30,2021-07-30,-152200000.0,2123200000.0,,944300000.0,1178900000.0,,19.608,-28300000.0,326700000.0,326700000.0,311800000.0,66100000.0,3.015,0.469,272600000.0,10200000.0,262400000.0,272600000.0,0.0,26300000.0,0.0,0.005,0.15,83600000.0,109900000.0,0.234,109900000.0,83600000.0,81600000.0,0.9,0.88,0.9,1445100000.0,,1445100000.0,9204083428.0,32.0,23.237,76800000.0,1.042,1.0,157900000.0,0.336,137900000.0,2000000.0,1618000000.0,,232300000.0,95400000.0,0.0,95400000.0,678100000.0,313200000.0,364900000.0,9196483428.0,61200000.0,-18900000.0,12900000.0,-100000.0,-11100000.0,3100000.0,-47100000.0,0.0,105100000.0,100000.0,66100000.0,66100000.0,66100000.0,0.0,0.0,0.141,77400000.0,80500000.0,152100000.0,0.167,6.364,40.212,40.371,897400000.0,0.0,125.15,5.203,5.219,330800000.0,1452900000.0,469700000.0,469700000.0,9600000.0,,,,,7200000.0,70300000.0,1.0,73483687.0,73700000.0,75100000.0,6.373,1985300000.0,27900000.0,15500000.0,18900000.0,26.938,631100000.0
9,WST,MRQ,2019-03-31,2019-03-31,2019-03-31,2021-07-30,-153400000.0,2036200000.0,,867600000.0,1168600000.0,,18.482,-28800000.0,265500000.0,265500000.0,296700000.0,55400000.0,2.881,0.487,273100000.0,10200000.0,262900000.0,273100000.0,0.0,25500000.0,0.0,0.005,0.15,73800000.0,99300000.0,0.224,99300000.0,73800000.0,71500000.0,0.75,0.73,0.75,1369500000.0,,1369500000.0,8034015824.0,29.0,21.367,18800000.0,0.254,1.0,146800000.0,0.331,124700000.0,2300000.0,1618000000.0,,226100000.0,94900000.0,0.0,94900000.0,666700000.0,301100000.0,365600000.0,8175315824.0,-71900000.0,0.0,-79800000.0,-800000.0,-11100000.0,-90500000.0,-28700000.0,0.0,47600000.0,-300000.0,55400000.0,55400000.0,55400000.0,0.0,0.0,0.125,78400000.0,68400000.0,137700000.0,0.2,5.97,37.381,37.23,889900000.0,0.0,110.2,4.684,4.679,318200000.0,1398200000.0,443500000.0,443500000.0,9800000.0,,,,,6200000.0,68600000.0,1.0,74186169.0,74100000.0,75300000.0,5.985,1911500000.0,32700000.0,16100000.0,31600000.0,25.796,566500000.0
10,WST,MRQ,2018-12-31,2018-12-31,2018-12-31,2021-07-30,-154200000.0,1978900000.0,,894400000.0,1084500000.0,,18.894,-30000000.0,337400000.0,337400000.0,289300000.0,52000000.0,3.153,0.417,196100000.0,100000.0,196000000.0,196100000.0,0.0,26300000.0,0.0,0.006,0.15,69200000.0,95500000.0,0.226,95500000.0,69200000.0,66900000.0,0.7,0.69,0.7,1396300000.0,,1396300000.0,7160930148.0,28.0,19.831,43200000.0,0.585,1.0,133200000.0,0.315,126100000.0,2300000.0,1427800000.0,,214500000.0,91200000.0,0.0,91200000.0,582600000.0,283700000.0,298900000.0,7262030148.0,40100000.0,0.0,1700000.0,-100000.0,-11100000.0,-8200000.0,-28600000.0,0.0,73200000.0,3700000.0,52000000.0,52000000.0,52000000.0,0.0,0.0,0.123,67400000.0,65800000.0,130400000.0,0.214,5.201,35.099,35.011,822000000.0,0.0,98.03,4.229,4.218,288200000.0,1353400000.0,422500000.0,422500000.0,9800000.0,,,,,400000.0,59700000.0,1.0,74079671.0,73900000.0,75400000.0,5.717,1852800000.0,24700000.0,14900000.0,22900000.0,25.072,610700000.0
11,WST,MRQ,2018-09-30,2018-09-30,2018-09-30,2021-07-30,-153800000.0,1946100000.0,,850100000.0,1096000000.0,,18.292,-26500000.0,297300000.0,297300000.0,296100000.0,55200000.0,2.944,0.44,196200000.0,0.0,196200000.0,196200000.0,0.0,26200000.0,0.0,0.005,0.14,65200000.0,91400000.0,0.212,91400000.0,65200000.0,63200000.0,0.75,0.73,0.75,1351800000.0,,1351800000.0,9050671185.0,36.0,25.538,61900000.0,0.838,1.0,135600000.0,0.314,127300000.0,2000000.0,1428900000.0,,206800000.0,90500000.0,0.0,90500000.0,594300000.0,288800000.0,305500000.0,9079771185.0,71800000.0,0.0,19200000.0,0.0,-10300000.0,10100000.0,-26500000.0,0.0,88400000.0,-200000.0,55200000.0,55200000.0,55200000.0,0.0,0.0,0.128,74800000.0,60800000.0,125200000.0,0.187,6.717,58.617,58.795,822000000.0,0.0,123.47,5.308,5.334,302900000.0,1312700000.0,431700000.0,431700000.0,10100000.0,,,,,5300000.0,64900000.0,1.0,73538278.0,73900000.0,75700000.0,5.842,1818800000.0,34500000.0,8000000.0,29400000.0,24.612,561300000.0
12,WST,MRQ,2018-06-30,2018-06-30,2018-06-30,2021-07-30,-143700000.0,1873700000.0,,766900000.0,1106800000.0,,17.417,-20200000.0,225500000.0,225500000.0,305300000.0,56100000.0,2.667,0.462,196400000.0,0.0,196400000.0,196400000.0,0.0,25500000.0,0.0,0.006,0.14,64300000.0,89800000.0,0.201,89800000.0,64300000.0,62100000.0,0.76,0.75,0.76,1281900000.0,,1281900000.0,7303748003.0,29.0,20.609,61800000.0,0.84,1.0,142200000.0,0.318,128300000.0,2200000.0,1428700000.0,,208200000.0,91800000.0,0.0,91800000.0,591800000.0,287600000.0,304200000.0,7305548003.0,25700000.0,0.0,-16700000.0,0.0,-10300000.0,-25700000.0,-17000000.0,0.0,82000000.0,-13600000.0,56100000.0,56100000.0,56100000.0,0.0,0.0,0.125,80800000.0,61400000.0,126200000.0,0.184,5.699,48.477,48.672,826700000.0,0.0,99.29,4.356,4.358,296700000.0,1258000000.0,447500000.0,447500000.0,10800000.0,,,,,6000000.0,70000000.0,1.0,73577883.0,73600000.0,75000000.0,6.08,1745400000.0,38500000.0,6000000.0,29700000.0,23.715,479300000.0
13,WST,MRQ,2018-03-31,2018-03-31,2018-03-31,2021-07-30,-95800000.0,1869600000.0,,743500000.0,1126100000.0,,17.663,-28000000.0,199800000.0,199800000.0,281300000.0,43600000.0,2.823,0.432,198000000.0,0.0,198000000.0,198000000.0,0.0,26400000.0,0.0,0.006,0.14,58000000.0,84400000.0,0.203,84400000.0,58000000.0,56100000.0,0.59,0.58,0.59,1305300000.0,,1305300000.0,6493367732.0,28.0,19.558,17000000.0,0.23,1.0,134400000.0,0.323,131600000.0,1900000.0,1472800000.0,,215700000.0,89900000.0,0.0,89900000.0,564300000.0,263400000.0,300900000.0,6532267732.0,-36100000.0,0.0,-47600000.0,0.0,-10400000.0,-56900000.0,-28700000.0,0.0,45000000.0,4500000.0,43600000.0,43600000.0,43600000.0,0.0,0.0,0.105,77900000.0,56500000.0,127600000.0,0.237,5.004,48.968,48.779,857800000.0,0.0,88.29,4.015,4.01,290400000.0,1222800000.0,415700000.0,415700000.0,9600000.0,,,,,3400000.0,68300000.0,1.0,73986496.0,73900000.0,75500000.0,5.625,1738000000.0,24900000.0,12500000.0,25600000.0,23.518,480100000.0
14,WST,MRQ,2017-12-31,2017-12-31,2017-12-31,2021-07-30,-117300000.0,1862800000.0,,743500000.0,1119300000.0,,17.249,-29500000.0,235900000.0,235900000.0,287000000.0,0.0,2.66,0.455,197000000.0,0.0,197000000.0,197000000.0,0.0,24900000.0,0.0,0.005,0.14,63900000.0,88800000.0,0.214,88800000.0,63900000.0,61800000.0,0.0,0.0,0.0,1279900000.0,,1279900000.0,7287035912.0,30.0,21.681,52000000.0,0.701,1.0,128600000.0,0.309,129400000.0,2100000.0,1415000000.0,,215200000.0,85800000.0,0.0,85800000.0,582900000.0,279500000.0,303400000.0,7326535912.0,-33400000.0,0.0,-44000000.0,-33100000.0,-10400000.0,-86500000.0,-29400000.0,0.0,81500000.0,1000000.0,0.0,0.0,0.0,0.0,0.0,0.0,69300000.0,59300000.0,138100000.0,,5.724,48.617,48.368,855000000.0,0.0,98.67,4.582,4.56,253200000.0,1178200000.0,415600000.0,415600000.0,9700000.0,,,,,2500000.0,59600000.0,1.0,74252923.0,74200000.0,75800000.0,5.601,1733400000.0,25700000.0,61800000.0,16400000.0,23.361,464000000.0
15,WST,MRQ,2017-09-30,2017-09-30,2017-09-30,2021-07-30,-130600000.0,1930400000.0,,776900000.0,1153500000.0,,17.748,-34300000.0,269300000.0,269300000.0,273100000.0,51000000.0,2.59,0.466,229800000.0,33200000.0,196600000.0,229800000.0,0.0,25000000.0,0.0,0.005,0.13,66400000.0,91400000.0,0.23,91400000.0,66400000.0,65000000.0,0.69,0.67,0.69,1316900000.0,,1316900000.0,7126376222.0,31.0,21.813,41500000.0,0.559,1.0,125100000.0,0.314,129600000.0,1400000.0,1461300000.0,,215800000.0,84600000.0,0.0,84600000.0,613500000.0,300000000.0,313500000.0,7123476222.0,42700000.0,0.0,6500000.0,-600000.0,-9600000.0,-3000000.0,-34000000.0,0.0,75800000.0,3900000.0,51000000.0,51000000.0,51000000.0,0.0,0.0,0.128,71700000.0,53400000.0,121900000.0,0.188,5.409,37.531,37.31,835400000.0,0.0,96.26,4.549,4.562,251800000.0,1188600000.0,398200000.0,398200000.0,9100000.0,,,,,4600000.0,62600000.0,1.0,74002454.0,74200000.0,75900000.0,5.367,1800800000.0,87200000.0,14000000.0,16300000.0,24.27,476900000.0
16,WST,MRQ,2017-06-30,2017-06-30,2017-06-30,2021-07-30,-151800000.0,1843000000.0,,717800000.0,1125200000.0,,16.812,-29500000.0,226600000.0,226600000.0,272600000.0,38800000.0,2.484,0.483,229500000.0,33800000.0,195700000.0,229500000.0,0.0,23500000.0,0.0,0.005,0.13,43900000.0,67400000.0,0.17,67400000.0,43900000.0,41700000.0,0.53,0.51,0.53,1242400000.0,,1242400000.0,7011491471.0,32.0,22.444,55800000.0,0.755,1.0,125000000.0,0.314,128700000.0,2200000.0,1428200000.0,,211300000.0,83600000.0,0.0,83600000.0,600600000.0,289000000.0,311600000.0,6952291471.0,57200000.0,-6000000.0,11400000.0,-600000.0,-9600000.0,2300000.0,-35500000.0,0.0,85300000.0,5100000.0,38800000.0,38800000.0,38800000.0,0.0,0.0,0.098,83000000.0,42000000.0,130900000.0,0.245,5.596,39.412,39.383,811800000.0,0.0,94.52,4.502,4.523,242400000.0,1148000000.0,397600000.0,397600000.0,10000000.0,,,,,5500000.0,61300000.0,1.0,73553655.0,73900000.0,75800000.0,5.38,1714300000.0,85100000.0,2900000.0,11600000.0,23.198,428800000.0
17,WST,MRQ,2017-03-31,2017-03-31,2017-03-31,2021-07-30,-179000000.0,1733500000.0,,652600000.0,1080900000.0,,15.943,-37500000.0,169400000.0,169400000.0,253500000.0,60900000.0,2.544,0.483,228600000.0,34400000.0,194200000.0,228600000.0,0.0,23300000.0,0.0,0.006,0.13,65200000.0,88500000.0,0.228,88500000.0,65200000.0,63100000.0,0.83,0.81,0.83,1168600000.0,,1168600000.0,6004384182.0,25.0,18.118,-16800000.0,-0.229,1.0,134200000.0,0.346,126600000.0,2100000.0,1409600000.0,,212300000.0,81300000.0,0.0,81300000.0,564900000.0,256500000.0,308400000.0,5978784182.0,-33600000.0,0.0,-12600000.0,-600000.0,-9500000.0,-21800000.0,-34700000.0,0.0,20700000.0,2200000.0,60900000.0,60900000.0,60900000.0,0.0,0.0,0.157,73700000.0,60500000.0,106100000.0,0.157,5.116,32.796,32.907,782800000.0,0.0,81.61,3.896,3.898,224800000.0,1118800000.0,387700000.0,387700000.0,10300000.0,,,,,3500000.0,62500000.0,1.0,73260436.0,73300000.0,74900000.0,5.289,1606900000.0,68700000.0,2200000.0,16000000.0,21.922,396100000.0
18,WST,MRQ,2016-12-31,2016-12-31,2016-12-31,2021-07-30,-186800000.0,1716700000.0,,641900000.0,1074800000.0,,15.061,-47500000.0,203000000.0,203000000.0,258600000.0,39100000.0,2.663,0.536,228600000.0,2400000.0,226200000.0,228600000.0,0.0,22800000.0,0.0,0.006,0.13,56600000.0,79400000.0,0.208,79400000.0,56600000.0,55200000.0,0.53,0.51,0.53,1117500000.0,,1117500000.0,6233508560.0,30.0,21.002,24300000.0,0.327,1.0,123700000.0,0.324,126300000.0,1400000.0,1375000000.0,,199300000.0,82700000.0,0.0,82700000.0,599200000.0,241000000.0,358200000.0,6208208560.0,-2900000.0,-8400000.0,-21300000.0,-600000.0,-9600000.0,-26400000.0,-46700000.0,8400000.0,71800000.0,-1600000.0,39100000.0,39100000.0,39100000.0,0.0,0.0,0.102,100100000.0,23600000.0,122000000.0,0.245,5.555,43.233,43.281,778300000.0,0.0,84.83,4.114,4.12,200500000.0,1071600000.0,382300000.0,382300000.0,9600000.0,,,,,5400000.0,60700000.0,1.0,73184116.0,74200000.0,75900000.0,5.152,1590400000.0,66200000.0,16100000.0,13700000.0,21.434,400900000.0
19,WST,MRQ,2016-09-30,2016-09-30,2016-09-30,2021-07-30,-143800000.0,1735300000.0,,658100000.0,1077200000.0,,15.584,-48700000.0,205900000.0,205900000.0,255600000.0,37600000.0,2.779,0.519,231200000.0,2600000.0,228600000.0,231200000.0,0.0,22900000.0,0.0,0.006,0.12,54200000.0,77100000.0,0.205,77100000.0,54200000.0,52000000.0,0.51,0.5,0.51,1142300000.0,,1142300000.0,5483440851.0,28.0,19.033,19700000.0,0.269,1.0,121100000.0,0.321,129600000.0,2200000.0,1394200000.0,,201100000.0,81400000.0,0.0,81400000.0,593000000.0,236800000.0,356200000.0,5454740851.0,3200000.0,0.0,-7500000.0,-600000.0,-8700000.0,-15000000.0,-47900000.0,0.0,68400000.0,-2300000.0,37600000.0,37600000.0,37600000.0,0.0,0.0,0.1,67300000.0,53800000.0,99000000.0,0.235,4.775,39.584,39.211,772700000.0,0.0,74.5,3.67,3.674,209500000.0,1041900000.0,376700000.0,376700000.0,9000000.0,,,,,4600000.0,58300000.0,1.0,73217998.0,73300000.0,75000000.0,5.139,1605700000.0,70700000.0,14400000.0,18400000.0,21.906,421300000.0
20,WST,MRQ,2016-06-30,2016-06-30,2016-06-30,2021-07-30,-150300000.0,1705100000.0,,659200000.0,1045900000.0,,15.135,-35000000.0,202700000.0,202700000.0,254700000.0,44700000.0,2.754,0.537,231400000.0,2500000.0,228900000.0,231400000.0,0.0,22700000.0,0.0,0.006,0.12,63700000.0,86400000.0,0.223,86400000.0,63700000.0,61700000.0,0.61,0.6,0.61,1109400000.0,,1109400000.0,5599024646.0,40.0,24.134,41200000.0,0.562,1.0,133300000.0,0.344,129800000.0,2000000.0,1364600000.0,,197700000.0,77700000.0,0.0,77700000.0,595700000.0,239400000.0,356300000.0,5545124646.0,24600000.0,0.0,-1000000.0,-600000.0,-8800000.0,-7400000.0,-42600000.0,-8400000.0,76200000.0,-1600000.0,44700000.0,44700000.0,44700000.0,0.0,0.0,0.115,72100000.0,61200000.0,107300000.0,0.197,4.998,54.524,53.816,741200000.0,0.0,75.88,3.813,3.825,219000000.0,1013800000.0,388000000.0,388000000.0,8800000.0,,,,,4900000.0,62500000.0,1.0,73077552.0,73300000.0,74800000.0,5.293,1575300000.0,74700000.0,17000000.0,23800000.0,21.491,419800000.0
21,WST,MRQ,2016-03-31,2016-03-31,2016-03-31,2021-07-30,-148000000.0,1668200000.0,,630700000.0,1037500000.0,,14.814,-39000000.0,178100000.0,178100000.0,238800000.0,22100000.0,2.616,0.553,232000000.0,2500000.0,229500000.0,232000000.0,0.0,22300000.0,0.0,0.007,0.12,31500000.0,53800000.0,0.149,53800000.0,31500000.0,29000000.0,0.31,0.3,0.31,1074000000.0,,1074000000.0,5037759329.0,43.0,24.197,-36000000.0,-0.497,1.0,123300000.0,0.341,131500000.0,2500000.0,1349500000.0,,194100000.0,61600000.0,0.0,61600000.0,594200000.0,241100000.0,353100000.0,5014159329.0,-96500000.0,0.0,-200000.0,-68000000.0,-8700000.0,-65100000.0,-38600000.0,0.0,3000000.0,4200000.0,22100000.0,22100000.0,22100000.0,0.0,0.0,0.061,93300000.0,30000000.0,97500000.0,0.387,4.669,59.129,58.252,732500000.0,0.0,69.32,3.516,3.524,209600000.0,978000000.0,362100000.0,362100000.0,9400000.0,,,,,4600000.0,58100000.0,1.0,72333516.0,72500000.0,74100000.0,4.994,1536700000.0,87900000.0,6900000.0,31400000.0,21.196,389600000.0
22,WST,MRQ,2015-12-31,2015-12-31,2015-12-31,2021-07-30,-162600000.0,1695100000.0,,673700000.0,1021400000.0,,14.162,-44800000.0,274600000.0,274600000.0,240100000.0,33400000.0,2.143,0.656,298200000.0,69300000.0,228900000.0,298200000.0,0.0,23300000.0,0.0,0.007,0.12,47500000.0,70800000.0,0.197,70800000.0,47500000.0,44600000.0,0.47,0.45,0.47,1023900000.0,,1023900000.0,4386819909.0,32.0,19.419,23200000.0,0.321,1.0,119600000.0,0.332,142200000.0,2900000.0,1262200000.0,,181100000.0,61300000.0,0.0,61300000.0,671200000.0,314300000.0,356900000.0,4341119909.0,17800000.0,0.0,3000000.0,-1700000.0,-8700000.0,-1600000.0,-43900000.0,-1500000.0,68000000.0,-4700000.0,33400000.0,33400000.0,33400000.0,0.0,0.0,0.093,74400000.0,45200000.0,119800000.0,0.255,4.24,45.409,45.278,721000000.0,0.0,60.22,3.101,3.097,181400000.0,964600000.0,359700000.0,359700000.0,10000000.0,,,,,5200000.0,62400000.0,1.0,72087677.0,72300000.0,74400000.0,4.975,1552900000.0,70500000.0,11200000.0,25200000.0,21.479,359400000.0
23,WST,MRQ,2015-09-30,2015-09-30,2015-09-30,2021-07-30,-154400000.0,1666500000.0,,680900000.0,985600000.0,,13.785,-29700000.0,256800000.0,256800000.0,236200000.0,1500000.0,2.27,0.674,302500000.0,71000000.0,231500000.0,302500000.0,0.0,22400000.0,0.0,0.008,0.11,-1400000.0,21000000.0,0.061,21000000.0,-1400000.0,-5100000.0,0.02,0.02,0.02,995300000.0,,995300000.0,3971540839.0,29.0,17.73,39100000.0,0.542,1.0,108300000.0,0.314,144300000.0,3700000.0,1268000000.0,,187700000.0,59200000.0,0.0,59200000.0,671200000.0,299900000.0,371300000.0,3896840839.0,4800000.0,0.0,1500000.0,-25500000.0,-7900000.0,-30400000.0,-29500000.0,0.0,68800000.0,-4100000.0,1500000.0,1500000.0,1500000.0,0.0,0.0,0.004,111800000.0,-3500000.0,93600000.0,5.5,3.915,41.633,41.313,689500000.0,0.0,54.12,2.804,2.811,194600000.0,939900000.0,344500000.0,344500000.0,8500000.0,,,,,3600000.0,54600000.0,1.0,72003711.0,72200000.0,73900000.0,4.771,1522200000.0,75200000.0,-6600000.0,28400000.0,21.083,381000000.0
24,WST,MRQ,2015-06-30,2015-06-30,2015-06-30,2021-07-30,-160200000.0,1663700000.0,,679900000.0,983800000.0,,13.742,-26700000.0,252000000.0,252000000.0,241500000.0,27800000.0,2.167,0.682,326700000.0,95000000.0,231700000.0,326700000.0,0.0,22200000.0,0.0,0.007,0.11,40400000.0,62600000.0,0.174,62600000.0,40400000.0,37000000.0,0.39,0.38,0.39,989400000.0,,989400000.0,4302359587.0,23.0,15.742,50800000.0,0.706,1.0,118200000.0,0.329,144700000.0,3400000.0,1280000000.0,,187200000.0,59800000.0,0.0,59800000.0,674300000.0,313700000.0,360600000.0,4178759587.0,44900000.0,0.0,1700000.0,-5900000.0,-7900000.0,-10700000.0,-25500000.0,0.0,77500000.0,3600000.0,27800000.0,27800000.0,27800000.0,0.0,0.0,0.077,79100000.0,39100000.0,91400000.0,0.282,4.224,33.946,33.572,685400000.0,0.0,58.08,2.982,2.984,198800000.0,947000000.0,359700000.0,359700000.0,8100000.0,,,,,15500000.0,60800000.0,1.0,71948340.0,72000000.0,73700000.0,4.996,1519000000.0,74700000.0,9200000.0,34600000.0,21.097,366200000.0
25,WST,MRQ,2015-03-31,2015-03-31,2015-03-31,2021-07-30,-170300000.0,1596000000.0,,625100000.0,970900000.0,,13.126,-30400000.0,207100000.0,207100000.0,226200000.0,32900000.0,2.108,0.696,330700000.0,98800000.0,231900000.0,330700000.0,0.0,22000000.0,0.0,0.007,0.11,49500000.0,71500000.0,0.213,71500000.0,49500000.0,45400000.0,0.46,0.45,0.46,941100000.0,,941100000.0,4386143212.0,22.0,15.146,-32300000.0,-0.45,1.0,109700000.0,0.327,144600000.0,4100000.0,1278400000.0,,183400000.0,59300000.0,0.0,59300000.0,654900000.0,296600000.0,358300000.0,4304743212.0,-48200000.0,0.0,900000.0,4700000.0,-7900000.0,1200000.0,-30600000.0,0.0,-1900000.0,-16900000.0,32900000.0,32900000.0,32900000.0,0.0,0.0,0.098,61900000.0,47800000.0,88500000.0,0.239,4.574,32.391,32.198,675800000.0,0.0,60.21,3.052,3.061,189500000.0,927200000.0,335900000.0,335900000.0,7500000.0,,,,,5300000.0,55200000.0,1.0,71495486.0,71700000.0,73300000.0,4.685,1451400000.0,72800000.0,12500000.0,30400000.0,20.243,328500000.0
26,WST,MRQ,2014-12-31,2014-12-31,2014-12-31,2021-07-30,-119200000.0,1669700000.0,,659100000.0,1010600000.0,,13.44,-27100000.0,255300000.0,255300000.0,240100000.0,31400000.0,2.61,0.745,335500000.0,27200000.0,308300000.0,335500000.0,0.0,22000000.0,0.0,0.008,0.11,46900000.0,68900000.0,0.197,68900000.0,46900000.0,43100000.0,0.44,0.43,0.44,956900000.0,,956900000.0,3879679524.0,20.0,13.817,18900000.0,0.265,1.0,109700000.0,0.314,150600000.0,3800000.0,1346800000.0,,181500000.0,60600000.0,0.0,60600000.0,712800000.0,252500000.0,460300000.0,3783779524.0,8500000.0,0.0,3800000.0,-600000.0,-7900000.0,-1800000.0,-26300000.0,-500000.0,46000000.0,-9400000.0,31400000.0,31400000.0,31400000.0,0.0,0.0,0.09,65100000.0,44600000.0,103100000.0,0.25,3.954,29.77,29.743,705800000.0,0.0,53.24,2.662,2.656,179000000.0,902200000.0,349800000.0,349800000.0,7800000.0,,,,,6100000.0,58800000.0,1.0,71070239.0,71200000.0,73700000.0,4.913,1519100000.0,73900000.0,11700000.0,30600000.0,21.336,406600000.0
27,WST,MRQ,2014-09-30,2014-09-30,2014-09-30,2021-07-30,-71300000.0,1673300000.0,,679500000.0,993800000.0,,13.663,-28600000.0,246800000.0,246800000.0,246000000.0,31000000.0,2.802,0.725,342700000.0,27200000.0,315500000.0,342700000.0,0.0,23100000.0,0.0,0.009,0.1,47200000.0,70300000.0,0.198,70300000.0,47200000.0,42700000.0,0.44,0.43,0.44,970100000.0,,970100000.0,3302228464.0,18.0,12.132,35300000.0,0.497,1.0,109900000.0,0.309,153800000.0,4500000.0,1372900000.0,,185700000.0,61800000.0,0.0,61800000.0,703200000.0,242500000.0,460700000.0,3167428464.0,20100000.0,0.0,5300000.0,-10600000.0,-7100000.0,-10000000.0,-20700000.0,8500000.0,63900000.0,-13100000.0,31000000.0,31000000.0,31000000.0,0.0,0.0,0.087,65900000.0,44000000.0,91400000.0,0.227,3.265,26.55,26.643,694800000.0,0.0,44.76,2.24,2.247,195900000.0,878700000.0,355900000.0,355900000.0,9600000.0,,,,,3600000.0,56000000.0,1.0,70764711.0,71000000.0,72600000.0,5.013,1519500000.0,78900000.0,11700000.0,36400000.0,21.401,437000000.0
28,WST,MRQ,2014-06-30,2014-06-30,2014-06-30,2021-07-30,-34700000.0,1704700000.0,,685400000.0,1019300000.0,,13.737,-24500000.0,226700000.0,226700000.0,247100000.0,37600000.0,3.099,0.753,361500000.0,2200000.0,359300000.0,361500000.0,0.0,23100000.0,0.0,0.009,0.1,55800000.0,78900000.0,0.214,78900000.0,55800000.0,51600000.0,0.53,0.52,0.53,972600000.0,,972600000.0,3155742716.0,18.0,11.882,39700000.0,0.561,1.0,121800000.0,0.33,160100000.0,4200000.0,1458200000.0,,187900000.0,60400000.0,0.0,60400000.0,732100000.0,221200000.0,510900000.0,2980842716.0,-3300000.0,0.0,2800000.0,-42500000.0,-7000000.0,-45200000.0,-21400000.0,3200000.0,64200000.0,-900000.0,37600000.0,37600000.0,37600000.0,0.0,0.0,0.102,67700000.0,54100000.0,94500000.0,0.189,3.065,25.898,26.037,709200000.0,0.0,42.18,2.129,2.133,209600000.0,855500000.0,368900000.0,368900000.0,9900000.0,,,,,4600000.0,57500000.0,1.0,70669576.0,70800000.0,72400000.0,5.21,1544600000.0,82300000.0,14000000.0,34600000.0,21.816,464200000.0
29,WST,MRQ,2014-03-31,2014-03-31,2014-03-31,2021-07-30,-33800000.0,1708200000.0,,686600000.0,1021600000.0,,13.238,-31700000.0,230000000.0,230000000.0,240400000.0,27100000.0,3.017,0.828,404900000.0,14200000.0,390700000.0,404900000.0,0.0,21800000.0,0.0,0.009,0.1,40900000.0,62700000.0,0.181,62700000.0,40900000.0,36900000.0,0.38,0.38,0.38,934600000.0,,934600000.0,3241911586.0,20.0,12.865,-22900000.0,-0.324,1.0,106400000.0,0.307,161300000.0,4000000.0,1494200000.0,,187500000.0,59400000.0,0.0,59400000.0,773600000.0,227600000.0,546000000.0,3098411586.0,0.0,0.0,-1700000.0,31400000.0,-7100000.0,26200000.0,-35600000.0,-4200000.0,8800000.0,600000.0,27100000.0,27100000.0,27100000.0,0.0,0.0,0.078,66400000.0,40000000.0,98400000.0,0.263,3.315,28.769,28.791,712000000.0,0.0,44.05,2.252,2.26,208700000.0,825000000.0,346800000.0,346800000.0,10000000.0,,,,,4300000.0,56400000.0,1.0,70338515.0,70600000.0,72300000.0,4.912,1546900000.0,81500000.0,9800000.0,32100000.0,21.911,459000000.0
30,WST,MRQ,2013-12-31,2013-12-31,2013-12-31,2021-07-30,-32400000.0,1671600000.0,,650700000.0,1020900000.0,,12.912,-38800000.0,230000000.0,230000000.0,236100000.0,23600000.0,2.747,0.844,373500000.0,2200000.0,371300000.0,373500000.0,0.0,22100000.0,0.0,0.008,0.1,38200000.0,60300000.0,0.176,60300000.0,38200000.0,34300000.0,0.33,0.32,0.33,906400000.0,,906400000.0,3604427373.0,21.0,14.152,30000000.0,0.427,1.0,106600000.0,0.311,162500000.0,3900000.0,1415700000.0,,176900000.0,60900000.0,0.0,60900000.0,765200000.0,236900000.0,528300000.0,3426127373.0,8300000.0,0.0,6600000.0,-27500000.0,-7000000.0,-23500000.0,-38900000.0,-100000.0,68800000.0,1900000.0,23600000.0,23600000.0,23600000.0,0.0,0.0,0.069,69700000.0,36900000.0,108000000.0,0.303,3.78,30.509,30.472,711700000.0,0.0,49.06,2.504,2.495,185700000.0,805000000.0,342700000.0,342700000.0,9700000.0,,,,,5600000.0,60000000.0,1.0,69835454.0,70200000.0,72900000.0,4.882,1509100000.0,77700000.0,10700000.0,33500000.0,21.497,413800000.0
31,WST,MRQ,2013-09-30,2013-09-30,2013-09-30,2021-07-30,-69500000.0,1664500000.0,,643500000.0,1021000000.0,,11.987,-29300000.0,221700000.0,221700000.0,236300000.0,26800000.0,2.607,0.989,400000000.0,18900000.0,381100000.0,400000000.0,0.0,21900000.0,0.0,0.009,0.095,41800000.0,63700000.0,0.186,63700000.0,41800000.0,37400000.0,0.38,0.37,0.38,836700000.0,,836700000.0,3075856207.0,19.0,12.483,24000000.0,0.344,1.0,105500000.0,0.309,161900000.0,4400000.0,1434100000.0,,176700000.0,66600000.0,7500000.0,59100000.0,827800000.0,246800000.0,581000000.0,2871656207.0,31100000.0,0.0,4400000.0,1200000.0,-6600000.0,3100000.0,-29100000.0,100000.0,53300000.0,3800000.0,26800000.0,26800000.0,26800000.0,0.0,0.0,0.078,65800000.0,39700000.0,86300000.0,0.25,3.432,26.154,25.881,682000000.0,0.0,41.15,2.132,2.132,198200000.0,788600000.0,341800000.0,341800000.0,9600000.0,,,,,5200000.0,56100000.0,1.0,69785084.0,69800000.0,71400000.0,4.897,1502600000.0,101700000.0,10600000.0,54000000.0,21.527,396700000.0
32,WST,MRQ,2013-06-30,2013-06-30,2013-06-30,2021-07-30,0.0,1612700000.0,,613300000.0,999400000.0,,11.283,-22100000.0,190600000.0,190600000.0,233600000.0,30200000.0,2.804,1.056,394800000.0,100000.0,394700000.0,394800000.0,0.0,20700000.0,0.0,0.011,0.095,44600000.0,65300000.0,0.19,65300000.0,44600000.0,40500000.0,0.44,0.43,0.44,784200000.0,,784200000.0,2684926522.0,18.0,11.663,57400000.0,0.826,1.0,110900000.0,0.322,160800000.0,4100000.0,1437400000.0,,176500000.0,65500000.0,7500000.0,58000000.0,828500000.0,218700000.0,609800000.0,2429826522.0,15600000.0,0.0,2900000.0,-37000000.0,-6600000.0,-40200000.0,-24200000.0,700000.0,79500000.0,500000.0,30200000.0,30200000.0,30200000.0,0.0,0.0,0.088,68400000.0,42500000.0,88400000.0,0.216,3.098,24.845,24.566,663400000.0,0.0,35.13,1.856,1.865,195300000.0,,344500000.0,344500000.0,9500000.0,,,,,5000000.0,59700000.0,1.0,69166710.0,69500000.0,70800000.0,4.957,1451900000.0,101600000.0,10300000.0,51500000.0,20.891,394600000.0
33,WST,MRQ,2013-03-31,2013-03-31,2013-03-31,2021-07-30,0.0,1577100000.0,,589700000.0,987400000.0,,10.81,-61700000.0,175000000.0,175000000.0,227700000.0,31700000.0,2.834,1.114,430100000.0,1700000.0,428400000.0,430100000.0,0.0,20500000.0,0.0,0.011,0.095,44900000.0,65400000.0,0.193,65400000.0,44900000.0,40300000.0,0.46,0.45,0.46,745900000.0,,745900000.0,2480772478.0,19.0,11.791,-42800000.0,-0.62,1.0,111700000.0,0.329,160900000.0,4600000.0,1463200000.0,,173500000.0,63800000.0,8200000.0,55600000.0,831200000.0,208100000.0,623100000.0,2231172478.0,13100000.0,0.0,2600000.0,57700000.0,-6500000.0,55500000.0,-57700000.0,4200000.0,18900000.0,-3600000.0,31700000.0,31700000.0,31700000.0,0.0,0.0,0.093,68400000.0,43300000.0,91600000.0,0.207,2.991,26.817,26.615,658500000.0,0.0,32.47,1.73,1.737,189000000.0,,339400000.0,339400000.0,9100000.0,,,,,5400000.0,59100000.0,1.0,68714890.0,69000000.0,70300000.0,4.919,1416200000.0,97200000.0,8600000.0,47200000.0,20.525,381600000.0
34,WST,MRQ,2012-12-31,2012-12-31,2012-12-31,2021-07-30,-75900000.0,1564000000.0,,557300000.0,1006700000.0,,10.656,-32900000.0,161900000.0,161900000.0,224000000.0,21100000.0,2.129,1.146,411500000.0,32700000.0,378800000.0,411500000.0,0.0,20200000.0,0.0,0.013,0.095,31800000.0,52000000.0,0.162,52000000.0,31800000.0,28300000.0,0.31,0.3,0.31,728900000.0,,728900000.0,2126414814.0,16.0,10.273,36900000.0,0.539,1.0,97500000.0,0.303,163100000.0,3500000.0,1388700000.0,,162200000.0,72200000.0,12400000.0,59800000.0,835100000.0,261800000.0,573300000.0,1868214814.0,18700000.0,0.0,1200000.0,-27300000.0,-6600000.0,-29500000.0,-22700000.0,9600000.0,69800000.0,1100000.0,21100000.0,21100000.0,21100000.0,0.0,0.0,0.066,64700000.0,32800000.0,102900000.0,0.306,2.563,23.15,23.004,669000000.0,0.0,27.375,1.475,1.472,175000000.0,719900000.0,321500000.0,321500000.0,8600000.0,,,,,3700000.0,58600000.0,1.0,68245290.0,68400000.0,70300000.0,4.7,1400900000.0,98000000.0,7200000.0,44200000.0,20.481,295500000.0
35,WST,MRQ,2012-09-30,2012-09-30,2012-09-30,2021-07-30,0.0,1527400000.0,,557300000.0,970100000.0,,10.499,-29000000.0,143200000.0,143200000.0,213400000.0,14800000.0,2.022,1.13,401400000.0,39300000.0,362100000.0,401400000.0,0.0,19300000.0,0.0,0.014,0.09,28200000.0,47500000.0,0.156,47500000.0,28200000.0,23800000.0,0.22,0.21,0.22,717100000.0,,717100000.0,2084694410.0,16.0,10.315,22600000.0,0.331,1.0,90400000.0,0.298,162400000.0,4400000.0,1347600000.0,,165900000.0,82600000.0,21900000.0,60700000.0,810300000.0,275600000.0,534700000.0,1806194410.0,36200000.0,0.0,2100000.0,11000000.0,-6100000.0,7700000.0,-25500000.0,3500000.0,51600000.0,2400000.0,14800000.0,14800000.0,14800000.0,0.0,0.0,0.049,64100000.0,26300000.0,81300000.0,0.409,2.519,23.038,22.974,637000000.0,0.0,26.535,1.456,1.461,182900000.0,,303800000.0,303800000.0,8200000.0,,,,,11800000.0,53700000.0,1.0,68068378.0,68300000.0,69400000.0,4.448,1365000000.0,92900000.0,9000000.0,49100000.0,19.985,281700000.0
36,WST,MRQ,2012-06-30,2012-06-30,2012-06-30,2021-07-30,0.0,1462800000.0,,517000000.0,945800000.0,,9.993,-37000000.0,107000000.0,107000000.0,226100000.0,15600000.0,1.615,1.153,385500000.0,89100000.0,296400000.0,385500000.0,0.0,18800000.0,0.0,0.014,0.09,26700000.0,45500000.0,0.14,45500000.0,26700000.0,22100000.0,0.23,0.225,0.23,679500000.0,,679500000.0,1991531836.0,16.0,9.903,15200000.0,0.224,1.0,98700000.0,0.304,159500000.0,4600000.0,1261600000.0,,159200000.0,83000000.0,25500000.0,57500000.0,783300000.0,320200000.0,463100000.0,1710331836.0,6800000.0,0.0,500000.0,-2500000.0,-6100000.0,-5800000.0,-35900000.0,1100000.0,52200000.0,-3700000.0,15600000.0,15600000.0,15600000.0,0.0,0.0,0.048,63100000.0,35600000.0,85600000.0,0.391,2.517,21.246,21.304,620300000.0,0.0,25.245,1.39,1.396,185000000.0,,324800000.0,324800000.0,8200000.0,,,,,0.0,54400000.0,1.0,67749330.0,68000000.0,73200000.0,4.776,1303300000.0,91400000.0,6500000.0,42600000.0,19.166,196800000.0
37,WST,MRQ,2012-03-31,2012-03-31,2012-03-31,2021-07-30,0.0,1457300000.0,,502800000.0,954500000.0,,10.246,-32400000.0,100200000.0,100200000.0,215200000.0,29200000.0,1.663,1.098,381400000.0,86500000.0,294900000.0,381400000.0,0.0,18600000.0,0.0,0.016,0.09,43300000.0,61900000.0,0.196,61900000.0,43300000.0,39000000.0,0.43,0.405,0.43,694700000.0,,694700000.0,1694232863.0,13.0,8.269,-18600000.0,-0.274,1.0,101100000.0,0.32,163900000.0,4300000.0,1272200000.0,,158200000.0,84700000.0,26400000.0,58300000.0,762600000.0,302400000.0,460200000.0,1436632863.0,8400000.0,0.0,200000.0,29200000.0,-6100000.0,24200000.0,-31900000.0,200000.0,13800000.0,2300000.0,29200000.0,29200000.0,29200000.0,0.0,0.0,0.092,59400000.0,41700000.0,82700000.0,0.209,2.068,16.902,16.944,619200000.0,0.0,21.265,1.184,1.188,176000000.0,,316300000.0,316300000.0,8300000.0,,,,,0.0,51300000.0,1.0,67558564.0,67800000.0,74200000.0,4.665,1293400000.0,91900000.0,9800000.0,45200000.0,19.077,200400000.0
38,WST,MRQ,2011-12-31,2011-12-31,2011-12-31,2021-07-30,-71500000.0,1399100000.0,,472000000.0,927100000.0,,9.688,-33400000.0,91800000.0,91800000.0,210100000.0,18800000.0,1.941,1.136,349400000.0,50100000.0,299300000.0,349400000.0,0.0,18400000.0,0.0,0.018,0.09,28800000.0,47200000.0,0.16,47200000.0,28800000.0,24400000.0,0.275,0.27,0.275,654900000.0,,654900000.0,1538349979.0,13.0,7.975,8400000.0,0.124,1.0,85300000.0,0.289,163500000.0,4400000.0,1250000000.0,,151800000.0,82700000.0,26500000.0,56200000.0,744200000.0,243200000.0,501000000.0,1279549979.0,-27400000.0,0.0,-1300000.0,-22900000.0,-6100000.0,-28100000.0,-36300000.0,-2800000.0,41800000.0,-4800000.0,18800000.0,18800000.0,18800000.0,0.0,0.0,0.064,58300000.0,27000000.0,89800000.0,0.327,1.954,16.948,16.942,593600000.0,0.0,18.975,1.073,1.071,147200000.0,664500000.0,295400000.0,295400000.0,7200000.0,,,,,8400000.0,48400000.0,1.0,67433464.0,67600000.0,74000000.0,4.37,1235600000.0,93000000.0,5600000.0,38900000.0,18.278,228800000.0
39,WST,MRQ,2011-09-30,2011-09-30,2011-09-30,2021-07-30,0.0,1398300000.0,,503500000.0,894800000.0,,10.226,-24200000.0,119200000.0,119200000.0,212200000.0,16900000.0,2.196,1.023,378000000.0,54700000.0,323300000.0,378000000.0,0.0,18500000.0,0.0,0.018,0.085,28000000.0,46500000.0,0.158,46500000.0,28000000.0,23500000.0,0.25,0.245,0.25,691300000.0,,691300000.0,1512365926.0,16.0,8.783,15500000.0,0.229,1.0,81400000.0,0.277,166200000.0,4500000.0,1261600000.0,,155500000.0,55000000.0,0.0,55000000.0,707000000.0,229300000.0,477700000.0,1249265926.0,8800000.0,0.0,1300000.0,10400000.0,-5700000.0,6100000.0,-32000000.0,-8200000.0,39700000.0,-5000000.0,16900000.0,16900000.0,16900000.0,0.0,0.0,0.058,55300000.0,26100000.0,71700000.0,0.34,1.807,19.956,19.84,576100000.0,0.0,18.55,1.064,1.068,153100000.0,,293600000.0,293600000.0,7700000.0,,,,,0.0,45700000.0,1.0,67345872.0,67600000.0,74000000.0,4.343,1232100000.0,79100000.0,6600000.0,39500000.0,18.226,274200000.0
40,WST,MRQ,2011-06-30,2011-06-30,2011-06-30,2021-07-30,0.0,1415300000.0,,510400000.0,904900000.0,,10.357,-18400000.0,110400000.0,110400000.0,223300000.0,20100000.0,2.649,1.033,373500000.0,6300000.0,367200000.0,373500000.0,0.0,19300000.0,0.0,0.015,0.085,30000000.0,49300000.0,0.16,49300000.0,30000000.0,25400000.0,0.3,0.285,0.3,696000000.0,,696000000.0,1741830679.0,19.0,10.216,21300000.0,0.317,1.0,84600000.0,0.275,170300000.0,4600000.0,1315400000.0,,161200000.0,51200000.0,0.0,51200000.0,719300000.0,192700000.0,526600000.0,1465430679.0,15800000.0,0.0,1800000.0,-500000.0,-6000000.0,-2800000.0,-23100000.0,-5000000.0,39700000.0,2000000.0,20100000.0,20100000.0,20100000.0,0.0,0.0,0.065,56800000.0,27800000.0,73400000.0,0.283,2.106,23.078,23.032,581500000.0,0.0,21.88,1.273,1.277,165700000.0,,307900000.0,307900000.0,7300000.0,,,,,0.0,46400000.0,1.0,66975808.0,67200000.0,74000000.0,4.582,1245000000.0,83400000.0,5300000.0,40500000.0,18.527,317700000.0
41,WST,MRQ,2011-03-31,2011-03-31,2011-03-31,2021-07-30,0.0,1366100000.0,,481100000.0,885000000.0,,9.927,-19400000.0,94600000.0,94600000.0,207400000.0,19600000.0,2.632,1.06,371000000.0,6300000.0,364700000.0,371000000.0,0.0,19500000.0,0.0,0.015,0.085,30400000.0,49900000.0,0.169,49900000.0,30400000.0,25700000.0,0.295,0.28,0.295,663100000.0,,663100000.0,1741110135.0,18.0,10.176,-9900000.0,-0.148,1.0,88000000.0,0.298,170300000.0,4700000.0,1289400000.0,,157100000.0,48900000.0,0.0,48900000.0,703000000.0,182800000.0,520200000.0,1492910135.0,-15600000.0,0.0,-1400000.0,5700000.0,-5400000.0,100000.0,-29100000.0,-9600000.0,9500000.0,3900000.0,19600000.0,19600000.0,19600000.0,0.0,0.0,0.066,59200000.0,28800000.0,66200000.0,0.288,2.251,22.933,22.959,574500000.0,0.0,22.385,1.327,1.329,161200000.0,,295400000.0,295400000.0,6900000.0,,,,,0.0,50600000.0,1.0,66692434.0,66800000.0,73600000.0,4.422,1195800000.0,79700000.0,6100000.0,39700000.0,17.901,298300000.0
42,WST,MRQ,2010-12-31,2010-12-31,2010-12-31,2021-07-30,-31300000.0,1294300000.0,,436600000.0,857700000.0,,9.395,-21300000.0,110200000.0,110200000.0,198800000.0,6000000.0,2.573,1.069,358400000.0,300000.0,358100000.0,358400000.0,0.0,19500000.0,0.0,0.016,0.085,7000000.0,26500000.0,0.096,26500000.0,7000000.0,2300000.0,0.09,0.095,0.09,625700000.0,,625700000.0,1645484728.0,17.0,9.742,25900000.0,0.389,1.0,78000000.0,0.282,167600000.0,4700000.0,1205200000.0,,147000000.0,48200000.0,0.0,48200000.0,668600000.0,169700000.0,498900000.0,1371884728.0,13100000.0,0.0,700000.0,-9700000.0,-5700000.0,-14600000.0,-18600000.0,4500000.0,47200000.0,-900000.0,6000000.0,6000000.0,6000000.0,0.0,0.0,0.022,72100000.0,5900000.0,63200000.0,0.944,2.193,21.009,21.02,554800000.0,0.0,20.6,1.242,1.242,126400000.0,612600000.0,276800000.0,276800000.0,6900000.0,,,,,7800000.0,50500000.0,1.0,66596346.0,66600000.0,73400000.0,4.156,1126700000.0,75000000.0,-3700000.0,35000000.0,16.917,266900000.0
43,WST,MRQ,2010-09-30,2010-09-30,2010-09-30,2021-07-30,0.0,1299600000.0,,441200000.0,858400000.0,,9.463,-17200000.0,97100000.0,97100000.0,196700000.0,17800000.0,2.789,1.056,370700000.0,1400000.0,369300000.0,370700000.0,0.0,18300000.0,0.0,0.019,0.08,26500000.0,44800000.0,0.165,44800000.0,26500000.0,22300000.0,0.265,0.255,0.265,632100000.0,,632100000.0,1431386385.0,13.0,7.779,30800000.0,0.461,1.0,74700000.0,0.275,169700000.0,4200000.0,1245300000.0,,148400000.0,43800000.0,0.0,43800000.0,667500000.0,158200000.0,509300000.0,1141686385.0,29600000.0,-2400000.0,600000.0,500000.0,-5300000.0,-4200000.0,-18800000.0,0.0,48000000.0,4600000.0,17800000.0,17800000.0,17800000.0,0.0,0.0,0.066,49400000.0,25300000.0,56300000.0,0.302,1.806,14.343,14.356,556700000.0,0.0,17.155,1.018,1.022,142800000.0,,271400000.0,271400000.0,5900000.0,,,,,0.0,44900000.0,1.0,66551232.0,66800000.0,73400000.0,4.063,1129900000.0,76200000.0,4500000.0,44100000.0,16.915,283000000.0
44,WST,MRQ,2010-06-30,2010-06-30,2010-06-30,2021-07-30,0.0,1222100000.0,,403900000.0,818200000.0,,8.574,-14900000.0,67500000.0,67500000.0,198600000.0,21700000.0,2.547,1.14,357200000.0,400000.0,356800000.0,357200000.0,0.0,17700000.0,0.0,0.017,0.08,32200000.0,49900000.0,0.177,49900000.0,32200000.0,28300000.0,0.325,0.31,0.325,571000000.0,,571000000.0,1517087120.0,13.0,8.223,16700000.0,0.251,1.0,83200000.0,0.295,160400000.0,3900000.0,1192800000.0,,143300000.0,40100000.0,0.0,40100000.0,651100000.0,158600000.0,492500000.0,1213587120.0,1600000.0,0.0,400000.0,-4300000.0,-5400000.0,-9300000.0,-16900000.0,-2100000.0,31600000.0,-3800000.0,21700000.0,21700000.0,21700000.0,0.0,0.0,0.077,52700000.0,30500000.0,61400000.0,0.246,2.125,15.362,15.332,532500000.0,0.0,18.245,1.095,1.096,145700000.0,,281800000.0,281800000.0,5700000.0,,,,,0.0,45800000.0,1.0,66516148.0,66600000.0,73400000.0,4.231,1061700000.0,70600000.0,6600000.0,38400000.0,15.941,245300000.0
45,WST,MRQ,2010-03-31,2010-03-31,2010-03-31,2021-07-30,0.0,1253600000.0,,404900000.0,848700000.0,,8.757,-17700000.0,65900000.0,65900000.0,192500000.0,19800000.0,2.203,1.162,369400000.0,21100000.0,348300000.0,369400000.0,0.0,17700000.0,0.0,0.015,0.08,30000000.0,47700000.0,0.174,47700000.0,30000000.0,26000000.0,0.3,0.285,0.3,579700000.0,,579700000.0,1685182638.0,15.0,9.341,-6200000.0,-0.094,1.0,82200000.0,0.299,166300000.0,4000000.0,1207000000.0,,144800000.0,40200000.0,0.0,40200000.0,673900000.0,183800000.0,490100000.0,1388682638.0,-17200000.0,-1300000.0,-100000.0,-2500000.0,-5300000.0,-5900000.0,-19700000.0,-700000.0,11500000.0,-3100000.0,19800000.0,19800000.0,19800000.0,0.0,0.0,0.072,53300000.0,28900000.0,66400000.0,0.267,2.396,18.035,18.004,556200000.0,0.0,20.975,1.276,1.276,146600000.0,,274700000.0,274700000.0,5400000.0,,,,,0.0,46600000.0,1.0,66206562.0,66200000.0,73000000.0,4.15,1087300000.0,74400000.0,6200000.0,39300000.0,16.424,221100000.0
46,WST,MRQ,2009-12-31,2009-12-31,2009-12-31,2021-07-30,-19700000.0,1271000000.0,,397200000.0,873800000.0,,8.828,-28500000.0,83100000.0,83100000.0,209500000.0,20300000.0,2.321,1.195,379600000.0,500000.0,379100000.0,379600000.0,0.0,18300000.0,0.0,0.016,0.08,23300000.0,41600000.0,0.142,41600000.0,23300000.0,19200000.0,0.305,0.295,0.305,579100000.0,,579100000.0,1611135594.0,16.0,9.511,24100000.0,0.367,1.0,83900000.0,0.286,169800000.0,4100000.0,1226600000.0,,129200000.0,38200000.0,0.0,38200000.0,691900000.0,171100000.0,520800000.0,1293635594.0,3600000.0,0.0,500000.0,-14600000.0,-5300000.0,-17500000.0,-30100000.0,-1600000.0,52600000.0,-1400000.0,20300000.0,20300000.0,20300000.0,0.0,0.0,0.069,62200000.0,21700000.0,68400000.0,0.262,2.234,17.819,17.738,577100000.0,0.0,19.6,1.225,1.218,138700000.0,569400000.0,293400000.0,293400000.0,5800000.0,,,,,7500000.0,45400000.0,1.0,66001816.0,65600000.0,72600000.0,4.473,1101200000.0,77200000.0,-1100000.0,36700000.0,16.787,226100000.0
47,WST,MRQ,2009-09-30,2009-09-30,2009-09-30,2021-07-30,0.0,1263900000.0,,399100000.0,864800000.0,,8.597,-27600000.0,79500000.0,79500000.0,187200000.0,17200000.0,2.451,1.234,397000000.0,4000000.0,393000000.0,397000000.0,0.0,18300000.0,0.0,0.015,0.075,27000000.0,45300000.0,0.175,45300000.0,27000000.0,23200000.0,0.26,0.25,0.26,565700000.0,,565700000.0,1641591896.0,16.0,9.777,11400000.0,0.173,1.0,71700000.0,0.277,171700000.0,3800000.0,1246900000.0,,135900000.0,35800000.0,0.0,35800000.0,698200000.0,162800000.0,535400000.0,1335691896.0,-4800000.0,-16900000.0,1300000.0,-1800000.0,-4900000.0,-4400000.0,-42100000.0,2300000.0,39000000.0,2700000.0,17200000.0,17200000.0,17200000.0,0.0,0.0,0.066,45800000.0,25900000.0,55300000.0,0.288,2.361,19.081,19.066,570400000.0,0.0,20.305,1.326,1.327,142500000.0,,258900000.0,258900000.0,5100000.0,,,,,0.0,44300000.0,1.0,65781428.0,65800000.0,72800000.0,3.935,1092200000.0,71200000.0,6000000.0,39100000.0,16.599,236300000.0
48,WST,MRQ,2009-06-30,2009-06-30,2009-06-30,2021-07-30,0.0,1217500000.0,,396200000.0,821300000.0,,8.125,-24600000.0,84300000.0,84300000.0,182300000.0,19700000.0,2.453,1.284,390200000.0,3900000.0,386300000.0,390200000.0,0.0,16500000.0,0.0,0.017,0.075,29300000.0,45800000.0,0.175,45800000.0,29300000.0,25800000.0,0.3,0.285,0.3,533000000.0,,533000000.0,1466836827.0,16.0,9.373,24800000.0,0.378,1.0,78700000.0,0.302,154200000.0,3500000.0,1207700000.0,,130000000.0,37000000.0,2600000.0,34400000.0,684500000.0,161500000.0,523000000.0,1141636827.0,21600000.0,0.0,2000000.0,-5300000.0,-4900000.0,-7300000.0,-24500000.0,400000.0,49400000.0,4000000.0,19700000.0,19700000.0,19700000.0,0.0,0.0,0.075,50000000.0,28700000.0,60700000.0,0.25,2.142,17.271,17.252,548000000.0,0.0,17.425,1.137,1.138,143400000.0,,261000000.0,261000000.0,4700000.0,,,,,0.0,45100000.0,1.0,65517178.0,65600000.0,72400000.0,3.979,1063300000.0,68100000.0,6100000.0,38400000.0,16.209,234700000.0
49,WST,MRQ,2009-03-31,2009-03-31,2009-03-31,2021-07-30,0.0,1141500000.0,,356200000.0,785300000.0,,7.471,-24200000.0,62700000.0,62700000.0,173100000.0,15400000.0,2.568,1.336,387900000.0,3900000.0,384000000.0,387900000.0,0.0,15000000.0,0.0,0.018,0.075,21800000.0,36800000.0,0.152,36800000.0,21800000.0,17900000.0,0.235,0.23,0.235,488600000.0,,488600000.0,1372866290.0,13.0,8.095,-27500000.0,-0.42,1.0,69300000.0,0.286,152000000.0,3900000.0,1176000000.0,,120000000.0,39300000.0,2900000.0,36400000.0,652900000.0,138700000.0,514200000.0,1074066290.0,-24500000.0,0.0,-100000.0,11500000.0,-5000000.0,6600000.0,-25200000.0,1500000.0,-3300000.0,-2600000.0,15400000.0,15400000.0,15400000.0,0.0,0.0,0.064,48100000.0,21200000.0,52000000.0,0.319,2.198,14.302,14.203,517700000.0,0.0,16.405,1.05,1.049,137200000.0,,242400000.0,242400000.0,4300000.0,,,,,0.0,42900000.0,1.0,65471886.0,65400000.0,72200000.0,3.706,989500000.0,63400000.0,2500000.0,33000000.0,15.13,217500000.0
50,WST,MRQ,2008-12-31,2008-12-31,2008-12-31,2021-07-30,-44900000.0,1168700000.0,,366200000.0,802500000.0,,7.517,-50400000.0,87200000.0,87200000.0,175200000.0,17800000.0,2.302,1.399,386000000.0,3900000.0,382100000.0,386000000.0,0.0,15200000.0,0.0,0.015,0.075,24800000.0,40000000.0,0.163,40000000.0,24800000.0,21400000.0,0.27,0.26,0.27,487100000.0,,487100000.0,1515681998.0,12.0,8.136,-6400000.0,-0.099,1.0,69600000.0,0.284,155300000.0,3400000.0,1153100000.0,,115700000.0,33600000.0,0.0,33600000.0,681600000.0,159100000.0,522500000.0,1235681998.0,-15300000.0,0.0,600000.0,2400000.0,-5000000.0,-10600000.0,-46500000.0,2200000.0,44000000.0,-2200000.0,17700000.0,17700000.0,17700000.0,0.0,100000.0,0.072,44000000.0,25600000.0,67600000.0,0.278,2.537,14.368,14.253,531000000.0,0.0,18.885,1.176,1.164,128600000.0,517300000.0,244800000.0,244800000.0,3900000.0,,,,,6400000.0,36800000.0,1.0,65431930.0,64800000.0,72200000.0,3.778,1013400000.0,68800000.0,3700000.0,31000000.0,15.639,207100000.0
51,WST,MRQ,2008-09-30,2008-09-30,2008-09-30,2021-07-30,0.0,1210000000.0,,410500000.0,799500000.0,,8.194,-35000000.0,102500000.0,102500000.0,190200000.0,13500000.0,2.48,1.262,382500000.0,500000.0,382000000.0,382500000.0,0.0,15500000.0,0.0,0.011,0.07,18400000.0,33900000.0,0.132,33900000.0,18400000.0,14100000.0,0.205,0.2,0.205,532600000.0,,532600000.0,1883277955.0,17.0,11.052,7100000.0,0.109,1.0,66000000.0,0.258,154700000.0,4300000.0,1169800000.0,,124700000.0,40100000.0,6000000.0,34100000.0,672000000.0,165500000.0,506500000.0,1587377955.0,200000.0,0.0,600000.0,-3500000.0,-4500000.0,-4500000.0,-30800000.0,3500000.0,42100000.0,-6600000.0,13300000.0,13300000.0,13300000.0,0.0,200000.0,0.052,48100000.0,17900000.0,61700000.0,0.341,2.98,21.393,21.226,518600000.0,0.0,24.41,1.494,1.494,140600000.0,,256200000.0,256200000.0,4600000.0,,,,,0.0,41500000.0,1.0,65029822.0,65000000.0,72400000.0,3.942,1055300000.0,65500000.0,800000.0,67000000.0,16.235,245000000.0
52,WST,MRQ,2008-06-30,2008-06-30,2008-06-30,2021-07-30,0.0,1253400000.0,,443400000.0,810000000.0,,8.435,-30400000.0,102300000.0,102300000.0,195700000.0,28900000.0,2.484,1.284,398200000.0,500000.0,397700000.0,398200000.0,0.0,15200000.0,0.0,0.013,0.07,43700000.0,58900000.0,0.211,58900000.0,43700000.0,39500000.0,0.445,0.41,0.445,546600000.0,,546600000.0,1723101241.0,16.0,10.399,25400000.0,0.392,1.0,83600000.0,0.299,159600000.0,4200000.0,1211200000.0,,127300000.0,44700000.0,9700000.0,35000000.0,701600000.0,178500000.0,523100000.0,1399201241.0,8700000.0,0.0,1100000.0,-17500000.0,-4600000.0,-20100000.0,-27500000.0,3300000.0,55800000.0,500000.0,28700000.0,28700000.0,28700000.0,0.0,200000.0,0.103,41000000.0,42600000.0,69800000.0,0.157,2.56,19.141,19.15,522000000.0,0.0,21.64,1.334,1.337,159200000.0,,279300000.0,279300000.0,4900000.0,,,,,0.0,40900000.0,1.0,64658098.0,64800000.0,72600000.0,4.31,1093800000.0,65000000.0,10800000.0,72900000.0,16.88,264900000.0
53,WST,MRQ,2008-03-31,2008-03-31,2008-03-31,2021-07-30,0.0,1210800000.0,,419800000.0,791000000.0,,7.919,-22800000.0,93600000.0,93600000.0,187200000.0,26400000.0,2.696,1.364,417500000.0,500000.0,417000000.0,417500000.0,0.0,14700000.0,0.0,0.012,0.07,38800000.0,53500000.0,0.198,53500000.0,38800000.0,34700000.0,0.405,0.38,0.405,510000000.0,,510000000.0,1707443322.0,17.0,10.807,-29700000.0,-0.461,1.0,83500000.0,0.308,160000000.0,4100000.0,1219000000.0,,119300000.0,46500000.0,12900000.0,33600000.0,695800000.0,155700000.0,540100000.0,1420743322.0,-14800000.0,0.0,-1300000.0,9400000.0,-4500000.0,5800000.0,-14900000.0,7800000.0,-6900000.0,1200000.0,26200000.0,26200000.0,26200000.0,0.0,200000.0,0.097,45400000.0,38100000.0,57900000.0,0.173,2.786,20.181,20.477,506000000.0,0.0,22.115,1.375,1.378,151900000.0,,270700000.0,270700000.0,5400000.0,,,,,0.0,40100000.0,1.0,64243424.0,64400000.0,72200000.0,4.203,1050800000.0,65000000.0,8500000.0,67200000.0,16.317,264100000.0
54,WST,MRQ,2007-12-31,2007-12-31,2007-12-31,2021-07-30,33600000.0,1185600000.0,,412300000.0,773300000.0,,7.489,-60400000.0,108400000.0,108400000.0,185600000.0,6500000.0,2.254,1.431,395100000.0,500000.0,394600000.0,395100000.0,0.0,14400000.0,0.0,0.013,0.07,9700000.0,24100000.0,0.094,24100000.0,9700000.0,5800000.0,0.095,0.1,0.095,485300000.0,,485300000.0,1555807473.0,15.0,9.785,-1100000.0,-0.017,1.0,70500000.0,0.275,164200000.0,3900000.0,1125200000.0,,111800000.0,52700000.0,21000000.0,31700000.0,694700000.0,182900000.0,511800000.0,1313607473.0,-43000000.0,0.0,-10400000.0,-4600000.0,-4700000.0,-19700000.0,-83500000.0,-22700000.0,59300000.0,900000.0,6000000.0,6000000.0,6000000.0,0.0,500000.0,0.023,62900000.0,7600000.0,80400000.0,0.737,2.707,18.58,18.792,481700000.0,0.0,20.295,1.288,1.301,136100000.0,450300000.0,256100000.0,256100000.0,4600000.0,,,,,5100000.0,39700000.0,1.0,64725670.0,64800000.0,72400000.0,3.952,1021400000.0,66300000.0,-200000.0,76600000.0,15.762,229400000.0
55,WST,MRQ,2007-09-30,2007-09-30,2007-09-30,2021-07-30,0.0,1155300000.0,,436600000.0,718700000.0,,7.365,-23900000.0,151400000.0,151400000.0,178400000.0,12200000.0,2.692,1.388,393600000.0,500000.0,393100000.0,393600000.0,0.0,13900000.0,0.0,0.012,0.065,15300000.0,29200000.0,0.12,29200000.0,15300000.0,11400000.0,0.185,0.18,0.185,481700000.0,,481700000.0,1588370843.0,14.0,9.262,300000.0,0.005,1.0,64300000.0,0.265,174900000.0,3900000.0,1060400000.0,,119700000.0,30700000.0,0.0,30700000.0,668400000.0,162200000.0,506200000.0,1380970843.0,-25900000.0,0.0,-27100000.0,1100000.0,-4200000.0,-27700000.0,-23800000.0,0.0,24200000.0,1400000.0,12200000.0,12200000.0,12200000.0,0.0,0.0,0.05,51400000.0,12900000.0,51800000.0,0.351,2.867,17.327,17.144,428500000.0,0.0,20.83,1.387,1.368,136800000.0,,242700000.0,242700000.0,4100000.0,,,,,0.0,37700000.0,1.0,66297208.0,65400000.0,73600000.0,3.711,980400000.0,59600000.0,-800000.0,77100000.0,14.991,274400000.0
56,WST,MRQ,2007-06-30,2007-06-30,2007-06-30,2021-07-30,0.0,1142700000.0,,452300000.0,690400000.0,,7.511,-24200000.0,177300000.0,177300000.0,187000000.0,26000000.0,3.034,1.302,384700000.0,500000.0,384200000.0,384700000.0,0.0,14300000.0,0.0,0.011,0.065,36900000.0,51200000.0,0.194,51200000.0,36900000.0,33000000.0,0.395,0.365,0.395,494200000.0,,494200000.0,1776135368.0,15.0,10.046,18200000.0,0.277,1.0,76700000.0,0.291,171700000.0,3900000.0,1029300000.0,,111700000.0,29900000.0,0.0,29900000.0,643600000.0,149100000.0,494500000.0,1555635368.0,20700000.0,0.0,200000.0,4700000.0,-4300000.0,1300000.0,-23500000.0,0.0,42400000.0,500000.0,26000000.0,26000000.0,26000000.0,500000.0,0.0,0.099,41800000.0,34900000.0,53500000.0,0.165,3.148,19.253,19.089,408500000.0,0.0,23.575,1.601,1.597,136700000.0,,263700000.0,263700000.0,3800000.0,,,,,0.0,38200000.0,1.0,65986654.0,65800000.0,74200000.0,4.008,971000000.0,52800000.0,7000000.0,64500000.0,14.757,303200000.0
57,WST,MRQ,2007-03-31,2007-03-31,2007-03-31,2021-07-30,0.0,1106200000.0,,432200000.0,674000000.0,,7.026,-20900000.0,156600000.0,156600000.0,177200000.0,26500000.0,2.819,1.397,377100000.0,500000.0,376600000.0,377100000.0,0.0,14000000.0,0.0,0.011,0.065,40600000.0,54600000.0,0.212,54600000.0,40600000.0,37700000.0,0.405,0.385,0.405,459500000.0,,459500000.0,1723355010.0,15.0,10.031,-17600000.0,-0.269,1.0,80400000.0,0.312,172700000.0,2900000.0,1000700000.0,,107700000.0,29000000.0,0.0,29000000.0,641800000.0,153300000.0,488500000.0,1534155010.0,109500000.0,0.0,-1300000.0,136300000.0,-4300000.0,130700000.0,-25100000.0,0.0,3300000.0,600000.0,26500000.0,26500000.0,26500000.0,0.0,0.0,0.103,40800000.0,39600000.0,59500000.0,0.16,3.339,20.32,20.013,395200000.0,0.0,23.215,1.618,1.601,143300000.0,,257600000.0,257600000.0,3600000.0,,,,,0.0,37000000.0,1.0,66084644.0,65400000.0,69000000.0,3.939,933500000.0,51900000.0,11200000.0,59900000.0,14.274,278900000.0
58,WST,MRQ,2006-12-31,2006-12-31,2006-12-31,2021-07-30,10600000.0,918200000.0,,281700000.0,636500000.0,,6.319,-43100000.0,47100000.0,47100000.0,165400000.0,15000000.0,1.795,1.204,236300000.0,500000.0,235800000.0,236300000.0,0.0,13700000.0,0.0,0.01,0.065,22800000.0,36500000.0,0.157,36500000.0,22800000.0,20200000.0,0.23,0.225,0.23,414500000.0,,414500000.0,1869273028.0,18.0,11.899,4100000.0,0.062,1.0,66500000.0,0.287,169100000.0,2600000.0,781400000.0,,97500000.0,29700000.0,0.0,29700000.0,498900000.0,156900000.0,342000000.0,1672973028.0,2300000.0,0.0,400000.0,-10800000.0,-4300000.0,-3800000.0,-43000000.0,0.0,47200000.0,1600000.0,15000000.0,15000000.0,15000000.0,-300000.0,0.0,0.065,49700000.0,16800000.0,61200000.0,0.283,4.036,24.933,24.512,384700000.0,0.0,25.615,1.832,1.806,109500000.0,375700000.0,231900000.0,231900000.0,3100000.0,,,,,14500000.0,41700000.0,1.0,65312240.0,65600000.0,67200000.0,3.535,749100000.0,35100000.0,5200000.0,70300000.0,11.419,124800000.0
59,WST,MRQ,2006-09-30,2006-09-30,2006-09-30,2021-07-30,0.0,895000000.0,,285800000.0,609200000.0,,6.266,-20400000.0,44800000.0,44800000.0,158900000.0,13300000.0,1.803,1.207,241100000.0,500000.0,240600000.0,241100000.0,0.0,13200000.0,0.0,0.012,0.06,21300000.0,34500000.0,0.158,34500000.0,21300000.0,18200000.0,0.205,0.195,0.205,403500000.0,,403500000.0,1479413800.0,15.0,9.569,18300000.0,0.284,1.0,59500000.0,0.272,168600000.0,3100000.0,764200000.0,,94400000.0,28600000.0,0.0,28600000.0,486900000.0,158500000.0,328400000.0,1272713800.0,-1300000.0,0.0,900000.0,-21300000.0,-3800000.0,-24200000.0,-20400000.0,0.0,38700000.0,1100000.0,13300000.0,13300000.0,13300000.0,-1500000.0,0.0,0.061,37800000.0,21700000.0,47500000.0,0.293,3.154,19.701,19.537,348400000.0,0.0,19.635,1.451,1.442,120200000.0,,218400000.0,218400000.0,2900000.0,,,,,0.0,34900000.0,1.0,64818630.0,64400000.0,67600000.0,3.391,726400000.0,13300000.0,4900000.0,67500000.0,11.28,127300000.0
60,WST,MRQ,2006-06-30,2006-06-30,2006-06-30,2021-07-30,0.0,883600000.0,,283200000.0,600400000.0,,6.051,-15400000.0,53200000.0,53200000.0,169100000.0,20700000.0,1.932,1.263,259900000.0,600000.0,259300000.0,259900000.0,0.0,13000000.0,0.0,0.013,0.06,33200000.0,46200000.0,0.192,46200000.0,33200000.0,29900000.0,0.32,0.31,0.32,388500000.0,,388500000.0,1404425594.0,15.0,9.477,35100000.0,0.547,1.0,71100000.0,0.296,160300000.0,3300000.0,783400000.0,,87200000.0,28900000.0,0.0,28900000.0,490800000.0,146600000.0,344200000.0,1171925594.0,14800000.0,0.0,-1100000.0,-17100000.0,-4000000.0,-22200000.0,-15300000.0,-200000.0,50500000.0,1200000.0,20700000.0,20700000.0,20700000.0,0.0,0.0,0.086,37500000.0,33600000.0,51500000.0,0.188,3.017,19.83,19.611,339000000.0,0.0,18.14,1.395,1.386,124300000.0,,240200000.0,240200000.0,2600000.0,,,,,0.0,34900000.0,1.0,64604498.0,64200000.0,67200000.0,3.741,723300000.0,12200000.0,9200000.0,63400000.0,11.266,136600000.0
61,WST,MRQ,2006-03-31,2006-03-31,2006-03-31,2021-07-30,0.0,851500000.0,,263200000.0,588300000.0,,5.707,-11400000.0,38500000.0,38500000.0,155200000.0,18100000.0,1.973,1.342,271000000.0,400000.0,270600000.0,271000000.0,0.0,12800000.0,0.0,0.013,0.06,27200000.0,40000000.0,0.18,40000000.0,27200000.0,23500000.0,0.285,0.275,0.285,361800000.0,,361800000.0,1336194510.0,16.0,9.957,-8400000.0,-0.132,1.0,67600000.0,0.303,158400000.0,3700000.0,792200000.0,,86300000.0,27500000.0,0.0,27500000.0,485600000.0,133400000.0,352200000.0,1111094510.0,-17500000.0,0.0,4200000.0,-10400000.0,-3800000.0,-10000000.0,-11200000.0,200000.0,3000000.0,700000.0,18100000.0,18100000.0,18100000.0,-3800000.0,0.0,0.081,38700000.0,28900000.0,47400000.0,0.211,3.071,21.701,21.432,330500000.0,0.0,17.36,1.437,1.424,124200000.0,,222800000.0,222800000.0,2400000.0,,,,,0.0,36300000.0,1.0,64003140.0,63400000.0,66200000.0,3.514,693100000.0,13300000.0,5400000.0,55800000.0,10.932,129800000.0
62,WST,MRQ,2005-12-31,2005-12-31,2005-12-31,2021-07-30,8900000.0,833500000.0,,247100000.0,586400000.0,,5.406,-21500000.0,55900000.0,55900000.0,140000000.0,12500000.0,1.926,1.44,281000000.0,300000.0,280700000.0,281000000.0,0.0,13600000.0,0.0,0.018,0.06,20300000.0,33900000.0,0.173,33900000.0,20300000.0,16000000.0,0.195,0.185,0.195,339900000.0,,339900000.0,1026636957.0,13.0,8.174,10800000.0,0.172,1.0,55700000.0,0.285,159200000.0,4300000.0,771100000.0,,71100000.0,27700000.0,0.0,27700000.0,489500000.0,128300000.0,361200000.0,793936957.0,27900000.0,300000.0,-1100000.0,20800000.0,-3800000.0,18500000.0,-21100000.0,-200000.0,32300000.0,-900000.0,12500000.0,12500000.0,12500000.0,1100000.0,0.0,0.064,36700000.0,19000000.0,45800000.0,0.308,2.336,17.111,16.799,328000000.0,0.0,12.515,1.135,1.113,107400000.0,325000000.0,195700000.0,195700000.0,7900000.0,,,,,8100000.0,27200000.0,1.0,63438830.0,62872000.0,65594000.0,3.113,674300000.0,13800000.0,3500000.0,56100000.0,10.725,118800000.0
63,WST,MRQ,2005-09-30,2005-09-30,2005-09-30,2021-07-30,0.0,799500000.0,,217800000.0,581700000.0,,5.192,-14000000.0,27900000.0,27900000.0,137800000.0,7800000.0,1.777,1.457,260600000.0,400000.0,260200000.0,260600000.0,0.0,13000000.0,0.0,0.015,0.055,15100000.0,28100000.0,0.155,28100000.0,15100000.0,10800000.0,0.125,0.12,0.125,325400000.0,,325400000.0,1139114341.0,17.0,10.499,10300000.0,0.164,1.0,43800000.0,0.241,162800000.0,4300000.0,746800000.0,,64700000.0,26700000.0,0.0,26700000.0,474100000.0,122600000.0,351500000.0,936614341.0,-40600000.0,-34100000.0,800000.0,-17500000.0,-3500000.0,-20200000.0,-47800000.0,0.0,24300000.0,-300000.0,7800000.0,7800000.0,7800000.0,-700000.0,0.0,0.043,30600000.0,13200000.0,35400000.0,0.44,2.878,26.684,26.491,322200000.0,0.0,14.835,1.45,1.439,104800000.0,,181600000.0,181600000.0,0.0,,,,,0.0,30700000.0,1.0,63135446.0,62668000.0,65552000.0,2.898,636700000.0,16600000.0,3000000.0,62100000.0,10.16,95200000.0
64,WST,MRQ,2005-06-30,2005-06-30,2005-06-30,2021-07-30,0.0,797800000.0,,255700000.0,542100000.0,,5.091,-10500000.0,75500000.0,75500000.0,122400000.0,12800000.0,2.259,1.529,278000000.0,700000.0,277300000.0,278000000.0,0.0,10800000.0,0.0,0.015,0.055,21400000.0,32200000.0,0.186,32200000.0,21400000.0,18300000.0,0.205,0.2,0.205,315400000.0,,315400000.0,970814275.0,17.0,10.102,16800000.0,0.271,1.0,50600000.0,0.292,107600000.0,3100000.0,779500000.0,,64600000.0,27200000.0,0.0,27200000.0,482400000.0,113200000.0,369200000.0,872114275.0,7500000.0,-137600000.0,8700000.0,124700000.0,-3500000.0,129900000.0,-147100000.0,200000.0,27300000.0,-3000000.0,12800000.0,12800000.0,12800000.0,-600000.0,0.0,0.074,30500000.0,20100000.0,34400000.0,0.268,2.765,27.599,27.772,318500000.0,0.0,14.025,1.46,1.454,103300000.0,,173000000.0,173000000.0,0.0,,,,,0.0,31900000.0,1.0,62182836.0,61956000.0,64310000.0,2.792,690200000.0,25500000.0,5500000.0,66200000.0,11.14,142500000.0
65,WST,MRQ,2005-03-31,2005-03-31,2005-03-31,2021-07-30,0.0,650000000.0,,223000000.0,427000000.0,,5.02,-8100000.0,54000000.0,54000000.0,103100000.0,13300000.0,2.253,1.112,152700000.0,0.0,152700000.0,152700000.0,0.0,10000000.0,0.0,0.018,0.055,21000000.0,31000000.0,0.207,31000000.0,21000000.0,19000000.0,0.215,0.21,0.215,307700000.0,,307700000.0,832568579.0,16.0,9.67,-6400000.0,-0.104,1.0,46400000.0,0.31,45400000.0,2000000.0,604300000.0,,62500000.0,27200000.0,0.0,27200000.0,342300000.0,99000000.0,243300000.0,740568579.0,-14800000.0,-3400000.0,3000000.0,-7400000.0,-3300000.0,-7700000.0,-11400000.0,0.0,1700000.0,-2000000.0,13300000.0,13300000.0,13300000.0,-300000.0,0.0,0.089,25200000.0,21200000.0,23400000.0,0.256,2.407,27.946,27.791,277500000.0,0.0,11.95,1.321,1.306,84300000.0,,149500000.0,149500000.0,0.0,,,,,0.0,25200000.0,1.0,61972266.0,61290000.0,63550000.0,2.439,604600000.0,25900000.0,5700000.0,66600000.0,9.865,124000000.0
66,WST,MRQ,2004-12-31,2004-12-31,2004-12-31,2021-07-30,36400000.0,649200000.0,,226500000.0,422700000.0,,4.943,-16000000.0,68800000.0,68800000.0,102600000.0,1200000.0,1.944,1.156,160800000.0,10000000.0,150800000.0,160800000.0,0.0,8900000.0,0.0,0.017,0.055,8300000.0,17200000.0,0.121,17200000.0,8300000.0,5200000.0,0.015,0.015,0.015,301100000.0,,301100000.0,865607847.0,22.0,11.793,15300000.0,0.251,1.0,39300000.0,0.277,43700000.0,3100000.0,581000000.0,,56700000.0,26600000.0,0.0,26600000.0,348100000.0,116500000.0,231600000.0,766207847.0,5500000.0,600000.0,1300000.0,-3500000.0,-3400000.0,-5600000.0,-15300000.0,-600000.0,31300000.0,2200000.0,1200000.0,1200000.0,1200000.0,3500000.0,0.0,0.008,30500000.0,8800000.0,29300000.0,3.667,2.545,37.931,37.358,283800000.0,0.0,12.515,1.415,1.386,72900000.0,287500000.0,141900000.0,141900000.0,0.0,,,,,7400000.0,28000000.0,1.0,61223160.0,60918000.0,62050000.0,2.329,605500000.0,18800000.0,4000000.0,60300000.0,9.94,110000000.0
67,WST,MRQ,2004-09-30,2004-09-30,2004-09-30,2021-07-30,0.0,636200000.0,,218900000.0,417300000.0,,4.655,-12200000.0,63300000.0,63300000.0,97200000.0,4300000.0,2.04,1.265,162700000.0,300000.0,162400000.0,162700000.0,0.0,8200000.0,0.0,0.02,0.052,7500000.0,15700000.0,0.118,15700000.0,7500000.0,5600000.0,0.07,0.07,0.07,280900000.0,,280900000.0,740844064.0,11.0,7.606,7900000.0,0.131,1.0,35900000.0,0.27,47700000.0,1900000.0,580600000.0,,57900000.0,23800000.0,0.0,23800000.0,355300000.0,107300000.0,248000000.0,635744064.0,10400000.0,0.0,1900000.0,4900000.0,-3200000.0,3600000.0,-12000000.0,0.0,20100000.0,800000.0,4300000.0,4300000.0,4300000.0,3700000.0,0.0,0.032,25800000.0,10100000.0,26200000.0,0.743,2.263,17.611,16.951,269800000.0,0.0,10.425,1.226,1.213,78800000.0,,133100000.0,133100000.0,0.0,,,,,0.0,25800000.0,1.0,60982644.0,60344000.0,62542000.0,2.206,588500000.0,26900000.0,1300000.0,71400000.0,9.752,111600000.0
68,WST,MRQ,2004-06-30,2004-06-30,2004-06-30,2021-07-30,0.0,618300000.0,,208500000.0,409800000.0,,4.55,-12200000.0,52900000.0,52900000.0,93700000.0,7700000.0,1.929,1.271,158000000.0,4800000.0,153200000.0,158000000.0,0.0,8300000.0,0.0,0.02,0.052,13900000.0,22200000.0,0.163,22200000.0,13900000.0,12200000.0,0.13,0.125,0.13,272300000.0,,272300000.0,738672458.0,11.0,7.607,7500000.0,0.125,1.0,42400000.0,0.312,47500000.0,1700000.0,567800000.0,,55500000.0,22900000.0,0.0,22900000.0,346000000.0,108100000.0,237900000.0,627072458.0,12300000.0,0.0,5400000.0,6100000.0,-3100000.0,8400000.0,-13600000.0,0.0,19700000.0,-1100000.0,7700000.0,7700000.0,7700000.0,2800000.0,0.0,0.057,26300000.0,16100000.0,24500000.0,0.4,2.303,17.467,17.195,261400000.0,0.0,10.575,1.24,1.251,81000000.0,,136100000.0,136100000.0,0.0,,,,,0.0,26300000.0,1.0,59297632.0,59840000.0,61408000.0,2.274,570800000.0,26700000.0,4500000.0,71800000.0,9.539,100400000.0
69,WST,MRQ,2004-03-31,2004-03-31,2004-03-31,2021-07-30,0.0,604800000.0,,194800000.0,410000000.0,,4.468,-16500000.0,40600000.0,40600000.0,90900000.0,7000000.0,1.774,1.299,152200000.0,3600000.0,148600000.0,152200000.0,0.0,7800000.0,0.0,0.022,0.052,12700000.0,20500000.0,0.157,20500000.0,12700000.0,10800000.0,0.12,0.115,0.12,263100000.0,,263100000.0,688484004.0,11.0,7.255,-6600000.0,-0.112,1.0,39500000.0,0.303,48200000.0,1900000.0,558400000.0,,52200000.0,22900000.0,0.0,22900000.0,341700000.0,109800000.0,231900000.0,551284004.0,2800000.0,0.0,4800000.0,-23500000.0,-3100000.0,-21800000.0,16400000.0,600000.0,9900000.0,100000.0,7000000.0,7000000.0,7000000.0,1900000.0,0.0,0.054,25100000.0,14400000.0,26600000.0,0.433,2.095,15.706,15.455,259700000.0,0.0,9.35,1.111,1.11,83700000.0,,130400000.0,130400000.0,0.0,,,,,0.0,25100000.0,1.0,58960856.0,58888000.0,60268000.0,2.214,556600000.0,26700000.0,3800000.0,73500000.0,9.452,85000000.0
70,WST,MRQ,2003-12-31,2003-12-31,2003-12-31,2021-07-30,18900000.0,623600000.0,,216700000.0,406900000.0,,4.416,-23600000.0,37800000.0,37800000.0,79300000.0,17100000.0,1.823,1.421,175000000.0,8000000.0,167000000.0,175000000.0,0.0,6800000.0,0.0,0.024,0.052,32200000.0,39000000.0,0.327,39000000.0,32200000.0,28100000.0,0.295,0.295,0.295,257600000.0,,257600000.0,618004272.0,11.0,6.905,9800000.0,0.168,1.0,39800000.0,0.334,40900000.0,4100000.0,601000000.0,,47600000.0,22200000.0,0.0,22200000.0,366000000.0,118900000.0,247100000.0,493604272.0,-16700000.0,0.0,2700000.0,-5200000.0,-3100000.0,-5600000.0,-31400000.0,0.0,33400000.0,1800000.0,17100000.0,17100000.0,17100000.0,17500000.0,0.0,0.144,-7500000.0,47300000.0,28600000.0,0.176,1.916,15.473,15.409,251100000.0,0.0,8.475,1.021,1.018,113300000.0,281200000.0,119100000.0,119100000.0,0.0,,,,,1000000.0,12100000.0,1.0,58242392.0,58328000.0,58772000.0,2.042,582700000.0,27800000.0,11000000.0,69800000.0,9.99,97800000.0
71,WST,MRQ,2003-09-30,2003-09-30,2003-09-30,2021-07-30,0.0,575600000.0,,193400000.0,382200000.0,,3.888,-16700000.0,54500000.0,54500000.0,84300000.0,4100000.0,1.856,1.551,178900000.0,16200000.0,162700000.0,178900000.0,0.0,7800000.0,0.0,0.026,0.05,7600000.0,15400000.0,0.128,15400000.0,7600000.0,5600000.0,0.07,0.07,0.07,225600000.0,,225600000.0,589125081.0,21.0,10.002,7900000.0,0.136,1.0,35800000.0,0.298,47400000.0,2000000.0,548400000.0,,45900000.0,20200000.0,0.0,20200000.0,350000000.0,104200000.0,245800000.0,453825081.0,10200000.0,0.0,300000.0,-1800000.0,-2900000.0,-4400000.0,-10400000.0,0.0,24600000.0,400000.0,4100000.0,4100000.0,4100000.0,0.0,0.0,0.034,28900000.0,6900000.0,25100000.0,0.714,2.012,24.935,24.849,232900000.0,0.0,7.827,0.976,0.977,76600000.0,,120100000.0,120100000.0,0.0,,,,,0.0,27800000.0,1.0,57978292.0,58024000.0,58396000.0,2.07,528200000.0,27100000.0,1500000.0,57700000.0,9.103,89200000.0
72,WST,MRQ,2003-06-30,2003-06-30,2003-06-30,2021-07-30,0.0,567400000.0,,189300000.0,378100000.0,,3.827,-12800000.0,44300000.0,44300000.0,85000000.0,6900000.0,1.91,1.559,179600000.0,15500000.0,164100000.0,179600000.0,0.0,8500000.0,0.0,0.032,0.05,11500000.0,20000000.0,0.158,20000000.0,11500000.0,9800000.0,0.12,0.12,0.12,221700000.0,,221700000.0,491244786.0,21.0,8.997,-1200000.0,-0.021,1.0,41400000.0,0.328,47100000.0,1700000.0,556500000.0,,45000000.0,19500000.0,0.0,19500000.0,345700000.0,99100000.0,246600000.0,354744786.0,7200000.0,0.0,0.0,5200000.0,-2900000.0,2300000.0,-8200000.0,0.0,11600000.0,1500000.0,6900000.0,6900000.0,6900000.0,0.0,0.0,0.055,30500000.0,10900000.0,21900000.0,0.417,1.6,20.042,19.951,222100000.0,0.0,6.125,0.79,0.791,87500000.0,,126400000.0,126400000.0,0.0,,,,,0.0,26800000.0,1.0,57917516.0,57932000.0,57932000.0,2.182,520300000.0,29200000.0,2900000.0,60200000.0,8.981,90200000.0
73,WST,MRQ,2003-03-31,2003-03-31,2003-03-31,2021-07-30,0.0,541900000.0,,172500000.0,369400000.0,,3.574,-7300000.0,37100000.0,37100000.0,81400000.0,3800000.0,1.861,1.618,173600000.0,12900000.0,160700000.0,173600000.0,0.0,8100000.0,0.0,0.04,0.05,7000000.0,15100000.0,0.128,15100000.0,7000000.0,5100000.0,0.065,0.065,0.065,207000000.0,,207000000.0,425766152.0,20.0,8.049,6800000.0,0.117,1.0,36400000.0,0.309,45200000.0,1900000.0,540500000.0,,42400000.0,18900000.0,0.0,18900000.0,334900000.0,92700000.0,242200000.0,283966152.0,3900000.0,0.0,0.0,-1500000.0,-2900000.0,-4400000.0,-6700000.0,0.0,14100000.0,900000.0,3800000.0,3800000.0,3800000.0,0.0,0.0,0.032,29500000.0,6900000.0,21600000.0,0.769,1.372,17.638,17.5,213700000.0,0.0,4.9,0.662,0.662,83200000.0,,117800000.0,117800000.0,0.0,,,,,0.0,24400000.0,1.0,57952276.0,57920000.0,57920000.0,2.034,496700000.0,28700000.0,1300000.0,62200000.0,8.576,79800000.0
74,WST,MRQ,2002-12-31,2002-12-31,2002-12-31,2021-07-30,-13400000.0,529600000.0,,161800000.0,367800000.0,,3.48,-3700000.0,33200000.0,33200000.0,70700000.0,3400000.0,1.834,1.628,175000000.0,15800000.0,159200000.0,175000000.0,0.0,6800000.0,0.0,0.032,0.05,1600000.0,8400000.0,0.084,8400000.0,1600000.0,-2000000.0,0.06,0.06,0.06,201500000.0,,201500000.0,495316915.0,18.0,8.54,18100000.0,0.313,1.0,29800000.0,0.297,42800000.0,3600000.0,540400000.0,,41300000.0,18000000.0,0.0,18000000.0,328100000.0,88200000.0,239900000.0,352916915.0,-2500000.0,0.0,0.0,-5300000.0,-2900000.0,-8200000.0,-2700000.0,0.0,21800000.0,1600000.0,3400000.0,3400000.0,3400000.0,5500000.0,0.0,0.034,5900000.0,23900000.0,19200000.0,0.833,1.751,19.18,19.062,223300000.0,0.0,6.1,0.855,0.853,66600000.0,261200000.0,100500000.0,100500000.0,0.0,,,,,100000.0,6700000.0,1.0,57855232.0,57904000.0,57628000.0,1.736,486800000.0,28700000.0,-5400000.0,60300000.0,8.407,73600000.0
75,WST,MRQ,2002-09-30,2002-09-30,2002-09-30,2021-07-30,0.0,516400000.0,,154700000.0,361700000.0,,3.348,-9300000.0,35700000.0,35700000.0,77800000.0,3600000.0,2.06,1.666,178100000.0,6100000.0,172000000.0,178100000.0,0.0,8200000.0,0.0,0.035,0.048,2900000.0,11100000.0,0.107,11100000.0,2900000.0,800000.0,0.062,0.062,0.062,193700000.0,,193700000.0,467078332.0,36.0,10.288,12800000.0,0.221,1.0,26300000.0,0.253,42800000.0,2100000.0,540900000.0,,40400000.0,18900000.0,0.0,18900000.0,322700000.0,75100000.0,247600000.0,309778332.0,7700000.0,-1000000.0,0.0,-8100000.0,-2700000.0,-10800000.0,-10300000.0,0.0,22100000.0,-200000.0,3600000.0,3600000.0,3600000.0,-5600000.0,0.0,0.035,28200000.0,-1900000.0,19700000.0,0.774,1.599,-67.343,-66.938,217300000.0,0.0,5.355,0.759,0.759,63200000.0,,104100000.0,104100000.0,0.0,,,,,0.0,19100000.0,1.0,57848428.0,57852000.0,57852000.0,1.799,473600000.0,25600000.0,-2800000.0,57100000.0,8.186,79600000.0
76,WST,MRQ,2002-06-30,2002-06-30,2002-06-30,2021-07-30,0.0,525100000.0,,153500000.0,371600000.0,,3.358,-10000000.0,28000000.0,28000000.0,75800000.0,5300000.0,1.838,1.709,185300000.0,13300000.0,172000000.0,185300000.0,0.0,8300000.0,0.0,0.023,0.048,10000000.0,18300000.0,0.172,18300000.0,10000000.0,7500000.0,0.092,0.092,0.092,193800000.0,,193800000.0,620320368.0,30.0,11.793,2300000.0,0.04,1.0,30700000.0,0.288,43400000.0,2500000.0,555500000.0,,40400000.0,19800000.0,0.0,19800000.0,331300000.0,83500000.0,247800000.0,462820368.0,-900000.0,0.0,1100000.0,-5300000.0,-2700000.0,-6900000.0,-10200000.0,0.0,12300000.0,2500000.0,5300000.0,5300000.0,5300000.0,-100000.0,0.0,0.05,21500000.0,9200000.0,20400000.0,0.522,2.388,-201.226,-200.562,222500000.0,0.0,8.023,1.155,1.156,70700000.0,,106500000.0,106500000.0,0.0,,,,,0.0,21500000.0,1.0,57690292.0,57720000.0,58028000.0,1.845,481700000.0,28800000.0,2200000.0,59500000.0,8.345,70000000.0
77,WST,MRQ,2002-03-31,2002-03-31,2002-03-31,2021-07-30,0.0,506700000.0,,152400000.0,354300000.0,,3.073,-10600000.0,28900000.0,28900000.0,70900000.0,6100000.0,1.821,1.869,186400000.0,15000000.0,171400000.0,186400000.0,0.0,7900000.0,0.0,0.024,0.048,12300000.0,20200000.0,0.199,20200000.0,12300000.0,9900000.0,0.105,0.105,0.105,176600000.0,,176600000.0,588534556.0,33.0,11.89,-7700000.0,-0.134,1.0,30800000.0,0.303,32100000.0,2400000.0,548400000.0,,36500000.0,19500000.0,0.0,19500000.0,330100000.0,83700000.0,246400000.0,437634556.0,-13200000.0,0.0,2100000.0,-6400000.0,-2800000.0,-7100000.0,-7400000.0,0.0,2900000.0,-1400000.0,6100000.0,6100000.0,6100000.0,200000.0,0.0,0.06,20300000.0,10500000.0,22000000.0,0.457,2.478,-97.252,-97.276,211600000.0,0.0,7.588,1.109,1.105,70900000.0,,101700000.0,101700000.0,0.0,,,,,0.0,20300000.0,1.0,57678360.0,57464000.0,57588000.0,1.77,474600000.0,28100000.0,3800000.0,59300000.0,8.259,68700000.0
78,WST,MRQ,2001-12-31,2001-12-31,2001-12-31,2021-07-30,-27400000.0,511300000.0,,158500000.0,352800000.0,,3.081,16700000.0,42100000.0,42100000.0,66900000.0,-19600000.0,2.105,1.892,193000000.0,8700000.0,184300000.0,193000000.0,0.0,8000000.0,0.0,0.027,0.048,-12200000.0,-4200000.0,-0.044,-4200000.0,-12200000.0,-16400000.0,-0.34,-0.34,-0.34,176800000.0,,176800000.0,559887773.0,33.0,11.473,35200000.0,0.613,1.0,29100000.0,0.303,38500000.0,4200000.0,548400000.0,,34300000.0,20800000.0,0.0,20800000.0,334500000.0,75300000.0,259200000.0,381587773.0,500000.0,-1100000.0,-100000.0,-26800000.0,-2800000.0,-29700000.0,12400000.0,0.0,18500000.0,-800000.0,-19600000.0,-19600000.0,-19600000.0,25500000.0,0.0,-0.204,17500000.0,11600000.0,22200000.0,-0.141,2.158,-73.382,-73.889,210100000.0,0.0,6.65,0.973,0.972,59500000.0,254000000.0,96000000.0,96000000.0,0.0,,,,,400000.0,17500000.0,1.0,57381620.0,57380000.0,57416000.0,1.673,472800000.0,29500000.0,3200000.0,53800000.0,8.24,83200000.0
79,WST,MRQ,2001-09-30,2001-09-30,2001-09-30,2021-07-30,0.0,576500000.0,,183200000.0,393300000.0,,3.557,-8000000.0,41600000.0,41600000.0,69900000.0,5900000.0,1.819,1.825,219900000.0,24500000.0,195400000.0,219900000.0,0.0,7900000.0,0.0,0.029,0.045,10400000.0,18300000.0,0.19,18300000.0,10400000.0,7400000.0,0.102,0.102,0.102,204100000.0,,204100000.0,523380581.0,24.0,11.019,-3100000.0,-0.054,1.0,26600000.0,0.276,50000000.0,3000000.0,604100000.0,,42400000.0,20200000.0,0.0,20200000.0,372400000.0,100700000.0,271700000.0,352680581.0,2300000.0,0.0,300000.0,8500000.0,-2600000.0,6200000.0,-10500000.0,0.0,4900000.0,1500000.0,5900000.0,5900000.0,5900000.0,-200000.0,0.0,0.061,16700000.0,9900000.0,24000000.0,0.441,1.728,271.293,246.0,241400000.0,0.0,6.15,1.034,1.034,75000000.0,,96500000.0,96500000.0,0.0,,,,,0.0,18300000.0,1.0,57346436.0,57372000.0,57412000.0,1.682,526500000.0,13300000.0,1500000.0,58800000.0,9.177,82500000.0
80,WST,MRQ,2001-06-30,2001-06-30,2001-06-30,2021-07-30,0.0,555600000.0,,172600000.0,383000000.0,,3.383,-10800000.0,39300000.0,39300000.0,70900000.0,3100000.0,1.903,1.864,210000000.0,14900000.0,195100000.0,210000000.0,0.0,8000000.0,0.0,0.026,0.045,7200000.0,15200000.0,0.151,15200000.0,7200000.0,4200000.0,0.055,0.055,0.055,194000000.0,,194000000.0,558311979.0,29.0,11.955,1700000.0,0.03,1.0,29600000.0,0.295,48600000.0,3000000.0,587000000.0,,41300000.0,20400000.0,0.0,20400000.0,361600000.0,90700000.0,270900000.0,387011979.0,1500000.0,0.0,-100000.0,700000.0,-2500000.0,-1900000.0,-10700000.0,0.0,12500000.0,-600000.0,3100000.0,3100000.0,3100000.0,-300000.0,0.0,0.031,22500000.0,7100000.0,26200000.0,0.818,1.995,,3375.0,234100000.0,0.0,6.75,1.106,1.106,69700000.0,,100500000.0,100500000.0,0.0,,,,,0.0,18000000.0,1.0,57335108.0,57344000.0,57424000.0,1.753,507000000.0,29900000.0,1100000.0,57300000.0,8.841,81900000.0
81,WST,MRQ,2001-03-31,2001-03-31,2001-03-31,2021-07-30,0.0,556300000.0,,173800000.0,382500000.0,,3.451,-11800000.0,37800000.0,37800000.0,69800000.0,5400000.0,2.002,1.814,209100000.0,13900000.0,195200000.0,209100000.0,0.0,8000000.0,0.0,0.03,0.045,11500000.0,19500000.0,0.196,19500000.0,11500000.0,8200000.0,0.095,0.095,0.095,197700000.0,,197700000.0,491435233.0,21.0,7.965,-10200000.0,-0.178,1.0,29500000.0,0.297,49800000.0,3300000.0,591000000.0,,43100000.0,21000000.0,0.0,21000000.0,358600000.0,86800000.0,271800000.0,334735233.0,-4900000.0,0.0,500000.0,11700000.0,-2600000.0,9600000.0,-12000000.0,0.0,1600000.0,-2200000.0,5400000.0,5400000.0,5400000.0,-100000.0,0.0,0.054,18200000.0,11300000.0,25400000.0,0.474,1.693,176.176,166.786,233700000.0,0.0,5.838,0.922,0.921,70700000.0,,99300000.0,99300000.0,0.0,,,,,0.0,18200000.0,1.0,57342224.0,57280000.0,57292000.0,1.734,506500000.0,28100000.0,2800000.0,56000000.0,8.843,87000000.0
82,WST,MRQ,2000-12-31,2000-12-31,2000-12-31,2021-07-30,-14500000.0,549100000.0,,158800000.0,390300000.0,,3.576,-5500000.0,42700000.0,42700000.0,18400000.0,-13100000.0,2.237,1.681,199400000.0,3600000.0,195800000.0,199400000.0,0.0,2200000.0,0.0,0.028,0.045,-7700000.0,-5500000.0,-0.122,-5500000.0,-7700000.0,-9200000.0,-0.228,-0.228,-0.228,204800000.0,,204800000.0,502553420.0,22.0,9.482,5700000.0,0.1,1.0,26500000.0,0.59,34900000.0,1500000.0,599900000.0,,34800000.0,22000000.0,0.0,22000000.0,344300000.0,71000000.0,273300000.0,351653420.0,1100000.0,-1400000.0,800000.0,5100000.0,-2400000.0,3500000.0,-6200000.0,0.0,11200000.0,900000.0,-13100000.0,-13100000.0,-13100000.0,18400000.0,0.0,-0.292,14100000.0,12400000.0,23500000.0,-0.197,1.717,219.783,219.286,201600000.0,0.0,6.14,0.944,0.95,53700000.0,269800000.0,44900000.0,44900000.0,0.0,,,,,0.0,8600000.0,1.0,57272544.0,57268000.0,57276000.0,0.784,514200000.0,33400000.0,3900000.0,60100000.0,8.979,87800000.0
83,WST,MRQ,2000-09-30,2000-09-30,2000-09-30,2021-07-30,0.0,562000000.0,,182900000.0,379100000.0,,3.826,-12400000.0,41600000.0,41600000.0,80700000.0,4600000.0,2.342,1.562,192500000.0,500000.0,192000000.0,192500000.0,0.0,9200000.0,0.0,0.029,0.043,8300000.0,17500000.0,0.166,17500000.0,8300000.0,5100000.0,0.08,0.08,0.08,219400000.0,,219400000.0,481049912.0,11.0,4.725,-400000.0,-0.007,1.0,24600000.0,0.234,60500000.0,3200000.0,574300000.0,,41600000.0,21300000.0,0.0,21300000.0,342600000.0,78100000.0,264500000.0,333849912.0,4300000.0,-1000000.0,-800000.0,9200000.0,-2400000.0,6000000.0,-12300000.0,0.0,12000000.0,-1400000.0,4600000.0,4600000.0,4600000.0,0.0,0.0,0.044,16500000.0,8100000.0,25700000.0,0.537,1.522,13.408,13.676,235700000.0,0.0,5.812,0.903,0.902,67800000.0,,105300000.0,105300000.0,0.0,,,,,0.0,16500000.0,1.0,57436544.0,57348000.0,57348000.0,1.836,501500000.0,7200000.0,500000.0,57400000.0,8.745,104800000.0
84,WST,MRQ,2000-06-30,2000-06-30,2000-06-30,2021-07-30,0.0,555800000.0,,178100000.0,377700000.0,,3.863,-15300000.0,37300000.0,37300000.0,85400000.0,5000000.0,2.057,1.487,184500000.0,11900000.0,172600000.0,184500000.0,0.0,18800000.0,0.0,0.031,0.043,11400000.0,30200000.0,0.266,30200000.0,11400000.0,8000000.0,0.087,0.087,0.087,223500000.0,,223500000.0,453426870.0,9.0,4.543,-1700000.0,-0.029,1.0,28200000.0,0.248,63200000.0,3400000.0,553200000.0,,43700000.0,21700000.0,0.0,21700000.0,332300000.0,86600000.0,245700000.0,313426870.0,-17700000.0,0.0,-3900000.0,-8900000.0,-2500000.0,-15300000.0,-15800000.0,0.0,13600000.0,-200000.0,5000000.0,5000000.0,5000000.0,0.0,0.0,0.044,17000000.0,11200000.0,22600000.0,0.494,1.402,10.845,11.031,233100000.0,0.0,5.405,0.826,0.824,69800000.0,,113600000.0,113600000.0,0.0,,,,,0.0,17000000.0,1.0,57988320.0,57852000.0,57860000.0,1.964,492600000.0,7200000.0,3000000.0,59100000.0,8.515,91500000.0
85,WST,MRQ,2000-03-31,2000-03-31,2000-03-31,2021-07-30,0.0,562800000.0,,193400000.0,369400000.0,,3.862,-14200000.0,55000000.0,55000000.0,80500000.0,5100000.0,1.449,1.505,195000000.0,64300000.0,130700000.0,195000000.0,0.0,0.0,0.0,0.026,0.043,10800000.0,10800000.0,0.099,10800000.0,10800000.0,7800000.0,0.087,0.087,0.087,224700000.0,,224700000.0,493970245.0,8.0,5.525,-3700000.0,-0.064,1.0,28200000.0,0.259,64400000.0,3000000.0,504900000.0,,43100000.0,20600000.0,0.0,20600000.0,338100000.0,133500000.0,204600000.0,368170245.0,9700000.0,-1000000.0,-5400000.0,24900000.0,-2500000.0,17000000.0,-16600000.0,0.0,10500000.0,-1200000.0,5100000.0,5100000.0,5100000.0,0.0,0.0,0.047,17400000.0,10800000.0,22400000.0,0.494,1.638,10.734,10.966,228700000.0,0.0,6.327,0.943,0.943,69300000.0,,108700000.0,108700000.0,0.0,,,,,0.0,17400000.0,1.0,58185736.0,58184000.0,58248000.0,1.868,498400000.0,7200000.0,2700000.0,53900000.0,8.566,59900000.0
86,WST,MRQ,1999-12-31,1999-12-31,1999-12-31,2021-07-30,-5300000.0,551800000.0,,184700000.0,367100000.0,,3.921,-6700000.0,45300000.0,45300000.0,16000000.0,10200000.0,1.776,1.387,171100000.0,29600000.0,141500000.0,171100000.0,0.0,30800000.0,0.0,0.021,0.043,12500000.0,43300000.0,1.029,43300000.0,12500000.0,9800000.0,0.17,0.17,0.17,231200000.0,,231200000.0,587479693.0,9.0,6.12,6100000.0,0.103,1.0,26100000.0,0.62,66500000.0,2700000.0,507100000.0,,42100000.0,20200000.0,0.0,20200000.0,320600000.0,104000000.0,216600000.0,461379693.0,7800000.0,0.0,-9200000.0,6100000.0,-3100000.0,-6200000.0,-5200000.0,0.0,12800000.0,-300000.0,10200000.0,10200000.0,10200000.0,-2800000.0,0.0,0.242,17800000.0,8300000.0,25500000.0,0.253,1.996,11.922,11.955,227600000.0,0.0,7.735,1.166,1.166,74600000.0,278100000.0,42100000.0,42100000.0,0.0,,,,,0.0,17100000.0,1.0,59648312.0,58960000.0,59412000.0,0.714,485300000.0,25600000.0,-400000.0,53500000.0,8.231,80700000.0
87,WST,MRQ,1999-09-30,1999-09-30,1999-09-30,2021-07-30,0.0,540900000.0,,175800000.0,365100000.0,,3.937,-13100000.0,37500000.0,37500000.0,80800000.0,8600000.0,2.103,1.306,163600000.0,8200000.0,155400000.0,163600000.0,0.0,0.0,0.0,0.017,0.04,15500000.0,15500000.0,0.135,15500000.0,15500000.0,12600000.0,0.145,0.142,0.145,234600000.0,,234600000.0,690059577.0,10.0,6.687,-400000.0,-0.007,1.0,34300000.0,0.298,71000000.0,2900000.0,512400000.0,,42000000.0,17100000.0,0.0,17100000.0,306300000.0,83600000.0,222700000.0,564259577.0,-2100000.0,-1300000.0,1300000.0,-1000000.0,-2400000.0,-2100000.0,-12900000.0,0.0,12700000.0,200000.0,8600000.0,8600000.0,8600000.0,0.0,0.0,0.075,19200000.0,15100000.0,18300000.0,0.276,2.405,14.656,15.056,222400000.0,0.0,9.485,1.204,1.206,74900000.0,,115100000.0,115100000.0,0.0,,,,,0.0,19200000.0,1.0,59489676.0,59592000.0,60296000.0,1.931,469900000.0,9600000.0,4000000.0,51600000.0,7.885,92200000.0
88,WST,MRQ,1999-06-30,1999-06-30,1999-06-30,2021-07-30,0.0,530000000.0,,176400000.0,353600000.0,,3.762,-11700000.0,39600000.0,39600000.0,84600000.0,10400000.0,2.256,1.357,165400000.0,5100000.0,160300000.0,165400000.0,0.0,0.0,0.0,0.016,0.04,19800000.0,19800000.0,0.159,19800000.0,19800000.0,17000000.0,0.175,0.172,0.175,224900000.0,,224900000.0,697348076.0,10.0,6.967,5200000.0,0.087,1.0,39800000.0,0.32,71300000.0,2800000.0,506300000.0,,40500000.0,15500000.0,0.0,15500000.0,305100000.0,78200000.0,226900000.0,590048076.0,6600000.0,-15900000.0,-5900000.0,27500000.0,-2400000.0,19200000.0,-29100000.0,0.0,16900000.0,-400000.0,10400000.0,10400000.0,10400000.0,0.0,0.0,0.084,19700000.0,20100000.0,19900000.0,0.229,2.624,16.21,16.918,214500000.0,0.0,9.812,1.263,1.255,75200000.0,,124400000.0,124400000.0,0.0,,,,,0.0,19700000.0,1.0,60132288.0,59780000.0,60172000.0,2.081,458700000.0,9600000.0,6600000.0,49200000.0,7.673,98200000.0
89,WST,MRQ,1999-03-31,1999-03-31,1999-03-31,2021-07-30,0.0,500300000.0,,162500000.0,337800000.0,,3.768,-7700000.0,33000000.0,33000000.0,79800000.0,9500000.0,2.404,1.201,140300000.0,700000.0,139600000.0,140300000.0,0.0,0.0,0.0,0.019,0.04,17400000.0,17400000.0,0.152,17400000.0,17400000.0,15400000.0,0.158,0.158,0.158,227300000.0,,227300000.0,604813885.0,9.0,6.178,5700000.0,0.094,1.0,34400000.0,0.301,58100000.0,2000000.0,481900000.0,,41200000.0,15800000.0,0.0,15800000.0,273000000.0,67600000.0,205400000.0,542113885.0,1700000.0,0.0,-1500000.0,1600000.0,-2400000.0,-2300000.0,-7600000.0,0.0,13400000.0,-1800000.0,9500000.0,9500000.0,9500000.0,0.0,0.0,0.083,17000000.0,17400000.0,18400000.0,0.253,2.385,15.101,14.491,212900000.0,0.0,7.97,1.182,1.048,68100000.0,,114200000.0,114200000.0,0.0,,,,,0.0,17000000.0,1.0,68019308.0,60328000.0,60532000.0,1.893,442200000.0,9600000.0,5900000.0,52000000.0,7.33,94900000.0
90,WST,MRQ,1998-12-31,1998-12-31,1998-12-31,2021-07-30,7200000.0,508100000.0,,159700000.0,348400000.0,,3.8,-13600000.0,31300000.0,31300000.0,79100000.0,10000000.0,1.497,1.208,141100000.0,36100000.0,105000000.0,141100000.0,0.0,32300000.0,0.0,0.017,0.04,18200000.0,50500000.0,0.44,50500000.0,18200000.0,15900000.0,0.152,0.15,0.152,230100000.0,,230100000.0,669602276.0,19.0,9.935,14600000.0,0.241,1.0,35700000.0,0.311,61200000.0,2300000.0,450000000.0,,43500000.0,15700000.0,0.0,15700000.0,278000000.0,106700000.0,171300000.0,606902276.0,-18800000.0,-15400000.0,-59800000.0,43600000.0,-1900000.0,-18100000.0,-28200000.0,0.0,28200000.0,-700000.0,10000000.0,10000000.0,10000000.0,0.0,0.0,0.087,19700000.0,16000000.0,20800000.0,0.263,2.638,90.582,87.475,222800000.0,0.0,8.922,1.35,1.304,64400000.0,249300000.0,114800000.0,114800000.0,0.0,,,,,0.0,18000000.0,1.0,68019308.0,60556000.0,61660000.0,1.896,446900000.0,9700000.0,5900000.0,47600000.0,7.38,53000000.0
91,WST,MRQ,1998-09-30,1998-09-30,1998-09-30,2021-07-30,0.0,521700000.0,,186300000.0,335400000.0,,4.108,-9100000.0,50000000.0,50000000.0,80500000.0,6500000.0,2.036,0.867,112700000.0,17800000.0,94900000.0,112700000.0,0.0,0.0,0.0,0.021,0.037,12400000.0,12400000.0,0.109,12400000.0,12400000.0,10600000.0,0.095,0.095,0.095,279400000.0,,279400000.0,551701901.0,16.0,8.436,17400000.0,0.256,1.0,33400000.0,0.293,107300000.0,1800000.0,385600000.0,,44800000.0,14300000.0,0.0,14300000.0,242300000.0,91500000.0,150800000.0,488701901.0,1500000.0,-12600000.0,200000.0,-2700000.0,-2500000.0,-5000000.0,-21800000.0,0.0,26500000.0,1800000.0,6500000.0,6500000.0,6500000.0,0.0,0.0,0.057,21000000.0,12400000.0,16200000.0,0.389,1.749,92.208,102.679,213800000.0,0.0,7.188,1.1,1.1,71200000.0,,113900000.0,113900000.0,0.0,,,,,0.0,17300000.0,1.0,67993308.0,68012000.0,68312000.0,1.675,414400000.0,9500000.0,4100000.0,42100000.0,6.093,94800000.0
92,WST,MRQ,1998-06-30,1998-06-30,1998-06-30,2021-07-30,0.0,496500000.0,,181900000.0,314600000.0,,3.99,-11100000.0,48600000.0,48600000.0,81000000.0,9900000.0,2.419,0.831,111600000.0,16400000.0,95200000.0,111600000.0,0.0,0.0,0.0,0.021,0.037,17600000.0,17600000.0,0.152,17600000.0,17600000.0,15700000.0,0.145,0.145,0.145,271200000.0,,271200000.0,540125372.0,15.0,8.05,-3200000.0,-0.047,1.0,34800000.0,0.301,60200000.0,1900000.0,424100000.0,,42800000.0,15000000.0,0.0,15000000.0,225300000.0,75200000.0,150100000.0,480725372.0,-17800000.0,0.0,400000.0,-14200000.0,-2500000.0,-16300000.0,-9200000.0,0.0,7900000.0,-200000.0,9900000.0,9900000.0,9900000.0,0.0,0.0,0.085,17600000.0,17200000.0,15700000.0,0.255,1.773,29.859,29.863,205600000.0,0.0,7.077,1.103,1.104,69800000.0,,115800000.0,115800000.0,0.0,,,,,0.0,18400000.0,1.0,67923048.0,67964000.0,68284000.0,1.704,436300000.0,9500000.0,5800000.0,37400000.0,6.42,106700000.0
93,WST,MRQ,1998-03-31,1998-03-31,1998-03-31,2021-07-30,0.0,508400000.0,,199500000.0,308900000.0,,3.977,-6800000.0,66400000.0,66400000.0,73900000.0,-19700000.0,1.905,0.925,125800000.0,40900000.0,84900000.0,125800000.0,0.0,0.0,0.0,0.019,0.037,-13100000.0,-13100000.0,-0.125,-13100000.0,-13100000.0,-14300000.0,-0.297,-0.297,-0.297,264100000.0,,264100000.0,,,,1600000.0,0.024,1.0,31300000.0,0.298,92900000.0,1200000.0,370200000.0,,43200000.0,14400000.0,0.0,14400000.0,244300000.0,104700000.0,139600000.0,507363418.0,14100000.0,-6900000.0,1400000.0,21500000.0,-2500000.0,20400000.0,-14600000.0,0.0,8400000.0,-100000.0,-19700000.0,-19700000.0,-19700000.0,0.0,0.0,-0.187,45000000.0,-13700000.0,18600000.0,-0.125,1.921,31.127,30.735,201600000.0,0.0,7.53,1.145,1.129,70000000.0,,105200000.0,105200000.0,0.0,,,,,0.0,16800000.0,1.0,67378940.0,66412000.0,66412000.0,1.584,415500000.0,9700000.0,5400000.0,39500000.0,6.256,94800000.0
94,WST,MRQ,1997-12-31,1997-12-31,1997-12-31,2021-07-30,3500000.0,477900000.0,,170700000.0,307200000.0,,4.193,-9400000.0,52300000.0,52300000.0,75600000.0,8600000.0,2.943,0.721,89000000.0,1600000.0,87400000.0,89000000.0,0.0,31900000.0,0.0,0.019,0.037,16600000.0,48500000.0,0.443,48500000.0,16600000.0,15200000.0,0.127,0.128,0.127,277700000.0,,277700000.0,,,,1700000.0,0.026,1.0,33900000.0,0.31,51600000.0,1400000.0,405000000.0,,38300000.0,22700000.0,0.0,22700000.0,200200000.0,58000000.0,142200000.0,501130866.0,-800000.0,0.0,1600000.0,-500000.0,-2500000.0,-1400000.0,-9700000.0,0.0,11100000.0,-800000.0,8600000.0,8600000.0,8600000.0,0.0,0.0,0.079,16800000.0,17100000.0,18600000.0,0.291,1.805,11.287,11.068,202200000.0,0.0,7.438,1.107,1.083,60400000.0,252500000.0,109500000.0,109500000.0,0.0,,,,,0.0,16800000.0,1.0,67378940.0,66236000.0,66996000.0,1.653,426300000.0,9400000.0,6600000.0,35500000.0,6.436,112700000.0
95,WST,MRQ,1997-09-30,1997-09-30,1997-09-30,2021-07-30,,,,,,,,-8600000.0,,,76000000.0,17300000.0,,,,,,,,0.0,,0.017,0.035,14100000.0,14100000.0,0.134,14100000.0,14100000.0,12700000.0,0.263,0.263,0.263,,,,,,,13100000.0,0.199,1.0,29200000.0,0.278,,1400000.0,,,,,,,,,,,11700000.0,0.0,1100000.0,500000.0,-2300000.0,-700000.0,-8600000.0,0.0,21700000.0,-700000.0,17300000.0,17300000.0,17300000.0,0.0,0.0,0.164,16300000.0,12900000.0,,0.133,,,,,0.0,8.25,,,,,105200000.0,105200000.0,0.0,,,,,0.0,16300000.0,1.0,,65924000.0,66376000.0,1.596,,,-4600000.0,,,
96,WST,MRQ,1997-06-30,1997-06-30,1997-06-30,2021-07-30,,,,,,,,-8600000.0,,,86800000.0,10100000.0,,,,,,,,0.0,,0.019,0.035,17700000.0,17700000.0,0.144,17700000.0,17700000.0,16300000.0,0.152,0.152,0.152,,,,,,,15300000.0,0.233,1.0,36300000.0,0.295,,1400000.0,,,,,,,,,,,12500000.0,0.0,500000.0,-1100000.0,-2300000.0,-2900000.0,-8300000.0,0.0,23900000.0,-200000.0,10100000.0,10100000.0,10100000.0,0.0,0.0,0.082,19100000.0,17200000.0,,0.23,,,,,0.0,7.155,,,,,123100000.0,123100000.0,0.0,,,,,0.0,19100000.0,1.0,,65804000.0,66332000.0,1.871,,,6200000.0,,,
97,WST,MRQ,1997-03-31,1997-03-31,1997-03-31,2021-07-30,,,,,,,,-6100000.0,,,82000000.0,8400000.0,,,,,,,,0.0,,0.02,0.035,15000000.0,15000000.0,0.131,15000000.0,15000000.0,13600000.0,0.128,0.128,0.128,,,,,,,4900000.0,0.075,1.0,32700000.0,0.285,,1400000.0,,,,,,,,,,,1600000.0,0.0,800000.0,-600000.0,-2300000.0,-2100000.0,-6400000.0,0.0,11000000.0,-900000.0,8400000.0,8400000.0,8400000.0,0.0,0.0,0.073,18000000.0,14700000.0,,0.273,,,,,0.0,6.78,,,,,114700000.0,114700000.0,0.0,,,,,0.0,18000000.0,1.0,,65632000.0,66204000.0,1.748,,,5200000.0,,,
98,WST,MRQ,1996-12-31,1996-12-31,1996-12-31,2021-07-30,16700000.0,477400000.0,,156700000.0,320700000.0,,3.837,,27300000.0,27300000.0,,,2.389,0.894,98400000.0,2900000.0,95500000.0,98400000.0,0.0,,0.0,0.019,0.035,,,,,,,,,,252000000.0,,252000000.0,,,,,,1.0,,,58900000.0,,424000000.0,,44000000.0,24100000.0,0.0,24100000.0,225400000.0,65600000.0,159800000.0,,,,,,,,,,,,,,,,,,,,23900000.0,,,,28.25,210300000.0,,7.062,,1.011,69300000.0,217700000.0,,,,,,,,,,1.0,,65672000.0,,,418500000.0,10200000.0,,42800000.0,6.373,91100000.0
0,WST,MRT,2021-06-30,2021-06-30,2021-06-30,2021-07-30,-133200000.0,2933500000.0,2762450000.0,1477000000.0,1456500000.0,0.913,27.468,-216800000.0,576200000.0,576200000.0,1529800000.0,519200000.0,3.125,0.443,319400000.0,11600000.0,307800000.0,319400000.0,0.0,114800000.0,0.0,0.002,0.67,629700000.0,744500000.0,0.295,744500000.0,629700000.0,621700000.0,7.01,6.84,7.01,2032600000.0,1858750000.0,2032600000.0,26347791029.0,42.0,35.39,283600000.0,3.832,1.0,992700000.0,0.394,137800000.0,8000000.0,2066300000.0,1920750000.0,345200000.0,211700000.0,0.0,211700000.0,900900000.0,472600000.0,428300000.0,26510091029.0,130300000.0,0.0,-127400000.0,-2300000.0,-49700000.0,-172000000.0,-217100000.0,0.0,500400000.0,19000000.0,519200000.0,519200000.0,519200000.0,0.0,0.0,0.206,390500000.0,602200000.0,205100000.0,0.096,13.042,51.059,51.227,1035900000.0,0.0,359.1,10.509,10.535,480500000.0,2160200000.0,2522500000.0,2522500000.0,51400000.0,0.188,0.279,0.328,0.25,32500000.0,325400000.0,1.0,73823701.0,74000000.0,75700000.0,34.088,2795700000.0,28800000.0,102500000.0,29900000.0,37.78,1004400000.0
1,WST,MRT,2021-03-31,2021-03-31,2021-03-31,2021-07-30,-140200000.0,2739700000.0,2627150000.0,1327000000.0,1412700000.0,0.885,24.75,-197000000.0,483700000.0,483700000.0,1453400000.0,423100000.0,2.749,0.498,321400000.0,11700000.0,309700000.0,321400000.0,0.0,112200000.0,0.0,0.002,0.66,517400000.0,629600000.0,0.271,629600000.0,517400000.0,509300000.0,5.72,5.58,5.72,1829000000.0,1752175000.0,1829000000.0,20590950666.0,40.0,32.705,307100000.0,4.156,1.0,872700000.0,0.375,138200000.0,8100000.0,1956400000.0,1844000000.0,310200000.0,211900000.0,0.0,211900000.0,910700000.0,482800000.0,427900000.0,20880750666.0,148400000.0,0.0,-128900000.0,-2300000.0,-48900000.0,-173200000.0,-202100000.0,0.0,504100000.0,19600000.0,423100000.0,423100000.0,423100000.0,0.0,0.0,0.182,378200000.0,494500000.0,204300000.0,0.115,11.416,49.352,49.262,995300000.0,0.0,281.78,8.977,8.952,465700000.0,1985400000.0,2326100000.0,2326100000.0,48400000.0,0.161,0.241,0.281,0.222,34500000.0,310400000.0,1.0,74103026.0,73900000.0,75800000.0,31.476,2601500000.0,27900000.0,86200000.0,61900000.0,35.203,844200000.0
2,WST,MRT,2020-12-31,2020-12-31,2020-12-31,2021-07-30,-110600000.0,2793800000.0,2503850000.0,1373700000.0,1420100000.0,0.857,25.095,-174400000.0,615500000.0,615500000.0,1379100000.0,346200000.0,2.729,0.506,325700000.0,12400000.0,313300000.0,325700000.0,0.0,109100000.0,0.0,0.002,0.65,426900000.0,536000000.0,0.25,536000000.0,426900000.0,418700000.0,4.68,4.57,4.68,1854500000.0,1667475000.0,1854500000.0,20750411632.0,49.0,38.713,298100000.0,4.034,1.0,767800000.0,0.358,141600000.0,8200000.0,1859000000.0,1794675000.0,321300000.0,214700000.0,0.0,214700000.0,939300000.0,503400000.0,435900000.0,20944311632.0,176400000.0,0.0,-93100000.0,-2300000.0,-48100000.0,-137100000.0,-179500000.0,0.0,472500000.0,20500000.0,346200000.0,346200000.0,346200000.0,0.0,0.0,0.161,360900000.0,406900000.0,213100000.0,0.139,11.294,60.498,60.536,1011500000.0,0.0,283.31,9.756,9.752,385300000.0,1846700000.0,2146900000.0,2146900000.0,46900000.0,0.138,0.208,0.238,0.199,34000000.0,302000000.0,1.0,73927188.0,73900000.0,75800000.0,29.051,2652200000.0,16000000.0,72500000.0,36400000.0,35.889,870300000.0
3,WST,MRT,2020-09-30,2020-09-30,2020-09-30,2021-07-30,-159500000.0,2582800000.0,2390750000.0,1238300000.0,1344500000.0,0.852,23.26,-154300000.0,519400000.0,519400000.0,1327400000.0,311700000.0,2.766,0.503,325500000.0,12200000.0,313300000.0,325500000.0,0.0,106900000.0,0.0,0.002,0.64,388500000.0,495400000.0,0.243,495400000.0,388500000.0,380300000.0,4.23,4.14,4.23,1718900000.0,1597150000.0,1718900000.0,20179804581.0,52.0,40.734,275900000.0,3.733,1.0,709900000.0,0.348,139900000.0,8200000.0,1801300000.0,1768025000.0,294900000.0,209600000.0,0.0,209600000.0,863900000.0,447700000.0,416200000.0,20298804581.0,123400000.0,-85100000.0,-96200000.0,60100000.0,-47300000.0,-77400000.0,-242500000.0,0.0,430200000.0,13100000.0,311700000.0,311700000.0,311700000.0,0.0,0.0,0.153,341000000.0,368900000.0,180300000.0,0.151,11.809,65.123,64.988,950900000.0,0.0,274.9,9.964,9.972,373000000.0,1773400000.0,2037300000.0,2037300000.0,44200000.0,0.13,0.195,0.22,0.191,33200000.0,294700000.0,1.0,73840686.0,73900000.0,75800000.0,27.568,2442900000.0,22300000.0,68600000.0,34700000.0,33.057,790600000.0
4,WST,MRT,2020-06-30,2020-06-30,2020-06-30,2021-07-30,-187800000.0,2392300000.0,2288550000.0,1110600000.0,1281700000.0,0.85,21.766,-138500000.0,445900000.0,445900000.0,1282300000.0,285700000.0,2.96,0.489,326900000.0,12100000.0,314800000.0,326900000.0,0.0,103800000.0,0.0,0.003,0.63,352300000.0,456100000.0,0.234,456100000.0,352300000.0,344100000.0,3.88,3.8,3.88,1606300000.0,1539325000.0,1606300000.0,16712219271.0,47.0,36.642,281200000.0,3.81,1.0,663100000.0,0.341,138800000.0,8200000.0,1759300000.0,1711725000.0,274800000.0,199600000.0,0.0,199600000.0,786000000.0,375200000.0,410800000.0,16720219271.0,119200000.0,-85100000.0,-90500000.0,60700000.0,-46500000.0,-70600000.0,-225000000.0,0.0,419700000.0,-4900000.0,285700000.0,285700000.0,285700000.0,0.0,0.0,0.147,326100000.0,337000000.0,162300000.0,0.162,10.409,58.524,58.549,908300000.0,0.0,227.17,8.595,8.618,340600000.0,1703000000.0,1945400000.0,1945400000.0,41000000.0,0.125,0.186,0.206,0.181,28700000.0,283300000.0,1.0,73602233.0,73800000.0,75500000.0,26.36,2253500000.0,13700000.0,58400000.0,29200000.0,30.535,735400000.0
5,WST,MRT,2020-03-31,2020-03-31,2020-03-31,2021-07-30,-192300000.0,2246500000.0,2221275000.0,977500000.0,1269000000.0,0.85,20.165,-129700000.0,335300000.0,335300000.0,1262000000.0,260600000.0,2.838,0.508,327300000.0,11700000.0,315600000.0,327300000.0,0.0,103900000.0,0.0,0.004,0.62,326700000.0,430600000.0,0.228,430600000.0,326700000.0,318500000.0,3.54,3.47,3.54,1490200000.0,1499025000.0,1490200000.0,11131951610.0,34.0,25.852,247000000.0,3.342,1.0,625900000.0,0.332,135000000.0,8200000.0,1759100000.0,1676400000.0,251000000.0,197700000.0,0.0,197700000.0,756300000.0,344400000.0,411900000.0,11241751610.0,69800000.0,-104000000.0,-87400000.0,61100000.0,-45800000.0,-66600000.0,-231200000.0,0.0,376700000.0,-9100000.0,260600000.0,260600000.0,260600000.0,0.0,0.0,0.138,312000000.0,313900000.0,157900000.0,0.175,7.544,43.138,43.008,896800000.0,0.0,152.25,5.955,5.96,333000000.0,1611800000.0,1887900000.0,1887900000.0,39800000.0,0.117,0.174,0.195,0.173,23600000.0,275900000.0,1.0,73837449.0,73900000.0,75500000.0,25.547,2111500000.0,12300000.0,57900000.0,19500000.0,28.572,633100000.0
6,WST,MRT,2019-12-31,2019-12-31,2019-12-31,2021-07-30,-149600000.0,2341400000.0,2168700000.0,1058700000.0,1282700000.0,0.848,21.259,-126400000.0,439100000.0,439100000.0,1234200000.0,241700000.0,3.099,0.488,329300000.0,11900000.0,317400000.0,329300000.0,0.0,103400000.0,0.0,0.004,0.61,309200000.0,412600000.0,0.224,412600000.0,309200000.0,300700000.0,3.27,3.21,3.27,1573200000.0,1468850000.0,1573200000.0,10995418173.0,36.0,26.649,240800000.0,3.254,1.0,605700000.0,0.329,137600000.0,8500000.0,1752400000.0,1641125000.0,235700000.0,192700000.0,0.0,192700000.0,768200000.0,341600000.0,426600000.0,11123018173.0,101700000.0,-104000000.0,-58000000.0,60900000.0,-45100000.0,-36800000.0,-228000000.0,0.0,367200000.0,-700000.0,241700000.0,241700000.0,241700000.0,0.0,0.0,0.131,309100000.0,296600000.0,156800000.0,0.187,7.07,46.02,45.972,909400000.0,0.0,150.33,6.045,6.046,319300000.0,1549400000.0,1839900000.0,1839900000.0,38900000.0,0.111,0.165,0.188,0.168,24400000.0,272700000.0,1.0,73990675.0,74000000.0,75400000.0,24.864,2203800000.0,14000000.0,59000000.0,21900000.0,29.781,717100000.0
7,WST,MRT,2019-09-30,2019-09-30,2019-09-30,2021-07-30,-170400000.0,2174000000.0,2078075000.0,1004100000.0,1169900000.0,0.862,20.103,-118800000.0,396000000.0,396000000.0,1206100000.0,229800000.0,2.997,0.461,268400000.0,9800000.0,258600000.0,268400000.0,0.0,103400000.0,0.0,0.004,0.6,295900000.0,399300000.0,0.223,399300000.0,295900000.0,287200000.0,3.11,3.05,3.11,1487600000.0,1424625000.0,1487600000.0,10404928579.0,35.0,26.058,215200000.0,2.908,1.0,585700000.0,0.327,135300000.0,8700000.0,1576100000.0,1559975000.0,230400000.0,97400000.0,0.0,97400000.0,686400000.0,335000000.0,351400000.0,10459028579.0,98700000.0,-18900000.0,-55900000.0,-1000000.0,-44400000.0,-96000000.0,-136000000.0,0.0,334000000.0,-3300000.0,229800000.0,229800000.0,229800000.0,0.0,0.0,0.128,303700000.0,282000000.0,145300000.0,0.193,7.031,45.514,45.601,883400000.0,0.0,141.82,5.837,5.857,316100000.0,1497300000.0,1791800000.0,1791800000.0,38500000.0,0.111,0.161,0.19,0.165,19200000.0,263400000.0,1.0,73748615.0,74000000.0,75500000.0,24.214,2038700000.0,33800000.0,57400000.0,29400000.0,27.55,669100000.0
8,WST,MRT,2019-06-30,2019-06-30,2019-06-30,2021-07-30,-152200000.0,2123200000.0,2021100000.0,944300000.0,1178900000.0,0.874,19.608,-113600000.0,326700000.0,326700000.0,1193900000.0,228700000.0,3.015,0.469,272600000.0,10200000.0,262400000.0,272600000.0,0.0,104300000.0,0.0,0.005,0.59,291800000.0,396100000.0,0.224,396100000.0,291800000.0,283200000.0,3.1,3.03,3.1,1445100000.0,1390675000.0,1445100000.0,9204083428.0,32.0,23.237,200700000.0,2.723,1.0,573500000.0,0.324,137900000.0,8600000.0,1618000000.0,1523175000.0,232300000.0,95400000.0,0.0,95400000.0,678100000.0,313200000.0,364900000.0,9196483428.0,101200000.0,-18900000.0,-46000000.0,-1000000.0,-43600000.0,-85500000.0,-130900000.0,0.0,314300000.0,3300000.0,228700000.0,228700000.0,228700000.0,0.0,0.0,0.129,298000000.0,275500000.0,152100000.0,0.19,6.364,40.212,40.371,897400000.0,0.0,125.15,5.203,5.219,330800000.0,1452900000.0,1767400000.0,1767400000.0,39300000.0,0.113,0.164,0.192,0.165,19100000.0,263500000.0,1.0,73483687.0,73700000.0,75100000.0,23.981,1985300000.0,27900000.0,54500000.0,18900000.0,26.938,631100000.0
9,WST,MRT,2019-03-31,2019-03-31,2019-03-31,2021-07-30,-153400000.0,2036200000.0,1958725000.0,867600000.0,1168600000.0,0.891,18.482,-105500000.0,265500000.0,265500000.0,1187400000.0,218700000.0,2.881,0.487,273100000.0,10200000.0,262900000.0,273100000.0,0.0,103500000.0,0.0,0.005,0.58,272500000.0,376000000.0,0.215,376000000.0,272500000.0,263700000.0,2.96,2.9,2.96,1369500000.0,1349875000.0,1369500000.0,8034015824.0,29.0,21.367,185700000.0,2.506,1.0,557800000.0,0.32,124700000.0,8800000.0,1618000000.0,1475850000.0,226100000.0,94900000.0,0.0,94900000.0,666700000.0,301100000.0,365600000.0,8175315824.0,65700000.0,0.0,-75600000.0,-900000.0,-42800000.0,-114300000.0,-100800000.0,0.0,291200000.0,-10400000.0,218700000.0,218700000.0,218700000.0,0.0,0.0,0.125,301400000.0,256400000.0,137700000.0,0.196,5.97,37.381,37.23,889900000.0,0.0,110.2,4.684,4.679,318200000.0,1398200000.0,1745200000.0,1745200000.0,40500000.0,0.112,0.162,0.185,0.156,17900000.0,263200000.0,1.0,74186169.0,74100000.0,75300000.0,23.552,1911500000.0,32700000.0,45000000.0,31600000.0,25.796,566500000.0
10,WST,MRT,2018-12-31,2018-12-31,2018-12-31,2021-07-30,-154200000.0,1978900000.0,1917075000.0,894400000.0,1084500000.0,0.896,18.894,-104700000.0,337400000.0,337400000.0,1172000000.0,206900000.0,3.153,0.417,196100000.0,100000.0,196000000.0,196100000.0,0.0,104400000.0,0.0,0.006,0.57,256700000.0,361100000.0,0.21,361100000.0,256700000.0,248300000.0,2.8,2.74,2.8,1396300000.0,1333825000.0,1396300000.0,7160930148.0,28.0,19.831,183900000.0,2.488,1.0,545400000.0,0.318,126100000.0,8400000.0,1427800000.0,1439550000.0,214500000.0,91200000.0,0.0,91200000.0,582600000.0,283700000.0,298900000.0,7262030148.0,101500000.0,0.0,-43400000.0,-100000.0,-42100000.0,-80700000.0,-100800000.0,0.0,288600000.0,-5600000.0,206900000.0,206900000.0,206900000.0,0.0,0.0,0.12,305100000.0,240300000.0,130400000.0,0.204,5.201,35.099,35.011,822000000.0,0.0,98.03,4.229,4.218,288200000.0,1353400000.0,1717400000.0,1717400000.0,40300000.0,0.108,0.155,0.178,0.149,15100000.0,262900000.0,1.0,74079671.0,73900000.0,75400000.0,23.24,1852800000.0,24700000.0,41400000.0,22900000.0,25.072,610700000.0
11,WST,MRT,2018-09-30,2018-09-30,2018-09-30,2021-07-30,-153800000.0,1946100000.0,1888050000.0,850100000.0,1096000000.0,0.906,18.292,-104200000.0,297300000.0,297300000.0,1169700000.0,154900000.0,2.944,0.44,196200000.0,0.0,196200000.0,196200000.0,0.0,103000000.0,0.0,0.005,0.56,251400000.0,354400000.0,0.207,354400000.0,251400000.0,243200000.0,2.1,2.06,2.1,1351800000.0,1304725000.0,1351800000.0,9050671185.0,36.0,25.538,192700000.0,2.608,1.0,540800000.0,0.316,127300000.0,8200000.0,1428900000.0,1436350000.0,206800000.0,90500000.0,0.0,90500000.0,594300000.0,288800000.0,305500000.0,9079771185.0,28000000.0,0.0,-89100000.0,-33100000.0,-41400000.0,-159000000.0,-101600000.0,0.0,296900000.0,-8300000.0,154900000.0,154900000.0,154900000.0,0.0,0.0,0.091,302800000.0,238000000.0,125200000.0,0.267,6.717,58.617,58.795,822000000.0,0.0,123.47,5.308,5.334,302900000.0,1312700000.0,1710500000.0,1710500000.0,40200000.0,0.082,0.119,0.175,0.147,17200000.0,262800000.0,1.0,73538278.0,73900000.0,75700000.0,23.146,1818800000.0,34500000.0,88300000.0,29400000.0,24.612,561300000.0
12,WST,MRT,2018-06-30,2018-06-30,2018-06-30,2021-07-30,-143700000.0,1873700000.0,1884125000.0,766900000.0,1106800000.0,0.89,17.417,-112000000.0,225500000.0,225500000.0,1146700000.0,150700000.0,2.667,0.462,196400000.0,0.0,196400000.0,196400000.0,0.0,101800000.0,0.0,0.006,0.55,252600000.0,354400000.0,0.211,354400000.0,252600000.0,245000000.0,2.04,2.0,2.04,1281900000.0,1296000000.0,1281900000.0,7303748003.0,29.0,20.609,172300000.0,2.341,1.0,530300000.0,0.316,128300000.0,7600000.0,1428700000.0,1444450000.0,208200000.0,91800000.0,0.0,91800000.0,591800000.0,287600000.0,304200000.0,7305548003.0,-1100000.0,0.0,-101800000.0,-33700000.0,-40700000.0,-172100000.0,-109100000.0,0.0,284300000.0,-4200000.0,150700000.0,150700000.0,150700000.0,0.0,0.0,0.09,299700000.0,230600000.0,126200000.0,0.27,5.699,48.477,48.672,826700000.0,0.0,99.29,4.356,4.358,296700000.0,1258000000.0,1677000000.0,1677000000.0,39200000.0,0.08,0.116,0.175,0.151,16500000.0,260500000.0,1.0,73577883.0,73600000.0,75000000.0,22.785,1745400000.0,38500000.0,94300000.0,29700000.0,23.715,479300000.0
13,WST,MRT,2018-03-31,2018-03-31,2018-03-31,2021-07-30,-95800000.0,1869600000.0,1876450000.0,743500000.0,1126100000.0,0.867,17.663,-121300000.0,199800000.0,199800000.0,1114000000.0,133400000.0,2.823,0.432,198000000.0,0.0,198000000.0,198000000.0,0.0,99800000.0,0.0,0.006,0.54,232200000.0,332000000.0,0.204,332000000.0,232200000.0,224600000.0,1.81,1.76,1.81,1305300000.0,1286125000.0,1305300000.0,6493367732.0,28.0,19.558,166300000.0,2.25,1.0,513100000.0,0.315,131600000.0,7600000.0,1472800000.0,1444325000.0,215700000.0,89900000.0,0.0,89900000.0,564300000.0,263400000.0,300900000.0,6532267732.0,30400000.0,-6000000.0,-73700000.0,-34300000.0,-40000000.0,-144100000.0,-127600000.0,0.0,287600000.0,14500000.0,133400000.0,133400000.0,133400000.0,0.0,0.0,0.082,301900000.0,211200000.0,127600000.0,0.298,5.004,48.968,48.779,857800000.0,0.0,88.29,4.015,4.01,290400000.0,1222800000.0,1627100000.0,1627100000.0,38400000.0,0.071,0.104,0.161,0.143,16000000.0,251800000.0,1.0,73986496.0,73900000.0,75500000.0,22.018,1738000000.0,24900000.0,91200000.0,25600000.0,23.518,480100000.0
14,WST,MRT,2017-12-31,2017-12-31,2017-12-31,2021-07-30,-117300000.0,1862800000.0,1842425000.0,743500000.0,1119300000.0,0.868,17.319,-130800000.0,235900000.0,235900000.0,1086200000.0,150700000.0,2.66,0.455,197000000.0,0.0,197000000.0,197000000.0,0.0,96700000.0,0.0,0.005,0.53,239400000.0,336100000.0,0.21,336100000.0,239400000.0,231600000.0,2.04,1.99,2.04,1279900000.0,1251950000.0,1279900000.0,7287035912.0,30.0,21.681,132500000.0,1.793,1.0,512900000.0,0.321,129400000.0,7800000.0,1415000000.0,1428525000.0,215200000.0,85800000.0,0.0,85800000.0,582900000.0,279500000.0,303400000.0,7326535912.0,32900000.0,-6000000.0,-38700000.0,-34900000.0,-39100000.0,-109000000.0,-133600000.0,0.0,263300000.0,12200000.0,150700000.0,150700000.0,150700000.0,0.0,0.0,0.094,285100000.0,227800000.0,138100000.0,0.26,5.724,48.617,48.368,855000000.0,0.0,98.67,4.582,4.56,253200000.0,1178200000.0,1599100000.0,1599100000.0,39100000.0,0.082,0.12,0.168,0.15,16100000.0,246000000.0,1.0,74252923.0,73900000.0,75800000.0,21.639,1733400000.0,25700000.0,80900000.0,16400000.0,23.456,464000000.0
15,WST,MRT,2017-09-30,2017-09-30,2017-09-30,2021-07-30,-130600000.0,1930400000.0,1805900000.0,776900000.0,1153500000.0,0.867,17.748,-148800000.0,269300000.0,269300000.0,1057800000.0,189800000.0,2.59,0.466,229800000.0,33200000.0,196600000.0,229800000.0,0.0,94600000.0,0.0,0.005,0.52,232100000.0,326700000.0,0.209,326700000.0,232100000.0,225000000.0,2.58,2.5,2.58,1316900000.0,1211350000.0,1316900000.0,7126376222.0,31.0,21.813,104800000.0,1.412,1.0,508000000.0,0.324,129600000.0,7100000.0,1461300000.0,1418525000.0,215800000.0,84600000.0,0.0,84600000.0,613500000.0,300000000.0,313500000.0,7123476222.0,63400000.0,-14400000.0,-16000000.0,-2400000.0,-38300000.0,-48900000.0,-150900000.0,8400000.0,253600000.0,9600000.0,189800000.0,189800000.0,189800000.0,0.0,0.0,0.121,328500000.0,179500000.0,121900000.0,0.202,5.409,37.531,37.31,835400000.0,0.0,96.26,4.549,4.562,251800000.0,1188600000.0,1565800000.0,1565800000.0,39000000.0,0.105,0.157,0.164,0.148,19000000.0,247100000.0,1.0,74002454.0,74200000.0,75900000.0,21.102,1800800000.0,87200000.0,35200000.0,16300000.0,24.27,476900000.0
16,WST,MRT,2017-06-30,2017-06-30,2017-06-30,2021-07-30,-151800000.0,1843000000.0,1757125000.0,717800000.0,1125200000.0,0.879,16.812,-163200000.0,226600000.0,226600000.0,1040300000.0,176400000.0,2.484,0.483,229500000.0,33800000.0,195700000.0,229500000.0,0.0,92500000.0,0.0,0.005,0.51,219900000.0,312400000.0,0.202,312400000.0,219900000.0,212000000.0,2.4,2.33,2.4,1242400000.0,1167700000.0,1242400000.0,7011491471.0,32.0,22.444,83000000.0,1.123,1.0,504000000.0,0.326,128700000.0,7900000.0,1428200000.0,1401750000.0,211300000.0,83600000.0,0.0,83600000.0,600600000.0,289000000.0,311600000.0,6952291471.0,23900000.0,-14400000.0,-30000000.0,-2400000.0,-37400000.0,-60900000.0,-164800000.0,8400000.0,246200000.0,3400000.0,176400000.0,176400000.0,176400000.0,0.0,0.0,0.114,324100000.0,179900000.0,130900000.0,0.212,5.596,39.412,39.383,811800000.0,0.0,94.52,4.502,4.523,242400000.0,1148000000.0,1544300000.0,1544300000.0,38900000.0,0.1,0.151,0.157,0.142,19000000.0,242800000.0,1.0,73553655.0,73900000.0,75800000.0,20.897,1714300000.0,85100000.0,35600000.0,11600000.0,23.198,428800000.0
17,WST,MRT,2017-03-31,2017-03-31,2017-03-31,2021-07-30,-179000000.0,1733500000.0,1722650000.0,652600000.0,1080900000.0,0.891,15.943,-168700000.0,169400000.0,169400000.0,1022400000.0,182300000.0,2.544,0.483,228600000.0,34400000.0,194200000.0,228600000.0,0.0,91700000.0,0.0,0.006,0.5,239700000.0,331400000.0,0.216,331400000.0,239700000.0,232000000.0,2.48,2.42,2.48,1168600000.0,1134450000.0,1168600000.0,6004384182.0,25.0,18.118,68400000.0,0.933,1.0,512300000.0,0.334,126600000.0,7700000.0,1409600000.0,1385850000.0,212300000.0,81300000.0,0.0,81300000.0,564900000.0,256500000.0,308400000.0,5978784182.0,-8700000.0,-8400000.0,-42400000.0,-2400000.0,-36600000.0,-70600000.0,-171900000.0,0.0,237100000.0,-3300000.0,182300000.0,182300000.0,182300000.0,0.0,0.0,0.119,313200000.0,199100000.0,106100000.0,0.202,5.116,32.796,32.907,782800000.0,0.0,81.61,3.896,3.898,224800000.0,1118800000.0,1534700000.0,1534700000.0,37700000.0,0.106,0.161,0.173,0.156,18400000.0,244000000.0,1.0,73260436.0,73300000.0,74900000.0,20.937,1606900000.0,68700000.0,49700000.0,16000000.0,21.922,396100000.0
18,WST,MRT,2016-12-31,2016-12-31,2016-12-31,2021-07-30,-186800000.0,1716700000.0,1706325000.0,641900000.0,1074800000.0,0.884,15.246,-170200000.0,203000000.0,203000000.0,1007700000.0,143600000.0,2.663,0.536,228600000.0,2400000.0,226200000.0,228600000.0,0.0,90700000.0,0.0,0.006,0.49,206100000.0,296800000.0,0.197,296800000.0,206100000.0,198000000.0,1.96,1.91,1.96,1117500000.0,1110800000.0,1117500000.0,6233508560.0,30.0,21.002,49200000.0,0.671,1.0,501400000.0,0.332,126300000.0,8100000.0,1375000000.0,1370825000.0,199300000.0,82700000.0,0.0,82700000.0,599200000.0,241000000.0,358200000.0,6208208560.0,-71600000.0,-8400000.0,-30000000.0,-69800000.0,-35800000.0,-113900000.0,-175800000.0,0.0,219400000.0,-1300000.0,143600000.0,143600000.0,143600000.0,0.0,0.0,0.095,306200000.0,195200000.0,122000000.0,0.25,5.555,43.233,43.281,778300000.0,0.0,84.83,4.114,4.12,200500000.0,1071600000.0,1509100000.0,1509100000.0,36800000.0,0.084,0.129,0.15,0.137,19500000.0,239600000.0,1.0,73184116.0,73300000.0,75000000.0,20.588,1590400000.0,66200000.0,54400000.0,13700000.0,21.697,400900000.0
19,WST,MRT,2016-09-30,2016-09-30,2016-09-30,2021-07-30,-143800000.0,1735300000.0,1700925000.0,658100000.0,1077200000.0,0.874,15.584,-167500000.0,205900000.0,205900000.0,989200000.0,137800000.0,2.779,0.519,231200000.0,2600000.0,228600000.0,231200000.0,0.0,91200000.0,0.0,0.006,0.48,196900000.0,288100000.0,0.194,288100000.0,196900000.0,187300000.0,1.9,1.85,1.9,1142300000.0,1087400000.0,1142300000.0,5483440851.0,28.0,19.033,48100000.0,0.656,1.0,497300000.0,0.335,129600000.0,9600000.0,1394200000.0,1342625000.0,201100000.0,81400000.0,0.0,81400000.0,593000000.0,236800000.0,356200000.0,5454740851.0,-50900000.0,0.0,-5700000.0,-70900000.0,-34900000.0,-89100000.0,-173000000.0,-9900000.0,215600000.0,-4400000.0,137800000.0,137800000.0,137800000.0,0.0,0.0,0.093,307100000.0,190200000.0,99000000.0,0.253,4.775,39.584,39.211,772700000.0,0.0,74.5,3.67,3.674,209500000.0,1041900000.0,1486500000.0,1486500000.0,37200000.0,0.081,0.127,0.147,0.132,19300000.0,241300000.0,1.0,73217998.0,73300000.0,75000000.0,20.28,1605700000.0,70700000.0,49500000.0,18400000.0,21.906,421300000.0
20,WST,MRT,2016-06-30,2016-06-30,2016-06-30,2021-07-30,-150300000.0,1705100000.0,1683725000.0,659200000.0,1045900000.0,0.864,15.135,-148500000.0,202700000.0,202700000.0,969800000.0,101700000.0,2.754,0.537,231400000.0,2500000.0,228900000.0,231400000.0,0.0,90700000.0,0.0,0.006,0.47,141300000.0,232000000.0,0.16,232000000.0,141300000.0,130200000.0,1.41,1.37,1.41,1109400000.0,1050650000.0,1109400000.0,5599024646.0,40.0,24.134,67500000.0,0.921,1.0,484500000.0,0.333,129800000.0,11100000.0,1364600000.0,1311075000.0,197700000.0,77700000.0,0.0,77700000.0,595700000.0,239400000.0,356300000.0,5545124646.0,-49300000.0,0.0,3300000.0,-95800000.0,-34100000.0,-104500000.0,-154600000.0,-9900000.0,216000000.0,-6200000.0,101700000.0,101700000.0,101700000.0,0.0,0.0,0.07,351600000.0,132900000.0,107300000.0,0.333,4.998,54.524,53.816,741200000.0,0.0,75.88,3.813,3.825,219000000.0,1013800000.0,1454300000.0,1454300000.0,36700000.0,0.06,0.097,0.108,0.097,18300000.0,237600000.0,1.0,73077552.0,73300000.0,74800000.0,19.84,1575300000.0,74700000.0,28500000.0,23800000.0,21.491,419800000.0
21,WST,MRT,2016-03-31,2016-03-31,2016-03-31,2021-07-30,-148000000.0,1668200000.0,1673375000.0,630700000.0,1037500000.0,0.852,14.814,-140200000.0,178100000.0,178100000.0,956600000.0,84800000.0,2.616,0.553,232000000.0,2500000.0,229500000.0,232000000.0,0.0,90200000.0,0.0,0.007,0.46,118000000.0,208200000.0,0.146,208200000.0,118000000.0,105500000.0,1.19,1.15,1.19,1074000000.0,1020650000.0,1074000000.0,5037759329.0,43.0,24.197,77100000.0,1.063,1.0,469400000.0,0.329,131500000.0,12500000.0,1349500000.0,1289925000.0,194100000.0,61600000.0,0.0,61600000.0,594200000.0,241100000.0,353100000.0,5014159329.0,-29000000.0,0.0,6000000.0,-101100000.0,-33200000.0,-107800000.0,-137500000.0,-1500000.0,217300000.0,-1000000.0,84800000.0,84800000.0,84800000.0,0.0,0.0,0.059,358600000.0,110800000.0,97500000.0,0.387,4.669,59.129,58.252,732500000.0,0.0,69.32,3.516,3.524,209600000.0,978000000.0,1426000000.0,1426000000.0,36000000.0,0.051,0.083,0.091,0.083,28900000.0,235900000.0,1.0,72333516.0,72500000.0,74100000.0,19.669,1536700000.0,87900000.0,20700000.0,31400000.0,21.196,389600000.0
22,WST,MRT,2015-12-31,2015-12-31,2015-12-31,2021-07-30,-162600000.0,1695100000.0,1655325000.0,673700000.0,1021400000.0,0.846,14.221,-131600000.0,274600000.0,274600000.0,944000000.0,95600000.0,2.143,0.656,298200000.0,69300000.0,228900000.0,298200000.0,0.0,89900000.0,0.0,0.007,0.45,136000000.0,225900000.0,0.161,225900000.0,136000000.0,121900000.0,1.33,1.3,1.33,1023900000.0,987425000.0,1023900000.0,4386819909.0,32.0,19.419,80800000.0,1.122,1.0,455800000.0,0.326,142200000.0,14100000.0,1262200000.0,1272150000.0,181100000.0,61300000.0,0.0,61300000.0,671200000.0,314300000.0,356900000.0,4341119909.0,19300000.0,0.0,7100000.0,-28400000.0,-32400000.0,-41500000.0,-129500000.0,-1500000.0,212400000.0,-22100000.0,95600000.0,95600000.0,95600000.0,0.0,0.0,0.068,327200000.0,128600000.0,119800000.0,0.338,4.24,45.409,45.278,721000000.0,0.0,60.22,3.101,3.097,181400000.0,964600000.0,1399800000.0,1399800000.0,34100000.0,0.058,0.097,0.107,0.097,29600000.0,233000000.0,1.0,72087677.0,72000000.0,73800000.0,19.442,1552900000.0,70500000.0,26300000.0,25200000.0,21.568,359400000.0
23,WST,MRT,2015-09-30,2015-09-30,2015-09-30,2021-07-30,-154400000.0,1666500000.0,1648975000.0,680900000.0,985600000.0,0.843,13.785,-113900000.0,256800000.0,256800000.0,944000000.0,93600000.0,2.27,0.674,302500000.0,71000000.0,231500000.0,302500000.0,0.0,88600000.0,0.0,0.008,0.44,135400000.0,224000000.0,0.161,224000000.0,135400000.0,120400000.0,1.31,1.28,1.31,995300000.0,970675000.0,995300000.0,3971540839.0,29.0,17.73,76500000.0,1.06,1.0,445900000.0,0.321,144300000.0,15000000.0,1268000000.0,1293300000.0,187700000.0,59200000.0,0.0,59200000.0,671200000.0,299900000.0,371300000.0,3896840839.0,10000000.0,0.0,7900000.0,-27300000.0,-31600000.0,-41700000.0,-111900000.0,-500000.0,190400000.0,-26800000.0,93600000.0,93600000.0,93600000.0,0.0,0.0,0.067,317900000.0,128000000.0,93600000.0,0.336,3.915,41.633,41.313,689500000.0,0.0,54.12,2.804,2.811,194600000.0,939900000.0,1389900000.0,1389900000.0,31900000.0,0.057,0.096,0.105,0.097,30500000.0,229400000.0,1.0,72003711.0,72200000.0,73900000.0,19.251,1522200000.0,75200000.0,26800000.0,28400000.0,21.083,381000000.0
24,WST,MRT,2015-06-30,2015-06-30,2015-06-30,2021-07-30,-160200000.0,1663700000.0,1650675000.0,679900000.0,983800000.0,0.849,13.742,-112800000.0,252000000.0,252000000.0,953800000.0,123100000.0,2.167,0.682,326700000.0,95000000.0,231700000.0,326700000.0,0.0,89300000.0,0.0,0.007,0.43,184000000.0,273300000.0,0.195,273300000.0,184000000.0,168200000.0,1.73,1.69,1.73,989400000.0,964375000.0,989400000.0,4302359587.0,23.0,15.742,72700000.0,1.01,1.0,447500000.0,0.319,144700000.0,15800000.0,1280000000.0,1319525000.0,187200000.0,59800000.0,0.0,59800000.0,674300000.0,313700000.0,360600000.0,4178759587.0,25300000.0,0.0,11700000.0,-12400000.0,-30800000.0,-21300000.0,-103100000.0,8000000.0,185500000.0,-35800000.0,123100000.0,123100000.0,123100000.0,0.0,0.0,0.088,272000000.0,175500000.0,91400000.0,0.249,4.224,33.946,33.572,685400000.0,0.0,58.08,2.982,2.984,198800000.0,947000000.0,1401300000.0,1401300000.0,33000000.0,0.075,0.128,0.139,0.131,30500000.0,230800000.0,1.0,71948340.0,72000000.0,73700000.0,19.462,1519000000.0,74700000.0,45100000.0,34600000.0,21.097,366200000.0
25,WST,MRT,2015-03-31,2015-03-31,2015-03-31,2021-07-30,-170300000.0,1596000000.0,1660925000.0,625100000.0,970900000.0,0.849,13.126,-110600000.0,207100000.0,207100000.0,959400000.0,132900000.0,2.108,0.696,330700000.0,98800000.0,231900000.0,330700000.0,0.0,90200000.0,0.0,0.007,0.42,199400000.0,289600000.0,0.205,289600000.0,199400000.0,182800000.0,1.87,1.83,1.87,941100000.0,960175000.0,941100000.0,4386143212.0,22.0,15.146,61600000.0,0.859,1.0,451100000.0,0.32,144600000.0,16600000.0,1278400000.0,1364075000.0,183400000.0,59300000.0,0.0,59300000.0,654900000.0,296600000.0,358300000.0,4304743212.0,-22900000.0,0.0,12800000.0,-49000000.0,-29900000.0,-55800000.0,-99000000.0,11200000.0,172200000.0,-40300000.0,132900000.0,132900000.0,132900000.0,0.0,0.0,0.094,260600000.0,190500000.0,88500000.0,0.225,4.574,32.391,32.198,675800000.0,0.0,60.21,3.052,3.061,189500000.0,927200000.0,1410500000.0,1410500000.0,34800000.0,0.08,0.138,0.146,0.141,19600000.0,227500000.0,1.0,71495486.0,71700000.0,73300000.0,19.672,1451400000.0,72800000.0,49900000.0,30400000.0,20.243,328500000.0
26,WST,MRT,2014-12-31,2014-12-31,2014-12-31,2021-07-30,-119200000.0,1669700000.0,1688975000.0,659100000.0,1010600000.0,0.842,13.496,-111900000.0,255300000.0,255300000.0,973600000.0,127100000.0,2.61,0.745,335500000.0,27200000.0,308300000.0,335500000.0,0.0,90000000.0,0.0,0.008,0.41,190800000.0,280800000.0,0.198,280800000.0,190800000.0,174300000.0,1.79,1.75,1.79,956900000.0,958550000.0,956900000.0,3879679524.0,20.0,13.817,71000000.0,1.001,1.0,447800000.0,0.315,150600000.0,16500000.0,1346800000.0,1418025000.0,181500000.0,60600000.0,0.0,60600000.0,712800000.0,252500000.0,460300000.0,3783779524.0,25300000.0,0.0,10200000.0,-22300000.0,-29100000.0,-30800000.0,-104000000.0,7000000.0,182900000.0,-22800000.0,127100000.0,127100000.0,127100000.0,0.0,0.0,0.089,265800000.0,182000000.0,103100000.0,0.229,3.954,29.77,29.743,705800000.0,0.0,53.24,2.662,2.656,179000000.0,902200000.0,1421400000.0,1421400000.0,37300000.0,0.075,0.133,0.135,0.134,18600000.0,228700000.0,1.0,71070239.0,70900000.0,72800000.0,20.048,1519100000.0,73900000.0,47200000.0,30600000.0,21.426,406600000.0
27,WST,MRT,2014-09-30,2014-09-30,2014-09-30,2021-07-30,-71300000.0,1673300000.0,1689450000.0,679500000.0,993800000.0,0.837,13.663,-123600000.0,246800000.0,246800000.0,969600000.0,119300000.0,2.802,0.725,342700000.0,27200000.0,315500000.0,342700000.0,0.0,90100000.0,0.0,0.009,0.4,182100000.0,272200000.0,0.192,272200000.0,182100000.0,165500000.0,1.68,1.65,1.68,970100000.0,945925000.0,970100000.0,3302228464.0,18.0,12.132,82100000.0,1.156,1.0,444700000.0,0.314,153800000.0,16600000.0,1372900000.0,1435250000.0,185700000.0,61800000.0,0.0,61800000.0,703200000.0,242500000.0,460700000.0,3167428464.0,25100000.0,0.0,13000000.0,-49200000.0,-28200000.0,-52500000.0,-116600000.0,7400000.0,205700000.0,-11500000.0,119300000.0,119300000.0,119300000.0,0.0,0.0,0.084,269700000.0,175000000.0,91400000.0,0.238,3.265,26.55,26.643,694800000.0,0.0,44.76,2.24,2.247,195900000.0,878700000.0,1414300000.0,1414300000.0,39200000.0,0.071,0.126,0.127,0.129,18100000.0,229900000.0,1.0,70764711.0,71000000.0,72600000.0,19.92,1519500000.0,78900000.0,46200000.0,36400000.0,21.401,437000000.0
28,WST,MRT,2014-06-30,2014-06-30,2014-06-30,2021-07-30,-34700000.0,1704700000.0,1687250000.0,685400000.0,1019300000.0,0.83,13.737,-124300000.0,226700000.0,226700000.0,959900000.0,115100000.0,3.099,0.753,361500000.0,2200000.0,359300000.0,361500000.0,0.0,88900000.0,0.0,0.009,0.395,176700000.0,265600000.0,0.19,265600000.0,176700000.0,160200000.0,1.62,1.59,1.62,972600000.0,912575000.0,972600000.0,3155742716.0,18.0,11.882,70800000.0,1.0,1.0,440300000.0,0.314,160100000.0,16500000.0,1458200000.0,1450550000.0,187900000.0,60400000.0,0.0,60400000.0,732100000.0,221200000.0,510900000.0,2980842716.0,36100000.0,0.0,12100000.0,-37400000.0,-27700000.0,-39400000.0,-125000000.0,-1000000.0,195100000.0,5400000.0,115100000.0,115100000.0,115100000.0,0.0,0.0,0.082,269600000.0,170700000.0,94500000.0,0.244,3.065,25.898,26.037,709200000.0,0.0,42.18,2.129,2.133,209600000.0,855500000.0,1400200000.0,1400200000.0,39200000.0,0.068,0.126,0.122,0.126,19700000.0,230000000.0,1.0,70669576.0,70800000.0,72400000.0,19.777,1544600000.0,82300000.0,45100000.0,34600000.0,21.816,464200000.0
29,WST,MRT,2014-03-31,2014-03-31,2014-03-31,2021-07-30,-33800000.0,1708200000.0,1664250000.0,686600000.0,1021600000.0,0.827,13.238,-121900000.0,230000000.0,230000000.0,946400000.0,107700000.0,3.017,0.828,404900000.0,14200000.0,390700000.0,404900000.0,0.0,86500000.0,0.0,0.009,0.39,165500000.0,252000000.0,0.183,252000000.0,165500000.0,149100000.0,1.53,1.5,1.53,934600000.0,865475000.0,934600000.0,3241911586.0,20.0,12.865,88500000.0,1.254,1.0,429400000.0,0.312,161300000.0,16400000.0,1494200000.0,1445350000.0,187500000.0,59400000.0,0.0,59400000.0,773600000.0,227600000.0,546000000.0,3098411586.0,55000000.0,0.0,12200000.0,-31900000.0,-27300000.0,-34400000.0,-127800000.0,-3500000.0,210400000.0,6800000.0,107700000.0,107700000.0,107700000.0,0.0,0.0,0.078,270300000.0,159100000.0,98400000.0,0.255,3.315,28.769,28.791,712000000.0,0.0,44.05,2.252,2.26,208700000.0,825000000.0,1375800000.0,1375800000.0,38800000.0,0.065,0.124,0.115,0.12,20100000.0,232200000.0,1.0,70338515.0,70600000.0,72300000.0,19.487,1546900000.0,81500000.0,41400000.0,32100000.0,21.911,459000000.0
30,WST,MRT,2013-12-31,2013-12-31,2013-12-31,2021-07-30,-32400000.0,1671600000.0,1631475000.0,650700000.0,1020900000.0,0.839,13.023,-151900000.0,230000000.0,230000000.0,933700000.0,112300000.0,2.747,0.844,373500000.0,2200000.0,371300000.0,373500000.0,0.0,85200000.0,0.0,0.008,0.385,169500000.0,254700000.0,0.186,254700000.0,169500000.0,152500000.0,1.61,1.57,1.61,906400000.0,818300000.0,906400000.0,3604427373.0,21.0,14.152,68600000.0,0.986,1.0,434700000.0,0.318,162500000.0,17000000.0,1415700000.0,1437600000.0,176900000.0,60900000.0,0.0,60900000.0,765200000.0,236900000.0,528300000.0,3426127373.0,68100000.0,0.0,16500000.0,-5600000.0,-26700000.0,-5100000.0,-149900000.0,4900000.0,220500000.0,2600000.0,112300000.0,112300000.0,112300000.0,0.0,0.0,0.082,272300000.0,162400000.0,108000000.0,0.239,3.78,30.509,30.472,711700000.0,0.0,49.06,2.504,2.495,185700000.0,805000000.0,1368400000.0,1368400000.0,37900000.0,0.069,0.137,0.118,0.124,21200000.0,234900000.0,1.0,69835454.0,69600000.0,71400000.0,19.661,1509100000.0,77700000.0,40200000.0,33500000.0,21.682,413800000.0
31,WST,MRT,2013-09-30,2013-09-30,2013-09-30,2021-07-30,-69500000.0,1664500000.0,1604575000.0,643500000.0,1021000000.0,0.84,11.987,-146000000.0,221700000.0,221700000.0,921600000.0,109800000.0,2.607,0.989,400000000.0,18900000.0,381100000.0,400000000.0,0.0,83300000.0,0.0,0.009,0.38,163100000.0,246400000.0,0.183,246400000.0,163100000.0,146500000.0,1.59,1.55,1.59,836700000.0,773925000.0,836700000.0,3075856207.0,19.0,12.483,75500000.0,1.082,1.0,425600000.0,0.316,161900000.0,16600000.0,1434100000.0,1430850000.0,176700000.0,66600000.0,7500000.0,59100000.0,827800000.0,246800000.0,581000000.0,2871656207.0,78500000.0,0.0,11100000.0,-5400000.0,-26300000.0,-11100000.0,-133700000.0,14600000.0,221500000.0,1800000.0,109800000.0,109800000.0,109800000.0,0.0,0.0,0.082,267300000.0,158300000.0,86300000.0,0.239,3.432,26.154,25.881,682000000.0,0.0,41.15,2.132,2.132,198200000.0,788600000.0,1347200000.0,1347200000.0,36800000.0,0.068,0.142,0.114,0.121,19300000.0,233500000.0,1.0,69785084.0,69800000.0,71400000.0,19.301,1502600000.0,101700000.0,36700000.0,54000000.0,21.527,396700000.0
32,WST,MRT,2013-06-30,2013-06-30,2013-06-30,2021-07-30,0.0,1612700000.0,1570300000.0,613300000.0,999400000.0,0.834,11.283,-145700000.0,190600000.0,190600000.0,898700000.0,97800000.0,2.804,1.056,394800000.0,100000.0,394700000.0,394800000.0,0.0,80700000.0,0.0,0.011,0.375,149500000.0,230200000.0,0.176,230200000.0,149500000.0,132900000.0,1.43,1.39,1.43,784200000.0,744025000.0,784200000.0,2684926522.0,18.0,11.663,74100000.0,1.066,1.0,410500000.0,0.314,160800000.0,16600000.0,1437400000.0,1409225000.0,176500000.0,65500000.0,7500000.0,58000000.0,828500000.0,218700000.0,609800000.0,2429826522.0,83600000.0,0.0,8800000.0,4400000.0,-25800000.0,-6500000.0,-130100000.0,18000000.0,219800000.0,400000.0,97800000.0,97800000.0,97800000.0,0.0,0.0,0.075,265600000.0,144900000.0,88400000.0,0.262,3.098,24.845,24.566,663400000.0,0.0,35.13,1.856,1.865,195300000.0,,1309200000.0,1309200000.0,35400000.0,0.062,0.131,0.106,0.114,25900000.0,231100000.0,1.0,69166710.0,69500000.0,70800000.0,18.837,1451900000.0,101600000.0,35100000.0,51500000.0,20.891,394600000.0
33,WST,MRT,2013-03-31,2013-03-31,2013-03-31,2021-07-30,0.0,1577100000.0,1532825000.0,589700000.0,987400000.0,0.841,10.81,-160600000.0,175000000.0,175000000.0,891200000.0,83200000.0,2.834,1.114,430100000.0,1700000.0,428400000.0,430100000.0,0.0,78800000.0,0.0,0.011,0.37,131600000.0,210400000.0,0.163,210400000.0,131600000.0,114500000.0,1.22,1.185,1.22,745900000.0,717850000.0,745900000.0,2480772478.0,19.0,11.791,31900000.0,0.462,1.0,398300000.0,0.309,160900000.0,17100000.0,1463200000.0,1365275000.0,173500000.0,63800000.0,8200000.0,55600000.0,831200000.0,208100000.0,623100000.0,2231172478.0,74800000.0,0.0,6400000.0,38900000.0,-25300000.0,27900000.0,-141800000.0,18400000.0,192500000.0,-3800000.0,83200000.0,83200000.0,83200000.0,0.0,0.0,0.065,260300000.0,138000000.0,91600000.0,0.303,2.991,26.817,26.615,658500000.0,0.0,32.47,1.73,1.737,189000000.0,,1289500000.0,1289500000.0,34100000.0,0.054,0.116,0.096,0.102,20900000.0,225800000.0,1.0,68714890.0,69000000.0,70300000.0,18.688,1416200000.0,97200000.0,31300000.0,47200000.0,20.525,381600000.0
34,WST,MRT,2012-12-31,2012-12-31,2012-12-31,2021-07-30,-75900000.0,1564000000.0,1502875000.0,557300000.0,1006700000.0,0.843,10.703,-131300000.0,161900000.0,161900000.0,878700000.0,80700000.0,2.129,1.146,411500000.0,32700000.0,378800000.0,411500000.0,0.0,76900000.0,0.0,0.013,0.365,130100000.0,207000000.0,0.163,207000000.0,130100000.0,113400000.0,1.19,1.15,1.19,728900000.0,705050000.0,728900000.0,2126414814.0,16.0,10.273,56100000.0,0.824,1.0,387700000.0,0.306,163100000.0,16700000.0,1388700000.0,1317525000.0,162200000.0,72200000.0,12400000.0,59800000.0,835100000.0,261800000.0,573300000.0,1868214814.0,70100000.0,0.0,4000000.0,10400000.0,-24900000.0,-3400000.0,-116000000.0,14400000.0,187400000.0,2100000.0,80700000.0,80700000.0,80700000.0,0.0,0.0,0.064,251300000.0,136400000.0,102900000.0,0.307,2.563,23.15,23.004,669000000.0,0.0,27.375,1.475,1.472,175000000.0,719900000.0,1266400000.0,1266400000.0,33200000.0,0.054,0.114,0.099,0.103,15500000.0,218100000.0,1.0,68245290.0,68100000.0,71800000.0,18.596,1400900000.0,98000000.0,32700000.0,44200000.0,20.571,295500000.0
35,WST,MRT,2012-09-30,2012-09-30,2012-09-30,2021-07-30,0.0,1527400000.0,1461650000.0,557300000.0,970100000.0,0.849,10.499,-131800000.0,143200000.0,143200000.0,864800000.0,78400000.0,2.022,1.13,401400000.0,39300000.0,362100000.0,401400000.0,0.0,75100000.0,0.0,0.014,0.36,127000000.0,202100000.0,0.163,202100000.0,127000000.0,109300000.0,1.155,1.11,1.155,717100000.0,686550000.0,717100000.0,2084694410.0,16.0,10.315,27600000.0,0.404,1.0,375500000.0,0.303,162400000.0,17700000.0,1347600000.0,1282850000.0,165900000.0,82600000.0,21900000.0,60700000.0,810300000.0,275600000.0,534700000.0,1806194410.0,24000000.0,0.0,1500000.0,14800000.0,-24400000.0,-2000000.0,-129600000.0,2000000.0,159400000.0,-3800000.0,78400000.0,78400000.0,78400000.0,0.0,0.0,0.063,244900000.0,130600000.0,81300000.0,0.312,2.519,23.038,22.974,637000000.0,0.0,26.535,1.456,1.461,182900000.0,,1240300000.0,1240300000.0,31900000.0,0.054,0.114,0.099,0.102,20200000.0,207800000.0,1.0,68068378.0,68300000.0,69400000.0,18.16,1365000000.0,92900000.0,30900000.0,49100000.0,19.985,281700000.0
36,WST,MRT,2012-06-30,2012-06-30,2012-06-30,2021-07-30,0.0,1462800000.0,1429375000.0,517000000.0,945800000.0,0.861,9.993,-127000000.0,107000000.0,107000000.0,863600000.0,80500000.0,1.615,1.153,385500000.0,89100000.0,296400000.0,385500000.0,0.0,74300000.0,0.0,0.014,0.355,126800000.0,201100000.0,0.163,201100000.0,126800000.0,109000000.0,1.185,1.145,1.185,679500000.0,680100000.0,679500000.0,1991531836.0,16.0,9.903,20500000.0,0.301,1.0,366500000.0,0.298,159500000.0,17800000.0,1261600000.0,1261350000.0,159200000.0,83000000.0,25500000.0,57500000.0,783300000.0,320200000.0,463100000.0,1710331836.0,-3400000.0,0.0,700000.0,14200000.0,-24000000.0,-3600000.0,-136100000.0,-9700000.0,147500000.0,-11200000.0,80500000.0,80500000.0,80500000.0,0.0,0.0,0.065,236100000.0,130400000.0,85600000.0,0.3,2.517,21.246,21.304,620300000.0,0.0,25.245,1.39,1.396,185000000.0,,1230100000.0,1230100000.0,31400000.0,0.056,0.118,0.101,0.103,8400000.0,199800000.0,1.0,67749330.0,68000000.0,73200000.0,18.09,1303300000.0,91400000.0,28500000.0,42600000.0,19.166,196800000.0
37,WST,MRT,2012-03-31,2012-03-31,2012-03-31,2021-07-30,0.0,1457300000.0,1417500000.0,502800000.0,954500000.0,0.856,10.246,-108400000.0,100200000.0,100200000.0,860800000.0,85000000.0,1.663,1.098,381400000.0,86500000.0,294900000.0,381400000.0,0.0,74800000.0,0.0,0.016,0.35,130100000.0,204900000.0,0.169,204900000.0,130100000.0,112300000.0,1.255,1.205,1.255,694700000.0,684225000.0,694700000.0,1694232863.0,13.0,8.269,26600000.0,0.392,1.0,352400000.0,0.29,163900000.0,17800000.0,1272200000.0,1274800000.0,158200000.0,84700000.0,26400000.0,58300000.0,762600000.0,302400000.0,460200000.0,1436632863.0,5600000.0,0.0,2000000.0,16200000.0,-23900000.0,-600000.0,-123300000.0,-15800000.0,135000000.0,-5500000.0,85000000.0,85000000.0,85000000.0,0.0,0.0,0.07,229800000.0,122600000.0,82700000.0,0.279,2.068,16.902,16.944,619200000.0,0.0,21.265,1.184,1.188,176000000.0,,1213200000.0,1213200000.0,30500000.0,0.06,0.124,0.102,0.107,8400000.0,191800000.0,1.0,67558564.0,67800000.0,74200000.0,17.894,1293400000.0,91900000.0,27300000.0,45200000.0,19.077,200400000.0
38,WST,MRT,2011-12-31,2011-12-31,2011-12-31,2021-07-30,-71500000.0,1399100000.0,1394700000.0,472000000.0,927100000.0,0.855,9.731,-95400000.0,91800000.0,91800000.0,853000000.0,75500000.0,1.941,1.136,349400000.0,50100000.0,299300000.0,349400000.0,0.0,75700000.0,0.0,0.018,0.345,117200000.0,192900000.0,0.162,192900000.0,117200000.0,99000000.0,1.12,1.08,1.12,654900000.0,676325000.0,654900000.0,1538349979.0,13.0,7.975,35300000.0,0.525,1.0,339300000.0,0.285,163500000.0,18200000.0,1250000000.0,1279100000.0,151800000.0,82700000.0,26500000.0,56200000.0,744200000.0,243200000.0,501000000.0,1279549979.0,-18400000.0,0.0,400000.0,-7300000.0,-23200000.0,-24700000.0,-120500000.0,-25600000.0,130700000.0,-3900000.0,75500000.0,75500000.0,75500000.0,0.0,0.0,0.063,229700000.0,109600000.0,89800000.0,0.308,1.954,16.948,16.942,593600000.0,0.0,18.975,1.073,1.071,147200000.0,664500000.0,1192300000.0,1192300000.0,29100000.0,0.054,0.112,0.092,0.098,8400000.0,191100000.0,1.0,67433464.0,67300000.0,74000000.0,17.716,1235600000.0,93000000.0,23500000.0,38900000.0,18.36,228800000.0
39,WST,MRT,2011-09-30,2011-09-30,2011-09-30,2021-07-30,0.0,1398300000.0,1368500000.0,503500000.0,894800000.0,0.858,10.226,-83300000.0,119200000.0,119200000.0,841700000.0,62600000.0,2.196,1.023,378000000.0,54700000.0,323300000.0,378000000.0,0.0,76800000.0,0.0,0.018,0.34,95400000.0,172200000.0,0.147,172200000.0,95400000.0,76900000.0,0.935,0.905,0.935,691300000.0,669025000.0,691300000.0,1512365926.0,16.0,8.783,52800000.0,0.781,1.0,332000000.0,0.283,166200000.0,18500000.0,1261600000.0,1267900000.0,155500000.0,55000000.0,0.0,55000000.0,707000000.0,229300000.0,477700000.0,1249265926.0,22100000.0,0.0,2400000.0,5900000.0,-22800000.0,-11200000.0,-102800000.0,-18300000.0,136100000.0,0.0,62600000.0,62600000.0,62600000.0,0.0,0.0,0.053,243400000.0,88600000.0,71700000.0,0.364,1.807,19.956,19.84,576100000.0,0.0,18.55,1.064,1.068,153100000.0,,1173700000.0,1173700000.0,28800000.0,0.046,0.094,0.075,0.081,7800000.0,193200000.0,1.0,67345872.0,67600000.0,74000000.0,17.362,1232100000.0,79100000.0,14300000.0,39500000.0,18.226,274200000.0
40,WST,MRT,2011-06-30,2011-06-30,2011-06-30,2021-07-30,0.0,1415300000.0,1343825000.0,510400000.0,904900000.0,0.857,10.357,-76300000.0,110400000.0,110400000.0,826200000.0,63500000.0,2.649,1.033,373500000.0,6300000.0,367200000.0,373500000.0,0.0,76600000.0,0.0,0.015,0.335,93900000.0,170500000.0,0.148,170500000.0,93900000.0,75700000.0,0.95,0.915,0.95,696000000.0,654225000.0,696000000.0,1741830679.0,19.0,10.216,68100000.0,1.013,1.0,325300000.0,0.283,170300000.0,18200000.0,1315400000.0,1263825000.0,161200000.0,51200000.0,0.0,51200000.0,719300000.0,192700000.0,526600000.0,1465430679.0,42900000.0,-2400000.0,1700000.0,-4000000.0,-22400000.0,-21500000.0,-89600000.0,-10100000.0,144400000.0,9600000.0,63500000.0,63500000.0,63500000.0,0.0,0.0,0.055,237500000.0,87800000.0,73400000.0,0.353,2.106,23.078,23.032,581500000.0,0.0,21.88,1.273,1.277,165700000.0,,1151500000.0,1151500000.0,27000000.0,0.047,0.097,0.074,0.082,7800000.0,192400000.0,1.0,66975808.0,67200000.0,74000000.0,17.135,1245000000.0,83400000.0,12200000.0,40500000.0,18.527,317700000.0
41,WST,MRT,2011-03-31,2011-03-31,2011-03-31,2021-07-30,0.0,1366100000.0,1295525000.0,481100000.0,885000000.0,0.869,9.927,-72800000.0,94600000.0,94600000.0,801500000.0,65100000.0,2.632,1.06,371000000.0,6300000.0,364700000.0,371000000.0,0.0,75000000.0,0.0,0.015,0.33,96100000.0,171100000.0,0.152,171100000.0,96100000.0,78600000.0,0.975,0.94,0.975,663100000.0,622975000.0,663100000.0,1741110135.0,18.0,10.176,63500000.0,0.951,1.0,323900000.0,0.288,170300000.0,17500000.0,1289400000.0,1233175000.0,157100000.0,48900000.0,0.0,48900000.0,703000000.0,182800000.0,520200000.0,1492910135.0,28700000.0,-2400000.0,300000.0,-7800000.0,-21800000.0,-28000000.0,-83400000.0,-7200000.0,136300000.0,3800000.0,65100000.0,65100000.0,65100000.0,0.0,0.0,0.058,233400000.0,90500000.0,66200000.0,0.338,2.251,22.933,22.959,574500000.0,0.0,22.385,1.327,1.329,161200000.0,,1125400000.0,1125400000.0,25400000.0,0.05,0.104,0.078,0.085,7800000.0,191800000.0,1.0,66692434.0,66800000.0,73600000.0,16.847,1195800000.0,79700000.0,13500000.0,39700000.0,17.901,298300000.0
42,WST,MRT,2010-12-31,2010-12-31,2010-12-31,2021-07-30,-31300000.0,1294300000.0,1267400000.0,436600000.0,857700000.0,0.872,9.395,-71100000.0,110200000.0,110200000.0,786600000.0,65300000.0,2.573,1.069,358400000.0,300000.0,358100000.0,358400000.0,0.0,73200000.0,0.0,0.016,0.325,95700000.0,168900000.0,0.153,168900000.0,95700000.0,78900000.0,0.98,0.945,0.98,625700000.0,602125000.0,625700000.0,1645484728.0,17.0,9.742,67200000.0,1.009,1.0,318100000.0,0.288,167600000.0,16800000.0,1205200000.0,1212575000.0,147000000.0,48200000.0,0.0,48200000.0,668600000.0,169700000.0,498900000.0,1371884728.0,27100000.0,-3700000.0,1600000.0,-16000000.0,-21700000.0,-34000000.0,-74000000.0,1700000.0,138300000.0,-3200000.0,65300000.0,65300000.0,65300000.0,0.0,0.0,0.059,227400000.0,90700000.0,63200000.0,0.332,2.193,21.009,21.02,554800000.0,0.0,20.6,1.242,1.242,126400000.0,612600000.0,1104700000.0,1104700000.0,23900000.0,0.052,0.108,0.079,0.087,7800000.0,187700000.0,1.0,66596346.0,66600000.0,73400000.0,16.587,1126700000.0,75000000.0,13600000.0,35000000.0,16.917,266900000.0
43,WST,MRT,2010-09-30,2010-09-30,2010-09-30,2021-07-30,0.0,1299600000.0,1261575000.0,441200000.0,858400000.0,0.889,9.463,-78300000.0,97100000.0,97100000.0,797300000.0,79600000.0,2.789,1.056,370700000.0,1400000.0,369300000.0,370700000.0,0.0,72000000.0,0.0,0.019,0.32,112000000.0,184000000.0,0.164,184000000.0,112000000.0,95800000.0,1.195,1.145,1.195,632100000.0,590475000.0,632100000.0,1431386385.0,13.0,7.779,65400000.0,0.979,1.0,324000000.0,0.289,169700000.0,16200000.0,1245300000.0,1217925000.0,148400000.0,43800000.0,0.0,43800000.0,667500000.0,158200000.0,509300000.0,1141686385.0,17600000.0,-3700000.0,1400000.0,-20900000.0,-21300000.0,-36900000.0,-85500000.0,-4400000.0,143700000.0,-3700000.0,79600000.0,79600000.0,79600000.0,0.0,0.0,0.071,217600000.0,106400000.0,56300000.0,0.268,1.806,14.343,14.356,556700000.0,0.0,17.155,1.018,1.022,142800000.0,,1121300000.0,1121300000.0,22800000.0,0.063,0.135,0.092,0.1,7500000.0,182700000.0,1.0,66551232.0,66800000.0,73400000.0,16.786,1129900000.0,76200000.0,16200000.0,44100000.0,16.915,283000000.0
44,WST,MRT,2010-06-30,2010-06-30,2010-06-30,2021-07-30,0.0,1222100000.0,1252650000.0,403900000.0,818200000.0,0.885,8.574,-88700000.0,67500000.0,67500000.0,787800000.0,79000000.0,2.547,1.14,357200000.0,400000.0,356800000.0,357200000.0,0.0,72000000.0,0.0,0.017,0.315,112500000.0,184500000.0,0.166,184500000.0,112500000.0,96700000.0,1.19,1.14,1.19,571000000.0,573875000.0,571000000.0,1517087120.0,13.0,8.223,46000000.0,0.691,1.0,321000000.0,0.29,160400000.0,15800000.0,1192800000.0,1218325000.0,143300000.0,40100000.0,0.0,40100000.0,651100000.0,158600000.0,492500000.0,1213587120.0,-16800000.0,-18200000.0,2100000.0,-23200000.0,-20900000.0,-37100000.0,-108800000.0,-2100000.0,134700000.0,-5600000.0,79000000.0,79000000.0,79000000.0,0.0,0.0,0.071,214000000.0,107000000.0,61400000.0,0.265,2.125,15.362,15.332,532500000.0,0.0,18.245,1.095,1.096,145700000.0,,1108800000.0,1108800000.0,22000000.0,0.063,0.138,0.092,0.101,7500000.0,182100000.0,1.0,66516148.0,66600000.0,73400000.0,16.649,1061700000.0,70600000.0,17700000.0,38400000.0,15.941,245300000.0
45,WST,MRT,2010-03-31,2010-03-31,2010-03-31,2021-07-30,0.0,1253600000.0,1251500000.0,404900000.0,848700000.0,0.869,8.757,-98400000.0,65900000.0,65900000.0,771500000.0,77000000.0,2.203,1.162,369400000.0,21100000.0,348300000.0,369400000.0,0.0,70800000.0,0.0,0.015,0.31,109600000.0,180400000.0,0.166,180400000.0,109600000.0,94200000.0,1.165,1.115,1.165,579700000.0,564375000.0,579700000.0,1685182638.0,15.0,9.341,54100000.0,0.817,1.0,316500000.0,0.291,166300000.0,15400000.0,1207000000.0,1222050000.0,144800000.0,40200000.0,0.0,40200000.0,673900000.0,183800000.0,490100000.0,1388682638.0,3200000.0,-18200000.0,3700000.0,-24200000.0,-20400000.0,-35100000.0,-116400000.0,400000.0,152500000.0,2200000.0,77000000.0,77000000.0,77000000.0,0.0,0.0,0.071,211300000.0,105200000.0,66400000.0,0.266,2.396,18.035,18.004,556200000.0,0.0,20.975,1.276,1.276,146600000.0,,1088000000.0,1088000000.0,21000000.0,0.062,0.136,0.09,0.101,7500000.0,181400000.0,1.0,66206562.0,66200000.0,73000000.0,16.435,1087300000.0,74400000.0,17200000.0,39300000.0,16.424,221100000.0
46,WST,MRT,2009-12-31,2009-12-31,2009-12-31,2021-07-30,-19700000.0,1271000000.0,1223475000.0,397200000.0,873800000.0,0.863,8.828,-104900000.0,83100000.0,83100000.0,752100000.0,72600000.0,2.321,1.195,379600000.0,500000.0,379100000.0,379600000.0,0.0,68100000.0,0.0,0.016,0.305,101300000.0,169400000.0,0.16,169400000.0,101300000.0,86100000.0,1.105,1.06,1.105,579100000.0,541600000.0,579100000.0,1611135594.0,16.0,9.511,32800000.0,0.5,1.0,303600000.0,0.288,169800000.0,15200000.0,1226600000.0,1214300000.0,129200000.0,38200000.0,0.0,38200000.0,691900000.0,171100000.0,520800000.0,1293635594.0,-4100000.0,-16900000.0,3700000.0,-10200000.0,-20100000.0,-22600000.0,-121900000.0,2600000.0,137700000.0,2700000.0,72600000.0,72600000.0,72600000.0,0.0,0.0,0.069,206100000.0,97500000.0,68400000.0,0.276,2.234,17.819,17.738,577100000.0,0.0,19.6,1.225,1.218,138700000.0,569400000.0,1055700000.0,1055700000.0,19900000.0,0.059,0.134,0.083,0.096,7500000.0,177700000.0,1.0,66001816.0,65600000.0,72600000.0,16.093,1101200000.0,77200000.0,13500000.0,36700000.0,16.787,226100000.0
47,WST,MRT,2009-09-30,2009-09-30,2009-09-30,2021-07-30,0.0,1263900000.0,1197900000.0,399100000.0,864800000.0,0.841,8.597,-126800000.0,79500000.0,79500000.0,717800000.0,70100000.0,2.451,1.234,397000000.0,4000000.0,393000000.0,397000000.0,0.0,65000000.0,0.0,0.015,0.3,102900000.0,167900000.0,0.167,167900000.0,102900000.0,88300000.0,1.065,1.025,1.065,565700000.0,518600000.0,565700000.0,1641591896.0,16.0,9.777,2300000.0,0.035,1.0,289300000.0,0.287,171700000.0,14600000.0,1246900000.0,1195925000.0,135900000.0,35800000.0,0.0,35800000.0,698200000.0,162800000.0,535400000.0,1335691896.0,-23000000.0,-16900000.0,3800000.0,6800000.0,-19800000.0,-15700000.0,-138300000.0,6400000.0,129100000.0,1900000.0,70000000.0,70000000.0,70000000.0,0.0,100000.0,0.07,187900000.0,101400000.0,55300000.0,0.282,2.361,19.081,19.066,570400000.0,0.0,20.305,1.326,1.327,142500000.0,,1007100000.0,1007100000.0,18000000.0,0.058,0.135,0.086,0.102,6400000.0,169100000.0,1.0,65781428.0,65800000.0,72800000.0,15.305,1092200000.0,71200000.0,18300000.0,39100000.0,16.599,236300000.0
48,WST,MRT,2009-06-30,2009-06-30,2009-06-30,2021-07-30,0.0,1217500000.0,1184425000.0,396200000.0,821300000.0,0.848,8.125,-134200000.0,84300000.0,84300000.0,720800000.0,66400000.0,2.453,1.284,390200000.0,3900000.0,386300000.0,390200000.0,0.0,62200000.0,0.0,0.017,0.295,94300000.0,156500000.0,0.156,156500000.0,94300000.0,79200000.0,1.01,0.975,1.01,533000000.0,510325000.0,533000000.0,1466836827.0,16.0,9.373,-2000000.0,-0.03,1.0,283600000.0,0.282,154200000.0,15100000.0,1207700000.0,1176650000.0,130000000.0,37000000.0,2600000.0,34400000.0,684500000.0,161500000.0,523000000.0,1141636827.0,-18000000.0,0.0,3100000.0,5100000.0,-19400000.0,-15800000.0,-127000000.0,7600000.0,132200000.0,-7400000.0,66100000.0,66100000.0,66100000.0,0.0,300000.0,0.066,190200000.0,93400000.0,60700000.0,0.292,2.142,17.271,17.252,548000000.0,0.0,17.425,1.137,1.138,143400000.0,,1004400000.0,1004400000.0,17500000.0,0.056,0.13,0.08,0.094,6400000.0,166300000.0,1.0,65517178.0,65600000.0,72400000.0,15.311,1063300000.0,68100000.0,13100000.0,38400000.0,16.209,234700000.0
49,WST,MRT,2009-03-31,2009-03-31,2009-03-31,2021-07-30,0.0,1141500000.0,1193400000.0,356200000.0,785300000.0,0.857,7.471,-140000000.0,62700000.0,62700000.0,734200000.0,75600000.0,2.568,1.336,387900000.0,3900000.0,384000000.0,387900000.0,0.0,60900000.0,0.0,0.018,0.29,108700000.0,169600000.0,0.166,169600000.0,108700000.0,92900000.0,1.155,1.1,1.155,488600000.0,513725000.0,488600000.0,1372866290.0,13.0,8.095,-1400000.0,-0.021,1.0,288500000.0,0.282,152000000.0,15800000.0,1176000000.0,1177525000.0,120000000.0,39300000.0,2900000.0,36400000.0,652900000.0,138700000.0,514200000.0,1074066290.0,-30900000.0,0.0,2200000.0,-7100000.0,-19100000.0,-28600000.0,-130000000.0,10500000.0,138600000.0,-10900000.0,75100000.0,75100000.0,75100000.0,0.0,500000.0,0.073,181200000.0,107300000.0,52000000.0,0.251,2.198,14.302,14.203,517700000.0,0.0,16.405,1.05,1.049,137200000.0,,1022700000.0,1022700000.0,17700000.0,0.063,0.146,0.092,0.106,6400000.0,162100000.0,1.0,65471886.0,65400000.0,72200000.0,15.638,989500000.0,63400000.0,17800000.0,33000000.0,15.13,217500000.0
50,WST,MRT,2008-12-31,2008-12-31,2008-12-31,2021-07-30,-44900000.0,1168700000.0,1210725000.0,366200000.0,802500000.0,0.868,7.517,-138600000.0,87200000.0,87200000.0,748500000.0,86600000.0,2.302,1.399,386000000.0,3900000.0,382100000.0,386000000.0,0.0,60600000.0,0.0,0.015,0.285,125700000.0,186300000.0,0.177,186300000.0,125700000.0,109700000.0,1.325,1.25,1.325,487100000.0,519075000.0,487100000.0,1515681998.0,12.0,8.136,-3600000.0,-0.056,1.0,302600000.0,0.288,155300000.0,16000000.0,1153100000.0,1188275000.0,115700000.0,33600000.0,0.0,33600000.0,681600000.0,159100000.0,522500000.0,1235681998.0,-21200000.0,0.0,1000000.0,-9200000.0,-18600000.0,-29400000.0,-119700000.0,16800000.0,135000000.0,-7100000.0,86000000.0,86000000.0,86000000.0,0.0,600000.0,0.082,178500000.0,124100000.0,67600000.0,0.215,2.537,14.368,14.253,531000000.0,0.0,18.885,1.176,1.164,128600000.0,517300000.0,1051100000.0,1051100000.0,18700000.0,0.071,0.166,0.106,0.12,6400000.0,159300000.0,1.0,65431930.0,64800000.0,72200000.0,16.221,1013400000.0,68800000.0,23700000.0,31000000.0,15.639,207100000.0
51,WST,MRT,2008-09-30,2008-09-30,2008-09-30,2021-07-30,0.0,1210000000.0,1214950000.0,410500000.0,799500000.0,0.874,8.194,-148600000.0,102500000.0,102500000.0,758700000.0,75300000.0,2.48,1.262,382500000.0,500000.0,382000000.0,382500000.0,0.0,59800000.0,0.0,0.011,0.28,110600000.0,170400000.0,0.16,170400000.0,110600000.0,94100000.0,1.15,1.09,1.15,532600000.0,518625000.0,532600000.0,1883277955.0,17.0,11.052,1700000.0,0.026,1.0,303600000.0,0.286,154700000.0,16500000.0,1169800000.0,1181300000.0,124700000.0,40100000.0,6000000.0,34100000.0,672000000.0,165500000.0,506500000.0,1587377955.0,-48900000.0,0.0,-10000000.0,-16200000.0,-18300000.0,-38500000.0,-156700000.0,-8100000.0,150300000.0,-4000000.0,74200000.0,74200000.0,74200000.0,0.0,1100000.0,0.07,197400000.0,106200000.0,61700000.0,0.243,2.98,21.393,21.226,518600000.0,0.0,24.41,1.494,1.494,140600000.0,,1062300000.0,1062300000.0,19500000.0,0.061,0.143,0.094,0.104,5100000.0,162200000.0,1.0,65029822.0,65000000.0,72400000.0,16.343,1055300000.0,65500000.0,19900000.0,67000000.0,16.235,245000000.0
52,WST,MRT,2008-06-30,2008-06-30,2008-06-30,2021-07-30,0.0,1253400000.0,1201275000.0,443400000.0,810000000.0,0.873,8.435,-137500000.0,102300000.0,102300000.0,746900000.0,74000000.0,2.484,1.284,398200000.0,500000.0,397700000.0,398200000.0,0.0,58200000.0,0.0,0.013,0.275,107500000.0,165700000.0,0.158,165700000.0,107500000.0,91400000.0,1.13,1.07,1.13,546600000.0,505900000.0,546600000.0,1723101241.0,16.0,10.399,-5100000.0,-0.079,1.0,301900000.0,0.288,159600000.0,16100000.0,1211200000.0,1153950000.0,127300000.0,44700000.0,9700000.0,35000000.0,701600000.0,178500000.0,523100000.0,1399201241.0,-75000000.0,0.0,-37700000.0,-11600000.0,-18000000.0,-61700000.0,-149700000.0,-11600000.0,132400000.0,4000000.0,73100000.0,73100000.0,73100000.0,0.0,900000.0,0.07,200700000.0,101200000.0,69800000.0,0.243,2.56,19.141,19.15,522000000.0,0.0,21.64,1.334,1.337,159200000.0,,1048800000.0,1048800000.0,19000000.0,0.061,0.144,0.093,0.102,5100000.0,158400000.0,1.0,64658098.0,64800000.0,72600000.0,16.185,1093800000.0,65000000.0,18300000.0,72900000.0,16.88,264900000.0
53,WST,MRT,2008-03-31,2008-03-31,2008-03-31,2021-07-30,0.0,1210800000.0,1173600000.0,419800000.0,791000000.0,0.88,7.919,-131300000.0,93600000.0,93600000.0,738200000.0,71100000.0,2.696,1.364,417500000.0,500000.0,417000000.0,417500000.0,0.0,57300000.0,0.0,0.012,0.27,100700000.0,158000000.0,0.153,158000000.0,100700000.0,84900000.0,1.08,1.025,1.08,510000000.0,492800000.0,510000000.0,1707443322.0,17.0,10.807,-12300000.0,-0.191,1.0,295000000.0,0.286,160000000.0,15800000.0,1219000000.0,1108475000.0,119300000.0,46500000.0,12900000.0,33600000.0,695800000.0,155700000.0,540100000.0,1420743322.0,-63000000.0,0.0,-38600000.0,10600000.0,-17700000.0,-40300000.0,-145700000.0,-14900000.0,119000000.0,4000000.0,70400000.0,70400000.0,70400000.0,500000.0,700000.0,0.068,201500000.0,93500000.0,57900000.0,0.25,2.786,20.181,20.477,506000000.0,0.0,22.115,1.375,1.378,151900000.0,,1033200000.0,1033200000.0,17900000.0,0.06,0.143,0.091,0.097,5100000.0,155700000.0,1.0,64243424.0,64400000.0,72200000.0,16.043,1050800000.0,65000000.0,14500000.0,67200000.0,16.317,264100000.0
54,WST,MRT,2007-12-31,2007-12-31,2007-12-31,2021-07-30,33600000.0,1185600000.0,1147450000.0,412300000.0,773300000.0,0.889,7.42,-129400000.0,108400000.0,108400000.0,728300000.0,71200000.0,2.254,1.431,395100000.0,500000.0,394600000.0,395100000.0,0.0,56600000.0,0.0,0.013,0.265,102400000.0,159000000.0,0.156,159000000.0,102400000.0,87900000.0,1.08,1.025,1.08,485300000.0,480175000.0,485300000.0,1555807473.0,15.0,9.785,-200000.0,-0.003,1.0,291800000.0,0.286,164200000.0,14500000.0,1125200000.0,1053900000.0,111800000.0,52700000.0,21000000.0,31700000.0,694700000.0,182900000.0,511800000.0,1313607473.0,61300000.0,0.0,-38600000.0,137500000.0,-17500000.0,84600000.0,-155900000.0,-22700000.0,129200000.0,3400000.0,70700000.0,70700000.0,70700000.0,500000.0,500000.0,0.069,196900000.0,94900000.0,80400000.0,0.245,2.707,18.58,18.792,481700000.0,0.0,20.295,1.288,1.301,136100000.0,450300000.0,1020100000.0,1020100000.0,16100000.0,0.062,0.147,0.097,0.1,5100000.0,152500000.0,1.0,64725670.0,65400000.0,72400000.0,15.598,1021400000.0,66300000.0,17200000.0,76600000.0,15.618,229400000.0
55,WST,MRT,2007-09-30,2007-09-30,2007-09-30,2021-07-30,0.0,1155300000.0,1080600000.0,436600000.0,718700000.0,0.922,7.365,-112100000.0,151400000.0,151400000.0,708000000.0,79700000.0,2.692,1.388,393600000.0,500000.0,393100000.0,393600000.0,0.0,55900000.0,0.0,0.012,0.26,115600000.0,171500000.0,0.172,171500000.0,115600000.0,102300000.0,1.215,1.155,1.215,481700000.0,462475000.0,481700000.0,1588370843.0,14.0,9.262,5000000.0,0.076,1.0,287900000.0,0.289,174900000.0,13300000.0,1060400000.0,967950000.0,119700000.0,30700000.0,0.0,30700000.0,668400000.0,162200000.0,506200000.0,1380970843.0,106600000.0,0.0,-27800000.0,131300000.0,-17100000.0,100500000.0,-115400000.0,0.0,117100000.0,4100000.0,79700000.0,79700000.0,79700000.0,200000.0,0.0,0.08,183700000.0,104200000.0,51800000.0,0.214,2.867,17.327,17.144,428500000.0,0.0,20.83,1.387,1.368,136800000.0,,995900000.0,995900000.0,14600000.0,0.074,0.172,0.119,0.116,14500000.0,154600000.0,1.0,66297208.0,65400000.0,73600000.0,15.228,980400000.0,59600000.0,22600000.0,77100000.0,14.991,274400000.0
56,WST,MRT,2007-06-30,2007-06-30,2007-06-30,2021-07-30,0.0,1142700000.0,1015525000.0,452300000.0,690400000.0,0.957,7.511,-108600000.0,177300000.0,177300000.0,688500000.0,80800000.0,3.034,1.302,384700000.0,500000.0,384200000.0,384700000.0,0.0,55200000.0,0.0,0.011,0.255,121600000.0,176800000.0,0.182,176800000.0,121600000.0,109100000.0,1.235,1.17,1.235,494200000.0,442925000.0,494200000.0,1776135368.0,15.0,10.046,23000000.0,0.35,1.0,283100000.0,0.291,171700000.0,12500000.0,1029300000.0,893900000.0,111700000.0,29900000.0,0.0,29900000.0,643600000.0,149100000.0,494500000.0,1555635368.0,131200000.0,0.0,200000.0,108900000.0,-16700000.0,104000000.0,-112000000.0,0.0,131600000.0,3800000.0,80800000.0,80800000.0,80800000.0,-1300000.0,0.0,0.083,170100000.0,113000000.0,53500000.0,0.206,3.148,19.253,19.089,408500000.0,0.0,23.575,1.601,1.597,136700000.0,,971600000.0,971600000.0,13400000.0,0.08,0.182,0.136,0.125,14500000.0,151800000.0,1.0,65986654.0,65800000.0,74200000.0,14.766,971000000.0,52800000.0,28300000.0,64500000.0,14.757,303200000.0
57,WST,MRT,2007-03-31,2007-03-31,2007-03-31,2021-07-30,0.0,1106200000.0,950750000.0,432200000.0,674000000.0,0.997,7.026,-99800000.0,156600000.0,156600000.0,670600000.0,75500000.0,2.819,1.397,377100000.0,500000.0,376600000.0,377100000.0,0.0,53900000.0,0.0,0.011,0.25,117900000.0,171800000.0,0.181,171800000.0,117900000.0,106000000.0,1.16,1.115,1.16,459500000.0,416500000.0,459500000.0,1723355010.0,15.0,10.031,39900000.0,0.61,1.0,277500000.0,0.293,172700000.0,11900000.0,1000700000.0,832425000.0,107700000.0,29000000.0,0.0,29000000.0,641800000.0,153300000.0,488500000.0,1534155010.0,125300000.0,0.0,-1100000.0,87100000.0,-16400000.0,80500000.0,-103800000.0,-200000.0,139700000.0,4500000.0,75500000.0,75500000.0,75500000.0,-1800000.0,0.0,0.08,165800000.0,111700000.0,59500000.0,0.216,3.339,20.32,20.013,395200000.0,0.0,23.215,1.618,1.601,143300000.0,,948100000.0,948100000.0,12200000.0,0.079,0.181,0.142,0.124,14500000.0,148500000.0,1.0,66084644.0,65400000.0,69000000.0,14.497,933500000.0,51900000.0,30500000.0,59900000.0,14.274,278900000.0
58,WST,MRT,2006-12-31,2006-12-31,2006-12-31,2021-07-30,10600000.0,918200000.0,887075000.0,281700000.0,636500000.0,1.03,6.436,-90300000.0,47100000.0,47100000.0,648500000.0,67100000.0,1.795,1.204,236300000.0,500000.0,235800000.0,236300000.0,0.0,52700000.0,0.0,0.01,0.245,104400000.0,157100000.0,0.172,157100000.0,104400000.0,91700000.0,1.045,1.0,1.045,414500000.0,392075000.0,414500000.0,1869273028.0,18.0,11.899,49100000.0,0.762,1.0,264800000.0,0.29,169100000.0,12700000.0,781400000.0,780300000.0,97500000.0,29700000.0,0.0,29700000.0,498900000.0,156900000.0,342000000.0,1672973028.0,-1700000.0,0.0,4400000.0,-59600000.0,-15900000.0,-60200000.0,-89900000.0,0.0,139400000.0,4600000.0,67100000.0,67100000.0,67100000.0,-5600000.0,0.0,0.073,163800000.0,101000000.0,61200000.0,0.234,4.036,24.933,24.512,384700000.0,0.0,25.615,1.832,1.806,109500000.0,375700000.0,913300000.0,913300000.0,11100000.0,0.076,0.171,0.134,0.114,14500000.0,147800000.0,1.0,65312240.0,64400000.0,67200000.0,14.182,749100000.0,35100000.0,24600000.0,70300000.0,11.632,124800000.0
59,WST,MRT,2006-09-30,2006-09-30,2006-09-30,2021-07-30,0.0,895000000.0,865900000.0,285800000.0,609200000.0,1.013,6.266,-68700000.0,44800000.0,44800000.0,623200000.0,64600000.0,1.803,1.207,241100000.0,500000.0,240600000.0,241100000.0,0.0,52600000.0,0.0,0.012,0.24,102000000.0,154600000.0,0.176,154600000.0,102000000.0,87600000.0,1.005,0.965,1.005,403500000.0,373425000.0,403500000.0,1479413800.0,15.0,9.569,55800000.0,0.866,1.0,253900000.0,0.289,168600000.0,14400000.0,764200000.0,777725000.0,94400000.0,28600000.0,0.0,28600000.0,486900000.0,158500000.0,328400000.0,1272713800.0,23900000.0,300000.0,2900000.0,-28000000.0,-15400000.0,-37900000.0,-68000000.0,-200000.0,124500000.0,2100000.0,64600000.0,64600000.0,64600000.0,-4200000.0,0.0,0.074,150700000.0,103200000.0,47500000.0,0.239,3.154,19.701,19.537,348400000.0,0.0,19.635,1.451,1.442,120200000.0,,877100000.0,877100000.0,15800000.0,0.075,0.173,0.131,0.116,8100000.0,133300000.0,1.0,64818630.0,64400000.0,67600000.0,13.62,726400000.0,13300000.0,23000000.0,67500000.0,11.28,127300000.0
60,WST,MRT,2006-06-30,2006-06-30,2006-06-30,2021-07-30,0.0,883600000.0,842025000.0,283200000.0,600400000.0,0.998,6.051,-62300000.0,53200000.0,53200000.0,602100000.0,59100000.0,1.932,1.263,259900000.0,600000.0,259300000.0,259900000.0,0.0,52400000.0,0.0,0.013,0.235,95800000.0,148200000.0,0.176,148200000.0,95800000.0,80200000.0,0.925,0.89,0.925,388500000.0,353900000.0,388500000.0,1404425594.0,15.0,9.477,47800000.0,0.745,1.0,238200000.0,0.283,160300000.0,15600000.0,783400000.0,773375000.0,87200000.0,28900000.0,0.0,28900000.0,490800000.0,146600000.0,344200000.0,1171925594.0,-15400000.0,-33800000.0,2800000.0,-24200000.0,-15100000.0,-33900000.0,-95400000.0,-200000.0,110100000.0,700000.0,59100000.0,59100000.0,59100000.0,-3400000.0,0.0,0.07,143500000.0,94700000.0,51500000.0,0.254,3.017,19.83,19.611,339000000.0,0.0,18.14,1.395,1.386,124300000.0,,840300000.0,840300000.0,12900000.0,0.07,0.167,0.124,0.114,8100000.0,129100000.0,1.0,64604498.0,64200000.0,67200000.0,13.089,723300000.0,12200000.0,21100000.0,63400000.0,11.266,136600000.0
61,WST,MRT,2006-03-31,2006-03-31,2006-03-31,2021-07-30,0.0,851500000.0,820575000.0,263200000.0,588300000.0,0.942,5.707,-57400000.0,38500000.0,38500000.0,555400000.0,51200000.0,1.973,1.342,271000000.0,400000.0,270600000.0,271000000.0,0.0,50200000.0,0.0,0.013,0.23,84000000.0,134200000.0,0.174,134200000.0,84000000.0,68600000.0,0.81,0.78,0.81,361800000.0,335625000.0,361800000.0,1336194510.0,16.0,9.957,29500000.0,0.465,1.0,217700000.0,0.282,158400000.0,15400000.0,792200000.0,772400000.0,86300000.0,27500000.0,0.0,27500000.0,485600000.0,133400000.0,352200000.0,1111094510.0,-22700000.0,-171400000.0,12600000.0,117600000.0,-14600000.0,118200000.0,-227200000.0,200000.0,86900000.0,-3500000.0,51200000.0,51200000.0,51200000.0,-4000000.0,0.0,0.066,136500000.0,81200000.0,47400000.0,0.284,3.071,21.701,21.432,330500000.0,0.0,17.36,1.437,1.424,124200000.0,,773100000.0,773100000.0,10300000.0,0.062,0.153,0.109,0.109,8100000.0,126100000.0,1.0,64003140.0,63400000.0,66200000.0,12.194,693100000.0,13300000.0,17400000.0,55800000.0,10.932,129800000.0
62,WST,MRT,2005-12-31,2005-12-31,2005-12-31,2021-07-30,8900000.0,833500000.0,770200000.0,247100000.0,586400000.0,0.908,5.465,-54100000.0,55900000.0,55900000.0,503200000.0,46400000.0,1.926,1.44,281000000.0,300000.0,280700000.0,281000000.0,0.0,47400000.0,0.0,0.018,0.225,78200000.0,125600000.0,0.18,125600000.0,78200000.0,64100000.0,0.745,0.71,0.745,339900000.0,322100000.0,339900000.0,1026636957.0,13.0,8.174,31500000.0,0.506,1.0,196500000.0,0.281,159200000.0,14100000.0,771100000.0,725425000.0,71100000.0,27700000.0,0.0,27700000.0,489500000.0,128300000.0,361200000.0,793936957.0,-20000000.0,-174800000.0,11400000.0,120600000.0,-14100000.0,120500000.0,-227400000.0,0.0,85600000.0,-6200000.0,46400000.0,46400000.0,46400000.0,-400000.0,0.0,0.066,123100000.0,73400000.0,45800000.0,0.302,2.336,17.111,16.799,328000000.0,0.0,12.515,1.135,1.113,107400000.0,325000000.0,699700000.0,699700000.0,7900000.0,0.06,0.144,0.108,0.112,8100000.0,115100000.0,1.0,63438830.0,62200000.0,65000000.0,11.249,674300000.0,13800000.0,17700000.0,56100000.0,10.841,118800000.0
63,WST,MRT,2005-09-30,2005-09-30,2005-09-30,2021-07-30,0.0,799500000.0,724125000.0,217800000.0,581700000.0,0.892,5.192,-48600000.0,27900000.0,27900000.0,465900000.0,35100000.0,1.777,1.457,260600000.0,400000.0,260200000.0,260600000.0,0.0,42700000.0,0.0,0.015,0.22,65800000.0,108500000.0,0.168,108500000.0,65800000.0,53300000.0,0.56,0.545,0.56,325400000.0,312400000.0,325400000.0,1139114341.0,17.0,10.499,36000000.0,0.574,1.0,180100000.0,0.279,162800000.0,12500000.0,746800000.0,677900000.0,64700000.0,26700000.0,0.0,26700000.0,474100000.0,122600000.0,351500000.0,936614341.0,-42400000.0,-174500000.0,13800000.0,96300000.0,-13700000.0,96400000.0,-221600000.0,-400000.0,84600000.0,-3100000.0,35100000.0,35100000.0,35100000.0,1900000.0,0.0,0.054,116800000.0,63300000.0,35400000.0,0.393,2.878,26.684,26.491,322200000.0,0.0,14.835,1.45,1.439,104800000.0,,646000000.0,646000000.0,0.0,0.048,0.112,0.097,0.102,7400000.0,115800000.0,1.0,63135446.0,62668000.0,65552000.0,10.308,636700000.0,16600000.0,18200000.0,62100000.0,10.16,95200000.0
64,WST,MRT,2005-06-30,2005-06-30,2005-06-30,2021-07-30,0.0,797800000.0,683300000.0,255700000.0,542100000.0,0.874,5.091,-46800000.0,75500000.0,75500000.0,425300000.0,31600000.0,2.259,1.529,278000000.0,700000.0,277300000.0,278000000.0,0.0,37900000.0,0.0,0.015,0.217,58200000.0,96100000.0,0.161,96100000.0,58200000.0,48100000.0,0.505,0.495,0.505,315400000.0,301275000.0,315400000.0,970814275.0,17.0,10.102,33600000.0,0.542,1.0,172200000.0,0.288,107600000.0,10100000.0,779500000.0,636350000.0,64600000.0,27200000.0,0.0,27200000.0,482400000.0,113200000.0,369200000.0,872114275.0,8600000.0,-140400000.0,14900000.0,118700000.0,-13400000.0,120200000.0,-185800000.0,-400000.0,80400000.0,-2000000.0,31600000.0,31600000.0,31600000.0,6300000.0,0.0,0.053,112000000.0,60200000.0,34400000.0,0.43,2.765,27.599,27.772,318500000.0,0.0,14.025,1.46,1.454,103300000.0,,597500000.0,597500000.0,0.0,0.046,0.105,0.091,0.097,7400000.0,110900000.0,1.0,62182836.0,61956000.0,64310000.0,9.644,690200000.0,25500000.0,16500000.0,66200000.0,11.14,142500000.0
65,WST,MRT,2005-03-31,2005-03-31,2005-03-31,2021-07-30,0.0,650000000.0,638425000.0,223000000.0,427000000.0,0.878,5.02,-48500000.0,54000000.0,54000000.0,396600000.0,26500000.0,2.253,1.112,152700000.0,0.0,152700000.0,152700000.0,0.0,35400000.0,0.0,0.018,0.215,50700000.0,86100000.0,0.154,86100000.0,50700000.0,42000000.0,0.43,0.42,0.43,307700000.0,290500000.0,307700000.0,832568579.0,16.0,9.67,24300000.0,0.396,1.0,164000000.0,0.293,45400000.0,8700000.0,604300000.0,583425000.0,62500000.0,27200000.0,0.0,27200000.0,342300000.0,99000000.0,243300000.0,740568579.0,13400000.0,-2800000.0,11600000.0,100000.0,-13000000.0,-1300000.0,-52300000.0,-600000.0,72800000.0,-100000.0,26500000.0,26500000.0,26500000.0,9700000.0,0.0,0.047,107800000.0,56200000.0,23400000.0,0.5,2.407,27.946,27.791,277500000.0,0.0,11.95,1.321,1.306,84300000.0,,560600000.0,560600000.0,0.0,0.042,0.091,0.087,0.09,7400000.0,105300000.0,1.0,61972266.0,61290000.0,63550000.0,9.147,604600000.0,25900000.0,15500000.0,66600000.0,9.865,124000000.0
66,WST,MRT,2004-12-31,2004-12-31,2004-12-31,2021-07-30,36400000.0,649200000.0,627125000.0,226500000.0,422700000.0,0.864,5.018,-56900000.0,68800000.0,68800000.0,384500000.0,20200000.0,1.944,1.156,160800000.0,10000000.0,150800000.0,160800000.0,0.0,33200000.0,0.0,0.017,0.212,40200000.0,73400000.0,0.136,73400000.0,40200000.0,31700000.0,0.335,0.325,0.335,301100000.0,279350000.0,301100000.0,865607847.0,22.0,11.793,24100000.0,0.402,1.0,157100000.0,0.29,43700000.0,8500000.0,581000000.0,571950000.0,56700000.0,26600000.0,0.0,26600000.0,348100000.0,116500000.0,231600000.0,766207847.0,31000000.0,600000.0,13400000.0,-16000000.0,-12800000.0,-15400000.0,-24500000.0,0.0,81000000.0,2000000.0,20200000.0,20200000.0,20200000.0,14100000.0,0.0,0.037,107700000.0,49400000.0,29300000.0,0.633,2.545,37.931,37.358,283800000.0,0.0,12.515,1.415,1.386,72900000.0,287500000.0,541600000.0,541600000.0,0.0,0.032,0.072,0.07,0.074,7400000.0,105200000.0,1.0,61223160.0,60000000.0,61600000.0,9.027,605500000.0,18800000.0,11500000.0,60300000.0,10.092,110000000.0
67,WST,MRT,2004-09-30,2004-09-30,2004-09-30,2021-07-30,0.0,636200000.0,620725000.0,218900000.0,417300000.0,0.836,4.655,-64500000.0,63300000.0,63300000.0,361100000.0,36100000.0,2.04,1.265,162700000.0,300000.0,162400000.0,162700000.0,0.0,31100000.0,0.0,0.02,0.21,66300000.0,97400000.0,0.188,97400000.0,66300000.0,56700000.0,0.615,0.605,0.615,280900000.0,268475000.0,280900000.0,740844064.0,11.0,7.606,18600000.0,0.308,1.0,157600000.0,0.304,47700000.0,9600000.0,580600000.0,576950000.0,57900000.0,23800000.0,0.0,23800000.0,355300000.0,107300000.0,248000000.0,635744064.0,8800000.0,0.0,14800000.0,-17700000.0,-12500000.0,-15400000.0,-40600000.0,600000.0,83100000.0,1600000.0,36100000.0,36100000.0,36100000.0,25900000.0,0.0,0.07,69700000.0,87900000.0,26200000.0,0.341,2.263,17.611,16.951,269800000.0,0.0,10.425,1.226,1.213,78800000.0,,518700000.0,518700000.0,0.0,0.058,0.134,0.115,0.128,1000000.0,89300000.0,1.0,60982644.0,60344000.0,62542000.0,8.596,588500000.0,26900000.0,20600000.0,71400000.0,9.752,111600000.0
68,WST,MRT,2004-06-30,2004-06-30,2004-06-30,2021-07-30,0.0,618300000.0,605575000.0,208500000.0,409800000.0,0.835,4.55,-69000000.0,52900000.0,52900000.0,348200000.0,35900000.0,1.929,1.271,158000000.0,4800000.0,153200000.0,158000000.0,0.0,30700000.0,0.0,0.02,0.208,66400000.0,97100000.0,0.192,97100000.0,66400000.0,56700000.0,0.615,0.605,0.615,272300000.0,254650000.0,272300000.0,738672458.0,11.0,7.607,18600000.0,0.311,1.0,157500000.0,0.311,47500000.0,9700000.0,567800000.0,568900000.0,55500000.0,22900000.0,0.0,22900000.0,346000000.0,108100000.0,237900000.0,627072458.0,8600000.0,0.0,13200000.0,-24400000.0,-12200000.0,-23400000.0,-39000000.0,600000.0,87600000.0,1200000.0,35900000.0,35900000.0,35900000.0,22200000.0,0.0,0.071,72800000.0,84700000.0,24500000.0,0.338,2.303,17.467,17.195,261400000.0,0.0,10.575,1.24,1.251,81000000.0,,505700000.0,505700000.0,0.0,0.059,0.141,0.117,0.131,1000000.0,91300000.0,1.0,59297632.0,59840000.0,61408000.0,8.451,570800000.0,26700000.0,20800000.0,71800000.0,9.539,100400000.0
69,WST,MRT,2004-03-31,2004-03-31,2004-03-31,2021-07-30,0.0,604800000.0,592850000.0,194800000.0,410000000.0,0.837,4.468,-69600000.0,40600000.0,40600000.0,339500000.0,35100000.0,1.774,1.299,152200000.0,3600000.0,148600000.0,152200000.0,0.0,30900000.0,0.0,0.022,0.205,64000000.0,94900000.0,0.191,94900000.0,64000000.0,54300000.0,0.605,0.6,0.605,263100000.0,242000000.0,263100000.0,688484004.0,11.0,7.255,9900000.0,0.168,1.0,156500000.0,0.316,48200000.0,9700000.0,558400000.0,566075000.0,52200000.0,22900000.0,0.0,22900000.0,341700000.0,109800000.0,231900000.0,551284004.0,3500000.0,0.0,7800000.0,-25300000.0,-12000000.0,-29500000.0,-33600000.0,600000.0,79500000.0,3800000.0,35100000.0,35100000.0,35100000.0,19400000.0,0.0,0.071,77000000.0,79500000.0,26600000.0,0.339,2.095,15.706,15.455,259700000.0,0.0,9.35,1.111,1.11,83700000.0,,496000000.0,496000000.0,0.0,0.059,0.145,0.113,0.129,1000000.0,91800000.0,1.0,58960856.0,58888000.0,60268000.0,8.423,556600000.0,26700000.0,19200000.0,73500000.0,9.452,85000000.0
70,WST,MRT,2003-12-31,2003-12-31,2003-12-31,2021-07-30,18900000.0,623600000.0,577125000.0,216700000.0,406900000.0,0.838,4.437,-60400000.0,37800000.0,37800000.0,330000000.0,31900000.0,1.823,1.421,175000000.0,8000000.0,167000000.0,175000000.0,0.0,31200000.0,0.0,0.024,0.203,58300000.0,89500000.0,0.185,89500000.0,58300000.0,48600000.0,0.55,0.55,0.55,257600000.0,227975000.0,257600000.0,618004272.0,11.0,6.905,23300000.0,0.401,1.0,153400000.0,0.317,40900000.0,9700000.0,601000000.0,561600000.0,47600000.0,22200000.0,0.0,22200000.0,366000000.0,118900000.0,247100000.0,493604272.0,4600000.0,0.0,3000000.0,-3300000.0,-11800000.0,-12100000.0,-56700000.0,0.0,83700000.0,4600000.0,31900000.0,31900000.0,31900000.0,17500000.0,0.0,0.066,81400000.0,72000000.0,28600000.0,0.369,1.916,15.473,15.409,251100000.0,0.0,8.475,1.021,1.018,113300000.0,281200000.0,483400000.0,483400000.0,0.0,0.055,0.14,0.104,0.121,1000000.0,91100000.0,1.0,58242392.0,58052000.0,58184000.0,8.327,582700000.0,27800000.0,16700000.0,69800000.0,10.038,97800000.0
71,WST,MRT,2003-09-30,2003-09-30,2003-09-30,2021-07-30,0.0,575600000.0,553625000.0,193400000.0,382200000.0,0.84,3.888,-40500000.0,54500000.0,54500000.0,321400000.0,18200000.0,1.856,1.551,178900000.0,16200000.0,162700000.0,178900000.0,0.0,31200000.0,0.0,0.026,0.2,27700000.0,58900000.0,0.127,58900000.0,27700000.0,18500000.0,0.315,0.315,0.315,225600000.0,213950000.0,225600000.0,589125081.0,21.0,10.002,31600000.0,0.545,1.0,143400000.0,0.309,47400000.0,9200000.0,548400000.0,546450000.0,45900000.0,20200000.0,0.0,20200000.0,350000000.0,104200000.0,245800000.0,453825081.0,18800000.0,0.0,300000.0,-3400000.0,-11600000.0,-14700000.0,-28000000.0,0.0,72100000.0,4400000.0,18200000.0,18200000.0,18200000.0,5500000.0,0.0,0.039,94800000.0,48600000.0,25100000.0,0.635,2.012,24.935,24.849,232900000.0,0.0,7.827,0.976,0.977,76600000.0,,464800000.0,464800000.0,0.0,0.033,0.085,0.051,0.06,100000.0,85700000.0,1.0,57978292.0,58024000.0,58396000.0,8.01,528200000.0,27100000.0,300000.0,57700000.0,9.103,89200000.0
72,WST,MRT,2003-06-30,2003-06-30,2003-06-30,2021-07-30,0.0,567400000.0,538825000.0,189300000.0,378100000.0,0.833,3.827,-33100000.0,44300000.0,44300000.0,314900000.0,17700000.0,1.91,1.559,179600000.0,15500000.0,164100000.0,179600000.0,0.0,31600000.0,0.0,0.032,0.198,23000000.0,54600000.0,0.122,54600000.0,23000000.0,13700000.0,0.307,0.307,0.307,221700000.0,205975000.0,221700000.0,491244786.0,21.0,8.997,36500000.0,0.63,1.0,133900000.0,0.298,47100000.0,9300000.0,556500000.0,544575000.0,45000000.0,19500000.0,0.0,19500000.0,345700000.0,99100000.0,246600000.0,354744786.0,16300000.0,-1000000.0,0.0,-9700000.0,-11400000.0,-21100000.0,-27900000.0,0.0,69600000.0,3800000.0,17700000.0,17700000.0,17700000.0,-100000.0,0.0,0.039,94100000.0,39800000.0,21900000.0,0.645,1.6,20.042,19.951,222100000.0,0.0,6.125,0.79,0.791,87500000.0,,448800000.0,448800000.0,0.0,0.033,0.086,0.042,0.051,100000.0,77000000.0,1.0,57917516.0,57932000.0,57932000.0,7.747,520300000.0,29200000.0,-4000000.0,60200000.0,8.981,90200000.0
73,WST,MRT,2003-03-31,2003-03-31,2003-03-31,2021-07-30,0.0,541900000.0,528250000.0,172500000.0,369400000.0,0.812,3.574,-30300000.0,37100000.0,37100000.0,305700000.0,16100000.0,1.861,1.618,173600000.0,12900000.0,160700000.0,173600000.0,0.0,31400000.0,0.0,0.04,0.195,21500000.0,52900000.0,0.123,52900000.0,21500000.0,11400000.0,0.28,0.28,0.28,207000000.0,199000000.0,207000000.0,425766152.0,20.0,8.049,40000000.0,0.691,1.0,123200000.0,0.287,45200000.0,10100000.0,540500000.0,544325000.0,42400000.0,18900000.0,0.0,18900000.0,334900000.0,92700000.0,242200000.0,283966152.0,8200000.0,-1000000.0,1100000.0,-20200000.0,-11200000.0,-30300000.0,-29900000.0,0.0,70300000.0,4800000.0,16100000.0,16100000.0,16100000.0,-200000.0,0.0,0.038,85100000.0,38100000.0,21600000.0,0.696,1.372,17.638,17.5,213700000.0,0.0,4.9,0.662,0.662,83200000.0,,428900000.0,428900000.0,0.0,0.03,0.081,0.039,0.05,100000.0,71700000.0,1.0,57952276.0,57920000.0,57920000.0,7.405,496700000.0,28700000.0,-4700000.0,62200000.0,8.576,79800000.0
74,WST,MRT,2002-12-31,2002-12-31,2002-12-31,2021-07-30,-13400000.0,529600000.0,519450000.0,161800000.0,367800000.0,0.795,3.49,-33600000.0,33200000.0,33200000.0,295200000.0,18400000.0,1.834,1.628,175000000.0,15800000.0,159200000.0,175000000.0,0.0,31200000.0,0.0,0.032,0.193,26800000.0,58000000.0,0.141,58000000.0,26800000.0,16200000.0,0.32,0.32,0.32,201500000.0,191400000.0,201500000.0,495316915.0,18.0,8.54,25500000.0,0.442,1.0,117600000.0,0.285,42800000.0,10600000.0,540400000.0,546300000.0,41300000.0,18000000.0,0.0,18000000.0,328100000.0,88200000.0,239900000.0,352916915.0,-8900000.0,-1000000.0,3200000.0,-25100000.0,-11100000.0,-33000000.0,-30600000.0,0.0,59100000.0,2500000.0,18400000.0,18400000.0,18400000.0,0.0,0.0,0.045,75900000.0,41700000.0,19200000.0,0.603,1.751,19.18,19.062,223300000.0,0.0,6.1,0.855,0.853,66600000.0,261200000.0,412800000.0,412800000.0,0.0,0.035,0.096,0.049,0.065,100000.0,67600000.0,1.0,57855232.0,57736000.0,57736000.0,7.15,486800000.0,28700000.0,-2200000.0,60300000.0,8.431,73600000.0
75,WST,MRT,2002-09-30,2002-09-30,2002-09-30,2021-07-30,0.0,516400000.0,514875000.0,154700000.0,361700000.0,0.793,3.348,-13200000.0,35700000.0,35700000.0,291400000.0,-4600000.0,2.06,1.666,178100000.0,6100000.0,172000000.0,178100000.0,0.0,32400000.0,0.0,0.035,0.19,13000000.0,45400000.0,0.111,45400000.0,13000000.0,1800000.0,-0.08,-0.08,-0.08,193700000.0,185225000.0,193700000.0,467078332.0,36.0,10.288,42600000.0,0.736,1.0,116900000.0,0.286,42800000.0,11200000.0,540900000.0,548300000.0,40400000.0,18900000.0,0.0,18900000.0,322700000.0,75100000.0,247600000.0,309778332.0,-5900000.0,-2100000.0,3100000.0,-46600000.0,-11000000.0,-54500000.0,-15500000.0,0.0,55800000.0,100000.0,-4600000.0,-4600000.0,-4600000.0,20000000.0,0.0,-0.011,87500000.0,29400000.0,19700000.0,-2.375,1.599,-67.343,-66.938,217300000.0,0.0,5.355,0.759,0.759,63200000.0,,408300000.0,408300000.0,0.0,-0.009,-0.025,0.024,0.032,400000.0,78400000.0,1.0,57848428.0,57852000.0,57852000.0,7.058,473600000.0,25600000.0,6400000.0,57100000.0,8.186,79600000.0
76,WST,MRT,2002-06-30,2002-06-30,2002-06-30,2021-07-30,0.0,525100000.0,529900000.0,153500000.0,371600000.0,0.756,3.358,-11900000.0,28000000.0,28000000.0,283500000.0,-2300000.0,1.838,1.709,185300000.0,13300000.0,172000000.0,185300000.0,0.0,32100000.0,0.0,0.023,0.188,20500000.0,52600000.0,0.131,52600000.0,20500000.0,8400000.0,-0.04,-0.04,-0.04,193800000.0,187825000.0,193800000.0,620320368.0,30.0,11.793,26700000.0,0.463,1.0,117200000.0,0.292,43400000.0,12100000.0,555500000.0,564100000.0,40400000.0,19800000.0,0.0,19800000.0,331300000.0,83500000.0,247800000.0,462820368.0,-11300000.0,-1100000.0,3400000.0,-30000000.0,-10900000.0,-37500000.0,-15700000.0,0.0,38600000.0,1800000.0,-2300000.0,-2300000.0,-2300000.0,25400000.0,0.0,-0.006,76000000.0,41200000.0,20400000.0,-4.7,2.388,-201.226,-200.562,222500000.0,0.0,8.023,1.155,1.156,70700000.0,,400700000.0,400700000.0,0.0,-0.004,-0.012,0.036,0.051,400000.0,77600000.0,1.0,57690292.0,57720000.0,58028000.0,6.942,481700000.0,28800000.0,10700000.0,59500000.0,8.345,70000000.0
77,WST,MRT,2002-03-31,2002-03-31,2002-03-31,2021-07-30,0.0,506700000.0,537525000.0,152400000.0,354300000.0,0.734,3.073,-12700000.0,28900000.0,28900000.0,278600000.0,-4500000.0,1.821,1.869,186400000.0,15000000.0,171400000.0,186400000.0,0.0,31800000.0,0.0,0.024,0.185,17700000.0,49500000.0,0.125,49500000.0,17700000.0,5100000.0,-0.078,-0.078,-0.078,176600000.0,187875000.0,176600000.0,588534556.0,33.0,11.89,26100000.0,0.454,1.0,116100000.0,0.294,32100000.0,12600000.0,548400000.0,571975000.0,36500000.0,19500000.0,0.0,19500000.0,330100000.0,83700000.0,246400000.0,437634556.0,-8900000.0,-1100000.0,2200000.0,-24000000.0,-10700000.0,-32500000.0,-16200000.0,0.0,38800000.0,-1300000.0,-4500000.0,-4500000.0,-4500000.0,25200000.0,0.0,-0.011,77000000.0,39100000.0,22000000.0,-2.372,2.478,-97.252,-97.276,211600000.0,0.0,7.588,1.109,1.105,70900000.0,,394700000.0,394700000.0,0.0,-0.008,-0.024,0.031,0.045,400000.0,74100000.0,1.0,57678360.0,57464000.0,57588000.0,6.869,474600000.0,28100000.0,9600000.0,59300000.0,8.259,68700000.0
78,WST,MRT,2001-12-31,2001-12-31,2001-12-31,2021-07-30,-27400000.0,511300000.0,549925000.0,158500000.0,352800000.0,0.713,3.083,-13900000.0,42100000.0,42100000.0,277500000.0,-5200000.0,2.105,1.892,193000000.0,8700000.0,184300000.0,193000000.0,0.0,31900000.0,0.0,0.027,0.182,16900000.0,48800000.0,0.124,48800000.0,16900000.0,3400000.0,-0.09,-0.09,-0.09,176800000.0,193150000.0,176800000.0,559887773.0,33.0,11.473,23600000.0,0.412,1.0,114800000.0,0.293,38500000.0,13500000.0,548400000.0,582625000.0,34300000.0,20800000.0,0.0,20800000.0,334500000.0,75300000.0,259200000.0,381587773.0,-600000.0,-1100000.0,600000.0,-5900000.0,-10500000.0,-15800000.0,-20800000.0,0.0,37500000.0,-2100000.0,-5200000.0,-5200000.0,-5200000.0,24900000.0,0.0,-0.013,74900000.0,39900000.0,22200000.0,-2.022,2.158,-73.382,-73.889,210100000.0,0.0,6.65,0.973,0.972,59500000.0,254000000.0,392300000.0,392300000.0,0.0,-0.009,-0.027,0.029,0.043,400000.0,72000000.0,1.0,57381620.0,57344000.0,57392000.0,6.841,472800000.0,29500000.0,8600000.0,53800000.0,8.245,83200000.0
79,WST,MRT,2001-09-30,2001-09-30,2001-09-30,2021-07-30,0.0,576500000.0,559375000.0,183200000.0,393300000.0,0.61,3.557,-36100000.0,41600000.0,41600000.0,229000000.0,1300000.0,1.819,1.825,219900000.0,24500000.0,195400000.0,219900000.0,0.0,26100000.0,0.0,0.029,0.18,21400000.0,47500000.0,0.139,47500000.0,21400000.0,10600000.0,0.025,0.025,0.025,204100000.0,200150000.0,204100000.0,523380581.0,24.0,11.019,-5900000.0,-0.103,1.0,112200000.0,0.329,50000000.0,10800000.0,604100000.0,595500000.0,42400000.0,20200000.0,0.0,20200000.0,372400000.0,100700000.0,271700000.0,352680581.0,0.0,-1400000.0,1500000.0,26000000.0,-10100000.0,17400000.0,-39400000.0,0.0,30200000.0,-400000.0,1300000.0,1300000.0,1300000.0,17800000.0,0.0,0.004,71500000.0,40700000.0,24000000.0,7.2,1.728,271.293,246.0,241400000.0,0.0,6.15,1.034,1.034,75000000.0,,341200000.0,341200000.0,0.0,0.002,0.006,0.036,0.063,0.0,63100000.0,1.0,57346436.0,57372000.0,57412000.0,5.947,526500000.0,13300000.0,9300000.0,58800000.0,9.177,82500000.0
80,WST,MRT,2001-06-30,2001-06-30,2001-06-30,2021-07-30,0.0,555600000.0,555750000.0,172600000.0,383000000.0,0.63,3.383,-40500000.0,39300000.0,39300000.0,239800000.0,0.0,1.903,1.864,210000000.0,14900000.0,195100000.0,210000000.0,0.0,27400000.0,0.0,0.026,0.178,19300000.0,46700000.0,0.133,46700000.0,19300000.0,8300000.0,0.002,0.002,0.002,194000000.0,203975000.0,194000000.0,558311979.0,29.0,11.955,-3200000.0,-0.056,1.0,110200000.0,0.315,48600000.0,11000000.0,587000000.0,588050000.0,41300000.0,20400000.0,0.0,20400000.0,361600000.0,90700000.0,270900000.0,387011979.0,2000000.0,-2400000.0,400000.0,26700000.0,-9900000.0,17200000.0,-41200000.0,0.0,37300000.0,-3300000.0,0.0,0.0,0.0,18000000.0,0.0,0.0,71300000.0,38900000.0,26200000.0,89.0,1.995,,3375.0,234100000.0,0.0,6.75,1.106,1.106,69700000.0,,350000000.0,350000000.0,0.0,0.0,0.0,0.033,0.055,0.0,61300000.0,1.0,57335108.0,57344000.0,57424000.0,6.104,507000000.0,29900000.0,8300000.0,57300000.0,8.841,81900000.0
81,WST,MRT,2001-03-31,2001-03-31,2001-03-31,2021-07-30,0.0,556300000.0,555800000.0,173800000.0,382500000.0,0.653,3.451,-45000000.0,37800000.0,37800000.0,254300000.0,1900000.0,2.002,1.814,209100000.0,13900000.0,195200000.0,209100000.0,0.0,38200000.0,0.0,0.03,0.175,23500000.0,61700000.0,0.17,61700000.0,23500000.0,12100000.0,0.035,0.035,0.035,197700000.0,211350000.0,197700000.0,491435233.0,21.0,7.965,-6600000.0,-0.115,1.0,108800000.0,0.3,49800000.0,11400000.0,591000000.0,579600000.0,43100000.0,21000000.0,0.0,21000000.0,358600000.0,86800000.0,271800000.0,334735233.0,-17200000.0,-2400000.0,-3400000.0,17100000.0,-9900000.0,3800000.0,-46300000.0,0.0,38400000.0,-2900000.0,1900000.0,1900000.0,1900000.0,18300000.0,0.0,0.005,65800000.0,43000000.0,25400000.0,5.0,1.693,176.176,166.786,233700000.0,0.0,5.838,0.922,0.921,70700000.0,,363100000.0,363100000.0,0.0,0.003,0.009,0.041,0.065,0.0,60300000.0,1.0,57342224.0,57280000.0,57292000.0,6.339,506500000.0,28100000.0,10200000.0,56000000.0,8.843,87000000.0
82,WST,MRT,2000-12-31,2000-12-31,2000-12-31,2021-07-30,-14500000.0,549100000.0,557425000.0,158800000.0,390300000.0,0.668,3.554,-47400000.0,42700000.0,42700000.0,265000000.0,1600000.0,2.237,1.681,199400000.0,3600000.0,195800000.0,199400000.0,0.0,30200000.0,0.0,0.028,0.173,22800000.0,53000000.0,0.142,53000000.0,22800000.0,11700000.0,0.028,0.028,0.028,204800000.0,218100000.0,204800000.0,502553420.0,22.0,9.482,-100000.0,-0.002,1.0,107500000.0,0.289,34900000.0,11100000.0,599900000.0,558075000.0,34800000.0,22000000.0,0.0,22000000.0,344300000.0,71000000.0,273300000.0,351653420.0,-2600000.0,-3400000.0,-9300000.0,30300000.0,-9800000.0,11200000.0,-50900000.0,0.0,47300000.0,-1900000.0,1600000.0,1600000.0,1600000.0,18400000.0,0.0,0.004,65000000.0,42500000.0,23500000.0,6.179,1.717,219.783,219.286,201600000.0,0.0,6.14,0.944,0.95,53700000.0,269800000.0,372500000.0,372500000.0,0.0,0.003,0.007,0.041,0.061,0.0,59500000.0,1.0,57272544.0,57628000.0,57636000.0,6.464,514200000.0,33400000.0,10100000.0,60100000.0,8.923,87800000.0
83,WST,MRT,2000-09-30,2000-09-30,2000-09-30,2021-07-30,0.0,562000000.0,558100000.0,182900000.0,379100000.0,0.662,3.826,-48600000.0,41600000.0,41600000.0,262600000.0,24900000.0,2.342,1.562,192500000.0,500000.0,192000000.0,192500000.0,0.0,58800000.0,0.0,0.029,0.17,43000000.0,101800000.0,0.275,101800000.0,43000000.0,30700000.0,0.425,0.425,0.425,219400000.0,224700000.0,219400000.0,481049912.0,11.0,4.725,300000.0,0.005,1.0,107100000.0,0.29,60500000.0,12300000.0,574300000.0,534875000.0,41600000.0,21300000.0,0.0,21300000.0,342600000.0,78100000.0,264500000.0,333849912.0,4100000.0,-2000000.0,-19300000.0,31300000.0,-10500000.0,1500000.0,-49900000.0,0.0,48900000.0,-3100000.0,24900000.0,24900000.0,24900000.0,-2800000.0,0.0,0.067,68700000.0,38400000.0,25700000.0,0.4,1.522,13.408,13.676,235700000.0,0.0,5.812,0.903,0.902,67800000.0,,369700000.0,369700000.0,0.0,0.045,0.111,0.08,0.116,0.0,68000000.0,1.0,57436544.0,57348000.0,57348000.0,6.447,501500000.0,7200000.0,5800000.0,57400000.0,8.745,104800000.0
84,WST,MRT,2000-06-30,2000-06-30,2000-06-30,2021-07-30,0.0,555800000.0,552825000.0,178100000.0,377700000.0,0.686,3.863,-49300000.0,37300000.0,37300000.0,262700000.0,28900000.0,2.057,1.487,184500000.0,11900000.0,172600000.0,184500000.0,0.0,49600000.0,0.0,0.031,0.168,50200000.0,99800000.0,0.263,99800000.0,50200000.0,38200000.0,0.49,0.487,0.49,223500000.0,228500000.0,223500000.0,453426870.0,9.0,4.543,300000.0,0.005,1.0,116800000.0,0.308,63200000.0,12000000.0,553200000.0,519400000.0,43700000.0,21700000.0,0.0,21700000.0,332300000.0,86600000.0,245700000.0,313426870.0,-2300000.0,-2300000.0,-17200000.0,21100000.0,-10500000.0,-6600000.0,-50500000.0,0.0,49600000.0,-1500000.0,28900000.0,28900000.0,28900000.0,-2800000.0,0.0,0.076,71400000.0,45400000.0,22600000.0,0.343,1.402,10.845,11.031,233100000.0,0.0,5.405,0.826,0.824,69800000.0,,379500000.0,379500000.0,0.0,0.052,0.126,0.097,0.132,0.0,70700000.0,1.0,57988320.0,57852000.0,57860000.0,6.56,492600000.0,7200000.0,9300000.0,59100000.0,8.515,91500000.0
85,WST,MRT,2000-03-31,2000-03-31,2000-03-31,2021-07-30,0.0,562800000.0,546375000.0,193400000.0,369400000.0,0.714,3.862,-45700000.0,55000000.0,55000000.0,261900000.0,34300000.0,1.449,1.505,195000000.0,64300000.0,130700000.0,195000000.0,0.0,30800000.0,0.0,0.026,0.165,58600000.0,89400000.0,0.229,89400000.0,58600000.0,47200000.0,0.577,0.572,0.577,224700000.0,228850000.0,224700000.0,493970245.0,8.0,5.525,7200000.0,0.124,1.0,128400000.0,0.329,64400000.0,11400000.0,504900000.0,507675000.0,43100000.0,20600000.0,0.0,20600000.0,338100000.0,133500000.0,204600000.0,368170245.0,22000000.0,-18200000.0,-19200000.0,57500000.0,-10400000.0,27900000.0,-63800000.0,0.0,52900000.0,-1700000.0,34300000.0,34300000.0,34300000.0,-2800000.0,0.0,0.088,74100000.0,54300000.0,22400000.0,0.286,1.638,10.734,10.966,228700000.0,0.0,6.327,0.943,0.943,69300000.0,,390300000.0,390300000.0,0.0,0.063,0.15,0.115,0.15,0.0,73400000.0,1.0,58185736.0,58184000.0,58248000.0,6.708,498400000.0,7200000.0,12900000.0,53900000.0,8.566,59900000.0
86,WST,MRT,1999-12-31,1999-12-31,1999-12-31,2021-07-30,-5300000.0,551800000.0,530750000.0,184700000.0,367100000.0,0.746,3.876,-39200000.0,45300000.0,45300000.0,261200000.0,38700000.0,1.776,1.387,171100000.0,29600000.0,141500000.0,171100000.0,0.0,30800000.0,0.0,0.021,0.163,65200000.0,96000000.0,0.243,96000000.0,65200000.0,54800000.0,0.647,0.642,0.647,231200000.0,229500000.0,231200000.0,587479693.0,9.0,6.12,16600000.0,0.278,1.0,134600000.0,0.34,66500000.0,10400000.0,507100000.0,501925000.0,42100000.0,20200000.0,0.0,20200000.0,320600000.0,104000000.0,216600000.0,461379693.0,14000000.0,-17200000.0,-15300000.0,34200000.0,-10300000.0,8600000.0,-54800000.0,0.0,55800000.0,-2300000.0,38700000.0,38700000.0,38700000.0,-2800000.0,0.0,0.098,73700000.0,60900000.0,25500000.0,0.252,1.996,11.922,11.955,227600000.0,0.0,7.735,1.166,1.166,74600000.0,278100000.0,395800000.0,395800000.0,0.0,0.073,0.169,0.13,0.165,0.0,73000000.0,1.0,59648312.0,59656000.0,60192000.0,6.635,485300000.0,25600000.0,16100000.0,53500000.0,8.135,80700000.0
87,WST,MRT,1999-09-30,1999-09-30,1999-09-30,2021-07-30,0.0,540900000.0,519825000.0,175800000.0,365100000.0,0.901,3.937,-46100000.0,37500000.0,37500000.0,324300000.0,38500000.0,2.103,1.306,163600000.0,8200000.0,155400000.0,163600000.0,0.0,32300000.0,0.0,0.017,0.16,70900000.0,103200000.0,0.22,103200000.0,70900000.0,60900000.0,0.63,0.622,0.63,234600000.0,229225000.0,234600000.0,690059577.0,10.0,6.687,25100000.0,0.421,1.0,144200000.0,0.308,71000000.0,10000000.0,512400000.0,487650000.0,42000000.0,17100000.0,0.0,17100000.0,306300000.0,83600000.0,222700000.0,564259577.0,-12600000.0,-32600000.0,-65900000.0,71700000.0,-9100000.0,-3300000.0,-77800000.0,0.0,71200000.0,-2700000.0,38500000.0,38500000.0,38500000.0,0.0,0.0,0.082,75600000.0,68600000.0,18300000.0,0.254,2.405,14.656,15.056,222400000.0,0.0,9.485,1.204,1.206,74900000.0,,468500000.0,468500000.0,0.0,0.074,0.168,0.145,0.151,0.0,73900000.0,1.0,59489676.0,59592000.0,60296000.0,7.862,469900000.0,9600000.0,22400000.0,51600000.0,7.885,92200000.0
88,WST,MRT,1999-06-30,1999-06-30,1999-06-30,2021-07-30,0.0,530000000.0,515025000.0,176400000.0,353600000.0,0.907,3.762,-42100000.0,39600000.0,39600000.0,324000000.0,36400000.0,2.256,1.357,165400000.0,5100000.0,160300000.0,165400000.0,0.0,32300000.0,0.0,0.016,0.158,67800000.0,100100000.0,0.214,100100000.0,67800000.0,58900000.0,0.58,0.575,0.58,224900000.0,240425000.0,224900000.0,697348076.0,10.0,6.967,42900000.0,0.718,1.0,143300000.0,0.307,71300000.0,8900000.0,506300000.0,455950000.0,40500000.0,15500000.0,0.0,15500000.0,305100000.0,78200000.0,226900000.0,590048076.0,-9000000.0,-43900000.0,-67000000.0,70000000.0,-9200000.0,-6200000.0,-86700000.0,0.0,85000000.0,-1100000.0,36400000.0,36400000.0,36400000.0,0.0,0.0,0.078,77400000.0,65900000.0,19900000.0,0.272,2.624,16.21,16.918,214500000.0,0.0,9.812,1.263,1.255,75200000.0,,467300000.0,467300000.0,0.0,0.071,0.151,0.149,0.145,0.0,72000000.0,1.0,60132288.0,59780000.0,60172000.0,7.817,458700000.0,9600000.0,22500000.0,49200000.0,7.673,98200000.0
89,WST,MRT,1999-03-31,1999-03-31,1999-03-31,2021-07-30,0.0,500300000.0,506650000.0,162500000.0,337800000.0,0.905,3.768,-41500000.0,33000000.0,33000000.0,320400000.0,35900000.0,2.404,1.201,140300000.0,700000.0,139600000.0,140300000.0,0.0,32300000.0,0.0,0.019,0.155,65600000.0,97900000.0,0.213,97900000.0,65600000.0,57600000.0,0.55,0.547,0.55,227300000.0,252000000.0,227300000.0,604813885.0,9.0,6.178,34500000.0,0.572,1.0,138300000.0,0.302,58100000.0,8000000.0,481900000.0,435400000.0,41200000.0,15800000.0,0.0,15800000.0,273000000.0,67600000.0,205400000.0,542113885.0,-33400000.0,-28000000.0,-60700000.0,28300000.0,-9300000.0,-41700000.0,-66800000.0,0.0,76000000.0,-900000.0,35900000.0,35900000.0,35900000.0,0.0,0.0,0.078,75300000.0,63000000.0,18400000.0,0.282,2.385,15.101,14.491,212900000.0,0.0,7.97,1.182,1.048,68100000.0,,458700000.0,458700000.0,0.0,0.071,0.142,0.151,0.143,0.0,70700000.0,1.0,68019308.0,60328000.0,60532000.0,7.603,442200000.0,9600000.0,21700000.0,52000000.0,7.33,94900000.0
90,WST,MRT,1998-12-31,1998-12-31,1998-12-31,2021-07-30,7200000.0,508100000.0,508675000.0,159700000.0,348400000.0,0.884,3.5,-40600000.0,31300000.0,31300000.0,314500000.0,6700000.0,1.497,1.208,141100000.0,36100000.0,105000000.0,141100000.0,0.0,32300000.0,0.0,0.017,0.152,35100000.0,67400000.0,0.15,67400000.0,35100000.0,27900000.0,0.102,0.1,0.102,230100000.0,261200000.0,230100000.0,669602276.0,19.0,9.935,30400000.0,0.462,1.0,135200000.0,0.301,61200000.0,7200000.0,450000000.0,407475000.0,43500000.0,15700000.0,0.0,15700000.0,278000000.0,106700000.0,171300000.0,606902276.0,-21000000.0,-34900000.0,-57800000.0,48200000.0,-9400000.0,-19000000.0,-73800000.0,0.0,71000000.0,800000.0,6700000.0,6700000.0,6700000.0,0.0,0.0,0.015,102700000.0,32500000.0,20800000.0,1.49,2.638,90.582,87.475,222800000.0,0.0,8.922,1.35,1.304,64400000.0,249300000.0,449700000.0,449700000.0,0.0,0.013,0.026,0.086,0.078,0.0,70500000.0,1.0,68019308.0,65740000.0,66016000.0,6.841,446900000.0,9700000.0,21200000.0,47600000.0,6.798,53000000.0
91,WST,MRT,1998-09-30,1998-09-30,1998-09-30,2021-07-30,0.0,521700000.0,501125000.0,186300000.0,335400000.0,0.887,4.108,-36400000.0,50000000.0,50000000.0,311000000.0,5300000.0,2.036,0.867,112700000.0,17800000.0,94900000.0,112700000.0,0.0,31900000.0,0.0,0.021,0.15,33500000.0,65400000.0,0.147,65400000.0,33500000.0,27200000.0,0.07,0.07,0.07,279400000.0,273100000.0,279400000.0,551701901.0,16.0,8.436,17500000.0,0.257,1.0,133400000.0,0.3,107300000.0,6300000.0,385600000.0,396225000.0,44800000.0,14300000.0,0.0,14300000.0,242300000.0,91500000.0,150800000.0,488701901.0,-3000000.0,-19500000.0,3600000.0,4100000.0,-10000000.0,-2300000.0,-55300000.0,0.0,53900000.0,700000.0,5300000.0,5300000.0,5300000.0,0.0,0.0,0.012,100400000.0,33000000.0,16200000.0,2.143,1.749,92.208,102.679,213800000.0,0.0,7.188,1.1,1.1,71200000.0,,444400000.0,444400000.0,0.0,0.011,0.019,0.085,0.075,0.0,69300000.0,1.0,67993308.0,68012000.0,68312000.0,6.534,414400000.0,9500000.0,21900000.0,42100000.0,6.093,94800000.0
92,WST,MRT,1998-06-30,1998-06-30,1998-06-30,2021-07-30,0.0,496500000.0,,181900000.0,314600000.0,,3.99,-35900000.0,48600000.0,48600000.0,306500000.0,16100000.0,2.419,0.831,111600000.0,16400000.0,95200000.0,111600000.0,0.0,31900000.0,0.0,0.021,0.147,35200000.0,67100000.0,0.154,67100000.0,35200000.0,29300000.0,0.237,0.238,0.237,271200000.0,,271200000.0,540125372.0,15.0,8.05,13200000.0,0.194,1.0,129200000.0,0.297,60200000.0,5900000.0,424100000.0,,42800000.0,15000000.0,0.0,15000000.0,225300000.0,75200000.0,150100000.0,480725372.0,7200000.0,-6900000.0,4500000.0,7300000.0,-9800000.0,2000000.0,-42100000.0,0.0,49100000.0,-1800000.0,16100000.0,16100000.0,16100000.0,0.0,0.0,0.037,95700000.0,33500000.0,15700000.0,0.62,1.773,29.859,29.863,205600000.0,0.0,7.077,1.103,1.104,69800000.0,,435700000.0,435700000.0,0.0,,,,0.081,0.0,68300000.0,1.0,67923048.0,67964000.0,68284000.0,6.411,436300000.0,9500000.0,13200000.0,37400000.0,6.42,106700000.0
93,WST,MRT,1998-03-31,1998-03-31,1998-03-31,2021-07-30,0.0,508400000.0,,199500000.0,308900000.0,,3.977,-33400000.0,66400000.0,66400000.0,312300000.0,16300000.0,1.905,0.925,125800000.0,40900000.0,84900000.0,125800000.0,0.0,31900000.0,0.0,0.019,0.145,35300000.0,67200000.0,0.152,67200000.0,35300000.0,29900000.0,0.245,0.245,0.245,264100000.0,,264100000.0,,,,31700000.0,0.477,1.0,130700000.0,0.295,92900000.0,5400000.0,370200000.0,,43200000.0,14400000.0,0.0,14400000.0,244300000.0,104700000.0,139600000.0,507363418.0,37500000.0,-6900000.0,4600000.0,20400000.0,-9600000.0,15400000.0,-41200000.0,0.0,65100000.0,-1800000.0,16300000.0,16300000.0,16300000.0,0.0,0.0,0.037,97200000.0,33500000.0,18600000.0,0.592,1.921,31.127,30.735,201600000.0,0.0,7.53,1.145,1.129,70000000.0,,443000000.0,443000000.0,0.0,,,,0.08,0.0,69000000.0,1.0,67378940.0,66412000.0,66412000.0,6.67,415500000.0,9700000.0,13600000.0,39500000.0,6.256,94800000.0
94,WST,MRT,1997-12-31,1997-12-31,1997-12-31,2021-07-30,3500000.0,477900000.0,477650000.0,170700000.0,307200000.0,0.947,4.214,-32700000.0,52300000.0,52300000.0,320400000.0,44400000.0,2.943,0.721,89000000.0,1600000.0,87400000.0,89000000.0,0.0,31900000.0,0.0,0.019,0.143,63300000.0,95200000.0,0.21,95200000.0,63300000.0,57700000.0,0.672,0.67,0.672,277700000.0,264850000.0,277700000.0,,,,35000000.0,0.531,1.0,132100000.0,0.292,51600000.0,5600000.0,405000000.0,414500000.0,38300000.0,22700000.0,0.0,22700000.0,200200000.0,58000000.0,142200000.0,501130866.0,25000000.0,0.0,4000000.0,-1700000.0,-9400000.0,-7100000.0,-33000000.0,0.0,67700000.0,-2600000.0,44400000.0,44400000.0,44400000.0,0.0,0.0,0.098,70200000.0,61900000.0,18600000.0,0.213,1.805,11.287,11.068,202200000.0,0.0,7.438,1.107,1.083,60400000.0,252500000.0,452500000.0,452500000.0,0.0,0.093,0.168,0.153,0.14,0.0,70200000.0,1.0,67378940.0,65900000.0,66288000.0,6.866,426300000.0,9400000.0,13300000.0,35500000.0,6.469,112700000.0
95,WST,MRT,1997-09-30,1997-09-30,1997-09-30,2021-07-30,,,,,,,,,,,,,,,,,,,,,,0.017,0.14,,,,,,,,,,,,,,,,,,1.0,,,,,,,,,,,,,,,,,,,,,,,,,,,,,,,,,,,,,,,,8.25,,,,,,,,,,,,,,1.0,,65924000.0,,,,,,,,
96,WST,MRT,1997-06-30,1997-06-30,1997-06-30,2021-07-30,,,,,,,,,,,,,,,,,,,,,,0.019,0.138,,,,,,,,,,,,,,,,,,1.0,,,,,,,,,,,,,,,,,,,,,,,,,,,,,,,,,,,,,,,,7.155,,,,,,,,,,,,,,1.0,,65804000.0,,,,,,,,
97,WST,MRT,1997-03-31,1997-03-31,1997-03-31,2021-07-30,,,,,,,,,,,,,,,,,,,,,,0.02,0.135,,,,,,,,,,,,,,,,,,1.0,,,,,,,,,,,,,,,,,,,,,,,,,,,,,,,,,,,,,,,,6.78,,,,,,,,,,,,,,1.0,,65632000.0,,,,,,,,
98,WST,MRT,1996-12-31,1996-12-31,1996-12-31,2021-07-30,16700000.0,477400000.0,,156700000.0,320700000.0,,3.837,-24500000.0,27300000.0,27300000.0,332700000.0,16400000.0,2.389,0.894,98400000.0,2900000.0,95500000.0,98400000.0,0.0,30700000.0,0.0,0.019,0.133,34100000.0,64800000.0,0.141,64800000.0,34100000.0,27200000.0,0.25,0.247,0.25,252000000.0,,252000000.0,,,,38900000.0,0.592,1.0,126100000.0,0.275,58900000.0,6900000.0,424000000.0,,44000000.0,24100000.0,0.0,24100000.0,225400000.0,65600000.0,159800000.0,,9900000.0,-1600000.0,-6500000.0,-13700000.0,-8700000.0,-28900000.0,-24500000.0,0.0,63400000.0,-100000.0,16400000.0,16400000.0,16400000.0,0.0,0.0,0.036,94300000.0,31800000.0,23900000.0,0.532,,,28.25,210300000.0,0.0,7.062,,1.011,69300000.0,217700000.0,458800000.0,458800000.0,0.0,,,,0.074,0.0,72800000.0,1.0,,65672000.0,66000000.0,6.986,418500000.0,10200000.0,10800000.0,42800000.0,6.373,91100000.0
99,WST,MRT,1995-12-31,1995-12-31,1995-12-31,2021-07-30,,,,,,,,-26800000.0,,,294700000.0,28700000.0,,,,,,,,29600000.0,,0.021,0.122,49900000.0,79500000.0,0.193,79500000.0,49900000.0,42600000.0,0.432,0.427,0.432,,,,,,,19300000.0,,1.0,118200000.0,0.286,,7300000.0,,,,,,,,,,,-9800000.0,-72200000.0,2800000.0,49200000.0,-8100000.0,43900000.0,-100600000.0,0.0,46100000.0,800000.0,28700000.0,28700000.0,28700000.0,0.0,0.0,0.07,69900000.0,48300000.0,,0.282,,,13.6,,0.0,5.875,,,,,412900000.0,412900000.0,0.0,,,,0.121,0.0,69900000.0,1.0,,,,,,,13900000.0,,,
