None,ticker,dimension,calendardate,datekey,reportperiod,lastupdated,accoci,assets,assetsavg,assetsc,assetsnc,assetturnover,bvps,capex,cashneq,cashnequsd,cor,consolinc,currentratio,de,debt,debtc,debtnc,debtusd,deferredrev,depamor,deposits,divyield,dps,ebit,ebitda,ebitdamargin,ebitdausd,ebitusd,ebt,eps,epsdil,epsusd,equity,equityavg,equityusd,ev,evebit,evebitda,fcf,fcfps,fxusd,gp,grossmargin,intangibles,intexp,invcap,invcapavg,inventory,investments,investmentsc,investmentsnc,liabilities,liabilitiesc,liabilitiesnc,marketcap,ncf,ncfbus,ncfcommon,ncfdebt,ncfdiv,ncff,ncfi,ncfinv,ncfo,ncfx,netinc,netinccmn,netinccmnusd,netincdis,netincnci,netmargin,opex,opinc,payables,payoutratio,pb,pe,pe1,ppnenet,prefdivis,price,ps,ps1,receivables,retearn,revenue,revenueusd,rnd,roa,roe,roic,ros,sbcomp,sgna,sharefactor,sharesbas,shareswa,shareswadil,sps,tangibles,taxassets,taxexp,taxliabilities,tbvps,workingcapital
0,BKNG,MRY,2020-12-31,2020-12-31,2020-12-31,2021-08-04,-118000000.0,21874000000.0,20698250000,12206000000.0,9668000000.0,0.328,119.417,-286000000.0,10562000000.0,10562000000.0,0.0,59000000.0,3.564,3.47,12380000000.0,985000000.0,11395000000.0,12380000000.0,323000000.0,642000000.0,0.0,0.0,0.0,923000000.0,1565000000.0,0.23,1565000000.0,923000000.0,567000000.0,1.45,1.44,1.45,4893000000.0,4409000000,4893000000.0,92229646850.0,100.0,58.933,-201000000.0,-4.906,1.0,6796000000.0,1.0,3707000000.0,356000000.0,16560000000.0,14614000000,0.0,4260000000.0,501000000.0,3759000000.0,16981000000.0,3425000000.0,13556000000.0,91217646850.0,4250000000.0,0.0,-1303000000.0,2864000000.0,0.0,1528000000.0,2637000000.0,2923000000.0,85000000.0,0.0,59000000.0,59000000.0,59000000.0,0.0,0.0,0.009,7427000000.0,-631000000.0,735000000.0,0.0,18.642,1546.062,1536.048,1285000000.0,0.0,2227.27,13.422,13.429,529000000.0,23288000000.0,6796000000.0,6796000000.0,0.0,0.003,0.013,0.063,0.136,255000000.0,5459000000.0,1.0,40954912.0,40974000.0,41160000.0,165.861,18167000000.0,0.0,508000000.0,2050000000.0,443.379,8781000000.0
1,BKNG,MRY,2019-12-31,2019-12-31,2019-12-31,2021-08-04,-191000000.0,21402000000.0,21677000000,9833000000.0,11569000000.0,0.695,137.714,-368000000.0,6312000000.0,6312000000.0,0.0,4865000000.0,1.832,2.607,9090000000.0,988000000.0,8102000000.0,9090000000.0,1561000000.0,641000000.0,0.0,0.0,0.0,6224000000.0,6865000000.0,0.456,6865000000.0,6224000000.0,5958000000.0,112.93,111.82,112.93,5933000000.0,6026500000,5933000000.0,88454306761.0,14.0,12.885,4497000000.0,104.382,1.0,15066000000.0,1.0,4867000000.0,266000000.0,13947000000.0,15031000000,0.0,5475000000.0,998000000.0,4477000000.0,15469000000.0,5366000000.0,10103000000.0,85960306761.0,3687000000.0,-9000000.0,-8187000000.0,-25000000.0,0.0,-8220000000.0,7050000000.0,7427000000.0,4865000000.0,-8000000.0,4865000000.0,4865000000.0,4865000000.0,0.0,0.0,0.323,9721000000.0,5345000000.0,1239000000.0,0.0,14.489,17.669,18.186,1358000000.0,0.0,2053.73,5.706,5.873,1680000000.0,23232000000.0,15066000000.0,15066000000.0,0.0,0.224,0.807,0.414,0.413,325000000.0,8967000000.0,1.0,41855700.0,43082000.0,43509000.0,349.705,16535000000.0,0.0,1093000000.0,1897000000.0,383.803,4467000000.0
2,BKNG,MRY,2018-12-31,2018-12-31,2018-12-31,2021-08-04,-316000000.0,22687000000.0,24343172250,8407000000.0,14280000000.0,0.597,185.158,-442000000.0,2624000000.0,2624000000.0,0.0,3998000000.0,2.365,1.582,8649000000.0,0.0,8649000000.0,8649000000.0,1022000000.0,426000000.0,0.0,0.0,0.0,5104000000.0,5530000000.0,0.381,5530000000.0,5104000000.0,4835000000.0,84.26,83.26,84.26,8785000000.0,9961446250,8785000000.0,85529810518.0,17.0,15.467,4896000000.0,103.191,1.0,14527000000.0,1.0,5035000000.0,269000000.0,20122000000.0,21000278750,0.0,12068000000.0,3660000000.0,8408000000.0,13902000000.0,3555000000.0,10347000000.0,79799005518.0,82000000.0,-273000000.0,-5971000000.0,-1462000000.0,0.0,-7431000000.0,2215000000.0,2930000000.0,5338000000.0,-40000000.0,3998000000.0,3998000000.0,3998000000.0,0.0,0.0,0.275,9186000000.0,5341000000.0,1134000000.0,0.0,9.084,19.96,20.442,656000000.0,0.0,1722.42,5.493,5.626,1523000000.0,18367000000.0,14527000000.0,14527000000.0,0.0,0.164,0.401,0.243,0.351,331000000.0,8527000000.0,1.0,46329586.0,47446000.0,48017000.0,306.18,17652000000.0,0.0,837000000.0,1536000000.0,372.044,4852000000.0
3,BKNG,MRY,2017-12-31,2017-12-31,2017-12-31,2021-08-04,238000000.0,25451000000.0,24173171500,9035000000.0,16416000000.0,0.525,229.844,-288000000.0,2542000000.0,2542000000.0,-242000000.0,2341000000.0,2.583,1.26,9524000000.0,711000000.0,8813000000.0,9524000000.0,980000000.0,363000000.0,0.0,0.0,0.0,4653000000.0,5016000000.0,0.396,5016000000.0,4653000000.0,4399000000.0,47.78,46.86,47.78,11261000000.0,11634670500,11261000000.0,91538372866.0,20.0,18.249,4374000000.0,89.276,1.0,12923000000.0,1.019,4915000000.0,254000000.0,24020000000.0,22370540500,0.0,15733000000.0,4860000000.0,10873000000.0,14187000000.0,3498000000.0,10689000000.0,84748790866.0,481000000.0,-553000000.0,-1828000000.0,1759000000.0,0.0,-79000000.0,-4202000000.0,-3361000000.0,4662000000.0,100000000.0,2341000000.0,2341000000.0,2341000000.0,0.0,0.0,0.185,7901000000.0,5022000000.0,668000000.0,0.0,7.526,36.202,36.37,480000000.0,0.0,1737.74,6.683,6.714,1218000000.0,13939000000.0,12681000000.0,12681000000.0,0.0,0.097,0.201,0.208,0.367,261000000.0,7349000000.0,1.0,48769546.0,48994000.0,49954000.0,258.828,20536000000.0,0.0,2058000000.0,1732000000.0,419.153,5537000000.0
4,BKNG,MRY,2016-12-31,2016-12-31,2016-12-31,2021-08-04,-134684000.0,19838973000.0,19473618250,5401519000.0,14437454000.0,0.552,198.423,-268000000.0,2081075000.0,2081075000.0,415000000.0,2135000000.0,1.89,1.017,7166794000.0,967734000.0,6199060000.0,7166794000.0,614361000.0,309000000.0,0.0,0.0,0.0,2921000000.0,3230000000.0,0.301,3230000000.0,2921000000.0,2713000000.0,43.14,42.65,43.14,9820142000.0,9487446000,9820142000.0,77262309428.0,26.0,23.92,3716000000.0,75.084,1.0,10328000000.0,0.961,4390791000.0,208000000.0,17675231000.0,16791210250,0.0,11809947000.0,2218880000.0,9591067000.0,9990293000.0,2858670000.0,7131623000.0,72342742428.0,604000000.0,-1000000.0,-996000000.0,995000000.0,0.0,-1000000.0,-3333000000.0,-3064000000.0,3984000000.0,-46000000.0,2135000000.0,2135000000.0,2135000000.0,0.0,0.0,0.199,7422000000.0,2906000000.0,419108000.0,0.0,7.367,33.884,33.984,347017000.0,0.0,1466.06,6.734,6.754,860115000.0,11326852000.0,10743000000.0,10743000000.0,0.0,0.11,0.225,0.174,0.272,311000000.0,6030000000.0,1.0,49345008.0,49491000.0,50063000.0,217.07,15448182000.0,0.0,578000000.0,822334000.0,312.141,2542849000.0
5,BKNG,MRY,2015-12-31,2015-12-31,2015-12-31,2021-08-04,244852000.0,17420575000.0,16976295750,3553237000.0,13867338000.0,0.543,172.663,-173915000.0,1477265000.0,1477265000.0,632180000.0,2551360000.0,2.469,0.981,6158443000.0,0.0,6158443000.0,6158443000.0,434881000.0,272494000.0,0.0,0.0,0.0,3288549000.0,3561043000.0,0.386,3561043000.0,3288549000.0,3128320000.0,50.09,49.45,50.09,8795469000.0,8627583000,8795469000.0,67050804631.0,20.0,18.829,3029608000.0,59.474,1.0,8591807000.0,0.931,5542533000.0,160229000.0,15119910000.0,13177659250,0.0,9102609000.0,1171246000.0,7931363000.0,8625106000.0,1439310000.0,7185796000.0,63471961631.0,-1671423000.0,-140338000.0,-3067988000.0,2251405000.0,0.0,-831288000.0,-3894527000.0,-3580274000.0,3203523000.0,-149131000.0,2551360000.0,2551360000.0,2551360000.0,0.0,0.0,0.277,5332900000.0,3258907000.0,322842000.0,0.0,7.216,24.878,25.453,274786000.0,0.0,1274.95,6.881,7.041,645169000.0,9191865000.0,9223987000.0,9223987000.0,0.0,0.15,0.296,0.25,0.357,350641000.0,4946789000.0,1.0,49783883.0,50940000.0,51593000.0,181.076,11878042000.0,0.0,576960000.0,892576000.0,233.177,2113927000.0
6,BKNG,MRY,2014-12-31,2014-12-31,2014-12-31,2021-08-04,-259902000.0,14770977000.0,13092341000,5113620000.0,9657357000.0,0.645,163.796,-131504000.0,3149494000.0,3149494000.0,857841000.0,2421753000.0,3.709,0.724,3861349000.0,37150000.0,3824199000.0,3861349000.0,460558000.0,207820000.0,0.0,0.0,0.0,3077801000.0,3285621000.0,0.389,3285621000.0,3077801000.0,2989448000.0,46.3,45.67,46.3,8566694000.0,8083311500,8566694000.0,58578035125.0,19.0,17.829,2782893000.0,53.209,1.0,7584130000.0,0.898,5661235000.0,88353000.0,8442894000.0,6980817500,0.0,4897835000.0,1142182000.0,3755653000.0,6203954000.0,1378703000.0,4825251000.0,59696862125.0,1849024000.0,-2496366000.0,-733989000.0,2139617000.0,0.0,1428994000.0,-2357891000.0,269979000.0,2914397000.0,-136476000.0,2421753000.0,2421753000.0,2421753000.0,0.0,0.0,0.287,4510818000.0,3073312000.0,281480000.0,0.0,6.968,24.65,24.627,198953000.0,0.0,1140.21,7.071,7.064,643894000.0,6640505000.0,8441971000.0,8441971000.0,0.0,0.185,0.3,0.441,0.365,189292000.0,4205500000.0,1.0,52356024.0,52301000.0,53023000.0,161.411,9109742000.0,0.0,567695000.0,897848000.0,174.179,3734917000.0
7,BKNG,MRY,2013-12-31,2013-12-31,2013-12-31,2021-08-04,84729000.0,10444460000.0,9403153250,7480941000.0,2963519000.0,0.722,135.687,-84445000.0,1300470000.0,1300470000.0,1077420000.0,1892798000.0,5.414,0.51,1902511000.0,151931000.0,1750580000.0,1902511000.0,437127000.0,117975000.0,0.0,0.0,0.0,2379691000.0,2497666000.0,0.368,2497666000.0,2379691000.0,2296402000.0,37.17,36.11,37.17,6909729000.0,5788711500,6909729000.0,60980300043.0,26.0,24.415,2216991000.0,43.535,1.0,5715886000.0,0.841,2787897000.0,83289000.0,6876859000.0,6032128000,0.0,5462720000.0,5462720000.0,0.0,3526198000.0,1381745000.0,2144453000.0,59779405043.0,-246355000.0,-331918000.0,-793099000.0,564413000.0,0.0,-403511000.0,-2162267000.0,-1743121000.0,2301436000.0,17987000.0,1892663000.0,1892663000.0,1892663000.0,0.0,135000.0,0.279,3303472000.0,2412414000.0,247345000.0,0.0,8.651,31.585,31.273,135053000.0,0.0,1162.4,8.8,8.714,535962000.0,4218752000.0,6793306000.0,6793306000.0,0.0,0.201,0.327,0.395,0.35,142098000.0,3113607000.0,1.0,51427568.0,50924000.0,52413000.0,133.401,7656563000.0,74687000.0,403739000.0,326425000.0,150.353,6099196000.0
8,BKNG,MRY,2012-12-31,2012-12-31,2012-12-31,2021-08-04,-23676000.0,6569742000.0,5827296000,5682375000.0,887367000.0,0.903,78.19,-55158000.0,1542990000.0,1542990000.0,1177275000.0,1424037000.0,3.887,0.631,1456995000.0,520344000.0,936651000.0,1456995000.0,368823000.0,65141000.0,0.0,0.0,0.0,1819462000.0,1884603000.0,0.358,1884603000.0,1819462000.0,1757398000.0,28.48,27.66,28.48,3896975000.0,3248571250,3896975000.0,31482157350.0,17.0,16.705,1730592000.0,34.723,1.0,4083681000.0,0.776,730785000.0,62064000.0,4291236000.0,4042660500,0.0,3646845000.0,3646845000.0,0.0,2457825000.0,1461726000.0,996099000.0,30936033350.0,903513000.0,-33861000.0,-254338000.0,979083000.0,0.0,668855000.0,-1562713000.0,-1470938000.0,1785750000.0,11621000.0,1419566000.0,1419566000.0,1419566000.0,0.0,4471000.0,0.27,2253888000.0,1829793000.0,184648000.0,0.0,7.938,21.793,21.783,89269000.0,0.0,620.39,5.88,5.877,367512000.0,2368611000.0,5260956000.0,5260956000.0,0.0,0.244,0.437,0.45,0.346,72035000.0,2145062000.0,1.0,49865461.0,49840000.0,51326000.0,105.557,5838957000.0,72223000.0,337832000.0,45159000.0,117.154,4220649000.0
9,BKNG,MRY,2011-12-31,2011-12-31,2011-12-31,2021-08-04,-87582000.0,3970671000.0,3552917500,3066844000.0,903827000.0,1.226,51.845,-46833000.0,636607000.0,636607000.0,1275730000.0,1059131000.0,2.773,0.463,575000000.0,497640000.0,77360000.0,575000000.0,239157000.0,53824000.0,0.0,0.0,0.0,1396755000.0,1450579000.0,0.333,1450579000.0,1396755000.0,1365034000.0,21.27,20.63,21.27,2574295000.0,2169655500,2574295000.0,23434215366.0,17.0,16.155,1294979000.0,26.08,1.0,3079880000.0,0.707,704935000.0,31721000.0,2098331000.0,1710430000,0.0,2024827000.0,2024827000.0,0.0,1191971000.0,1105798000.0,86173000.0,23284232366.0,273869000.0,-68192000.0,-158869000.0,-213000.0,0.0,-151027000.0,-904768000.0,-786821000.0,1341812000.0,-12148000.0,1056371000.0,1056371000.0,1056371000.0,0.0,2760000.0,0.243,1680958000.0,1398922000.0,146867000.0,0.0,9.045,22.042,21.989,64322000.0,0.0,467.71,5.346,5.332,264453000.0,1033738000.0,4355610000.0,4355610000.0,0.0,0.297,0.487,0.817,0.321,66194000.0,1593321000.0,1.0,49783482.0,49654000.0,51211000.0,87.719,3265736000.0,147835000.0,308663000.0,46990000.0,65.77,1961046000.0
10,BKNG,MRY,2010-12-31,2010-12-31,2010-12-31,2021-08-04,-32889000.0,2905953000.0,2574949500,1957464000.0,948489000.0,1.198,37.813,-22593000.0,360017000.0,360017000.0,1175934000.0,528142000.0,4.154,0.577,476443000.0,175000.0,476268000.0,476443000.0,136915000.0,50464000.0,0.0,0.0,0.0,775626000.0,826090000.0,0.268,826090000.0,775626000.0,745682000.0,11.0,10.35,11.0,1813336000.0,1537861750,1813336000.0,19553330385.0,25.0,23.67,754704000.0,15.738,1.0,1908971000.0,0.619,742924000.0,29944000.0,1808287000.0,1585097000,0.0,1303251000.0,1303251000.0,0.0,1046828000.0,471168000.0,575660000.0,19616320385.0,156826000.0,-112405000.0,-103694000.0,266265000.0,0.0,212957000.0,-841098000.0,-706360000.0,777297000.0,7670000.0,527541000.0,527541000.0,527541000.0,0.0,601000.0,0.171,1122174000.0,786797000.0,90311000.0,0.0,10.818,37.184,36.323,39739000.0,0.0,399.55,6.359,6.211,162426000.0,69110000.0,3084905000.0,3084905000.0,0.0,0.205,0.343,0.489,0.251,68396000.0,1055413000.0,1.0,49096034.0,47955000.0,50988000.0,64.329,2163029000.0,221967000.0,218141000.0,56440000.0,45.105,1486296000.0
11,BKNG,MRY,2009-12-31,2009-12-31,2009-12-31,2021-08-04,-3000000.0,1834224000.0,1612906250,1022941000.0,811283000.0,1.45,31.166,-15106000.0,203460000.0,203460000.0,1077449000.0,489472000.0,2.503,0.361,195863000.0,159878000.0,35985000.0,195863000.0,60758000.0,39193000.0,0.0,0.0,0.0,466388000.0,505581000.0,0.216,505581000.0,466388000.0,442304000.0,11.54,9.88,11.54,1321629000.0,1018868250,1321629000.0,9506464874.0,20.0,18.803,494559000.0,11.662,1.0,1260763000.0,0.539,522710000.0,24084000.0,895152000.0,618607750,0.0,598014000.0,598014000.0,0.0,476610000.0,408765000.0,67845000.0,9599320874.0,-162409000.0,7421000.0,26013000.0,-197122000.0,0.0,-168960000.0,-501460000.0,-495004000.0,509665000.0,-1654000.0,489472000.0,489472000.0,489472000.0,0.0,0.0,0.209,789928000.0,470835000.0,60568000.0,0.0,7.263,19.612,18.926,30489000.0,0.0,218.41,4.105,3.961,118659000.0,-454673000.0,2338212000.0,2338212000.0,0.0,0.303,0.48,0.754,0.199,40671000.0,731596000.0,1.0,43950922.0,42406000.0,49522000.0,55.139,1311514000.0,319680000.0,-47168000.0,43793000.0,30.928,614176000.0
12,BKNG,MRY,2008-12-31,2008-12-31,2008-12-31,2021-08-04,-40397000.0,1312421000.0,1422067750,593899000.0,718522000.0,1.325,17.782,-18322000.0,367078000.0,367078000.0,928835000.0,185624000.0,1.259,0.771,392985000.0,317910000.0,75075000.0,392985000.0,29664000.0,43068000.0,0.0,0.0,0.0,307270000.0,350338000.0,0.186,350338000.0,307270000.0,272417000.0,4.64,3.74,4.64,698826000.0,688161750,698826000.0,3040660984.0,10.0,8.679,297231000.0,7.563,1.0,955971000.0,0.507,520094000.0,34853000.0,346657000.0,310547250,0.0,98888000.0,98888000.0,0.0,538520000.0,471577000.0,66943000.0,2989362984.0,-20809000.0,-154633000.0,1058000.0,-176943000.0,0.0,-168848000.0,-151905000.0,22247000.0,315553000.0,-15609000.0,182246000.0,182246000.0,182246000.0,0.0,3378000.0,0.097,666497000.0,289474000.0,46290000.0,0.0,4.278,16.403,15.873,29404000.0,0.0,73.65,1.586,1.536,92328000.0,-944145000.0,1884806000.0,1884806000.0,0.0,0.128,0.265,0.989,0.163,40522000.0,605745000.0,1.0,40588771.0,39299000.0,48671000.0,47.961,792327000.0,166097000.0,90171000.0,48933000.0,20.162,122322000.0
13,BKNG,MRY,2007-12-31,2007-12-31,2007-12-31,2021-08-04,50344000.0,1350856000.0,1263742000,613000000.0,737856000.0,1.115,15.373,-15949000.0,386709000.0,386709000.0,769997000.0,145077000.0,0.882,1.303,569796000.0,569796000.0,0.0,569796000.0,17750000.0,37500000.0,0.0,0.0,0.0,155435000.0,192935000.0,0.137,192935000.0,155435000.0,116861000.0,3.69,3.05,3.69,579107000.0,469719750,579107000.0,4546556431.0,29.0,23.565,140066000.0,3.718,1.0,639412000.0,0.454,469907000.0,38574000.0,369193000.0,266736500,0.0,122499000.0,122499000.0,0.0,754713000.0,694843000.0,59870000.0,4403321431.0,-38218000.0,-90638000.0,17182000.0,-1334000.0,0.0,19445000.0,-221499000.0,-116050000.0,156015000.0,7821000.0,140398000.0,138843000.0,138843000.0,0.0,4679000.0,0.099,501477000.0,137935000.0,47708000.0,0.0,7.604,31.714,31.127,27088000.0,1555000.0,114.86,3.124,3.07,70712000.0,-1106506000.0,1409409000.0,1409409000.0,0.0,0.11,0.296,0.583,0.11,16253000.0,450626000.0,1.0,38336422.0,37671000.0,45504000.0,37.414,880949000.0,232551000.0,-23537000.0,46502000.0,23.385,-81843000.0
14,BKNG,MRY,2006-12-31,2006-12-31,2006-12-31,2021-08-04,26347000.0,1105648000.0,935447750,503089000.0,602559000.0,1.201,9.018,-12851000.0,426036000.0,426036000.0,722004000.0,74466000.0,4.997,2.069,568865000.0,0.0,568865000.0,568865000.0,4768000.0,34906000.0,0.0,0.0,0.0,69138000.0,104044000.0,0.093,104044000.0,69138000.0,62078000.0,1.88,1.68,1.88,348556000.0,361512500,348556000.0,1784580028.0,26.0,17.152,99230000.0,2.567,1.0,401099000.0,0.357,379632000.0,7060000.0,768173000.0,606483000,0.0,7983000.0,7983000.0,0.0,721136000.0,100672000.0,620464000.0,1587327028.0,343236000.0,-22934000.0,-121706000.0,335947000.0,0.0,177123000.0,48991000.0,64892000.0,112081000.0,5041000.0,74466000.0,72539000.0,72539000.0,0.0,0.0,0.065,339113000.0,61986000.0,49032000.0,0.0,4.554,21.882,23.197,21691000.0,1927000.0,43.61,1.413,1.501,48536000.0,-1262033000.0,1123103000.0,1123103000.0,0.0,0.078,0.201,0.114,0.062,14928000.0,295780000.0,1.0,36398235.0,38650000.0,44722000.0,29.058,726016000.0,179392000.0,-12388000.0,39714000.0,18.784,402417000.0
15,BKNG,MRY,2005-12-31,2005-12-31,2005-12-31,2021-08-04,-8407000.0,754028000.0,664228000,223682000.0,530346000.0,1.449,9.424,-11030000.0,102649000.0,102649000.0,694797000.0,192729000.0,3.15,1.007,223549000.0,0.0,223549000.0,223549000.0,3619000.0,27302000.0,0.0,0.0,0.0,41527000.0,68829000.0,0.071,68829000.0,41527000.0,36452000.0,4.87,4.21,4.87,369071000.0,290235750,369071000.0,981136315.0,24.0,14.255,51612000.0,1.318,1.0,267863000.0,0.278,348092000.0,5075000.0,455821000.0,392212000,0.0,72745000.0,72745000.0,0.0,371487000.0,71015000.0,300472000.0,880276315.0,-20929000.0,-135160000.0,-5492000.0,0.0,0.0,-5492000.0,-75777000.0,69187000.0,62642000.0,-2302000.0,192729000.0,190875000.0,190875000.0,0.0,0.0,0.198,231979000.0,35884000.0,37851000.0,0.0,2.385,4.612,4.583,18271000.0,1854000.0,22.32,0.914,0.908,30043000.0,-1334572000.0,962660000.0,962660000.0,0.0,0.287,0.658,0.106,0.043,4169000.0,194327000.0,1.0,39438903.0,39161000.0,46436000.0,24.582,405936000.0,146553000.0,-156277000.0,42375000.0,10.366,152667000.0
16,BKNG,MRY,2004-12-31,2004-12-31,2004-12-31,2021-08-04,11941000.0,542082000.0,481939000,272546000.0,269536000.0,1.897,5.199,-6937000.0,124842000.0,124842000.0,716217000.0,31509000.0,3.664,1.654,224418000.0,0.0,224418000.0,224418000.0,5641000.0,14389000.0,0.0,0.0,0.0,35038000.0,49427000.0,0.054,49427000.0,35038000.0,31316000.0,0.78,0.76,0.78,199143000.0,177002000,199143000.0,1037332018.0,30.0,20.987,35081000.0,0.916,1.0,198155000.0,0.217,237767000.0,3722000.0,329514000.0,321971750,0.0,122812000.0,122812000.0,0.0,329469000.0,74377000.0,255092000.0,916009018.0,7538000.0,-164723000.0,6790000.0,96651000.0,0.0,107239000.0,-143404000.0,28159000.0,42018000.0,1685000.0,31509000.0,29997000.0,29997000.0,0.0,0.0,0.033,167733000.0,30422000.0,40612000.0,0.0,4.6,30.537,30.244,15827000.0,1512000.0,23.59,1.002,0.988,18314000.0,-1525447000.0,914372000.0,914372000.0,0.0,0.062,0.169,0.109,0.038,638000.0,145073000.0,1.0,38830395.0,38304000.0,42327000.0,23.871,304315000.0,0.0,-193000.0,25668000.0,7.945,198169000.0
17,BKNG,MRY,2003-12-31,2003-12-31,2003-12-31,2021-08-04,674000.0,337784000.0,284331500,283513000.0,54271000.0,3.038,3.944,-6582000.0,116217000.0,116217000.0,717716000.0,11916000.0,5.714,1.175,124524000.0,0.0,124524000.0,124524000.0,0.0,11533000.0,0.0,0.0,0.0,12823000.0,24356000.0,0.028,24356000.0,12823000.0,11916000.0,0.28,0.27,0.28,149107000.0,145332000,149107000.0,674354806.0,53.0,27.687,13451000.0,0.356,1.0,145945000.0,0.169,15832000.0,907000.0,280645000.0,169486500,0.0,151736000.0,151736000.0,0.0,175207000.0,49614000.0,125593000.0,685406806.0,26550000.0,-14544000.0,-1910000.0,120741000.0,0.0,118831000.0,-112692000.0,-87329000.0,20033000.0,378000.0,11916000.0,10425000.0,10425000.0,0.0,0.0,0.012,137927000.0,8018000.0,25061000.0,0.0,4.597,65.746,63.929,16524000.0,1491000.0,17.9,0.794,0.784,10782000.0,-1555444000.0,863661000.0,863661000.0,0.0,0.037,0.072,0.076,0.015,282000.0,117682000.0,1.0,38290883.0,37804000.0,39009000.0,22.846,321952000.0,0.0,0.0,0.0,8.516,233899000.0
18,BKNG,MRY,2002-12-31,2002-12-31,2002-12-31,2021-08-04,101000.0,211162000.0,249816250,169568000.0,41594000.0,4.017,3.475,-8897000.0,85430000.0,85430000.0,845240000.0,-19184000.0,2.596,0.502,0.0,0.0,0.0,0.0,0.0,18265000.0,0.0,0.0,0.0,-19116000.0,-851000.0,-0.001,-851000.0,-19116000.0,-19184000.0,-0.57,-0.57,-0.57,131650000.0,153123750,131650000.0,274504453.0,-14.0,-322.567,-8083000.0,-0.213,1.0,158366000.0,0.158,12211000.0,68000.0,48194000.0,51615500,0.0,64154000.0,64154000.0,0.0,66042000.0,65327000.0,715000.0,359535453.0,-32761000.0,0.0,-11777000.0,0.0,0.0,-8606000.0,-24794000.0,-13045000.0,814000.0,-175000.0,-19184000.0,-21528000.0,-21528000.0,0.0,0.0,-0.021,181690000.0,-23324000.0,35375000.0,0.0,2.731,-16.701,-16.842,21413000.0,2344000.0,9.6,0.358,0.362,13636000.0,-1565869000.0,1003606000.0,1003606000.0,0.0,-0.086,-0.141,-0.37,-0.019,0.0,123706000.0,1.0,37451610.0,37881000.0,37881000.0,26.494,198951000.0,0.0,0.0,0.0,5.252,104241000.0
19,BKNG,MRY,2001-12-31,2001-12-31,2001-12-31,2021-08-04,0.0,262190000.0,253274500,185311000.0,76879000.0,4.626,4.294,-9245000.0,115339000.0,115339000.0,978847000.0,-7303000.0,2.123,0.614,0.0,0.0,0.0,0.0,0.0,16578000.0,0.0,0.0,0.0,-7187000.0,9391000.0,0.008,9391000.0,-7187000.0,-7303000.0,-0.46,-0.46,-0.46,146711000.0,116273500,146711000.0,1201548802.0,-167.0,127.947,18851000.0,0.552,1.0,192906000.0,0.165,23646000.0,116000.0,35909000.0,42258750,0.0,49269000.0,49269000.0,0.0,90134000.0,87296000.0,2838000.0,1307574802.0,22919000.0,-11469000.0,49459000.0,0.0,0.0,50999000.0,-56176000.0,-38108000.0,28096000.0,0.0,-7303000.0,-15866000.0,-15866000.0,0.0,0.0,-0.014,206793000.0,-13887000.0,45941000.0,0.0,8.913,-82.414,-75.913,32266000.0,8563000.0,34.92,1.116,1.018,15665000.0,-1544341000.0,1171753000.0,1171753000.0,0.0,-0.063,-0.136,-0.17,-0.006,13395000.0,157172000.0,1.0,37444868.0,34167000.0,34167000.0,34.295,238544000.0,0.0,0.0,0.0,6.982,98015000.0
20,BKNG,MRY,2000-12-31,2000-12-31,2000-12-31,2021-08-04,-1156000.0,195078000.0,364051500,131223000.0,63855000.0,3.393,-8.945,-37320000.0,95066000.0,95066000.0,1043227000.0,-315145000.0,1.655,-0.339,0.0,0.0,0.0,0.0,0.0,17385000.0,0.0,0.0,0.0,-315145000.0,-297760000.0,-0.241,-297760000.0,-315145000.0,-315145000.0,-11.82,-11.82,-11.82,-248907000.0,4944250,-248907000.0,116245345.0,0.0,-0.39,-56154000.0,-2.018,1.0,192169000.0,0.156,0.0,0.0,20715000.0,170692250,0.0,10952000.0,10952000.0,0.0,84405000.0,79297000.0,5108000.0,220746345.0,-47359000.0,0.0,14031000.0,0.0,0.0,14031000.0,-42556000.0,425000.0,-18834000.0,0.0,-315145000.0,-329527000.0,-329527000.0,0.0,0.0,-0.267,514443000.0,-322274000.0,40691000.0,0.0,-0.887,-0.67,-0.665,37083000.0,14382000.0,7.86,0.179,0.177,17392000.0,-1528475000.0,1235396000.0,1235396000.0,0.0,-0.905,-66.649,-1.846,-0.255,1711000.0,209115000.0,1.0,28084777.0,27825333.0,27825333.0,44.398,195078000.0,0.0,0.0,0.0,7.011,51926000.0
21,BKNG,MRY,1999-12-31,1999-12-31,1999-12-31,2021-08-04,0.0,441886000.0,280871338,211739000.0,230147000.0,1.718,17.945,-27416000.0,133172000.0,133172000.0,424579000.0,-1055090000.0,5.395,0.097,0.0,0.0,0.0,0.0,0.0,5348000.0,0.0,0.0,0.0,-1055090000.0,-1049742000.0,-2.176,-1049742000.0,-1055090000.0,-1055090000.0,-47.4,-47.4,-47.4,402636000.0,245983340,402636000.0,6822266089.0,-6.0,-6.499,-95487000.0,-4.256,1.0,57831000.0,0.12,0.0,0.0,269464000.0,140986840,0.0,227771000.0,38771000.0,189000000.0,39250000.0,39250000.0,0.0,6937730686.0,70790000.0,0.0,208417000.0,-1025000.0,0.0,210791000.0,-71930000.0,-40771000.0,-68071000.0,0.0,-1055090000.0,-1063444000.0,-1063444000.0,0.0,0.0,-2.204,1120041000.0,-1062210000.0,24302000.0,0.0,17.231,-6.524,-5.997,28006000.0,8354000.0,284.28,14.381,13.222,30127000.0,-1180383000.0,482410000.0,482410000.0,0.0,-3.786,-4.323,-7.484,-2.187,0.0,107186000.0,1.0,24404568.0,22437000.0,22437000.0,21.501,441886000.0,0.0,0.0,0.0,19.695,172489000.0
22,BKNG,MRY,1998-12-31,1998-12-31,1998-12-31,2021-08-04,0.0,66572000.0,34010632,60203000.0,6369000.0,1.036,4.083,-6607000.0,53593000.0,53593000.0,36525000.0,-112243000.0,5.856,0.204,1015000.0,0.0,1015000.0,1015000.0,0.0,1860000.0,0.0,,0.0,-112243000.0,-110383000.0,-3.133,-110383000.0,-112243000.0,-112243000.0,-8.46,-8.46,-8.46,55276000.0,27009440,55276000.0,,,,-46810000.0,-3.458,1.0,-1288000.0,-0.037,0.0,0.0,3713000.0,1281772,0.0,0.0,0.0,0.0,11296000.0,10281000.0,1015000.0,,53576000.0,0.0,26495000.0,978000.0,0.0,101066000.0,-7287000.0,-680000.0,-40203000.0,0.0,-112243000.0,-114426000.0,-114426000.0,0.0,0.0,-3.247,111503000.0,-112791000.0,5300000.0,0.0,,,,5927000.0,2183000.0,,,,4177000.0,-116939000.0,35237000.0,35237000.0,0.0,-3.364,-4.237,-87.569,-3.185,0.0,42392000.0,1.0,23720071.0,13538500.0,13538500.0,2.603,66572000.0,0.0,0.0,0.0,4.917,49922000.0
0,BKNG,MRQ,2021-06-30,2021-06-30,2021-06-30,2021-08-04,-43000000.0,23881000000.0,,13789000000.0,10092000000.0,,116.895,-59000000.0,11231000000.0,11231000000.0,0.0,-167000000.0,2.051,3.975,12485000000.0,2180000000.0,10305000000.0,12485000000.0,1896000000.0,154000000.0,0.0,0.0,0.0,40000000.0,194000000.0,0.09,194000000.0,40000000.0,-41000000.0,-4.08,-4.08,-4.08,4799000000.0,,4799000000.0,91842249597.0,81.0,51.888,1093000000.0,26.623,1.0,2160000000.0,1.0,3611000000.0,81000000.0,14800000000.0,,0.0,4820000000.0,501000000.0,4319000000.0,19077000000.0,6724000000.0,12353000000.0,89827249597.0,-920000000.0,0.0,-13000000.0,-1992000000.0,0.0,-2007000000.0,-71000000.0,-7000000.0,1152000000.0,6000000.0,-167000000.0,-167000000.0,-167000000.0,0.0,0.0,-0.077,2216000000.0,-56000000.0,1028000000.0,0.0,18.718,216.974,216.001,1205000000.0,0.0,2188.09,12.513,12.513,1290000000.0,23066000000.0,2160000000.0,2160000000.0,0.0,,,,,91000000.0,2014000000.0,1.0,41052813.0,41054000.0,41054000.0,52.614,20270000000.0,0.0,126000000.0,1931000000.0,493.74,7065000000.0
1,BKNG,MRQ,2021-03-31,2021-03-31,2021-03-31,2021-08-04,-160000000.0,23655000000.0,,14108000000.0,9547000000.0,,116.272,-65000000.0,12151000000.0,12151000000.0,0.0,-55000000.0,2.181,3.965,14166000000.0,3905000000.0,10261000000.0,14166000000.0,643000000.0,158000000.0,0.0,0.0,0.0,-180000000.0,-22000000.0,-0.019,-22000000.0,-180000000.0,-278000000.0,-1.34,-1.34,-1.34,4764000000.0,,4764000000.0,97252430793.0,69.0,47.72,-272000000.0,-6.639,1.0,1141000000.0,1.0,3644000000.0,98000000.0,15558000000.0,,0.0,4288000000.0,500000000.0,3788000000.0,18891000000.0,6468000000.0,12423000000.0,95434430793.0,1590000000.0,0.0,-137000000.0,2015000000.0,0.0,1869000000.0,-65000000.0,0.0,-207000000.0,-7000000.0,-55000000.0,-55000000.0,-55000000.0,0.0,0.0,-0.048,1452000000.0,-311000000.0,570000000.0,0.0,20.032,135.753,135.535,1214000000.0,0.0,2329.84,16.894,16.899,586000000.0,23233000000.0,1141000000.0,1141000000.0,0.0,,,,,113000000.0,1244000000.0,1.0,40961796.0,40973000.0,40973000.0,27.848,20011000000.0,0.0,-223000000.0,2034000000.0,488.395,7640000000.0
2,BKNG,MRQ,2020-12-31,2020-12-31,2020-12-31,2021-08-04,-118000000.0,21874000000.0,,12206000000.0,9668000000.0,,119.496,-64000000.0,10562000000.0,10562000000.0,0.0,-165000000.0,3.564,3.47,12380000000.0,985000000.0,11395000000.0,12380000000.0,323000000.0,161000000.0,0.0,0.0,0.0,343000000.0,504000000.0,0.407,504000000.0,343000000.0,245000000.0,-4.01,-4.0,-4.01,4893000000.0,,4893000000.0,92229646850.0,100.0,58.933,-641000000.0,-15.654,1.0,1238000000.0,1.0,3707000000.0,98000000.0,16560000000.0,,0.0,4260000000.0,501000000.0,3759000000.0,16981000000.0,3425000000.0,13556000000.0,91217646850.0,-635000000.0,0.0,-4000000.0,38000000.0,0.0,-4000000.0,-66000000.0,-2000000.0,-577000000.0,12000000.0,-165000000.0,-165000000.0,-165000000.0,0.0,0.0,-0.133,1391000000.0,-153000000.0,735000000.0,0.0,18.642,1546.062,1536.048,1285000000.0,0.0,2227.27,13.422,13.429,529000000.0,23288000000.0,1238000000.0,1238000000.0,0.0,,,,,76000000.0,1123000000.0,1.0,40954912.0,40947000.0,41214000.0,30.234,18167000000.0,0.0,410000000.0,2050000000.0,443.671,8781000000.0
3,BKNG,MRQ,2020-09-30,2020-09-30,2020-09-30,2021-08-04,-196000000.0,22145000000.0,,12583000000.0,9562000000.0,,120.02,-72000000.0,11197000000.0,11197000000.0,0.0,801000000.0,3.171,3.507,12209000000.0,979000000.0,11230000000.0,12209000000.0,487000000.0,161000000.0,0.0,0.0,0.0,933000000.0,1094000000.0,0.414,1094000000.0,933000000.0,835000000.0,19.56,19.49,19.56,4913000000.0,,4913000000.0,71669004079.0,35.0,26.495,848000000.0,20.716,1.0,2640000000.0,1.0,3703000000.0,98000000.0,15486000000.0,,0.0,3672000000.0,0.0,3672000000.0,17232000000.0,3968000000.0,13264000000.0,70050004079.0,794000000.0,0.0,-5000000.0,-56000000.0,0.0,-61000000.0,-72000000.0,0.0,920000000.0,7000000.0,801000000.0,801000000.0,801000000.0,0.0,0.0,0.303,2325000000.0,315000000.0,1114000000.0,0.0,14.258,50.215,50.883,1312000000.0,0.0,1710.68,7.873,7.871,859000000.0,23453000000.0,2640000000.0,2640000000.0,0.0,,,,,85000000.0,1525000000.0,1.0,40948631.0,40935000.0,41081000.0,64.492,18442000000.0,0.0,34000000.0,1927000000.0,450.519,8615000000.0
4,BKNG,MRQ,2020-06-30,2020-06-30,2020-06-30,2021-08-04,-233000000.0,20912000000.0,,11453000000.0,9459000000.0,,97.722,-70000000.0,10404000000.0,10404000000.0,0.0,122000000.0,2.93,4.229,12023000000.0,973000000.0,11050000000.0,12023000000.0,910000000.0,157000000.0,0.0,0.0,0.0,305000000.0,462000000.0,0.733,462000000.0,305000000.0,209000000.0,2.98,2.97,2.98,3999000000.0,,3999000000.0,67802926822.0,19.0,16.132,52000000.0,1.271,1.0,630000000.0,1.0,4277000000.0,96000000.0,14345000000.0,,0.0,2946000000.0,0.0,2946000000.0,16913000000.0,3909000000.0,13004000000.0,65175926822.0,4040000000.0,0.0,-13000000.0,2882000000.0,0.0,2874000000.0,1042000000.0,1112000000.0,122000000.0,2000000.0,122000000.0,122000000.0,122000000.0,0.0,0.0,0.194,1114000000.0,-484000000.0,581000000.0,0.0,16.298,25.619,26.508,1313000000.0,0.0,1592.34,5.769,5.768,566000000.0,22652000000.0,630000000.0,630000000.0,0.0,,,,,83000000.0,898000000.0,1.0,40930911.0,40922000.0,40995000.0,15.395,16635000000.0,0.0,87000000.0,1853000000.0,406.505,7544000000.0
5,BKNG,MRQ,2020-03-31,2020-03-31,2020-03-31,2021-08-04,-342000000.0,17862000000.0,,9260000000.0,8602000000.0,,93.228,-80000000.0,6363000000.0,6363000000.0,0.0,-699000000.0,2.239,3.661,8990000000.0,995000000.0,7995000000.0,8990000000.0,960000000.0,163000000.0,0.0,0.0,0.0,-658000000.0,-495000000.0,-0.216,-495000000.0,-658000000.0,-722000000.0,-17.01,-17.01,-17.01,3831000000.0,,3831000000.0,58019279610.0,13.0,11.205,-460000000.0,-11.194,1.0,2288000000.0,1.0,4288000000.0,64000000.0,12065000000.0,,0.0,2882000000.0,826000000.0,2056000000.0,14027000000.0,4136000000.0,9891000000.0,55241279610.0,51000000.0,0.0,-1281000000.0,0.0,0.0,-1281000000.0,1733000000.0,1813000000.0,-380000000.0,-21000000.0,-699000000.0,-699000000.0,-699000000.0,0.0,0.0,-0.306,2597000000.0,-309000000.0,926000000.0,0.0,14.42,16.243,16.878,1316000000.0,0.0,1345.32,3.805,3.808,667000000.0,22530000000.0,2288000000.0,2288000000.0,0.0,,,,,11000000.0,1913000000.0,1.0,41061814.0,41093000.0,41093000.0,55.679,13574000000.0,0.0,-23000000.0,1807000000.0,330.324,5124000000.0
6,BKNG,MRQ,2019-12-31,2019-12-31,2019-12-31,2021-08-04,-191000000.0,21402000000.0,,9833000000.0,11569000000.0,,142.251,-87000000.0,6312000000.0,6312000000.0,0.0,1171000000.0,1.832,2.607,9090000000.0,988000000.0,8102000000.0,9090000000.0,1561000000.0,162000000.0,0.0,0.0,0.0,1482000000.0,1644000000.0,0.492,1644000000.0,1482000000.0,1420000000.0,28.09,27.76,28.09,5933000000.0,,5933000000.0,88454306761.0,14.0,12.885,990000000.0,23.736,1.0,3339000000.0,1.0,4867000000.0,62000000.0,13947000000.0,,0.0,5475000000.0,998000000.0,4477000000.0,15469000000.0,5366000000.0,10103000000.0,85960306761.0,-153000000.0,0.0,-1347000000.0,0.0,0.0,-1344000000.0,96000000.0,183000000.0,1077000000.0,18000000.0,1171000000.0,1171000000.0,1171000000.0,0.0,0.0,0.351,2167000000.0,1172000000.0,1239000000.0,0.0,14.489,17.669,18.186,1358000000.0,0.0,2053.73,5.706,5.873,1680000000.0,23232000000.0,3339000000.0,3339000000.0,0.0,,,,,80000000.0,1971000000.0,1.0,41855700.0,41708000.0,42195000.0,80.057,16535000000.0,0.0,249000000.0,1897000000.0,396.447,4467000000.0
7,BKNG,MRQ,2019-09-30,2019-09-30,2019-09-30,2021-08-04,-265000000.0,21446000000.0,,10056000000.0,11390000000.0,,140.39,-82000000.0,6466000000.0,6466000000.0,0.0,1950000000.0,1.819,2.604,8960000000.0,982000000.0,7978000000.0,8960000000.0,1567000000.0,159000000.0,0.0,0.0,0.0,2433000000.0,2592000000.0,0.514,2592000000.0,2433000000.0,2363000000.0,46.01,45.54,46.01,5951000000.0,,5951000000.0,87334285947.0,16.0,14.488,1769000000.0,41.733,1.0,5040000000.0,1.0,4870000000.0,70000000.0,13542000000.0,,0.0,5292000000.0,973000000.0,4319000000.0,15495000000.0,5528000000.0,9967000000.0,83434285947.0,1209000000.0,0.0,-1349000000.0,-37000000.0,0.0,-1389000000.0,765000000.0,847000000.0,1851000000.0,-18000000.0,1950000000.0,1950000000.0,1950000000.0,0.0,0.0,0.387,2670000000.0,2370000000.0,1275000000.0,0.0,14.02,19.224,19.646,1316000000.0,0.0,1962.61,5.585,5.568,1788000000.0,22061000000.0,5040000000.0,5040000000.0,0.0,,,,,83000000.0,2482000000.0,1.0,42511903.0,42389000.0,42831000.0,118.899,16576000000.0,0.0,413000000.0,1895000000.0,391.045,4528000000.0
8,BKNG,MRQ,2019-06-30,2019-06-30,2019-06-30,2021-08-04,-230000000.0,21494000000.0,,10020000000.0,11474000000.0,,122.702,-88000000.0,5256000000.0,5256000000.0,0.0,979000000.0,1.578,3.05,9156000000.0,975000000.0,8181000000.0,9156000000.0,2343000000.0,162000000.0,0.0,0.0,0.0,1275000000.0,1437000000.0,0.373,1437000000.0,1275000000.0,1207000000.0,22.62,22.44,22.62,5307000000.0,,5307000000.0,87899717385.0,17.0,15.023,1699000000.0,39.282,1.0,3850000000.0,1.0,4956000000.0,68000000.0,14089000000.0,,0.0,6171000000.0,1553000000.0,4618000000.0,16187000000.0,6349000000.0,9838000000.0,81158717385.0,2922000000.0,-9000000.0,-2718000000.0,-213000000.0,0.0,-2939000000.0,4080000000.0,4177000000.0,1787000000.0,-6000000.0,979000000.0,979000000.0,979000000.0,0.0,0.0,0.254,2603000000.0,1247000000.0,1291000000.0,0.0,15.293,19.523,20.538,1355000000.0,0.0,1874.71,5.503,5.498,1973000000.0,20111000000.0,3850000000.0,3850000000.0,0.0,,,,,84000000.0,2414000000.0,1.0,43291345.0,43251000.0,43601000.0,89.015,16538000000.0,0.0,228000000.0,1567000000.0,382.373,3671000000.0
9,BKNG,MRQ,2019-03-31,2019-03-31,2019-03-31,2021-08-04,-169000000.0,22366000000.0,,7077000000.0,15289000000.0,,153.643,-111000000.0,2334000000.0,2334000000.0,0.0,765000000.0,1.269,2.234,9075000000.0,968000000.0,8107000000.0,9075000000.0,1797000000.0,158000000.0,0.0,0.0,0.0,1034000000.0,1192000000.0,0.42,1192000000.0,1034000000.0,968000000.0,17.01,16.85,17.01,6915000000.0,,6915000000.0,84568153980.0,16.0,14.591,39000000.0,0.867,1.0,2837000000.0,1.0,4985000000.0,66000000.0,18546000000.0,,0.0,10426000000.0,1981000000.0,8445000000.0,15451000000.0,5576000000.0,9875000000.0,78543153980.0,-291000000.0,0.0,-2773000000.0,225000000.0,0.0,-2548000000.0,2109000000.0,2220000000.0,150000000.0,-2000000.0,765000000.0,765000000.0,765000000.0,0.0,0.0,0.27,2281000000.0,556000000.0,934000000.0,0.0,11.358,18.899,19.606,1330000000.0,0.0,1744.91,5.441,5.44,1491000000.0,19132000000.0,2837000000.0,2837000000.0,0.0,,,,,78000000.0,2100000000.0,1.0,45012725.0,45007000.0,45436000.0,63.035,17381000000.0,0.0,203000000.0,1679000000.0,386.184,1501000000.0
10,BKNG,MRQ,2018-12-31,2018-12-31,2018-12-31,2021-08-04,-316000000.0,22687000000.0,,8407000000.0,14280000000.0,,190.469,-86000000.0,2624000000.0,2624000000.0,0.0,646000000.0,2.365,1.582,8649000000.0,0.0,8649000000.0,8649000000.0,1022000000.0,109000000.0,0.0,0.0,0.0,698000000.0,807000000.0,0.251,807000000.0,698000000.0,632000000.0,14.26,14.19,14.26,8785000000.0,,8785000000.0,85529810518.0,17.0,15.467,998000000.0,21.638,1.0,3213000000.0,1.0,5035000000.0,66000000.0,20122000000.0,,0.0,12068000000.0,3660000000.0,8408000000.0,13902000000.0,3555000000.0,10347000000.0,79799005518.0,-349000000.0,-134000000.0,-1861000000.0,21000000.0,0.0,-1839000000.0,409000000.0,629000000.0,1084000000.0,-3000000.0,646000000.0,646000000.0,646000000.0,0.0,0.0,0.201,2070000000.0,1143000000.0,1134000000.0,0.0,9.084,19.96,20.442,656000000.0,0.0,1722.42,5.493,5.626,1523000000.0,18367000000.0,3213000000.0,3213000000.0,0.0,,,,,105000000.0,1905000000.0,1.0,46329586.0,46123000.0,46478000.0,69.662,17652000000.0,0.0,-14000000.0,1536000000.0,382.716,4852000000.0
11,BKNG,MRQ,2018-09-30,2018-09-30,2018-09-30,2021-08-04,-233806000.0,24370476000.0,,9467847000.0,14902629000.0,,210.54,-121000000.0,2973096000.0,2973096000.0,0.0,1767000000.0,2.409,1.449,8703901000.0,0.0,8703901000.0,8703901000.0,1101255000.0,107000000.0,0.0,0.0,0.0,2308000000.0,2415000000.0,0.498,2415000000.0,2308000000.0,2240000000.0,37.39,37.02,37.39,9951810000.0,,9951810000.0,99756247584.0,18.0,17.101,1843000000.0,38.99,1.0,4849000000.0,1.0,4962404000.0,68000000.0,21208653000.0,,0.0,13272294000.0,4158076000.0,9114218000.0,14418666000.0,3930224000.0,10488442000.0,94184499584.0,-214000000.0,0.0,-2205000000.0,1000000.0,0.0,-2204000000.0,43000000.0,164000000.0,1964000000.0,-17000000.0,1767000000.0,1767000000.0,1767000000.0,0.0,0.0,0.364,2602000000.0,2247000000.0,1174599000.0,0.0,9.464,33.676,33.582,642861000.0,0.0,1984.0,6.672,6.643,1719059000.0,17720656000.0,4849000000.0,4849000000.0,0.0,,,,,76000000.0,2437000000.0,1.0,47472026.0,47268000.0,47751000.0,102.585,19408072000.0,0.0,473000000.0,1635842000.0,410.596,5537623000.0
12,BKNG,MRQ,2018-06-30,2018-06-30,2018-06-30,2021-08-04,-76283000.0,25296253000.0,,10033374000.0,15262879000.0,,217.93,-104000000.0,3186665000.0,3186665000.0,0.0,978000000.0,1.921,1.411,8758413000.0,948190000.0,7810223000.0,8758413000.0,1802182000.0,107000000.0,0.0,0.0,0.0,1275000000.0,1382000000.0,0.391,1382000000.0,1275000000.0,1210000000.0,20.34,20.13,20.34,10472632000.0,,10472632000.0,104016376802.0,20.0,18.419,1546000000.0,32.171,1.0,3537000000.0,1.0,5013162000.0,65000000.0,20632355000.0,,0.0,13590661000.0,4145753000.0,9444908000.0,14777978000.0,5222484000.0,9555494000.0,97654989802.0,563000000.0,-139000000.0,-1187000000.0,3000000.0,0.0,-1183000000.0,127000000.0,370000000.0,1650000000.0,-31000000.0,978000000.0,978000000.0,978000000.0,0.0,0.0,0.277,2316000000.0,1221000000.0,1053509000.0,0.0,9.325,35.509,35.682,613462000.0,0.0,2027.09,7.127,7.109,1715055000.0,15953078000.0,3537000000.0,3537000000.0,0.0,,,,,79000000.0,2150000000.0,1.0,48174965.0,48055000.0,48550000.0,73.603,20283091000.0,0.0,232000000.0,1647263000.0,422.081,4810890000.0
13,BKNG,MRQ,2018-03-31,2018-03-31,2018-03-31,2021-08-04,56406000.0,25018960000.0,,9504864000.0,15514096000.0,,219.991,-131000000.0,2622086000.0,2622086000.0,0.0,607000000.0,2.137,1.347,8983473000.0,941657000.0,8041816000.0,8983473000.0,1425649000.0,103000000.0,0.0,0.0,0.0,823000000.0,926000000.0,0.316,926000000.0,823000000.0,753000000.0,12.56,12.34,12.56,10636343000.0,,10636343000.0,107441160911.0,22.0,20.367,509000000.0,10.528,1.0,2928000000.0,1.0,4894845000.0,70000000.0,22038107000.0,,0.0,13673467000.0,4240704000.0,9432763000.0,14331219000.0,4447395000.0,9883824000.0,100459103911.0,82000000.0,0.0,-718000000.0,-1487000000.0,0.0,-2205000000.0,1636000000.0,1767000000.0,640000000.0,11000000.0,607000000.0,607000000.0,607000000.0,0.0,0.0,0.207,2198000000.0,730000000.0,841274000.0,0.0,9.445,40.307,40.688,573040000.0,0.0,2080.39,7.617,7.626,1530321000.0,14975706000.0,2928000000.0,2928000000.0,0.0,,,,,71000000.0,2035000000.0,1.0,48288592.0,48349000.0,49205000.0,60.56,20124115000.0,0.0,146000000.0,1732066000.0,416.226,5057469000.0
14,BKNG,MRQ,2017-12-31,2017-12-31,2017-12-31,2021-08-04,238000000.0,25451000000.0,,9035000000.0,16416000000.0,,231.346,-64308000.0,2542000000.0,2542000000.0,-444007000.0,-555223000.0,2.583,1.26,9524000000.0,711000000.0,8813000000.0,9524000000.0,980000000.0,97788000.0,0.0,0.0,0.0,1012431000.0,1110219000.0,0.396,1110219000.0,1012431000.0,941428000.0,-11.21,-10.99,-11.21,11261000000.0,,11261000000.0,91538372866.0,20.0,18.249,1109267000.0,22.789,1.0,3247018000.0,1.158,4915000000.0,71003000.0,24020000000.0,,0.0,15733000000.0,4860000000.0,10873000000.0,14187000000.0,3498000000.0,10689000000.0,84748790866.0,-284864000.0,-195000.0,-709201000.0,-181259000.0,0.0,-900460000.0,-558942000.0,-494439000.0,1173575000.0,963000.0,-555223000.0,-555223000.0,-555223000.0,0.0,0.0,-0.198,1776540000.0,1470478000.0,668000000.0,0.0,7.526,36.202,36.37,480000000.0,0.0,1737.74,6.683,6.714,1218000000.0,13939000000.0,2803011000.0,2803011000.0,0.0,,,,,68452000.0,1622429000.0,1.0,48769546.0,48676000.0,49624000.0,57.585,20536000000.0,0.0,1496651000.0,1732000000.0,421.892,5537000000.0
15,BKNG,MRQ,2017-09-30,2017-09-30,2017-09-30,2021-08-04,653666000.0,25789111000.0,,9124595000.0,16664516000.0,,262.898,-76423000.0,2846300000.0,2846300000.0,54181000.0,1720391000.0,2.518,1.002,9635882000.0,899802000.0,8736080000.0,9635882000.0,827361000.0,95910000.0,0.0,0.0,0.0,2133183000.0,2229093000.0,0.503,2229093000.0,2133183000.0,2066845000.0,35.12,34.43,35.12,12876994000.0,,12876994000.0,95663166166.0,21.0,19.916,1810168000.0,36.957,1.0,4379848000.0,0.988,4946049000.0,66338000.0,24008369000.0,,0.0,15521342000.0,4407028000.0,11114314000.0,12902716000.0,3624275000.0,9278441000.0,89818233166.0,212498000.0,-552315000.0,-566339000.0,967411000.0,0.0,401072000.0,-2105632000.0,-1476894000.0,1886591000.0,30467000.0,1720391000.0,1720391000.0,1720391000.0,0.0,0.0,0.388,2278047000.0,2101801000.0,805740000.0,0.0,6.975,25.158,25.187,457548000.0,0.0,1830.82,7.346,7.335,1437762000.0,14513392000.0,4434029000.0,4434029000.0,0.0,,,,,66501000.0,2134236000.0,1.0,49059019.0,48981000.0,49972000.0,90.525,20843062000.0,0.0,346454000.0,407935000.0,425.534,5500320000.0
16,BKNG,MRQ,2017-06-30,2017-06-30,2017-06-30,2021-08-04,573915000.0,23458323000.0,,8272570000.0,15185753000.0,,235.893,-76710000.0,2634264000.0,2634264000.0,67425000.0,720209000.0,2.202,1.023,8479197000.0,899484000.0,7579713000.0,8479197000.0,1185639000.0,85872000.0,0.0,0.0,0.0,924059000.0,1009931000.0,0.334,1009931000.0,924059000.0,863117000.0,14.66,14.39,14.66,11589669000.0,,11589669000.0,97771050387.0,31.0,27.888,1144506000.0,23.295,1.0,2957131000.0,0.978,4333397000.0,60942000.0,21212904000.0,,0.0,13985484000.0,3721825000.0,10263659000.0,11853577000.0,3756955000.0,8096622000.0,91921909387.0,200425000.0,-484000.0,-344142000.0,-78870000.0,0.0,-423012000.0,-644612000.0,-567418000.0,1221216000.0,46833000.0,720209000.0,720209000.0,720209000.0,0.0,0.0,0.238,2063872000.0,893259000.0,598200000.0,0.0,7.931,39.02,39.124,425100000.0,0.0,1870.52,8.005,8.003,1230602000.0,12793001000.0,3024556000.0,3024556000.0,0.0,,,,,66988000.0,1933169000.0,1.0,49142436.0,49131000.0,50056000.0,61.561,19124926000.0,0.0,142908000.0,397449000.0,389.264,4515615000.0
17,BKNG,MRQ,2017-03-31,2017-03-31,2017-03-31,2021-08-04,247055000.0,21994252000.0,,6987882000.0,15006370000.0,,219.772,-70559000.0,2434020000.0,2434020000.0,80401000.0,455623000.0,2.151,1.032,8283161000.0,974538000.0,7308623000.0,8283161000.0,879405000.0,83430000.0,0.0,0.0,0.0,583327000.0,666757000.0,0.276,666757000.0,583327000.0,527610000.0,9.26,9.11,9.26,10811019000.0,,10811019000.0,92607586147.0,31.0,27.923,310059000.0,6.303,1.0,2339003000.0,0.967,4354305000.0,55717000.0,20240889000.0,,0.0,13076788000.0,2936158000.0,10140630000.0,11160712000.0,3248199000.0,7912513000.0,87521867147.0,352941000.0,-6000.0,-208318000.0,1051718000.0,0.0,843400000.0,-892814000.0,-822249000.0,380618000.0,21737000.0,455623000.0,455623000.0,455623000.0,0.0,0.0,0.188,1782541000.0,556462000.0,407575000.0,0.0,8.096,39.492,39.678,381197000.0,0.0,1779.97,7.946,7.95,934254000.0,12072792000.0,2419404000.0,2419404000.0,0.0,,,,,59059000.0,1659166000.0,1.0,49170417.0,49192000.0,50025000.0,49.183,17639947000.0,0.0,71987000.0,497847000.0,358.594,3739683000.0
18,BKNG,MRQ,2016-12-31,2016-12-31,2016-12-31,2021-08-04,-134684000.0,19838973000.0,,5401519000.0,14437454000.0,,199.111,-51430000.0,2081075000.0,2081075000.0,58758000.0,673921000.0,1.89,1.017,7166794000.0,967734000.0,6199060000.0,7166794000.0,614361000.0,79672000.0,0.0,0.0,0.0,817761000.0,897433000.0,0.382,897433000.0,817761000.0,762425000.0,13.65,13.46,13.65,9820142000.0,,9820142000.0,77262309428.0,26.0,23.92,1045401000.0,21.196,1.0,2289669000.0,0.975,4390791000.0,55336000.0,17675231000.0,,0.0,11809947000.0,2218880000.0,9591067000.0,9990293000.0,2858670000.0,7131623000.0,72342742428.0,-341055000.0,-189000.0,-254920000.0,295000.0,0.0,-254625000.0,-1130452000.0,-1078833000.0,1096831000.0,-52809000.0,673921000.0,673921000.0,673921000.0,0.0,0.0,0.287,1499621000.0,790048000.0,419108000.0,0.0,7.367,33.884,33.984,347017000.0,0.0,1466.06,6.734,6.754,860115000.0,11326852000.0,2348427000.0,2348427000.0,0.0,,,,,63753000.0,1382623000.0,1.0,49345008.0,49320000.0,50108000.0,47.616,15448182000.0,0.0,88504000.0,822334000.0,313.223,2542849000.0
19,BKNG,MRQ,2016-09-30,2016-09-30,2016-09-30,2021-08-04,322346000.0,20033784000.0,,5833582000.0,14200202000.0,,198.352,-102871000.0,2423126000.0,2423126000.0,101489000.0,506017000.0,2.007,1.04,7342693000.0,960984000.0,6381709000.0,7342693000.0,568304000.0,78745000.0,0.0,0.0,0.0,853014000.0,931759000.0,0.252,931759000.0,853014000.0,797534000.0,10.24,10.13,10.24,9802570000.0,,9802570000.0,77291935484.0,28.0,25.229,1417072000.0,28.674,1.0,3589063000.0,0.973,4456551000.0,55480000.0,17590824000.0,,0.0,11252464000.0,1956047000.0,9296417000.0,10196710000.0,2905976000.0,7290734000.0,72731271484.0,-271415000.0,-16000.0,-230280000.0,0.0,0.0,-230280000.0,-1563260000.0,-1460373000.0,1519943000.0,2182000.0,506017000.0,506017000.0,506017000.0,0.0,0.0,0.137,2755836000.0,833227000.0,494607000.0,0.0,7.42,37.007,37.056,339805000.0,0.0,1471.49,6.997,6.996,1105086000.0,10652944000.0,3690552000.0,3690552000.0,0.0,,,,,64761000.0,1700002000.0,1.0,49426956.0,49420000.0,49975000.0,74.677,15577233000.0,0.0,291517000.0,802433000.0,315.201,2927606000.0
20,BKNG,MRQ,2016-06-30,2016-06-30,2016-06-30,2021-08-04,135442000.0,19687170000.0,,5914467000.0,13772703000.0,,186.975,-60443000.0,2694541000.0,2694541000.0,126084000.0,580638000.0,2.677,1.123,7255205000.0,0.0,7255205000.0,7255205000.0,758268000.0,77712000.0,0.0,0.0,0.0,742838000.0,820550000.0,0.321,820550000.0,742838000.0,692548000.0,11.71,11.6,11.71,9274705000.0,,9274705000.0,66433501634.0,19.0,17.962,962025000.0,19.394,1.0,2429818000.0,0.951,5442705000.0,50290000.0,16595478000.0,,0.0,9631656000.0,1677242000.0,7954414000.0,10412465000.0,2209651000.0,8202814000.0,61970299634.0,836541000.0,-72000.0,-273896000.0,892205000.0,0.0,618309000.0,-786567000.0,-726052000.0,1022468000.0,-17669000.0,580638000.0,580638000.0,580638000.0,0.0,0.0,0.227,1697411000.0,732407000.0,431870000.0,0.0,6.682,23.332,23.493,320450000.0,0.0,1248.41,6.319,6.315,982993000.0,10146927000.0,2555902000.0,2555902000.0,0.0,,,,,98379000.0,1583902000.0,1.0,49639381.0,49604000.0,50059000.0,51.526,14244465000.0,0.0,111910000.0,803935000.0,287.164,3704816000.0
21,BKNG,MRQ,2016-03-31,2016-03-31,2016-03-31,2021-08-04,297765000.0,18334546000.0,,4864763000.0,13469783000.0,,182.397,-53256000.0,1858000000.0,1858000000.0,128669000.0,374424000.0,2.448,1.025,6321202000.0,0.0,6321202000.0,6321202000.0,535536000.0,72871000.0,0.0,0.0,0.0,507387000.0,580258000.0,0.27,580258000.0,507387000.0,460493000.0,7.54,7.47,7.54,9052367000.0,,9052367000.0,68634178291.0,20.0,18.878,291502000.0,5.874,1.0,2019450000.0,0.94,5506866000.0,46894000.0,15303308000.0,,0.0,9119975000.0,1525637000.0,7594338000.0,9282179000.0,1987574000.0,7294605000.0,63953806291.0,379929000.0,-723000.0,-236904000.0,102500000.0,0.0,-134404000.0,147279000.0,201258000.0,344758000.0,22296000.0,374424000.0,374424000.0,374424000.0,0.0,0.0,0.174,1469132000.0,550318000.0,334783000.0,0.0,7.065,24.669,25.053,299845000.0,0.0,1288.96,6.71,6.712,857140000.0,9566289000.0,2148119000.0,2148119000.0,0.0,,,,,84107000.0,1363473000.0,1.0,49616595.0,49630000.0,50129000.0,43.283,12827680000.0,0.0,86069000.0,830161000.0,258.466,2877189000.0
22,BKNG,MRQ,2015-12-31,2015-12-31,2015-12-31,2021-08-04,244852000.0,17420575000.0,,3553237000.0,13867338000.0,,176.872,-47278000.0,1477265000.0,1477265000.0,120612000.0,504269000.0,2.469,0.981,6158443000.0,0.0,6158443000.0,6158443000.0,434881000.0,70764000.0,0.0,0.0,0.0,660297000.0,731061000.0,0.366,731061000.0,660297000.0,616530000.0,10.22,10.05,10.22,8795469000.0,,8795469000.0,67050804631.0,20.0,18.829,935086000.0,18.804,1.0,1879383000.0,0.94,5542533000.0,43767000.0,15119910000.0,,0.0,9102609000.0,1171246000.0,7931363000.0,8625106000.0,1439310000.0,7185796000.0,63471961631.0,-364430000.0,-4674000.0,-819743000.0,788585000.0,0.0,-122093000.0,-1220488000.0,-1168536000.0,982364000.0,-4213000.0,504269000.0,504269000.0,504269000.0,0.0,0.0,0.252,1221483000.0,657900000.0,322842000.0,0.0,7.216,24.878,25.453,274786000.0,0.0,1274.95,6.881,7.041,645169000.0,9191865000.0,1999995000.0,1999995000.0,0.0,,,,,176573000.0,1118449000.0,1.0,49783883.0,49728000.0,50516000.0,40.219,11878042000.0,0.0,112261000.0,892576000.0,238.86,2113927000.0
23,BKNG,MRQ,2015-09-30,2015-09-30,2015-09-30,2021-08-04,-185465000.0,16614770000.0,,4298957000.0,12315813000.0,,168.68,-42286000.0,1842485000.0,1842485000.0,155619000.0,1196732000.0,2.716,0.949,5421328000.0,0.0,5421328000.0,5421328000.0,413495000.0,69054000.0,0.0,0.0,0.0,1497606000.0,1566660000.0,0.505,1566660000.0,1497606000.0,1456170000.0,23.67,23.41,23.67,8526773000.0,,8526773000.0,66220737318.0,21.0,19.006,1267514000.0,25.074,1.0,2947282000.0,0.95,5589789000.0,41436000.0,13021017000.0,,0.0,7538814000.0,1211184000.0,6327630000.0,8087997000.0,1582807000.0,6505190000.0,62710772318.0,-47291000.0,-89727000.0,-1274489000.0,0.0,0.0,-1262730000.0,-94123000.0,37665000.0,1309800000.0,-238000.0,1196732000.0,1196732000.0,1196732000.0,0.0,0.0,0.386,1458575000.0,1488707000.0,388528000.0,0.0,7.355,25.095,25.366,257135000.0,0.0,1236.86,6.919,6.898,890532000.0,8687596000.0,3102901000.0,3102901000.0,0.0,,,,,58799000.0,1360691000.0,1.0,50701593.0,50550000.0,51130000.0,61.383,11024981000.0,90500000.0,259438000.0,952388000.0,218.101,2716150000.0
24,BKNG,MRQ,2015-06-30,2015-06-30,2015-06-30,2021-08-04,-43123000.0,17027346000.0,,4693471000.0,12333875000.0,,165.887,-53088000.0,1890001000.0,1890001000.0,187491000.0,517032000.0,2.43,0.99,5399966000.0,0.0,5399966000.0,5399966000.0,660272000.0,67674000.0,0.0,0.0,0.0,689924000.0,757598000.0,0.332,757598000.0,689924000.0,648377000.0,10.02,9.94,10.02,8557965000.0,,8557965000.0,61730816925.0,20.0,18.686,649288000.0,12.586,1.0,2092906000.0,0.918,5613025000.0,41547000.0,12993152000.0,,0.0,7694595000.0,1299127000.0,6395468000.0,8469381000.0,1931134000.0,6538247000.0,59683385925.0,-1366865000.0,-19775000.0,-674208000.0,-1438000.0,0.0,-660713000.0,-1439096000.0,-1366063000.0,702376000.0,30568000.0,517032000.0,517032000.0,517032000.0,0.0,0.0,0.227,1414575000.0,678331000.0,367221000.0,0.0,6.974,25.242,25.383,246102000.0,0.0,1151.37,6.784,6.752,889868000.0,7490864000.0,2280397000.0,2280397000.0,0.0,,,,,60736000.0,1319745000.0,1.0,51836843.0,51589000.0,52038000.0,44.203,11414321000.0,106065000.0,131345000.0,991882000.0,221.255,2762337000.0
25,BKNG,MRQ,2015-03-31,2015-03-31,2015-03-31,2021-08-04,-224545000.0,16842492000.0,,5967481000.0,10875011000.0,,166.255,-31263000.0,3256677000.0,3256677000.0,168458000.0,333327000.0,3.504,0.952,5304108000.0,0.0,5304108000.0,5304108000.0,525148000.0,65002000.0,0.0,0.0,0.0,440722000.0,505724000.0,0.275,505724000.0,440722000.0,407243000.0,6.42,6.36,6.42,8630125000.0,,8630125000.0,61202795203.0,20.0,18.439,177720000.0,3.424,1.0,1672236000.0,0.908,5610131000.0,33479000.0,11576558000.0,,0.0,6353285000.0,1379641000.0,4973644000.0,8212367000.0,1703234000.0,6509133000.0,60465009203.0,107163000.0,-26162000.0,-299548000.0,1464258000.0,0.0,1214248000.0,-1140820000.0,-1083340000.0,208983000.0,-175248000.0,333327000.0,333327000.0,333327000.0,0.0,0.0,0.181,1238267000.0,433969000.0,567322000.0,0.0,7.006,24.946,25.122,214863000.0,0.0,1164.15,6.998,6.993,706776000.0,6973832000.0,1840694000.0,1840694000.0,0.0,,,,,54533000.0,1147904000.0,1.0,51939191.0,51909000.0,52406000.0,35.46,11232361000.0,137102000.0,73916000.0,1072038000.0,216.386,4264247000.0
26,BKNG,MRQ,2014-12-31,2014-12-31,2014-12-31,2021-08-04,-259902000.0,14770977000.0,,5113620000.0,9657357000.0,,163.965,-40779000.0,3149494000.0,3149494000.0,165412000.0,451831000.0,3.709,0.724,3861349000.0,37150000.0,3824199000.0,3861349000.0,460558000.0,71558000.0,0.0,0.0,0.0,582590000.0,654148000.0,0.355,654148000.0,582590000.0,552041000.0,8.65,8.54,8.65,8566694000.0,,8566694000.0,58578035125.0,19.0,17.829,714501000.0,13.675,1.0,1674685000.0,0.91,5661235000.0,30549000.0,8442894000.0,,0.0,4897835000.0,1142182000.0,3755653000.0,6203954000.0,1378703000.0,4825251000.0,59696862125.0,-1904706000.0,-282000.0,-500967000.0,-4434000.0,0.0,-496174000.0,-2075481000.0,-2025111000.0,755280000.0,-88331000.0,451831000.0,451831000.0,451831000.0,0.0,0.0,0.246,1095818000.0,578867000.0,281480000.0,0.0,6.968,24.65,24.627,198953000.0,0.0,1140.21,7.071,7.064,643894000.0,6640505000.0,1840097000.0,1840097000.0,0.0,,,,,67172000.0,998830000.0,1.0,52356024.0,52247000.0,52948000.0,35.219,9109742000.0,0.0,100210000.0,897848000.0,174.359,3734917000.0
27,BKNG,MRQ,2014-09-30,2014-09-30,2014-09-30,2021-08-04,-72204000.0,15184380000.0,,7303865000.0,7880515000.0,,166.647,-28739000.0,5044627000.0,5044627000.0,216519000.0,1062253000.0,4.596,0.739,3925800000.0,37781000.0,3888019000.0,3925800000.0,416852000.0,57599000.0,0.0,0.0,0.0,1328542000.0,1386141000.0,0.489,1386141000.0,1328542000.0,1305589000.0,20.27,20.03,20.27,8733111000.0,,8733111000.0,59052349217.0,20.0,18.801,1263393000.0,24.108,1.0,2619978000.0,0.924,5658358000.0,22953000.0,6818050000.0,,0.0,3158535000.0,1193353000.0,1965182000.0,6450493000.0,1589145000.0,4861348000.0,60764863217.0,1539825000.0,-2395034000.0,-145382000.0,2261881000.0,0.0,2118416000.0,-1817721000.0,591549000.0,1292132000.0,-53002000.0,1062253000.0,1062253000.0,1062253000.0,0.0,0.0,0.374,1297273000.0,1322705000.0,525441000.0,0.0,6.958,25.879,25.798,203790000.0,0.0,1158.58,7.462,7.456,843560000.0,6188674000.0,2836497000.0,2836497000.0,0.0,,,,,46969000.0,1214872000.0,1.0,52447706.0,52405000.0,53024000.0,54.126,9526022000.0,60731000.0,243336000.0,866167000.0,181.777,5714720000.0
28,BKNG,MRQ,2014-06-30,2014-06-30,2014-06-30,2021-08-04,78335000.0,11600323000.0,,8508759000.0,3091564000.0,,149.322,-32255000.0,3519529000.0,3519529000.0,240579000.0,576451000.0,5.645,0.482,1807015000.0,41316000.0,1765699000.0,1807015000.0,569310000.0,40287000.0,0.0,0.0,0.0,732871000.0,773158000.0,0.364,773158000.0,732871000.0,715765000.0,11.0,10.89,11.0,7824032000.0,,7824032000.0,63627584170.0,24.0,22.443,657726000.0,12.553,1.0,1882996000.0,0.887,2882497000.0,17106000.0,5498067000.0,,0.0,3660807000.0,3660807000.0,0.0,3774956000.0,1507245000.0,2267711000.0,63076165170.0,2215749000.0,-98417000.0,1327000.0,-59381000.0,0.0,-51331000.0,1576166000.0,1706955000.0,689981000.0,933000.0,576451000.0,576451000.0,576451000.0,0.0,0.0,0.271,1149982000.0,733014000.0,340903000.0,0.0,8.062,29.771,29.442,168681000.0,0.0,1203.0,8.325,8.32,841133000.0,5126421000.0,2123575000.0,2123575000.0,0.0,,,,,35739000.0,1085653000.0,1.0,52432390.0,52397000.0,52955000.0,40.529,8717826000.0,113726000.0,139314000.0,396489000.0,166.38,7001514000.0
29,BKNG,MRQ,2014-03-31,2014-03-31,2014-03-31,2021-08-04,92751000.0,10813684000.0,,7855940000.0,2957744000.0,,138.236,-29731000.0,1303766000.0,1303766000.0,235331000.0,331218000.0,5.49,0.499,1855185000.0,97707000.0,1757478000.0,1855185000.0,471956000.0,38376000.0,0.0,0.0,0.0,433798000.0,472174000.0,0.288,472174000.0,433798000.0,416053000.0,6.35,6.25,6.35,7209409000.0,,7209409000.0,62749980582.0,25.0,23.742,147273000.0,2.824,1.0,1406471000.0,0.857,2769855000.0,17745000.0,7164259000.0,,0.0,5422358000.0,5422358000.0,0.0,3599957000.0,1430989000.0,2168968000.0,62147939582.0,-1844000.0,-2633000.0,-88967000.0,-58449000.0,0.0,-141917000.0,-40855000.0,-3414000.0,177004000.0,3924000.0,331218000.0,331218000.0,331218000.0,0.0,0.0,0.202,967745000.0,438726000.0,299411000.0,0.0,8.62,31.394,30.974,149373000.0,0.0,1191.89,8.713,8.714,627160000.0,4549970000.0,1641802000.0,1641802000.0,0.0,,,,,39412000.0,906145000.0,1.0,52142345.0,52153000.0,53018000.0,31.48,8043829000.0,79626000.0,84835000.0,334631000.0,154.235,6424951000.0
30,BKNG,MRQ,2013-12-31,2013-12-31,2013-12-31,2021-08-04,84729000.0,10444460000.0,,7480941000.0,2963519000.0,,133.842,-27487000.0,1300470000.0,1300470000.0,207852000.0,378077000.0,5.414,0.51,1902511000.0,151931000.0,1750580000.0,1902511000.0,437127000.0,37121000.0,0.0,0.0,0.0,472379000.0,509500000.0,0.331,509500000.0,472379000.0,450187000.0,7.29,7.11,7.29,6909729000.0,,6909729000.0,60980300043.0,26.0,24.415,526986000.0,10.208,1.0,1333301000.0,0.865,2787897000.0,22192000.0,6876859000.0,,0.0,5462720000.0,5462720000.0,0.0,3526198000.0,1381745000.0,2144453000.0,59779405043.0,193900000.0,-361000.0,4790000.0,-414669000.0,0.0,-405492000.0,39126000.0,68251000.0,554473000.0,5793000.0,378077000.0,378077000.0,378077000.0,0.0,0.0,0.245,832454000.0,500847000.0,247345000.0,0.0,8.651,31.585,31.273,135053000.0,0.0,1162.4,8.8,8.714,535962000.0,4218752000.0,1541153000.0,1541153000.0,0.0,,,,,50288000.0,772160000.0,1.0,51427568.0,51626000.0,52974000.0,29.852,7656563000.0,74687000.0,72110000.0,326425000.0,148.308,6099196000.0
31,BKNG,MRQ,2013-09-30,2013-09-30,2013-09-30,2021-08-04,39761000.0,10445655000.0,,7489047000.0,2956608000.0,,124.538,-20477000.0,1105128000.0,1105128000.0,280838000.0,832989000.0,4.102,0.627,2306023000.0,538266000.0,1767757000.0,2306023000.0,430661000.0,35747000.0,0.0,0.0,0.0,1044486000.0,1080233000.0,0.476,1080233000.0,1044486000.0,1020351000.0,16.22,15.72,16.22,6396622000.0,,6396622000.0,52589609804.0,23.0,22.117,949987000.0,18.496,1.0,1989065000.0,0.876,2800057000.0,24135000.0,7020649000.0,,0.0,5487526000.0,5487526000.0,0.0,4012303000.0,1825844000.0,2186459000.0,52064460804.0,-666120000.0,-713000.0,-446223000.0,-889000.0,0.0,-451561000.0,-1215426000.0,-1193276000.0,970464000.0,30403000.0,832989000.0,832989000.0,832989000.0,0.0,0.0,0.367,942168000.0,1046897000.0,312896000.0,0.0,8.139,28.873,28.469,119766000.0,0.0,1010.95,8.081,8.059,706234000.0,3840675000.0,2269903000.0,2269903000.0,0.0,,,,,35006000.0,887885000.0,1.0,51500530.0,51363000.0,52984000.0,44.193,7645598000.0,83298000.0,187362000.0,371498000.0,148.854,5663203000.0
32,BKNG,MRQ,2013-06-30,2013-06-30,2013-06-30,2021-08-04,-75582000.0,9867371000.0,,6926150000.0,2941221000.0,,115.399,-21430000.0,1769947000.0,1769947000.0,296383000.0,437440000.0,3.91,0.677,2295096000.0,532206000.0,1762890000.0,2295096000.0,535644000.0,26027000.0,0.0,0.0,0.0,555076000.0,581103000.0,0.346,581103000.0,555076000.0,535443000.0,8.62,8.39,8.62,5857660000.0,,5857660000.0,41227257401.0,21.0,20.029,571952000.0,11.268,1.0,1383855000.0,0.824,2790433000.0,19633000.0,5830650000.0,,0.0,4182860000.0,4182860000.0,0.0,3966918000.0,1771437000.0,2195481000.0,41383261401.0,151004000.0,-330742000.0,-276251000.0,979971000.0,0.0,524514000.0,-969965000.0,-617828000.0,593382000.0,3073000.0,437326000.0,437326000.0,437326000.0,0.0,114000.0,0.26,829024000.0,554831000.0,316251000.0,0.0,7.065,26.412,26.445,109141000.0,0.0,826.67,7.039,7.137,649250000.0,3007686000.0,1680238000.0,1680238000.0,0.0,,,,,34978000.0,786038000.0,1.0,50060195.0,50760000.0,52111000.0,33.102,7076938000.0,78587000.0,98117000.0,387296000.0,139.42,5154713000.0
33,BKNG,MRQ,2013-03-31,2013-03-31,2013-03-31,2021-08-04,-88060000.0,6855127000.0,,6030452000.0,824675000.0,,79.914,-15051000.0,1618232000.0,1618232000.0,292347000.0,244292000.0,3.756,0.658,1462228000.0,526231000.0,935997000.0,1462228000.0,403530000.0,19080000.0,0.0,0.0,0.0,307750000.0,326830000.0,0.251,326830000.0,307750000.0,290421000.0,4.89,4.76,4.89,3990835000.0,,3990835000.0,34233258469.0,18.0,17.509,168066000.0,3.365,1.0,1009665000.0,0.775,693430000.0,17329000.0,4400354000.0,,0.0,3570407000.0,3570407000.0,0.0,2624631000.0,1605339000.0,1019292000.0,34319253469.0,74861000.0,-102000.0,-75415000.0,0.0,0.0,-70972000.0,-16002000.0,-268000.0,183117000.0,-21282000.0,244271000.0,244271000.0,244271000.0,0.0,21000.0,0.188,699826000.0,309839000.0,250546000.0,0.0,8.6,23.159,23.163,92500000.0,0.0,688.162,6.211,6.219,471807000.0,2570114000.0,1302012000.0,1302012000.0,0.0,,,,,21826000.0,667524000.0,1.0,49870893.0,49939000.0,51353000.0,26.072,6161697000.0,54398000.0,46150000.0,41474000.0,123.384,4425113000.0
34,BKNG,MRQ,2012-12-31,2012-12-31,2012-12-31,2021-08-04,-23676000.0,6569742000.0,,5682375000.0,887367000.0,,78.143,-16208000.0,1542990000.0,1542990000.0,250890000.0,289595000.0,3.887,0.631,1456995000.0,520344000.0,936651000.0,1456995000.0,368823000.0,17628000.0,0.0,0.0,0.0,371946000.0,389574000.0,0.327,389574000.0,371946000.0,355090000.0,5.78,5.61,5.78,3896975000.0,,3896975000.0,31482157350.0,17.0,16.705,480611000.0,9.637,1.0,939750000.0,0.789,730785000.0,16856000.0,4291236000.0,,0.0,3646845000.0,3646845000.0,0.0,2457825000.0,1461726000.0,996099000.0,30936033350.0,637879000.0,-19990000.0,-1596000.0,0.0,0.0,-9318000.0,137840000.0,173320000.0,496819000.0,12538000.0,288663000.0,288663000.0,288663000.0,0.0,932000.0,0.242,565435000.0,374315000.0,184648000.0,0.0,7.938,21.793,21.783,89269000.0,0.0,620.39,5.88,5.877,367512000.0,2368611000.0,1190640000.0,1190640000.0,0.0,,,,,19993000.0,536096000.0,1.0,49865461.0,49870000.0,51419000.0,23.875,5838957000.0,72223000.0,66427000.0,45159000.0,117.084,4220649000.0
35,BKNG,MRQ,2012-09-30,2012-09-30,2012-09-30,2021-08-04,-62872000.0,6217809000.0,,5365729000.0,852080000.0,,71.771,-10527000.0,905684000.0,905684000.0,309809000.0,599973000.0,3.637,0.684,1451808000.0,514542000.0,937266000.0,1451808000.0,343296000.0,16008000.0,0.0,0.0,0.0,744854000.0,760862000.0,0.446,760862000.0,744854000.0,727787000.0,11.97,11.66,11.97,3577864000.0,,3577864000.0,31472669378.0,18.0,17.335,664418000.0,13.328,1.0,1396501000.0,0.818,710209000.0,17067000.0,4578384000.0,,0.0,3769527000.0,3769527000.0,0.0,2446267000.0,1475340000.0,970927000.0,30845397378.0,85684000.0,-442000.0,733000.0,-496000.0,0.0,635000.0,-598279000.0,-586823000.0,674945000.0,8383000.0,596586000.0,596586000.0,596586000.0,0.0,3387000.0,0.35,640909000.0,755592000.0,240176000.0,0.0,8.621,22.737,22.743,81931000.0,0.0,619.07,6.095,6.098,493777000.0,2105386000.0,1706310000.0,1706310000.0,0.0,,,,,17672000.0,614103000.0,1.0,49825379.0,49851000.0,51185000.0,34.228,5507600000.0,67249000.0,131201000.0,46305000.0,110.481,3890389000.0
36,BKNG,MRQ,2012-06-30,2012-06-30,2012-06-30,2021-08-04,-107647000.0,5428806000.0,,4578299000.0,850507000.0,,58.777,-14726000.0,819395000.0,819395000.0,322617000.0,352654000.0,3.35,0.794,1446667000.0,508826000.0,937841000.0,1446667000.0,384519000.0,15663000.0,0.0,0.0,0.0,462254000.0,477917000.0,0.36,477917000.0,462254000.0,445372000.0,7.07,6.88,7.07,2927787000.0,,2927787000.0,33333538173.0,21.0,19.783,416880000.0,8.369,1.0,1004142000.0,0.757,704368000.0,16882000.0,3985075000.0,,0.0,3129556000.0,3129556000.0,0.0,2324661000.0,1366635000.0,958026000.0,33088502173.0,-379289000.0,-143000.0,-295000.0,-94000.0,0.0,-52995000.0,-730773000.0,-713517000.0,431606000.0,-27127000.0,352347000.0,352347000.0,352347000.0,0.0,307000.0,0.266,545787000.0,458355000.0,201203000.0,0.0,11.302,26.911,26.925,78616000.0,0.0,664.52,6.883,6.885,429520000.0,1524615000.0,1326759000.0,1326759000.0,0.0,,,,,17730000.0,519684000.0,1.0,49793087.0,49812000.0,51226000.0,26.635,4724438000.0,64123000.0,93025000.0,45237000.0,94.845,3211664000.0
37,BKNG,MRQ,2012-03-31,2012-03-31,2012-03-31,2021-08-04,-51112000.0,5092827000.0,,4203062000.0,889765000.0,,52.013,-13697000.0,1196533000.0,1196533000.0,293959000.0,181816000.0,3.258,0.867,1441569000.0,503192000.0,938377000.0,1441569000.0,314836000.0,15842000.0,0.0,0.0,0.0,240407000.0,256249000.0,0.247,256249000.0,240407000.0,229149000.0,3.65,3.54,3.65,2591659000.0,,2591659000.0,35669075768.0,24.0,23.084,168683000.0,3.385,1.0,743288000.0,0.717,731687000.0,11258000.0,3315947000.0,,0.0,2426628000.0,2426628000.0,0.0,2246044000.0,1290229000.0,955815000.0,35730682768.0,559239000.0,-13286000.0,-253180000.0,979673000.0,0.0,730533000.0,-371501000.0,-343918000.0,182380000.0,17827000.0,181970000.0,181970000.0,181970000.0,0.0,-154000.0,0.175,501757000.0,241531000.0,173984000.0,0.0,13.787,31.521,31.511,73520000.0,0.0,717.5,7.795,7.8,324562000.0,1163494000.0,1037247000.0,1037247000.0,0.0,,,,,16640000.0,475180000.0,1.0,49798861.0,49827000.0,51347000.0,20.817,4361140000.0,96844000.0,47179000.0,45720000.0,87.526,2912833000.0
38,BKNG,MRQ,2011-12-31,2011-12-31,2011-12-31,2021-08-04,-87582000.0,3970671000.0,,3066844000.0,903827000.0,,51.698,-17063000.0,636607000.0,636607000.0,266073000.0,225956000.0,2.773,0.463,575000000.0,497640000.0,77360000.0,575000000.0,239157000.0,13737000.0,0.0,0.0,0.0,306752000.0,320489000.0,0.323,320489000.0,306752000.0,298420000.0,4.53,4.4,4.53,2574295000.0,,2574295000.0,23434215366.0,17.0,16.155,264778000.0,5.317,1.0,724698000.0,0.731,704935000.0,8332000.0,2098331000.0,,0.0,2024827000.0,2024827000.0,0.0,1191971000.0,1105798000.0,86173000.0,23284232366.0,211670000.0,-219000.0,-491000.0,0.0,0.0,5554000.0,-66615000.0,-49331000.0,281841000.0,-9110000.0,225716000.0,225716000.0,225716000.0,0.0,240000.0,0.228,420920000.0,303778000.0,146867000.0,0.0,9.045,22.042,21.989,64322000.0,0.0,467.71,5.346,5.332,264453000.0,1033738000.0,990771000.0,990771000.0,0.0,,,,,25438000.0,396826000.0,1.0,49783482.0,49795000.0,51265000.0,19.897,3265736000.0,147835000.0,72704000.0,46990000.0,65.584,1961046000.0
39,BKNG,MRQ,2011-09-30,2011-09-30,2011-09-30,2021-08-04,-59835000.0,3815573000.0,,2881977000.0,933596000.0,,48.018,-11693000.0,425017000.0,425017000.0,352656000.0,472886000.0,2.44,0.53,575000000.0,492169000.0,82831000.0,575000000.0,213802000.0,13957000.0,0.0,0.0,0.0,616344000.0,630301000.0,0.434,630301000.0,616344000.0,608465000.0,9.43,9.17,9.43,2390299000.0,,2390299000.0,22332240916.0,17.0,16.748,548776000.0,11.024,1.0,1100148000.0,0.757,720847000.0,7879000.0,2063448000.0,,0.0,1983467000.0,1983467000.0,0.0,1265828000.0,1181261000.0,84567000.0,22369568916.0,-190083000.0,-899000.0,-3557000.0,0.0,0.0,-734000.0,-738023000.0,-722546000.0,560469000.0,-11795000.0,469499000.0,469499000.0,469499000.0,0.0,3387000.0,0.323,483770000.0,616378000.0,169545000.0,0.0,9.358,23.148,23.085,53843000.0,0.0,449.46,5.461,5.462,345339000.0,858438000.0,1452804000.0,1452804000.0,0.0,,,,,13415000.0,461265000.0,1.0,49769877.0,49779000.0,51184000.0,29.185,3094726000.0,169710000.0,138966000.0,47448000.0,62.169,1700716000.0
40,BKNG,MRQ,2011-06-30,2011-06-30,2011-06-30,2021-08-04,19476000.0,3360075000.0,,2376435000.0,983640000.0,,40.018,-9798000.0,612328000.0,612328000.0,353489000.0,256277000.0,2.11,0.611,575000000.0,486778000.0,88222000.0,575000000.0,243733000.0,13651000.0,0.0,0.0,0.0,324477000.0,338128000.0,0.307,338128000.0,324477000.0,316682000.0,5.16,5.02,5.16,1989627000.0,,1989627000.0,25438736751.0,26.0,24.383,213485000.0,4.294,1.0,749227000.0,0.679,758479000.0,7795000.0,1438075000.0,,0.0,1338169000.0,1338169000.0,0.0,1214730000.0,1126193000.0,88537000.0,25415661751.0,60175000.0,-870000.0,1897000.0,-213000.0,0.0,-8649000.0,-155181000.0,-144494000.0,223283000.0,722000.0,256368000.0,256368000.0,256368000.0,0.0,-91000.0,0.232,424519000.0,324708000.0,127794000.0,0.0,12.774,35.306,34.992,49346000.0,0.0,511.93,6.973,6.983,321358000.0,396528000.0,1102716000.0,1102716000.0,0.0,,,,,13231000.0,402629000.0,1.0,49646752.0,49718000.0,51105000.0,22.179,2601596000.0,210517000.0,60314000.0,54679000.0,52.327,1250242000.0
41,BKNG,MRQ,2011-03-31,2011-03-31,2011-03-31,2021-08-04,10360000.0,3065351000.0,,2105670000.0,959681000.0,,34.964,-8279000.0,552138000.0,552138000.0,303512000.0,104013000.0,1.938,0.69,575213000.0,481644000.0,93569000.0,575213000.0,166805000.0,12479000.0,0.0,0.0,0.0,149184000.0,161663000.0,0.2,161663000.0,149184000.0,141469000.0,2.12,2.05,2.12,1724401000.0,,1724401000.0,25008760785.0,30.0,28.026,267940000.0,5.433,1.0,505808000.0,0.625,759864000.0,7715000.0,1241866000.0,,0.0,1194512000.0,1194512000.0,0.0,1189843000.0,1086696000.0,103147000.0,24892334785.0,192107000.0,-66204000.0,-156718000.0,0.0,0.0,-147198000.0,55051000.0,129550000.0,276219000.0,8035000.0,104790000.0,104790000.0,104790000.0,0.0,-777000.0,0.129,351749000.0,154059000.0,115512000.0,0.0,14.435,43.032,42.63,44386000.0,0.0,506.44,7.521,7.546,221978000.0,163545000.0,809320000.0,809320000.0,0.0,,,,,14110000.0,332600000.0,1.0,49151597.0,49319000.0,51159000.0,16.41,2305487000.0,218329000.0,36679000.0,55938000.0,46.746,1018974000.0
42,BKNG,MRQ,2010-12-31,2010-12-31,2010-12-31,2021-08-04,-32889000.0,2905953000.0,,1957464000.0,948489000.0,,36.913,-8122000.0,360017000.0,360017000.0,252902000.0,135111000.0,4.154,0.577,476443000.0,175000.0,476268000.0,476443000.0,136915000.0,14203000.0,0.0,0.0,0.0,189101000.0,203304000.0,0.278,203304000.0,189101000.0,181523000.0,2.76,2.65,2.76,1813336000.0,,1813336000.0,19553330385.0,25.0,23.67,171795000.0,3.497,1.0,478412000.0,0.654,742924000.0,7578000.0,1808287000.0,,0.0,1303251000.0,1303251000.0,0.0,1046828000.0,471168000.0,575660000.0,19616320385.0,-174154000.0,-1433000.0,-2664000.0,-3000.0,0.0,38433000.0,-392006000.0,-382555000.0,179917000.0,-498000.0,135729000.0,135729000.0,135729000.0,0.0,-618000.0,0.186,289452000.0,188960000.0,90311000.0,0.0,10.818,37.184,36.323,39739000.0,0.0,399.55,6.359,6.211,162426000.0,69110000.0,731314000.0,731314000.0,0.0,,,,,19768000.0,270853000.0,1.0,49096034.0,49125000.0,51201000.0,14.887,2163029000.0,221967000.0,45794000.0,56440000.0,44.031,1486296000.0
43,BKNG,MRQ,2010-09-30,2010-09-30,2010-09-30,2021-08-04,-19048000.0,2746545000.0,,1840058000.0,906487000.0,,33.704,-4238000.0,534276000.0,534276000.0,335569000.0,224560000.0,3.634,0.651,471286000.0,174000.0,471112000.0,471286000.0,117800000.0,14795000.0,0.0,0.0,0.0,325392000.0,340187000.0,0.34,340187000.0,325392000.0,317099000.0,4.59,4.41,4.59,1636999000.0,,1636999000.0,17013866471.0,24.0,22.813,301126000.0,6.2,1.0,666188000.0,0.665,696861000.0,8293000.0,1480365000.0,,0.0,941948000.0,941948000.0,0.0,1065283000.0,506329000.0,558954000.0,16855171471.0,177086000.0,0.0,944000.0,-122023000.0,0.0,-118439000.0,-29519000.0,-25470000.0,305364000.0,19680000.0,222980000.0,222980000.0,222980000.0,0.0,1580000.0,0.223,329419000.0,336769000.0,112753000.0,0.0,10.296,35.842,35.329,35905000.0,0.0,348.34,5.821,5.843,248946000.0,-62861000.0,1001757000.0,1001757000.0,0.0,,,,,21254000.0,311297000.0,1.0,48387126.0,48570000.0,50559000.0,20.625,2049684000.0,232145000.0,94119000.0,139068000.0,42.201,1333729000.0
44,BKNG,MRQ,2010-06-30,2010-06-30,2010-06-30,2021-08-04,-94673000.0,2445739000.0,,1557676000.0,888063000.0,,28.97,-5402000.0,357337000.0,357337000.0,322184000.0,114596000.0,3.344,0.735,516032000.0,41981000.0,474051000.0,516032000.0,141611000.0,11687000.0,0.0,0.0,0.0,175499000.0,187186000.0,0.244,187186000.0,175499000.0,166232000.0,2.41,2.26,2.41,1384484000.0,,1384484000.0,8584000836.0,15.0,13.942,181917000.0,3.807,1.0,445255000.0,0.58,662871000.0,9267000.0,1475787000.0,,0.0,864164000.0,864164000.0,0.0,1017836000.0,465776000.0,552060000.0,8375657836.0,7260000.0,-108472000.0,4361000.0,-75383000.0,0.0,-66032000.0,-108099000.0,5777000.0,187319000.0,-5928000.0,114957000.0,114957000.0,114957000.0,0.0,-361000.0,0.15,272096000.0,173159000.0,119138000.0,0.0,6.05,14.791,13.835,34988000.0,0.0,176.54,3.192,3.215,208056000.0,-285841000.0,767439000.0,767439000.0,0.0,,,,,15465000.0,256443000.0,1.0,47443400.0,47791000.0,50847000.0,16.058,1782868000.0,231834000.0,51275000.0,59179000.0,37.306,1091900000.0
45,BKNG,MRQ,2010-03-31,2010-03-31,2010-03-31,2021-08-04,-47768000.0,2201561000.0,,1476601000.0,724960000.0,,28.431,-4831000.0,350110000.0,350110000.0,265278000.0,53875000.0,4.298,0.658,558453000.0,78329000.0,480124000.0,558453000.0,71146000.0,9779000.0,0.0,0.0,0.0,85634000.0,95413000.0,0.163,95413000.0,85634000.0,80828000.0,1.16,1.06,1.16,1316628000.0,,1316628000.0,11615594210.0,23.0,21.342,99866000.0,2.157,1.0,319116000.0,0.546,490363000.0,4806000.0,1575949000.0,,0.0,886893000.0,886893000.0,0.0,865787000.0,343592000.0,522195000.0,11623191210.0,146634000.0,-2500000.0,-106335000.0,463674000.0,0.0,358995000.0,-311474000.0,-304112000.0,104697000.0,-5584000.0,53875000.0,53875000.0,53875000.0,0.0,0.0,0.092,231207000.0,87909000.0,75256000.0,0.0,8.828,22.425,21.321,30816000.0,0.0,255.0,4.724,4.799,132497000.0,-400798000.0,584394000.0,584394000.0,0.0,,,,,11909000.0,216820000.0,1.0,45581142.0,46309000.0,50862000.0,12.619,1711198000.0,253792000.0,26953000.0,36016000.0,36.952,1133009000.0
46,BKNG,MRQ,2009-12-31,2009-12-31,2009-12-31,2021-08-04,-3000000.0,1834224000.0,,1022941000.0,811283000.0,,29.784,-5204000.0,203460000.0,203460000.0,228564000.0,78455000.0,2.503,0.361,195863000.0,159878000.0,35985000.0,195863000.0,60758000.0,10011000.0,0.0,0.0,0.0,113001000.0,123012000.0,0.227,123012000.0,113001000.0,108138000.0,1.7,1.46,1.7,1321629000.0,,1321629000.0,9506464874.0,20.0,18.803,141061000.0,3.179,1.0,313189000.0,0.578,522710000.0,4863000.0,895152000.0,,0.0,598014000.0,598014000.0,0.0,476610000.0,408765000.0,67845000.0,9599320874.0,-160332000.0,-1500000.0,30778000.0,-75075000.0,0.0,-43728000.0,-262057000.0,-255348000.0,146265000.0,-812000.0,78455000.0,78455000.0,78455000.0,0.0,0.0,0.145,195327000.0,117862000.0,60568000.0,0.0,7.263,19.612,18.926,30489000.0,0.0,218.41,4.105,3.961,118659000.0,-454673000.0,541753000.0,541753000.0,0.0,,,,,7944000.0,180179000.0,1.0,43950922.0,44374000.0,51673000.0,12.209,1311514000.0,319680000.0,29683000.0,43793000.0,29.556,614176000.0
47,BKNG,MRQ,2009-09-30,2009-09-30,2009-09-30,2021-08-04,4814000.0,1797036000.0,,950358000.0,846678000.0,,28.23,-1788000.0,363794000.0,363794000.0,296654000.0,318982000.0,1.99,0.454,270938000.0,220725000.0,50213000.0,270938000.0,50405000.0,10098000.0,0.0,0.0,0.0,200006000.0,210104000.0,0.288,210104000.0,200006000.0,194095000.0,7.49,6.42,7.49,1201725000.0,,1201725000.0,7031242621.0,17.0,15.465,193391000.0,4.543,1.0,434006000.0,0.594,529775000.0,5911000.0,696817000.0,,0.0,356793000.0,356793000.0,0.0,545098000.0,477588000.0,67510000.0,7009494621.0,29024000.0,8921000.0,1975000.0,-85542000.0,0.0,-83329000.0,-83784000.0,-90903000.0,195179000.0,958000.0,318982000.0,318982000.0,318982000.0,0.0,0.0,0.437,233251000.0,200755000.0,62995000.0,0.0,5.833,15.746,15.732,29339000.0,0.0,165.82,3.183,3.205,169864000.0,-533128000.0,730660000.0,730660000.0,0.0,,,,,10869000.0,218376000.0,1.0,42271708.0,42569000.0,49670000.0,17.164,1267261000.0,323277000.0,-124887000.0,45733000.0,29.77,472770000.0
48,BKNG,MRQ,2009-06-30,2009-06-30,2009-06-30,2021-08-04,-11106000.0,1492337000.0,,796995000.0,695342000.0,,20.342,-5023000.0,334732000.0,334732000.0,298503000.0,67011000.0,1.536,0.692,356480000.0,297878000.0,58602000.0,356480000.0,41718000.0,9723000.0,0.0,0.0,0.0,106011000.0,115734000.0,0.192,115734000.0,106011000.0,99506000.0,1.61,1.38,1.61,847452000.0,,847452000.0,4726432504.0,14.0,12.177,89034000.0,2.137,1.0,305238000.0,0.506,530263000.0,6505000.0,465084000.0,,0.0,256119000.0,256119000.0,0.0,586283000.0,518738000.0,67545000.0,4646764504.0,42189000.0,0.0,5165000.0,-16000000.0,0.0,-10770000.0,-45236000.0,-40502000.0,94057000.0,4138000.0,67011000.0,67011000.0,67011000.0,0.0,0.0,0.111,195863000.0,109375000.0,77168000.0,0.0,5.483,22.057,21.535,29669000.0,0.0,111.55,2.285,2.285,150045000.0,-852111000.0,603741000.0,603741000.0,0.0,,,,,11265000.0,181443000.0,1.0,41656338.0,41661000.0,48479000.0,14.492,962074000.0,149045000.0,32495000.0,46584000.0,23.093,278257000.0
49,BKNG,MRQ,2009-03-31,2009-03-31,2009-03-31,2021-08-04,-64535000.0,1328028000.0,,646385000.0,681643000.0,,17.185,-3091000.0,292812000.0,292812000.0,253728000.0,25023000.0,1.308,0.791,372480000.0,306412000.0,66068000.0,372480000.0,35608000.0,9361000.0,0.0,0.0,0.0,47369000.0,56730000.0,0.123,56730000.0,47369000.0,40564000.0,0.61,0.53,0.61,704667000.0,,704667000.0,3254368122.0,10.0,8.889,71073000.0,1.733,1.0,208330000.0,0.451,496008000.0,6805000.0,417378000.0,,0.0,205794000.0,205794000.0,0.0,557293000.0,494310000.0,62983000.0,3228461122.0,-73290000.0,0.0,-11905000.0,-20505000.0,0.0,-31133000.0,-110383000.0,-108251000.0,74164000.0,-5938000.0,25023000.0,25023000.0,25023000.0,0.0,0.0,0.054,165488000.0,42842000.0,77832000.0,0.0,4.582,16.685,16.21,28560000.0,0.0,78.78,1.661,1.662,104747000.0,-919122000.0,462058000.0,462058000.0,0.0,,,,,10593000.0,151600000.0,1.0,40980720.0,41004000.0,47013000.0,11.269,832020000.0,158286000.0,15541000.0,44266000.0,20.291,152075000.0
50,BKNG,MRQ,2008-12-31,2008-12-31,2008-12-31,2021-08-04,-40397000.0,1312421000.0,,593899000.0,718522000.0,,17.263,-5437000.0,367078000.0,367078000.0,200977000.0,34146000.0,1.259,0.771,392985000.0,317910000.0,75075000.0,392985000.0,29664000.0,10444000.0,0.0,0.0,0.0,61640000.0,72084000.0,0.178,72084000.0,61640000.0,54108000.0,0.83,0.74,0.83,698826000.0,,698826000.0,3040660984.0,10.0,8.679,74916000.0,1.851,1.0,205065000.0,0.505,520094000.0,7532000.0,346657000.0,,0.0,98888000.0,98888000.0,0.0,538520000.0,471577000.0,66943000.0,2989362984.0,-48836000.0,-476000.0,919000.0,-74534000.0,0.0,-73119000.0,-53584000.0,-47974000.0,80353000.0,-2486000.0,34146000.0,34146000.0,34146000.0,0.0,0.0,0.084,156232000.0,48833000.0,46290000.0,0.0,4.278,16.403,15.873,29404000.0,0.0,73.65,1.586,1.536,92328000.0,-944145000.0,406042000.0,406042000.0,0.0,,,,,11452000.0,141520000.0,1.0,40588771.0,40481000.0,46652000.0,10.03,792327000.0,166097000.0,19962000.0,48933000.0,19.573,122322000.0
51,BKNG,MRQ,2008-09-30,2008-09-30,2008-09-30,2021-08-04,3759000.0,1456113000.0,,639172000.0,816941000.0,,18.341,-5858000.0,416221000.0,416221000.0,245531000.0,86289000.0,0.974,0.999,467519000.0,467519000.0,0.0,467519000.0,30454000.0,10935000.0,0.0,0.0,0.0,132670000.0,143605000.0,0.256,143605000.0,132670000.0,124931000.0,2.13,1.74,2.13,728420000.0,,728420000.0,2707294217.0,9.0,8.056,96058000.0,2.419,1.0,316078000.0,0.563,566799000.0,7739000.0,284143000.0,,0.0,53154000.0,38850000.0,14304000.0,727693000.0,656469000.0,71224000.0,2661291217.0,-57682000.0,-153626000.0,-164000.0,-52559000.0,0.0,-47259000.0,-91102000.0,68259000.0,101916000.0,-21237000.0,84486000.0,84486000.0,84486000.0,0.0,1803000.0,0.15,188156000.0,127922000.0,65802000.0,0.0,3.654,16.2,16.293,28450000.0,0.0,68.43,1.467,1.498,138875000.0,-946288000.0,561609000.0,561609000.0,0.0,,,,,10054000.0,172819000.0,1.0,38890709.0,39715000.0,48656000.0,14.141,889314000.0,189471000.0,40445000.0,54358000.0,22.392,-17297000.0
52,BKNG,MRQ,2008-06-30,2008-06-30,2008-06-30,2021-08-04,75100000.0,1491546000.0,,723185000.0,768361000.0,,17.964,-4173000.0,474073000.0,474073000.0,260251000.0,50992000.0,1.015,1.117,520076000.0,520076000.0,0.0,520076000.0,31505000.0,11064000.0,0.0,0.0,0.0,82617000.0,93681000.0,0.182,93681000.0,82617000.0,73096000.0,1.29,1.0,1.29,696416000.0,,696416000.0,4506252730.0,19.0,15.985,85729000.0,2.211,1.0,253725000.0,0.494,503755000.0,9521000.0,321353000.0,,0.0,95047000.0,80153000.0,14894000.0,778125000.0,712441000.0,65684000.0,4447329730.0,-37167000.0,-68000.0,2210000.0,-49850000.0,0.0,-47113000.0,-79819000.0,-75491000.0,89902000.0,-137000.0,49838000.0,49838000.0,49838000.0,0.0,1154000.0,0.097,172771000.0,80954000.0,78356000.0,0.0,6.386,24.15,23.905,27534000.0,0.0,115.46,2.664,2.681,132523000.0,-1034256000.0,513976000.0,513976000.0,0.0,,,,,9077000.0,156571000.0,1.0,38518359.0,38768000.0,49948000.0,13.258,987791000.0,203397000.0,23258000.0,49623000.0,25.48,10744000.0
53,BKNG,MRQ,2008-03-31,2008-03-31,2008-03-31,2021-08-04,73578000.0,1428191000.0,,683598000.0,744593000.0,,16.455,-2854000.0,511154000.0,511154000.0,222077000.0,14197000.0,0.951,1.24,570077000.0,570077000.0,0.0,570077000.0,23948000.0,10625000.0,0.0,0.0,0.0,30343000.0,40968000.0,0.102,40968000.0,30343000.0,20282000.0,0.36,0.28,0.36,628985000.0,,628985000.0,4832862593.0,23.0,19.39,40528000.0,1.06,1.0,181103000.0,0.449,478173000.0,10061000.0,290036000.0,,0.0,48962000.0,41426000.0,7536000.0,779650000.0,718905000.0,60745000.0,4649775593.0,122876000.0,-463000.0,-1907000.0,0.0,0.0,-1357000.0,72600000.0,77453000.0,43382000.0,8251000.0,13776000.0,13776000.0,13776000.0,0.0,421000.0,0.034,149338000.0,31765000.0,68934000.0,0.0,7.393,27.531,27.099,26885000.0,0.0,120.86,3.077,3.057,97261000.0,-1088352000.0,403180000.0,403180000.0,0.0,,,,,9939000.0,134836000.0,1.0,38472411.0,38224000.0,49134000.0,10.548,950018000.0,212784000.0,6506000.0,46573000.0,24.854,-35307000.0
54,BKNG,MRQ,2007-12-31,2007-12-31,2007-12-31,2021-08-04,50344000.0,1350856000.0,,613000000.0,737856000.0,,15.206,-4937000.0,386709000.0,386709000.0,174700000.0,20857000.0,0.882,1.303,569796000.0,569796000.0,0.0,569796000.0,17750000.0,10867000.0,0.0,0.0,0.0,46942000.0,57809000.0,0.173,57809000.0,46942000.0,15928000.0,0.42,0.26,0.42,579107000.0,,579107000.0,4546556431.0,29.0,23.565,61744000.0,1.621,1.0,160153000.0,0.478,469907000.0,31014000.0,369193000.0,,0.0,122499000.0,122499000.0,0.0,754713000.0,694843000.0,59870000.0,4403321431.0,-38149000.0,-75625000.0,3208000.0,-25000.0,0.0,5346000.0,-112193000.0,-32997000.0,66681000.0,2017000.0,16178000.0,16178000.0,16178000.0,0.0,4679000.0,0.048,116141000.0,44012000.0,47708000.0,0.0,7.604,31.714,31.127,27088000.0,0.0,114.86,3.124,3.07,70712000.0,-1106506000.0,334853000.0,334853000.0,0.0,,,,,5494000.0,101329000.0,1.0,38336422.0,38085000.0,50244000.0,8.792,880949000.0,232551000.0,-250000.0,46502000.0,23.131,-81843000.0
55,BKNG,MRQ,2007-09-30,2007-09-30,2007-09-30,2021-08-04,49628000.0,1370709000.0,,629822000.0,740887000.0,,14.149,-5505000.0,426218000.0,426218000.0,214956000.0,104365000.0,0.828,1.534,569453000.0,569453000.0,0.0,569453000.0,7670000.0,9131000.0,0.0,0.0,0.0,80315000.0,89446000.0,0.214,89446000.0,80315000.0,77708000.0,2.76,2.27,2.76,534863000.0,,534863000.0,3513227249.0,28.0,21.873,56181000.0,1.486,1.0,202331000.0,0.485,453245000.0,2607000.0,299641000.0,,0.0,91783000.0,73048000.0,18735000.0,820719000.0,761058000.0,59661000.0,3373278249.0,-3013000.0,0.0,5956000.0,-1193000.0,0.0,5628000.0,-74147000.0,-68639000.0,61686000.0,3820000.0,104365000.0,104365000.0,104365000.0,0.0,0.0,0.25,124247000.0,78084000.0,59359000.0,0.0,6.307,24.822,24.517,25056000.0,0.0,88.75,2.528,2.514,103558000.0,-1139368000.0,417287000.0,417287000.0,0.0,,,,,4127000.0,111773000.0,1.0,38008769.0,37803000.0,45924000.0,11.038,917464000.0,222766000.0,-26657000.0,47153000.0,24.27,-131236000.0
56,BKNG,MRQ,2007-06-30,2007-06-30,2007-06-30,2021-08-04,35035000.0,1167664000.0,,552372000.0,615292000.0,,10.778,-3290000.0,429212000.0,429212000.0,198669000.0,34572000.0,0.802,1.829,569161000.0,569161000.0,0.0,569161000.0,10698000.0,8997000.0,0.0,0.0,0.0,52020000.0,61017000.0,0.171,61017000.0,52020000.0,49536000.0,0.92,0.79,0.92,405202000.0,,405202000.0,2715943235.0,35.0,24.153,5605000.0,0.149,1.0,157211000.0,0.442,388853000.0,2484000.0,229808000.0,,0.0,22410000.0,22410000.0,0.0,741236000.0,688952000.0,52284000.0,2604575235.0,-28467000.0,-15013000.0,1854000.0,-116000.0,0.0,2138000.0,-40778000.0,-22410000.0,8895000.0,1278000.0,34572000.0,34572000.0,34572000.0,0.0,0.0,0.097,109637000.0,47574000.0,58999000.0,0.0,6.428,32.85,33.208,22137000.0,0.0,68.74,2.116,2.1,76831000.0,-1243732000.0,355880000.0,355880000.0,0.0,,,,,3466000.0,97488000.0,1.0,37890242.0,37597000.0,43667000.0,9.466,778811000.0,184086000.0,14964000.0,40327000.0,20.715,-136580000.0
57,BKNG,MRQ,2007-03-31,2007-03-31,2007-03-31,2021-08-04,29541000.0,1165739000.0,,555753000.0,609986000.0,,9.672,-2217000.0,457612000.0,457612000.0,181672000.0,-14716000.0,0.759,2.176,568980000.0,568980000.0,0.0,568980000.0,8769000.0,8505000.0,0.0,0.0,0.0,-23839000.0,-15334000.0,-0.051,-15334000.0,-23839000.0,-26309000.0,-0.44,-0.44,-0.44,359707000.0,,359707000.0,2144625966.0,48.0,26.883,16536000.0,0.445,1.0,119717000.0,0.397,376615000.0,2470000.0,168304000.0,,0.0,0.0,0.0,0.0,782814000.0,732188000.0,50626000.0,2001796966.0,31411000.0,0.0,6164000.0,0.0,0.0,6333000.0,5619000.0,7996000.0,18753000.0,706000.0,-14716000.0,-16271000.0,-16271000.0,0.0,0.0,-0.054,151452000.0,-31735000.0,57906000.0,0.0,5.565,34.977,36.231,21400000.0,1555000.0,53.26,1.693,1.675,52134000.0,-1278304000.0,301389000.0,301389000.0,0.0,,,,,3166000.0,140036000.0,1.0,37585373.0,37191000.0,37191000.0,8.104,789124000.0,190947000.0,-11593000.0,39160000.0,21.218,-176435000.0
58,BKNG,MRQ,2006-12-31,2006-12-31,2006-12-31,2021-08-04,26347000.0,1105648000.0,,503089000.0,602559000.0,,9.645,-3223000.0,426036000.0,426036000.0,160554000.0,13232000.0,4.997,2.069,568865000.0,0.0,568865000.0,568865000.0,4768000.0,8916000.0,0.0,0.0,0.0,16578000.0,25494000.0,0.098,25494000.0,16578000.0,14121000.0,0.38,0.34,0.38,348556000.0,,348556000.0,1784580028.0,26.0,17.152,28574000.0,0.791,1.0,99517000.0,0.383,379632000.0,2457000.0,768173000.0,,0.0,7983000.0,7983000.0,0.0,721136000.0,100672000.0,620464000.0,1587327028.0,114907000.0,-19830000.0,4327000.0,43847000.0,0.0,43508000.0,36849000.0,44556000.0,31797000.0,2753000.0,13232000.0,13232000.0,13232000.0,0.0,0.0,0.051,86941000.0,12576000.0,49032000.0,0.0,4.554,21.882,23.197,21691000.0,0.0,43.61,1.413,1.501,48536000.0,-1262033000.0,260071000.0,260071000.0,0.0,,,,,4651000.0,75903000.0,1.0,36398235.0,36139000.0,40429000.0,7.196,726016000.0,179392000.0,889000.0,39714000.0,20.09,402417000.0
59,BKNG,MRQ,2006-09-30,2006-09-30,2006-09-30,2021-08-04,12236000.0,1034534000.0,,437630000.0,596904000.0,,8.007,-3340000.0,326465000.0,326465000.0,189920000.0,48817000.0,4.194,2.221,523718000.0,0.0,523718000.0,523718000.0,7295000.0,9017000.0,0.0,0.0,0.0,32254000.0,41271000.0,0.132,41271000.0,32254000.0,30704000.0,1.21,1.05,1.21,317050000.0,,317050000.0,1555304387.0,26.0,16.548,31495000.0,0.795,1.0,123547000.0,0.394,371927000.0,1550000.0,755520000.0,,0.0,32686000.0,32686000.0,0.0,704014000.0,104340000.0,599674000.0,1472099387.0,189899000.0,1581000.0,-127005000.0,292100000.0,0.0,132643000.0,21989000.0,20255000.0,34835000.0,432000.0,48817000.0,47754000.0,47754000.0,0.0,0.0,0.152,91945000.0,31602000.0,53806000.0,0.0,4.643,23.331,23.138,20738000.0,1063000.0,36.79,1.38,1.365,58577000.0,-1275265000.0,313467000.0,313467000.0,0.0,,,,,3543000.0,80730000.0,1.0,40013574.0,39596000.0,46385000.0,7.917,662607000.0,182822000.0,-18113000.0,42986000.0,16.734,333290000.0
60,BKNG,MRQ,2006-06-30,2006-06-30,2006-06-30,2021-08-04,11868000.0,828177000.0,,286853000.0,541324000.0,,10.347,-4213000.0,140056000.0,140056000.0,201847000.0,12517000.0,2.765,0.994,223261000.0,0.0,223261000.0,223261000.0,10447000.0,8697000.0,0.0,0.0,0.0,19649000.0,28346000.0,0.092,28346000.0,19649000.0,18095000.0,0.32,0.28,0.32,408495000.0,,408495000.0,1305543246.0,31.0,17.418,20889000.0,0.529,1.0,105804000.0,0.344,363116000.0,1554000.0,444536000.0,,0.0,72722000.0,72722000.0,0.0,406212000.0,103730000.0,302482000.0,1185223246.0,36864000.0,-3475000.0,5446000.0,0.0,0.0,5446000.0,4867000.0,12838000.0,25102000.0,1449000.0,12517000.0,12517000.0,12517000.0,0.0,0.0,0.041,86767000.0,19037000.0,56402000.0,0.0,2.901,6.374,6.3,20004000.0,0.0,29.86,1.171,1.165,53025000.0,-1323019000.0,307651000.0,307651000.0,0.0,,,,,3717000.0,76075000.0,1.0,39692674.0,39481000.0,46993000.0,7.792,465061000.0,143009000.0,5578000.0,41881000.0,11.779,183123000.0
61,BKNG,MRQ,2006-03-31,2006-03-31,2006-03-31,2021-08-04,-3475000.0,773432000.0,,243832000.0,529600000.0,,9.445,-2075000.0,102896000.0,102896000.0,169683000.0,-99000.0,2.763,1.043,223216000.0,0.0,223216000.0,223216000.0,8982000.0,8276000.0,0.0,0.0,0.0,658000.0,8934000.0,0.037,8934000.0,658000.0,-840000.0,-0.02,-0.02,-0.02,371949000.0,,371949000.0,1107296400.0,31.0,16.787,18272000.0,0.464,1.0,72231000.0,0.299,347801000.0,1498000.0,457703000.0,,0.0,85546000.0,85546000.0,0.0,388013000.0,88248000.0,299765000.0,986396400.0,1566000.0,-1210000.0,-4474000.0,0.0,0.0,-4474000.0,-14714000.0,-12757000.0,20347000.0,407000.0,-99000.0,-964000.0,-964000.0,0.0,0.0,-0.004,73460000.0,-1229000.0,49387000.0,0.0,2.652,5.309,5.241,18034000.0,865000.0,24.84,1.016,1.007,33821000.0,-1335536000.0,241914000.0,241914000.0,0.0,,,,,3017000.0,63072000.0,1.0,39710000.0,39380000.0,39380000.0,6.143,425631000.0,145780000.0,-741000.0,41173000.0,10.808,155584000.0
62,BKNG,MRQ,2005-12-31,2005-12-31,2005-12-31,2021-08-04,-8407000.0,754028000.0,,223682000.0,530346000.0,,9.336,-2996000.0,102649000.0,102649000.0,138994000.0,3790000.0,3.15,1.007,223549000.0,0.0,223549000.0,223549000.0,3619000.0,8097000.0,0.0,0.0,0.0,7338000.0,15435000.0,0.076,15435000.0,7338000.0,6040000.0,0.08,0.09,0.08,369071000.0,,369071000.0,981136315.0,24.0,14.255,10541000.0,0.267,1.0,64919000.0,0.318,348092000.0,1298000.0,455821000.0,,0.0,72745000.0,72745000.0,0.0,371487000.0,71015000.0,300472000.0,880276315.0,-19748000.0,-1358000.0,-8731000.0,0.0,0.0,-27439000.0,-5120000.0,-1061000.0,13537000.0,-726000.0,3790000.0,3790000.0,3790000.0,0.0,0.0,0.019,58885000.0,6034000.0,37851000.0,0.0,2.385,4.612,4.583,18271000.0,0.0,22.32,0.914,0.908,30043000.0,-1334572000.0,203913000.0,203913000.0,0.0,,,,,1195000.0,48571000.0,1.0,39438903.0,39530000.0,46421000.0,5.158,405936000.0,146553000.0,2250000.0,42375000.0,10.269,152667000.0
63,BKNG,MRQ,2005-09-30,2005-09-30,2005-09-30,2021-08-04,-2397000.0,775831000.0,,230841000.0,544990000.0,,9.682,-1831000.0,122702000.0,122702000.0,178795000.0,171570000.0,2.62,1.011,223562000.0,0.0,223562000.0,223562000.0,6065000.0,7997000.0,0.0,0.0,0.0,14242000.0,22239000.0,0.086,22239000.0,14242000.0,12997000.0,4.36,3.71,4.36,379116000.0,,379116000.0,845083355.0,21.0,13.145,10612000.0,0.271,1.0,80002000.0,0.309,361374000.0,1245000.0,427226000.0,,0.0,52881000.0,52881000.0,0.0,383245000.0,88091000.0,295154000.0,761147355.0,-18181000.0,-132802000.0,534000.0,0.0,0.0,19242000.0,-50368000.0,84843000.0,12443000.0,502000.0,171570000.0,170594000.0,170594000.0,0.0,0.0,0.659,67110000.0,12892000.0,48922000.0,0.0,2.008,3.963,3.935,17706000.0,976000.0,19.32,0.798,0.793,36200000.0,-1338362000.0,258797000.0,258797000.0,0.0,,,,,1271000.0,55464000.0,1.0,39396861.0,39156000.0,46485000.0,6.609,414457000.0,148357000.0,-158573000.0,44585000.0,10.585,142750000.0
64,BKNG,MRQ,2005-06-30,2005-06-30,2005-06-30,2021-08-04,600000.0,567255000.0,,317795000.0,249460000.0,,5.36,-2061000.0,140311000.0,140311000.0,201323000.0,12376000.0,3.41,1.647,224247000.0,0.0,224247000.0,224247000.0,8267000.0,5403000.0,0.0,0.0,0.0,13951000.0,19354000.0,0.073,19354000.0,13951000.0,12712000.0,0.32,0.29,0.32,209177000.0,,209177000.0,1015355160.0,27.0,17.71,11908000.0,0.305,1.0,65234000.0,0.245,214402000.0,1239000.0,343605000.0,,0.0,137598000.0,137598000.0,0.0,344608000.0,93184000.0,251424000.0,915705160.0,18199000.0,0.0,1562000.0,0.0,0.0,1562000.0,4329000.0,4593000.0,13969000.0,-1661000.0,12376000.0,12376000.0,12376000.0,0.0,0.0,0.046,53444000.0,11790000.0,57175000.0,0.0,4.378,29.774,29.532,17627000.0,0.0,23.33,0.984,0.978,31811000.0,-1508957000.0,266557000.0,266557000.0,0.0,,,,,989000.0,45621000.0,1.0,39250114.0,39022000.0,46516000.0,6.831,352853000.0,0.0,336000.0,21857000.0,9.042,224611000.0
65,BKNG,MRQ,2005-03-31,2005-03-31,2005-03-31,2021-08-04,9742000.0,559798000.0,,298227000.0,261571000.0,,5.238,-4142000.0,123926000.0,123926000.0,175685000.0,4992000.0,3.295,1.684,223576000.0,0.0,223576000.0,223576000.0,7950000.0,5805000.0,0.0,0.0,0.0,5995000.0,11800000.0,0.051,11800000.0,5995000.0,4702000.0,0.11,0.1,0.11,203579000.0,,203579000.0,1086859030.0,31.0,20.377,18551000.0,0.477,1.0,57707000.0,0.247,226735000.0,1293000.0,342196000.0,,0.0,141967000.0,141967000.0,0.0,342749000.0,90517000.0,252232000.0,987283030.0,-1199000.0,-1000000.0,1143000.0,0.0,0.0,1143000.0,-24618000.0,-19188000.0,22693000.0,-417000.0,4992000.0,4114000.0,4114000.0,0.0,0.0,0.018,52540000.0,5167000.0,58900000.0,0.0,4.85,33.153,32.727,17672000.0,878000.0,25.2,1.069,1.06,25915000.0,-1521333000.0,233392000.0,233392000.0,0.0,,,,,714000.0,44671000.0,1.0,39177898.0,38863000.0,39764000.0,6.006,333063000.0,0.0,-290000.0,22624000.0,8.57,207710000.0
66,BKNG,MRQ,2004-12-31,2004-12-31,2004-12-31,2021-08-04,11941000.0,542082000.0,,272546000.0,269536000.0,,5.122,-1988000.0,124842000.0,124842000.0,145072000.0,5001000.0,3.664,1.654,224418000.0,0.0,224418000.0,224418000.0,5641000.0,4863000.0,0.0,0.0,0.0,6032000.0,10895000.0,0.056,10895000.0,6032000.0,4741000.0,0.12,0.13,0.12,199143000.0,,199143000.0,1037332018.0,30.0,20.987,3740000.0,0.096,1.0,49898000.0,0.256,237767000.0,1291000.0,329514000.0,,0.0,122812000.0,122812000.0,0.0,329469000.0,74377000.0,255092000.0,916009018.0,23989000.0,-6054000.0,6790000.0,154000.0,0.0,888000.0,15742000.0,21367000.0,5728000.0,1631000.0,5001000.0,5001000.0,5001000.0,0.0,0.0,0.026,44765000.0,5133000.0,40612000.0,0.0,4.6,30.537,30.244,15827000.0,0.0,23.59,1.002,0.988,18314000.0,-1525447000.0,194970000.0,194970000.0,0.0,,,,,294000.0,37478000.0,1.0,38830395.0,38883000.0,42849000.0,5.014,304315000.0,0.0,-260000.0,25668000.0,7.826,198169000.0
67,BKNG,MRQ,2004-09-30,2004-09-30,2004-09-30,2021-08-04,1451000.0,537853000.0,,278999000.0,258854000.0,,4.724,-2454000.0,103249000.0,103249000.0,184778000.0,10004000.0,3.22,1.869,224572000.0,0.0,224572000.0,224572000.0,7398000.0,3912000.0,0.0,0.0,0.0,11370000.0,15282000.0,0.065,15282000.0,11370000.0,10071000.0,0.24,0.23,0.24,182752000.0,,182752000.0,903479161.0,28.0,20.732,13007000.0,0.336,1.0,51104000.0,0.217,226769000.0,1299000.0,345761000.0,,0.0,144381000.0,144381000.0,0.0,341631000.0,86646000.0,254985000.0,859939161.0,-79025000.0,-155184000.0,0.0,-448000.0,0.0,3489000.0,-97960000.0,62144000.0,15461000.0,-15000.0,10004000.0,9264000.0,9264000.0,0.0,0.0,0.039,41454000.0,9650000.0,50640000.0,0.0,4.705,31.588,30.792,15899000.0,740000.0,22.17,0.956,0.953,24146000.0,-1530448000.0,235882000.0,235882000.0,0.0,,,,,126000.0,35823000.0,1.0,38788415.0,38684000.0,42648000.0,6.098,311084000.0,0.0,67000.0,25310000.0,8.042,192353000.0
68,BKNG,MRQ,2004-06-30,2004-06-30,2004-06-30,2021-08-04,1000.0,494612000.0,,416057000.0,78555000.0,,4.493,-1255000.0,179808000.0,179808000.0,205610000.0,11401000.0,4.953,1.812,223348000.0,0.0,223348000.0,223348000.0,8867000.0,3394000.0,0.0,0.0,0.0,11967000.0,15361000.0,0.059,15361000.0,11967000.0,11401000.0,0.3,0.28,0.3,171073000.0,,171073000.0,941835479.0,31.0,23.026,8908000.0,0.234,1.0,53779000.0,0.207,46407000.0,566000.0,407744000.0,,0.0,206360000.0,206360000.0,0.0,310069000.0,84001000.0,226068000.0,1015315479.0,-19786000.0,-3485000.0,0.0,96996000.0,0.0,102349000.0,-132207000.0,-127512000.0,10163000.0,-91000.0,11401000.0,11401000.0,11401000.0,0.0,0.0,0.044,42819000.0,10960000.0,49380000.0,0.0,5.935,38.32,38.471,15474000.0,0.0,26.93,1.119,1.13,23733000.0,-1539712000.0,259389000.0,259389000.0,0.0,,,,,112000.0,37811000.0,1.0,37702023.0,38076000.0,43144000.0,6.812,448205000.0,0.0,0.0,0.0,11.771,332056000.0
69,BKNG,MRQ,2004-03-31,2004-03-31,2004-03-31,2021-08-04,834000.0,353209000.0,,300539000.0,52670000.0,,4.125,-1240000.0,198476000.0,198476000.0,180757000.0,5103000.0,5.071,1.191,124996000.0,0.0,124996000.0,124996000.0,0.0,2220000.0,0.0,0.0,0.0,5669000.0,7889000.0,0.035,7889000.0,5669000.0,5103000.0,0.12,0.11,0.12,155040000.0,,155040000.0,1024432393.0,39.0,28.425,9426000.0,0.251,1.0,43374000.0,0.194,15593000.0,566000.0,204868000.0,,0.0,79576000.0,79576000.0,0.0,184699000.0,59268000.0,125431000.0,1016125393.0,82360000.0,0.0,0.0,-51000.0,0.0,513000.0,71021000.0,72160000.0,10666000.0,160000.0,5103000.0,4331000.0,4331000.0,0.0,0.0,0.019,38695000.0,4679000.0,38023000.0,0.0,6.554,44.598,44.933,15692000.0,772000.0,26.96,1.145,1.142,19052000.0,-1551113000.0,224131000.0,224131000.0,0.0,,,,,106000.0,33961000.0,1.0,37690111.0,37588000.0,38905000.0,5.963,337616000.0,0.0,0.0,0.0,8.982,241271000.0
70,BKNG,MRQ,2003-12-31,2003-12-31,2003-12-31,2021-08-04,674000.0,337784000.0,,283513000.0,54271000.0,,3.92,-2140000.0,116217000.0,116217000.0,148351000.0,2228000.0,5.714,1.175,124524000.0,0.0,124524000.0,124524000.0,0.0,2324000.0,0.0,0.0,0.0,2722000.0,5046000.0,0.028,5046000.0,2722000.0,2228000.0,0.06,0.06,0.06,149107000.0,,149107000.0,674354806.0,53.0,27.687,-1188000.0,-0.031,1.0,31816000.0,0.177,15832000.0,494000.0,280645000.0,,0.0,151736000.0,151736000.0,0.0,175207000.0,49614000.0,125593000.0,685406806.0,-21570000.0,-2848000.0,-1910000.0,-221000.0,0.0,-12371000.0,-10467000.0,-3744000.0,952000.0,316000.0,2228000.0,2228000.0,2228000.0,0.0,0.0,0.012,29866000.0,1950000.0,25061000.0,0.0,4.597,65.746,63.929,16524000.0,0.0,17.9,0.794,0.784,10782000.0,-1555444000.0,180167000.0,180167000.0,0.0,,,,,106000.0,25542000.0,1.0,38290883.0,38038000.0,39387000.0,4.737,321952000.0,0.0,0.0,0.0,8.464,233899000.0
71,BKNG,MRQ,2003-09-30,2003-09-30,2003-09-30,2021-08-04,474000.0,362278000.0,,309625000.0,52653000.0,,4.172,-2854000.0,136052000.0,136052000.0,202793000.0,9730000.0,4.797,1.198,125000000.0,0.0,125000000.0,125000000.0,0.0,2510000.0,0.0,0.0,0.0,10097000.0,12607000.0,0.052,12607000.0,10097000.0,9730000.0,0.22,0.21,0.22,158724000.0,,158724000.0,1018069580.0,375.0,62.119,8260000.0,0.217,1.0,40648000.0,0.167,13741000.0,367000.0,272946000.0,,0.0,148027000.0,148027000.0,0.0,190084000.0,64539000.0,125545000.0,1104230580.0,46010000.0,-10000.0,0.0,120962000.0,0.0,126525000.0,-91492000.0,-84747000.0,11114000.0,-137000.0,9730000.0,8536000.0,8536000.0,0.0,0.0,0.035,32536000.0,8112000.0,38467000.0,0.0,6.957,1404.874,2904.0,16603000.0,1194000.0,29.04,1.254,1.254,18809000.0,-1557672000.0,243441000.0,243441000.0,0.0,,,,,106000.0,28285000.0,1.0,38024469.0,38044000.0,39812000.0,6.399,348537000.0,0.0,0.0,0.0,9.161,245086000.0
72,BKNG,MRQ,2003-06-30,2003-06-30,2003-06-30,2021-08-04,116000.0,229006000.0,,180876000.0,48130000.0,,3.799,-1104000.0,86161000.0,86161000.0,199072000.0,7689000.0,2.502,0.508,0.0,0.0,0.0,0.0,0.0,2787000.0,0.0,0.0,0.0,7711000.0,10498000.0,0.044,10498000.0,7711000.0,7689000.0,0.2,0.2,0.2,142967000.0,,142967000.0,769703790.0,-25.0,-50.739,7703000.0,0.205,1.0,40494000.0,0.169,10517000.0,22000.0,60035000.0,,0.0,62992000.0,62992000.0,0.0,72569000.0,72293000.0,276000.0,839288790.0,16732000.0,-11686000.0,0.0,0.0,0.0,4663000.0,3221000.0,15855000.0,8807000.0,41000.0,7689000.0,7689000.0,7689000.0,0.0,0.0,0.032,34315000.0,6179000.0,46863000.0,0.0,5.871,-26.176,-26.259,16106000.0,0.0,22.32,0.957,0.957,23565000.0,-1566208000.0,239566000.0,239566000.0,0.0,,,,,70000.0,28854000.0,1.0,37602544.0,37635000.0,39284000.0,6.366,218489000.0,0.0,0.0,0.0,5.805,108583000.0
73,BKNG,MRQ,2003-03-31,2003-03-31,2003-03-31,2021-08-04,0.0,208258000.0,,162128000.0,46130000.0,,3.483,-484000.0,69585000.0,69585000.0,167500000.0,-7731000.0,2.54,0.492,0.0,0.0,0.0,0.0,0.0,3912000.0,0.0,0.0,0.0,-7708000.0,-3796000.0,-0.019,-3796000.0,-7708000.0,-7731000.0,-0.21,-0.21,-0.21,130530000.0,,130530000.0,283518666.0,-9.0,-19.068,-1324000.0,-0.035,1.0,32987000.0,0.165,10517000.0,23000.0,64320000.0,,0.0,70194000.0,70194000.0,0.0,64258000.0,63836000.0,422000.0,368948666.0,-14622000.0,0.0,0.0,0.0,0.0,14000.0,-13954000.0,-14693000.0,-840000.0,158000.0,-7731000.0,-8028000.0,-8028000.0,0.0,0.0,-0.04,41210000.0,-8223000.0,36020000.0,0.0,2.827,-11.032,-11.056,17690000.0,297000.0,9.84,0.392,0.391,16106000.0,-1573796000.0,200487000.0,200487000.0,0.0,,,,,0.0,28293000.0,1.0,37494783.0,37477000.0,37477000.0,5.35,197741000.0,0.0,0.0,0.0,5.276,98292000.0
74,BKNG,MRQ,2002-12-31,2002-12-31,2002-12-31,2021-08-04,101000.0,211162000.0,,169568000.0,41594000.0,,3.515,-1718000.0,85430000.0,85430000.0,166817000.0,-7411000.0,2.596,0.502,0.0,0.0,0.0,0.0,0.0,4466000.0,0.0,0.0,0.0,-7386000.0,-2920000.0,-0.015,-2920000.0,-7386000.0,-7411000.0,-0.2,-0.2,-0.2,131650000.0,,131650000.0,274504453.0,-14.0,-322.567,-2901000.0,-0.077,1.0,30484000.0,0.155,12211000.0,25000.0,48194000.0,,0.0,64154000.0,64154000.0,0.0,66042000.0,65327000.0,715000.0,359535453.0,325000.0,0.0,0.0,0.0,0.0,6000.0,1532000.0,3324000.0,-1183000.0,-30000.0,-7411000.0,-7411000.0,-7411000.0,0.0,0.0,-0.038,38513000.0,-8029000.0,35375000.0,0.0,2.731,-16.701,-16.842,21413000.0,0.0,9.6,0.358,0.362,13636000.0,-1565869000.0,197301000.0,197301000.0,0.0,,,,,0.0,27001000.0,1.0,37451610.0,37449000.0,37449000.0,5.269,198951000.0,0.0,0.0,0.0,5.313,104241000.0
75,BKNG,MRQ,2002-09-30,2002-09-30,2002-09-30,2021-08-04,65000.0,223818000.0,,178231000.0,45587000.0,,3.67,-2905000.0,85031000.0,85031000.0,202223000.0,-23823000.0,2.534,0.513,0.0,0.0,0.0,0.0,0.0,4850000.0,0.0,0.0,0.0,-23802000.0,-18952000.0,-0.079,-18952000.0,-23802000.0,-23823000.0,-0.64,-0.64,-0.64,139019000.0,,139019000.0,217782124.0,-17.0,42.887,-17714000.0,-0.468,1.0,37741000.0,0.157,10517000.0,21000.0,57942000.0,,0.0,67478000.0,67478000.0,0.0,71329000.0,70328000.0,1001000.0,335495124.0,-31283000.0,0.0,-11777000.0,0.0,0.0,-11643000.0,-4686000.0,-3180000.0,-14809000.0,-145000.0,-23823000.0,-24313000.0,-24313000.0,0.0,0.0,-0.101,62778000.0,-25037000.0,40972000.0,0.0,2.413,-21.73,-21.9,25279000.0,490000.0,8.76,0.322,0.319,16654000.0,-1558458000.0,239964000.0,239964000.0,0.0,,,,,0.0,30960000.0,1.0,38298530.0,37879000.0,37879000.0,6.335,213301000.0,0.0,0.0,0.0,5.631,107903000.0
76,BKNG,MRQ,2002-06-30,2002-06-30,2002-06-30,2021-08-04,70000.0,282134000.0,,210788000.0,71346000.0,,4.558,-1124000.0,117713000.0,117713000.0,256308000.0,6309000.0,2.274,0.54,0.0,0.0,0.0,0.0,0.0,4490000.0,0.0,0.0,0.0,6309000.0,10799000.0,0.035,10799000.0,6309000.0,6309000.0,0.16,0.16,0.16,174487000.0,,174487000.0,531088263.0,34.0,15.996,1607000.0,0.042,1.0,48148000.0,0.158,22535000.0,0.0,49192000.0,,0.0,62458000.0,62458000.0,0.0,94177000.0,92694000.0,1483000.0,640593263.0,6089000.0,0.0,0.0,0.0,0.0,768000.0,2626000.0,5869000.0,2731000.0,-36000.0,6309000.0,6309000.0,6309000.0,0.0,0.0,0.021,42909000.0,5239000.0,55422000.0,0.0,3.671,121.141,139.5,28205000.0,0.0,16.74,0.58,0.581,21977000.0,-1534145000.0,304456000.0,304456000.0,0.0,,,,,0.0,32149000.0,1.0,38267220.0,38280000.0,39917000.0,7.953,259599000.0,0.0,0.0,0.0,6.782,118094000.0
77,BKNG,MRQ,2002-03-31,2002-03-31,2002-03-31,2021-08-04,0.0,282151000.0,,208594000.0,73557000.0,,4.413,-3150000.0,109505000.0,109505000.0,219892000.0,5741000.0,2.107,0.606,0.0,0.0,0.0,0.0,0.0,4459000.0,0.0,0.0,0.0,5741000.0,10200000.0,0.039,10200000.0,5741000.0,5741000.0,0.12,0.12,0.12,167339000.0,,167339000.0,1084956669.0,88.0,37.072,10925000.0,0.288,1.0,41993000.0,0.16,22535000.0,0.0,51134000.0,,0.0,68327000.0,68327000.0,0.0,101342000.0,98977000.0,2365000.0,1200295669.0,-7892000.0,0.0,0.0,0.0,0.0,2263000.0,-24266000.0,-19058000.0,14075000.0,36000.0,5741000.0,3887000.0,3887000.0,0.0,0.0,0.015,37490000.0,4503000.0,62177000.0,0.0,7.173,668.688,1569.0,31291000.0,1854000.0,31.38,1.031,1.022,20218000.0,-1540454000.0,261885000.0,261885000.0,0.0,,,,,0.0,27278000.0,1.0,38250340.0,37917167.0,39995000.0,6.907,259616000.0,0.0,0.0,0.0,6.847,109617000.0
78,BKNG,MRQ,2001-12-31,2001-12-31,2001-12-31,2021-08-04,0.0,262190000.0,,185311000.0,76879000.0,,3.943,-1051000.0,115339000.0,115339000.0,196051000.0,-1322000.0,2.123,0.614,0.0,0.0,0.0,0.0,0.0,4237000.0,0.0,0.0,0.0,-1206000.0,3031000.0,0.013,3031000.0,-1206000.0,-1322000.0,-0.04,-0.04,-0.04,146711000.0,,146711000.0,1201548802.0,-167.0,127.947,21877000.0,0.588,1.0,39253000.0,0.167,23646000.0,116000.0,35909000.0,,0.0,49269000.0,49269000.0,0.0,90134000.0,87296000.0,2838000.0,1307574802.0,930000.0,-11469000.0,0.0,0.0,0.0,-1797000.0,-20201000.0,-10327000.0,22928000.0,0.0,-1322000.0,-1322000.0,-1322000.0,0.0,0.0,-0.006,42417000.0,-3164000.0,45941000.0,0.0,8.913,-82.414,-75.913,32266000.0,0.0,34.92,1.116,1.018,15665000.0,-1544341000.0,235304000.0,235304000.0,0.0,,,,,4060000.0,40771000.0,1.0,37444868.0,37207500.0,37207500.0,6.324,238544000.0,0.0,0.0,0.0,6.411,98015000.0
79,BKNG,MRQ,2001-09-30,2001-09-30,2001-09-30,2021-08-04,0.0,241685000.0,,185976000.0,55709000.0,,3.959,-2394000.0,106026000.0,106026000.0,251557000.0,4977000.0,2.643,0.517,0.0,0.0,0.0,0.0,0.0,4195000.0,0.0,0.0,0.0,4977000.0,9172000.0,0.03,9172000.0,4977000.0,4977000.0,-0.12,-0.12,-0.12,142615000.0,,142615000.0,699686747.0,-6.0,-7.597,-18456000.0,-0.512,1.0,50432000.0,0.167,0.0,0.0,65301000.0,,0.0,58748000.0,55498000.0,3250000.0,73725000.0,70358000.0,3367000.0,834985747.0,-25271000.0,0.0,0.0,0.0,0.0,4247000.0,-13456000.0,-11062000.0,-16062000.0,0.0,4977000.0,-3586000.0,-3586000.0,0.0,0.0,-0.012,47551000.0,2881000.0,34931000.0,0.0,5.855,-6.977,-5.414,33137000.0,8563000.0,22.74,0.717,0.703,15032000.0,-1543019000.0,301989000.0,301989000.0,0.0,,,,,765000.0,36079000.0,1.0,36718810.0,36022000.0,36022000.0,8.383,241685000.0,0.0,0.0,0.0,6.709,115618000.0
80,BKNG,MRQ,2001-06-30,2001-06-30,2001-06-30,2021-08-04,0.0,268661000.0,,210979000.0,57682000.0,,3.142,-2984000.0,135299000.0,135299000.0,304650000.0,2816000.0,1.974,1.075,0.0,0.0,0.0,0.0,0.0,4047000.0,0.0,0.0,0.0,2816000.0,6863000.0,0.019,6863000.0,2816000.0,2816000.0,0.06,0.06,0.06,102938000.0,,102938000.0,1707771236.0,-6.0,-5.915,24503000.0,0.748,1.0,60106000.0,0.165,0.0,0.0,26460000.0,,0.0,42183000.0,38933000.0,3250000.0,110691000.0,106902000.0,3789000.0,1823983236.0,25586000.0,0.0,-12000.0,0.0,0.0,-1377000.0,-524000.0,2460000.0,27487000.0,0.0,2816000.0,2816000.0,2816000.0,0.0,0.0,0.008,59106000.0,1000000.0,69531000.0,0.0,17.719,-5.787,-4.84,34870000.0,0.0,54.3,1.515,1.478,25880000.0,-1539433000.0,364756000.0,364756000.0,0.0,,,,,3661000.0,40295000.0,1.0,33590852.0,32763500.0,36670167.0,11.133,268661000.0,0.0,0.0,0.0,8.2,104077000.0
81,BKNG,MRQ,2001-03-31,2001-03-31,2001-03-31,2021-08-04,0.0,240562000.0,,178499000.0,62063000.0,,2.317,-2816000.0,116212000.0,116212000.0,226589000.0,-13774000.0,2.151,1.205,0.0,0.0,0.0,0.0,0.0,4099000.0,0.0,0.0,0.0,-13774000.0,-9675000.0,-0.036,-9675000.0,-13774000.0,-13774000.0,-0.42,-0.42,-0.42,72830000.0,,72830000.0,416884268.0,-1.0,-1.406,-9073000.0,-0.289,1.0,43115000.0,0.16,0.0,0.0,41365000.0,,0.0,29644000.0,26394000.0,3250000.0,87732000.0,82985000.0,4747000.0,507476268.0,21674000.0,0.0,49471000.0,0.0,0.0,49926000.0,-21995000.0,-19179000.0,-6257000.0,0.0,-13774000.0,-13774000.0,-13774000.0,0.0,0.0,-0.051,57719000.0,-14604000.0,51377000.0,0.0,6.968,-1.539,-1.297,35861000.0,0.0,15.18,0.426,0.401,23889000.0,-1542249000.0,269704000.0,269704000.0,0.0,,,,,4909000.0,40027000.0,1.0,33430584.0,31431500.0,31431500.0,8.581,240562000.0,0.0,0.0,0.0,7.654,95514000.0
82,BKNG,MRQ,2000-12-31,2000-12-31,2000-12-31,2021-08-04,-1156000.0,195078000.0,,131223000.0,63855000.0,,-8.856,-8358000.0,95066000.0,95066000.0,193495000.0,-105135000.0,1.655,-0.339,0.0,0.0,0.0,0.0,0.0,6674000.0,0.0,0.0,0.0,-105135000.0,-98461000.0,-0.432,-98461000.0,-105135000.0,-105135000.0,-3.72,-3.72,-3.72,-248907000.0,,-248907000.0,116245345.0,0.0,-0.39,-40213000.0,-1.431,1.0,34674000.0,0.152,0.0,0.0,20715000.0,,0.0,10952000.0,10952000.0,0.0,84405000.0,79297000.0,5108000.0,220746345.0,-15727000.0,0.0,432000.0,21000.0,0.0,453000.0,15675000.0,26733000.0,-31855000.0,0.0,-105135000.0,-105135000.0,-105135000.0,0.0,0.0,-0.461,139202000.0,-104528000.0,40691000.0,0.0,-0.887,-0.67,-0.665,37083000.0,0.0,7.86,0.179,0.177,17392000.0,-1528475000.0,228169000.0,228169000.0,0.0,,,,,1711000.0,55620000.0,1.0,28084777.0,28106832.0,28106832.0,8.118,195078000.0,0.0,0.0,0.0,6.941,51926000.0
83,BKNG,MRQ,2000-09-30,2000-09-30,2000-09-30,2021-08-04,-1162000.0,285573000.0,,181109000.0,104464000.0,,-6.066,-9119000.0,104501000.0,104501000.0,287280000.0,-191922000.0,1.909,-2.691,0.0,0.0,0.0,0.0,0.0,4462000.0,0.0,0.0,0.0,-191922000.0,-187460000.0,-0.549,-187460000.0,-191922000.0,-191922000.0,-7.14,-7.14,-7.14,-168899000.0,,-168899000.0,1884168428.0,-2.0,-1.684,-103000.0,-0.004,1.0,54054000.0,0.158,0.0,0.0,86180000.0,,0.0,29372000.0,26122000.0,3250000.0,454472000.0,94892000.0,359580000.0,1979602428.0,5876000.0,0.0,1277000.0,-7000.0,0.0,1270000.0,-4410000.0,7670000.0,9016000.0,0.0,-191922000.0,-199113000.0,-199113000.0,0.0,0.0,-0.583,248272000.0,-194218000.0,59447000.0,0.0,-11.721,-1.728,-1.445,46257000.0,7191000.0,71.28,1.683,1.687,44820000.0,-1404775000.0,341334000.0,341334000.0,0.0,,,,,0.0,47503000.0,1.0,27772200.0,27843167.0,27843167.0,12.259,285573000.0,0.0,0.0,0.0,10.256,86217000.0
84,BKNG,MRQ,2000-06-30,2000-06-30,2000-06-30,2021-08-04,2224000.0,492838000.0,,208653000.0,284185000.0,,1.173,-8047000.0,95434000.0,95434000.0,297300000.0,-4521000.0,2.067,14.247,0.0,0.0,0.0,0.0,0.0,3577000.0,0.0,0.0,0.0,-4521000.0,-944000.0,-0.003,-944000.0,-4521000.0,-4521000.0,-0.42,-0.42,-0.42,32323000.0,,32323000.0,6367554788.0,-6.0,-6.17,1440000.0,0.052,1.0,54795000.0,0.156,0.0,0.0,296469000.0,,0.0,235523000.0,43273000.0,192250000.0,460515000.0,100935000.0,359580000.0,6493409788.0,-31653000.0,0.0,2100000.0,-8000.0,0.0,2092000.0,-43232000.0,-35185000.0,9487000.0,0.0,-4521000.0,-11712000.0,-11712000.0,0.0,0.0,-0.033,62041000.0,-7246000.0,73292000.0,0.0,200.891,-6.19,-4.908,41592000.0,7191000.0,227.94,6.577,6.364,58553000.0,-1205662000.0,352095000.0,352095000.0,0.0,,,,,0.0,52839000.0,1.0,28487364.0,27566500.0,27566500.0,12.773,492838000.0,0.0,0.0,0.0,17.878,107718000.0
85,BKNG,MRQ,2000-03-31,2000-03-31,2000-03-31,2021-08-04,5969000.0,482717000.0,,218121000.0,264596000.0,,14.607,-11796000.0,125855000.0,125855000.0,265152000.0,-13567000.0,2.816,0.191,0.0,0.0,0.0,0.0,0.0,2672000.0,0.0,0.0,0.0,-13567000.0,-10895000.0,-0.035,-10895000.0,-13567000.0,-13567000.0,-0.48,-0.48,-0.48,405260000.0,,405260000.0,13476088160.0,-13.0,-12.905,-17278000.0,-0.623,1.0,48646000.0,0.155,0.0,0.0,279405000.0,,0.0,212625000.0,23625000.0,189000000.0,77457000.0,77457000.0,0.0,13609260160.0,-5855000.0,0.0,10222000.0,-6000.0,0.0,10216000.0,-10589000.0,1207000.0,-5482000.0,0.0,-13567000.0,-13567000.0,-13567000.0,0.0,0.0,-0.043,64928000.0,-16282000.0,59411000.0,0.0,33.582,-12.943,-10.296,37130000.0,0.0,480.0,18.224,17.833,66263000.0,-1193950000.0,313798000.0,313798000.0,0.0,,,,,0.0,53153000.0,1.0,28352625.0,27744500.0,27744500.0,11.31,482717000.0,0.0,0.0,0.0,17.399,140664000.0
86,BKNG,MRQ,1999-12-31,1999-12-31,1999-12-31,2021-08-04,0.0,441886000.0,,211739000.0,230147000.0,,20.295,-9441000.0,133172000.0,133172000.0,145485000.0,-921457000.0,5.395,0.097,0.0,0.0,0.0,0.0,0.0,1840000.0,0.0,0.0,0.0,-921457000.0,-919617000.0,-5.435,-919617000.0,-921457000.0,-921457000.0,-41.28,-41.28,-41.28,402636000.0,,402636000.0,6822266089.0,-6.0,-6.499,-27287000.0,-1.375,1.0,23728000.0,0.14,0.0,0.0,269464000.0,,0.0,227771000.0,38771000.0,189000000.0,39250000.0,39250000.0,0.0,6937730686.0,8913000.0,0.0,-2124000.0,-7000.0,0.0,1268000.0,25491000.0,38675000.0,-17846000.0,0.0,-921457000.0,-921457000.0,-921457000.0,0.0,0.0,-5.446,947562000.0,-923834000.0,24302000.0,0.0,17.231,-6.524,-5.997,28006000.0,0.0,284.28,14.381,13.222,30127000.0,-1180383000.0,169213000.0,169213000.0,0.0,,,,,0.0,34889000.0,1.0,24404568.0,19839501.0,19839501.0,8.529,441886000.0,0.0,0.0,0.0,22.273,172489000.0
87,BKNG,MRQ,1999-09-30,1999-09-30,1999-09-30,2021-08-04,0.0,267065532.0,,234236122.0,32829410.0,,9.274,-6690000.0,115469578.0,115469578.0,134009000.0,-102216000.0,5.36,0.196,4981.0,0.0,4981.0,4981.0,0.0,1596000.0,0.0,0.0,0.0,-102216000.0,-100620000.0,-0.661,-100620000.0,-102216000.0,-102216000.0,-4.26,-4.26,-4.26,223358359.0,,223358359.0,9036876656.0,-44.0,-44.386,-23165000.0,-0.962,1.0,18213000.0,0.12,0.0,0.0,107898743.0,,0.0,77446102.0,77446102.0,0.0,43707173.0,43702192.0,4981.0,9179667542.0,-27333000.0,0.0,65976000.0,-6000.0,0.0,65970000.0,-76828000.0,-70138000.0,-16475000.0,0.0,-102216000.0,-102216000.0,-102216000.0,0.0,0.0,-0.671,122785000.0,-104572000.0,32873492.0,0.0,41.098,-42.133,-25.904,20611244.0,0.0,387.0,27.634,28.057,39971115.0,-258925992.0,152222000.0,152222000.0,0.0,,,,,0.0,28256000.0,1.0,23720071.0,24083500.0,24083500.0,6.321,267065532.0,0.0,0.0,0.0,11.089,190533930.0
88,BKNG,MRQ,1999-06-30,1999-06-30,1999-06-30,2021-08-04,0.0,204794892.0,,183517084.0,21277808.0,,7.222,-6455000.0,142803134.0,142803134.0,101045000.0,-14257000.0,5.482,0.195,12248.0,0.0,12248.0,12248.0,0.0,1164000.0,0.0,0.0,0.0,-14257000.0,-13093000.0,-0.117,-13093000.0,-14257000.0,-14257000.0,-0.6,-0.6,-0.6,171309211.0,,171309211.0,16416963865.0,-131.0,-134.723,-23078000.0,-0.973,1.0,10519000.0,0.094,0.0,0.0,28530573.0,,0.0,9307474.0,9307474.0,0.0,33485681.0,33473433.0,12248.0,16446548544.0,112209000.0,0.0,144565000.0,-1006000.0,0.0,144595000.0,-15763000.0,-9308000.0,-16623000.0,0.0,-14257000.0,-14257000.0,-14257000.0,0.0,0.0,-0.128,26705000.0,-16186000.0,26933608.0,0.0,96.005,-121.371,-58.66,15311214.0,0.0,693.36,86.931,86.931,28441951.0,-156710306.0,111564000.0,111564000.0,0.0,,,,,0.0,23236000.0,1.0,23720071.0,23720000.0,23720000.0,4.703,204794892.0,0.0,0.0,0.0,8.634,150043651.0
89,BKNG,MRQ,1999-03-31,1999-03-31,1999-03-31,2021-08-04,0.0,209738926.0,,197389236.0,12349690.0,,11.795,-4830000.0,30593613.0,30593613.0,44040000.0,-17160000.0,8.932,0.124,1008934.0,0.0,1008934.0,1008934.0,0.0,748000.0,0.0,0.0,0.0,-17160000.0,-16412000.0,-0.332,-16412000.0,-17160000.0,-17160000.0,-1.62,-1.62,-1.62,186629791.0,,186629791.0,11742964089.0,-94.0,-95.987,-21957000.0,-1.388,1.0,5371000.0,0.109,0.0,0.0,158054046.0,,0.0,0.0,0.0,0.0,23109135.0,22100201.0,1008934.0,11795516990.0,-22999000.0,0.0,0.0,-6000.0,0.0,-1042000.0,-4830000.0,0.0,-17127000.0,0.0,-17160000.0,-25514000.0,-25514000.0,0.0,0.0,-0.516,22989000.0,-17618000.0,13051723.0,0.0,63.203,-87.221,-40.233,10009654.0,8354000.0,497.28,139.348,92.956,11189976.0,-142453687.0,49411000.0,49411000.0,0.0,,,,,0.0,20805000.0,1.0,23720071.0,15823167.0,15823167.0,3.123,209738926.0,0.0,0.0,0.0,13.255,175289035.0
90,BKNG,MRQ,1998-12-31,1998-12-31,1998-12-31,2021-08-04,0.0,66572000.0,,60203000.0,6369000.0,,4.158,-691837.0,53593000.0,53593000.0,19731203.0,-73704449.0,5.856,0.204,1015000.0,0.0,1015000.0,1015000.0,0.0,233573.0,0.0,,0.0,-73704449.0,-73470876.0,-3.868,-73470876.0,-73704449.0,-73704449.0,-8.46,-8.46,-8.46,55276000.0,,55276000.0,,,,-10020643.0,-0.754,1.0,-737936.0,-0.039,0.0,0.0,3713000.0,,0.0,0.0,0.0,0.0,11296000.0,10281000.0,1015000.0,,43511146.0,0.0,874636.0,-5847.0,0.0,54211789.0,-1371837.0,-680000.0,-9328806.0,0.0,-73704449.0,-75887449.0,-75887449.0,0.0,0.0,-3.995,73210254.0,-73948190.0,5300000.0,0.0,,,,5927000.0,2183000.0,,,,4177000.0,-116939000.0,18993267.0,18993267.0,0.0,,,,,-6815517.0,12268238.0,1.0,23720071.0,13293717.0,13293717.0,1.429,66572000.0,0.0,0.0,0.0,5.008,49922000.0
91,BKNG,MRQ,1998-09-30,1998-09-30,1998-09-30,2021-08-04,,,,,,,,-839010.0,,,8850957.0,-19848114.0,,,,,,,,966883.0,,,0.0,-19848114.0,-18881231.0,-2.047,-18881231.0,-19848114.0,-19848114.0,-1.14,-1.14,-1.14,,,,,,,-14659863.0,-0.834,1.0,371137.0,0.04,,0.0,,,,,,,,,,,6590935.0,0.0,2256364.0,-1005566.0,0.0,21250798.0,-839010.0,0.0,-13820853.0,0.0,-19848114.0,-19848114.0,-19848114.0,0.0,0.0,-2.152,20361179.0,-19990042.0,,0.0,,,,,0.0,,,,,,9222094.0,9222094.0,0.0,,,,,6815517.0,17560409.0,1.0,,17568477.0,17568477.0,0.525,,,0.0,,,
92,BKNG,MRQ,1998-06-30,1998-06-30,1998-06-30,2021-08-04,,,,,,,,-835441.0,,,7942840.0,-13987376.0,,,,,,,,412085.0,,,0.0,-13987376.0,-13575291.0,-1.933,-13575291.0,-13987376.0,-13987376.0,-1.14,-1.14,-1.14,,,,,,,-18450174.0,-1.587,1.0,-921201.0,-0.131,,0.0,,,,,,,,,,,-11561918.0,0.0,4893637.0,1994619.0,0.0,6888256.0,-835441.0,0.0,-17614733.0,0.0,-13987376.0,-13987376.0,-13987376.0,0.0,0.0,-1.992,13178865.0,-14100066.0,,0.0,,,,,0.0,,,,,,7021639.0,7021639.0,0.0,,,,,0.0,9736704.0,1.0,,11623061.0,11623061.0,0.604,,,0.0,,,
93,BKNG,MRQ,1998-03-31,1998-03-31,1998-03-31,2021-08-04,,,,,,,,-4240712.0,,,0.0,-4703061.0,,,,,,,,247459.0,,,0.0,-4703061.0,-4455602.0,,-4455602.0,-4703061.0,-4703061.0,-0.48,-0.48,-0.48,,,,,,,-3679320.0,-0.398,1.0,0.0,,,0.0,,,,,,,,,,,15035837.0,0.0,18470363.0,-5206.0,0.0,18715157.0,-4240712.0,0.0,561392.0,0.0,-4703061.0,-4703061.0,-4703061.0,0.0,0.0,,4752702.0,-4752702.0,,0.0,,,,,0.0,,,,,,0.0,0.0,0.0,,,,,0.0,2826649.0,1.0,,9247885.0,9247885.0,0.0,,,0.0,,,
94,BKNG,MRQ,1997-12-31,1997-12-31,1997-12-31,2021-08-04,0.0,1449264.0,,266459.0,1182805.0,,,,16459.0,16459.0,,,0.1,-2.153,73014.0,21906.0,51108.0,73014.0,0.0,,0.0,,0.0,,,,,,,,,,-1257119.0,,-1257119.0,,,,,,1.0,,,0.0,,-1149456.0,,0.0,0.0,0.0,0.0,2706383.0,2655275.0,51108.0,,,,,,,,,,,,,,,,,,,,2003443.0,,,,,1180119.0,,,,,0.0,-2513482.0,,,,,,,,,,1.0,,,,,1449264.0,0.0,,0.0,,-2388816.0
0,BKNG,MRT,2021-06-30,2021-06-30,2021-06-30,2021-08-04,-43000000.0,23881000000.0,22888750000.0,13789000000.0,10092000000.0,0.314,116.895,-260000000.0,11231000000.0,11231000000.0,0.0,414000000.0,2.051,3.975,12485000000.0,2180000000.0,10305000000.0,12485000000.0,1896000000.0,634000000.0,0.0,0.0,0.0,1136000000.0,1770000000.0,0.247,1770000000.0,1136000000.0,761000000.0,10.13,10.07,10.13,4799000000.0,4842250000.0,4799000000.0,91842249597.0,81.0,51.888,1028000000.0,25.04,1.0,7179000000.0,1.0,3611000000.0,375000000.0,14800000000.0,15601000000.0,0.0,4820000000.0,501000000.0,4319000000.0,19077000000.0,6724000000.0,12353000000.0,89827249597.0,829000000.0,0.0,-159000000.0,5000000.0,0.0,-203000000.0,-274000000.0,-9000000.0,1288000000.0,18000000.0,414000000.0,414000000.0,414000000.0,0.0,0.0,0.058,7384000000.0,-205000000.0,1028000000.0,0.0,18.718,216.974,216.001,1205000000.0,0.0,2188.09,12.513,12.513,1290000000.0,23066000000.0,7179000000.0,7179000000.0,0.0,0.018,0.085,0.073,0.158,365000000.0,5906000000.0,1.0,41052813.0,41054000.0,41054000.0,174.867,20270000000.0,0.0,347000000.0,1931000000.0,493.74,7065000000.0
1,BKNG,MRT,2021-03-31,2021-03-31,2021-03-31,2021-08-04,-160000000.0,23655000000.0,22146500000.0,14108000000.0,9547000000.0,0.255,116.272,-271000000.0,12151000000.0,12151000000.0,0.0,703000000.0,2.181,3.965,14166000000.0,3905000000.0,10261000000.0,14166000000.0,643000000.0,637000000.0,0.0,0.0,0.0,1401000000.0,2038000000.0,0.361,2038000000.0,1401000000.0,1011000000.0,17.19,17.12,17.19,4764000000.0,4642250000.0,4764000000.0,97252430793.0,69.0,47.72,-13000000.0,-0.317,1.0,5649000000.0,1.0,3644000000.0,390000000.0,15558000000.0,15487250000.0,0.0,4288000000.0,500000000.0,3788000000.0,18891000000.0,6468000000.0,12423000000.0,95434430793.0,5789000000.0,0.0,-159000000.0,4879000000.0,0.0,4678000000.0,839000000.0,1110000000.0,258000000.0,14000000.0,703000000.0,703000000.0,703000000.0,0.0,0.0,0.124,6282000000.0,-633000000.0,570000000.0,0.0,20.032,135.753,135.535,1214000000.0,0.0,2329.84,16.894,16.899,586000000.0,23233000000.0,5649000000.0,5649000000.0,0.0,0.032,0.151,0.09,0.248,357000000.0,4790000000.0,1.0,40961796.0,40973000.0,40973000.0,137.871,20011000000.0,0.0,308000000.0,2034000000.0,488.395,7640000000.0
2,BKNG,MRT,2020-12-31,2020-12-31,2020-12-31,2021-08-04,-118000000.0,21874000000.0,20698250000.0,12206000000.0,9668000000.0,0.328,119.417,-286000000.0,10562000000.0,10562000000.0,0.0,59000000.0,3.564,3.47,12380000000.0,985000000.0,11395000000.0,12380000000.0,323000000.0,642000000.0,0.0,0.0,0.0,923000000.0,1565000000.0,0.23,1565000000.0,923000000.0,567000000.0,1.45,1.44,1.45,4893000000.0,4409000000.0,4893000000.0,92229646850.0,100.0,58.933,-201000000.0,-4.906,1.0,6796000000.0,1.0,3707000000.0,356000000.0,16560000000.0,14614000000.0,0.0,4260000000.0,501000000.0,3759000000.0,16981000000.0,3425000000.0,13556000000.0,91217646850.0,4250000000.0,0.0,-1303000000.0,2864000000.0,0.0,1528000000.0,2637000000.0,2923000000.0,85000000.0,0.0,59000000.0,59000000.0,59000000.0,0.0,0.0,0.009,7427000000.0,-631000000.0,735000000.0,0.0,18.642,1546.062,1536.048,1285000000.0,0.0,2227.27,13.422,13.429,529000000.0,23288000000.0,6796000000.0,6796000000.0,0.0,0.003,0.013,0.063,0.136,255000000.0,5459000000.0,1.0,40954912.0,40974000.0,41160000.0,165.861,18167000000.0,0.0,508000000.0,2050000000.0,443.379,8781000000.0
3,BKNG,MRT,2020-09-30,2020-09-30,2020-09-30,2021-08-04,-196000000.0,22145000000.0,20580250000.0,12583000000.0,9562000000.0,0.432,120.02,-309000000.0,11197000000.0,11197000000.0,0.0,1395000000.0,3.171,3.507,12209000000.0,979000000.0,11230000000.0,12209000000.0,487000000.0,643000000.0,0.0,0.0,0.0,2062000000.0,2705000000.0,0.304,2705000000.0,2062000000.0,1742000000.0,33.62,33.21,33.62,4913000000.0,4669000000.0,4913000000.0,71669004079.0,35.0,26.495,1430000000.0,34.933,1.0,8897000000.0,1.0,3703000000.0,320000000.0,15486000000.0,13960750000.0,0.0,3672000000.0,0.0,3672000000.0,17232000000.0,3968000000.0,13264000000.0,70050004079.0,4732000000.0,0.0,-2646000000.0,2826000000.0,0.0,188000000.0,2799000000.0,3108000000.0,1739000000.0,6000000.0,1395000000.0,1395000000.0,1395000000.0,0.0,0.0,0.157,8203000000.0,694000000.0,1114000000.0,0.0,14.258,50.215,50.883,1312000000.0,0.0,1710.68,7.873,7.871,859000000.0,23453000000.0,8897000000.0,8897000000.0,0.0,0.068,0.299,0.148,0.232,259000000.0,6307000000.0,1.0,40948631.0,40935000.0,41081000.0,217.345,18442000000.0,0.0,347000000.0,1927000000.0,450.519,8615000000.0
4,BKNG,MRT,2020-06-30,2020-06-30,2020-06-30,2021-08-04,-233000000.0,20912000000.0,20405500000.0,11453000000.0,9459000000.0,0.554,97.722,-319000000.0,10404000000.0,10404000000.0,0.0,2544000000.0,2.93,4.229,12023000000.0,973000000.0,11050000000.0,12023000000.0,910000000.0,641000000.0,0.0,0.0,0.0,3562000000.0,4203000000.0,0.372,4203000000.0,3562000000.0,3270000000.0,60.07,59.26,60.07,3999000000.0,4928500000.0,3999000000.0,67802926822.0,19.0,16.132,2351000000.0,57.451,1.0,11297000000.0,1.0,4277000000.0,292000000.0,14345000000.0,13474750000.0,0.0,2946000000.0,0.0,2946000000.0,16913000000.0,3909000000.0,13004000000.0,65175926822.0,5147000000.0,0.0,-3990000000.0,2845000000.0,0.0,-1140000000.0,3636000000.0,3955000000.0,2670000000.0,-19000000.0,2544000000.0,2544000000.0,2544000000.0,0.0,0.0,0.225,8548000000.0,2749000000.0,581000000.0,0.0,16.298,25.619,26.508,1313000000.0,0.0,1592.34,5.769,5.768,566000000.0,22652000000.0,11297000000.0,11297000000.0,0.0,0.125,0.516,0.264,0.315,257000000.0,7264000000.0,1.0,40930911.0,40922000.0,40995000.0,276.062,16635000000.0,0.0,726000000.0,1853000000.0,406.505,7544000000.0
5,BKNG,MRT,2020-03-31,2020-03-31,2020-03-31,2021-08-04,-342000000.0,17862000000.0,20551000000.0,9260000000.0,8602000000.0,0.706,93.228,-337000000.0,6363000000.0,6363000000.0,0.0,3401000000.0,2.239,3.661,8990000000.0,995000000.0,7995000000.0,8990000000.0,960000000.0,646000000.0,0.0,0.0,0.0,4532000000.0,5178000000.0,0.357,5178000000.0,4532000000.0,4268000000.0,79.71,78.73,79.71,3831000000.0,5255500000.0,3831000000.0,58019279610.0,13.0,11.205,3998000000.0,97.292,1.0,14517000000.0,1.0,4288000000.0,264000000.0,12065000000.0,13410750000.0,0.0,2882000000.0,826000000.0,2056000000.0,14027000000.0,4136000000.0,9891000000.0,55241279610.0,4029000000.0,-9000000.0,-6695000000.0,-250000000.0,0.0,-6953000000.0,6674000000.0,7020000000.0,4335000000.0,-27000000.0,3401000000.0,3401000000.0,3401000000.0,0.0,0.0,0.234,10037000000.0,4480000000.0,926000000.0,0.0,14.42,16.243,16.878,1316000000.0,0.0,1345.32,3.805,3.808,667000000.0,22530000000.0,14517000000.0,14517000000.0,0.0,0.165,0.647,0.338,0.312,258000000.0,8780000000.0,1.0,41061814.0,41093000.0,41093000.0,353.272,13574000000.0,0.0,867000000.0,1807000000.0,330.324,5124000000.0
6,BKNG,MRT,2019-12-31,2019-12-31,2019-12-31,2021-08-04,-191000000.0,21402000000.0,21677000000.0,9833000000.0,11569000000.0,0.695,137.714,-368000000.0,6312000000.0,6312000000.0,0.0,4865000000.0,1.832,2.607,9090000000.0,988000000.0,8102000000.0,9090000000.0,1561000000.0,641000000.0,0.0,0.0,0.0,6224000000.0,6865000000.0,0.456,6865000000.0,6224000000.0,5958000000.0,112.93,111.82,112.93,5933000000.0,6026500000.0,5933000000.0,88454306761.0,14.0,12.885,4497000000.0,104.382,1.0,15066000000.0,1.0,4867000000.0,266000000.0,13947000000.0,15031000000.0,0.0,5475000000.0,998000000.0,4477000000.0,15469000000.0,5366000000.0,10103000000.0,85960306761.0,3687000000.0,-9000000.0,-8187000000.0,-25000000.0,0.0,-8220000000.0,7050000000.0,7427000000.0,4865000000.0,-8000000.0,4865000000.0,4865000000.0,4865000000.0,0.0,0.0,0.323,9721000000.0,5345000000.0,1239000000.0,0.0,14.489,17.669,18.186,1358000000.0,0.0,2053.73,5.706,5.873,1680000000.0,23232000000.0,15066000000.0,15066000000.0,0.0,0.224,0.807,0.414,0.413,325000000.0,8967000000.0,1.0,41855700.0,43082000.0,43509000.0,349.705,16535000000.0,0.0,1093000000.0,1897000000.0,383.803,4467000000.0
7,BKNG,MRT,2019-09-30,2019-09-30,2019-09-30,2021-08-04,-265000000.0,21446000000.0,21998250000.0,10056000000.0,11390000000.0,0.679,140.39,-367000000.0,6466000000.0,6466000000.0,0.0,4340000000.0,1.819,2.604,8960000000.0,982000000.0,7978000000.0,8960000000.0,1567000000.0,588000000.0,0.0,0.0,0.0,5440000000.0,6028000000.0,0.403,6028000000.0,5440000000.0,5170000000.0,99.9,99.02,99.9,5951000000.0,6739500000.0,5951000000.0,87334285947.0,16.0,14.488,4505000000.0,106.278,1.0,14940000000.0,1.0,4870000000.0,270000000.0,13542000000.0,16574750000.0,0.0,5292000000.0,973000000.0,4319000000.0,15495000000.0,5528000000.0,9967000000.0,83434285947.0,3491000000.0,-143000000.0,-8701000000.0,-4000000.0,0.0,-8715000000.0,7363000000.0,7873000000.0,4872000000.0,-29000000.0,4340000000.0,4340000000.0,4340000000.0,0.0,0.0,0.29,9624000000.0,5316000000.0,1275000000.0,0.0,14.02,19.224,19.646,1316000000.0,0.0,1962.61,5.585,5.568,1788000000.0,22061000000.0,14940000000.0,14940000000.0,0.0,0.197,0.644,0.328,0.364,350000000.0,8901000000.0,1.0,42511903.0,42389000.0,42831000.0,352.45,16576000000.0,0.0,830000000.0,1895000000.0,391.045,4528000000.0
8,BKNG,MRT,2019-06-30,2019-06-30,2019-06-30,2021-08-04,-230000000.0,21494000000.0,22729369000.0,10020000000.0,11474000000.0,0.649,122.702,-406000000.0,5256000000.0,5256000000.0,0.0,4157000000.0,1.578,3.05,9156000000.0,975000000.0,8181000000.0,9156000000.0,2343000000.0,536000000.0,0.0,0.0,0.0,5315000000.0,5851000000.0,0.397,5851000000.0,5315000000.0,5047000000.0,91.28,90.5,91.28,5307000000.0,7739702500.0,5307000000.0,87899717385.0,17.0,15.023,4579000000.0,105.87,1.0,14749000000.0,1.0,4956000000.0,268000000.0,14089000000.0,18491413250.0,0.0,6171000000.0,1553000000.0,4618000000.0,16187000000.0,6349000000.0,9838000000.0,81158717385.0,2068000000.0,-143000000.0,-9557000000.0,34000000.0,0.0,-9530000000.0,6641000000.0,7190000000.0,4985000000.0,-28000000.0,4157000000.0,4157000000.0,4157000000.0,0.0,0.0,0.282,9556000000.0,5193000000.0,1291000000.0,0.0,15.293,19.523,20.538,1355000000.0,0.0,1874.71,5.503,5.498,1973000000.0,20111000000.0,14749000000.0,14749000000.0,0.0,0.183,0.537,0.287,0.36,343000000.0,8856000000.0,1.0,43291345.0,43251000.0,43601000.0,341.009,16538000000.0,0.0,890000000.0,1567000000.0,382.373,3671000000.0
9,BKNG,MRT,2019-03-31,2019-03-31,2019-03-31,2021-08-04,-169000000.0,22366000000.0,23679932250.0,7077000000.0,15289000000.0,0.61,153.643,-422000000.0,2334000000.0,2334000000.0,0.0,4156000000.0,1.269,2.234,9075000000.0,968000000.0,8107000000.0,9075000000.0,1797000000.0,481000000.0,0.0,0.0,0.0,5315000000.0,5796000000.0,0.401,5796000000.0,5315000000.0,5050000000.0,89.0,88.19,89.0,6915000000.0,9031110500.0,6915000000.0,84568153980.0,16.0,14.591,4426000000.0,98.34,1.0,14436000000.0,1.0,4985000000.0,265000000.0,18546000000.0,20127252000.0,0.0,10426000000.0,1981000000.0,8445000000.0,15451000000.0,5576000000.0,9875000000.0,78543153980.0,-291000000.0,-273000000.0,-8026000000.0,250000000.0,0.0,-7774000000.0,2688000000.0,3383000000.0,4848000000.0,-53000000.0,4156000000.0,4156000000.0,4156000000.0,0.0,0.0,0.288,9269000000.0,5167000000.0,934000000.0,0.0,11.358,18.899,19.606,1330000000.0,0.0,1744.91,5.441,5.44,1491000000.0,19132000000.0,14436000000.0,14436000000.0,0.0,0.176,0.46,0.264,0.368,338000000.0,8592000000.0,1.0,45012725.0,45007000.0,45436000.0,320.75,17381000000.0,0.0,894000000.0,1679000000.0,386.184,1501000000.0
10,BKNG,MRT,2018-12-31,2018-12-31,2018-12-31,2021-08-04,-316000000.0,22687000000.0,24343172250.0,8407000000.0,14280000000.0,0.597,185.158,-442000000.0,2624000000.0,2624000000.0,0.0,3998000000.0,2.365,1.582,8649000000.0,0.0,8649000000.0,8649000000.0,1022000000.0,426000000.0,0.0,0.0,0.0,5104000000.0,5530000000.0,0.381,5530000000.0,5104000000.0,4835000000.0,84.26,83.26,84.26,8785000000.0,9961446250.0,8785000000.0,85529810518.0,17.0,15.467,4896000000.0,103.191,1.0,14527000000.0,1.0,5035000000.0,269000000.0,20122000000.0,21000278750.0,0.0,12068000000.0,3660000000.0,8408000000.0,13902000000.0,3555000000.0,10347000000.0,79799005518.0,82000000.0,-273000000.0,-5971000000.0,-1462000000.0,0.0,-7431000000.0,2215000000.0,2930000000.0,5338000000.0,-40000000.0,3998000000.0,3998000000.0,3998000000.0,0.0,0.0,0.275,9186000000.0,5341000000.0,1134000000.0,0.0,9.084,19.96,20.442,656000000.0,0.0,1722.42,5.493,5.626,1523000000.0,18367000000.0,14527000000.0,14527000000.0,0.0,0.164,0.401,0.243,0.351,331000000.0,8527000000.0,1.0,46329586.0,47446000.0,48017000.0,306.18,17652000000.0,0.0,837000000.0,1536000000.0,372.044,4852000000.0
11,BKNG,MRT,2018-09-30,2018-09-30,2018-09-30,2021-08-04,-233806000.0,24370476000.0,25034172250.0,9467847000.0,14902629000.0,0.564,210.54,-420308000.0,2973096000.0,2973096000.0,-444007000.0,2796777000.0,2.409,1.449,8703901000.0,0.0,8703901000.0,8703901000.0,1101255000.0,414788000.0,0.0,0.0,0.0,5418431000.0,5833219000.0,0.413,5833219000.0,5418431000.0,5144428000.0,59.08,58.5,59.08,9951810000.0,10580446250.0,9951810000.0,99756247584.0,18.0,17.101,5007267000.0,105.934,1.0,14561018000.0,1.031,4962404000.0,274003000.0,21208653000.0,21974778750.0,0.0,13272294000.0,4158076000.0,9114218000.0,14418666000.0,3930224000.0,10488442000.0,94184499584.0,146136000.0,-139195000.0,-4819201000.0,-1664259000.0,0.0,-6492460000.0,1247058000.0,1806561000.0,5427575000.0,-36037000.0,2796777000.0,2796777000.0,2796777000.0,0.0,0.0,0.198,8892540000.0,5668478000.0,1174599000.0,0.0,9.464,33.676,33.582,642861000.0,0.0,1984.0,6.672,6.643,1719059000.0,17720656000.0,14117011000.0,14117011000.0,0.0,0.112,0.264,0.247,0.384,294452000.0,8244429000.0,1.0,47472026.0,47268000.0,47751000.0,298.659,19408072000.0,0.0,2347651000.0,1635842000.0,410.596,5537623000.0
12,BKNG,MRT,2018-06-30,2018-06-30,2018-06-30,2021-08-04,-76283000.0,25296253000.0,25388831000.0,10033374000.0,15262879000.0,0.54,217.93,-375731000.0,3186665000.0,3186665000.0,-389826000.0,2750168000.0,1.921,1.411,8758413000.0,948190000.0,7810223000.0,8758413000.0,1802182000.0,403698000.0,0.0,0.0,0.0,5243614000.0,5647312000.0,0.412,5647312000.0,5243614000.0,4971273000.0,56.81,55.91,56.81,10472632000.0,11311742250.0,10472632000.0,104016376802.0,20.0,18.419,4974435000.0,103.515,1.0,14091866000.0,1.028,5013162000.0,272341000.0,20632355000.0,22674707750.0,0.0,13590661000.0,4145753000.0,9444908000.0,14777978000.0,5222484000.0,9555494000.0,97654989802.0,572634000.0,-691510000.0,-3180540000.0,-697848000.0,0.0,-3887388000.0,-901574000.0,165667000.0,5350166000.0,11430000.0,2750168000.0,2750168000.0,2750168000.0,0.0,0.0,0.201,8568587000.0,5523279000.0,1053509000.0,0.0,9.325,35.509,35.682,613462000.0,0.0,2027.09,7.127,7.109,1715055000.0,15953078000.0,13702040000.0,13702040000.0,0.0,0.108,0.243,0.231,0.383,284953000.0,7941665000.0,1.0,48174965.0,48055000.0,48550000.0,285.132,20283091000.0,0.0,2221105000.0,1647263000.0,422.081,4810890000.0
13,BKNG,MRT,2018-03-31,2018-03-31,2018-03-31,2021-08-04,56406000.0,25018960000.0,24929348500.0,9504864000.0,15514096000.0,0.529,219.991,-348441000.0,2622086000.0,2622086000.0,-322401000.0,2492377000.0,2.137,1.347,8983473000.0,941657000.0,8041816000.0,8983473000.0,1425649000.0,382570000.0,0.0,0.0,0.0,4892673000.0,5275243000.0,0.4,5275243000.0,4892673000.0,4624390000.0,51.13,50.17,51.13,10636343000.0,11591001500.0,10636343000.0,107441160911.0,22.0,20.367,4572941000.0,94.582,1.0,13511997000.0,1.024,4894845000.0,268283000.0,22038107000.0,22819845000.0,0.0,13673467000.0,4240704000.0,9432763000.0,14331219000.0,4447395000.0,9883824000.0,100459103911.0,210059000.0,-552994000.0,-2337682000.0,-779718000.0,0.0,-3127400000.0,-1673186000.0,-771751000.0,4921382000.0,89263000.0,2492377000.0,2492377000.0,2492377000.0,0.0,0.0,0.189,8316459000.0,5195538000.0,841274000.0,0.0,9.445,40.307,40.688,573040000.0,0.0,2080.39,7.617,7.626,1530321000.0,14975706000.0,13189596000.0,13189596000.0,0.0,0.1,0.215,0.214,0.371,272941000.0,7724834000.0,1.0,48288592.0,48349000.0,49205000.0,272.8,20124115000.0,0.0,2132013000.0,1732066000.0,416.226,5057469000.0
14,BKNG,MRT,2017-12-31,2017-12-31,2017-12-31,2021-08-04,238000000.0,25451000000.0,24173171500.0,9035000000.0,16416000000.0,0.525,229.844,-288000000.0,2542000000.0,2542000000.0,-242000000.0,2341000000.0,2.583,1.26,9524000000.0,711000000.0,8813000000.0,9524000000.0,980000000.0,363000000.0,0.0,0.0,0.0,4653000000.0,5016000000.0,0.396,5016000000.0,4653000000.0,4399000000.0,47.78,46.86,47.78,11261000000.0,11634670500.0,11261000000.0,91538372866.0,20.0,18.249,4374000000.0,89.276,1.0,12923000000.0,1.019,4915000000.0,254000000.0,24020000000.0,22370540500.0,0.0,15733000000.0,4860000000.0,10873000000.0,14187000000.0,3498000000.0,10689000000.0,84748790866.0,481000000.0,-553000000.0,-1828000000.0,1759000000.0,0.0,-79000000.0,-4202000000.0,-3361000000.0,4662000000.0,100000000.0,2341000000.0,2341000000.0,2341000000.0,0.0,0.0,0.185,7901000000.0,5022000000.0,668000000.0,0.0,7.526,36.202,36.37,480000000.0,0.0,1737.74,6.683,6.714,1218000000.0,13939000000.0,12681000000.0,12681000000.0,0.0,0.097,0.201,0.208,0.367,261000000.0,7349000000.0,1.0,48769546.0,48994000.0,49954000.0,258.828,20536000000.0,0.0,2058000000.0,1732000000.0,419.153,5537000000.0
15,BKNG,MRT,2017-09-30,2017-09-30,2017-09-30,2021-08-04,653666000.0,25789111000.0,22770164750.0,9124595000.0,16664516000.0,0.537,262.898,-275122000.0,2846300000.0,2846300000.0,260765000.0,3570144000.0,2.518,1.002,9635882000.0,899802000.0,8736080000.0,9635882000.0,827361000.0,344884000.0,0.0,0.0,0.0,4458330000.0,4803214000.0,0.393,4803214000.0,4458330000.0,4219997000.0,72.69,71.39,72.69,12876994000.0,11274456000.0,12876994000.0,95663166166.0,21.0,19.916,4310134000.0,87.996,1.0,11965651000.0,0.979,4946049000.0,238333000.0,24008369000.0,20784348250.0,0.0,15521342000.0,4407028000.0,11114314000.0,12902716000.0,3624275000.0,9278441000.0,89818233166.0,424809000.0,-552994000.0,-1373719000.0,1940554000.0,0.0,566835000.0,-4773510000.0,-3945394000.0,4585256000.0,46228000.0,3570144000.0,3570144000.0,3570144000.0,0.0,0.0,0.292,7624081000.0,4341570000.0,805740000.0,0.0,6.975,25.158,25.187,457548000.0,0.0,1830.82,7.346,7.335,1437762000.0,14513392000.0,12226416000.0,12226416000.0,0.0,0.157,0.317,0.215,0.365,256301000.0,7109194000.0,1.0,49059019.0,48981000.0,49972000.0,249.615,20843062000.0,0.0,649853000.0,407935000.0,425.534,5500320000.0
16,BKNG,MRT,2017-06-30,2017-06-30,2017-06-30,2021-08-04,573915000.0,23458323000.0,21331333000.0,8272570000.0,15185753000.0,0.538,235.893,-301570000.0,2634264000.0,2634264000.0,308073000.0,2355770000.0,2.202,1.023,8479197000.0,899484000.0,7579713000.0,8479197000.0,1185639000.0,327719000.0,0.0,0.0,0.0,3178161000.0,3505880000.0,0.305,3505880000.0,3178161000.0,2950686000.0,47.81,47.09,47.81,11589669000.0,10505850000.0,11589669000.0,97771050387.0,31.0,27.888,3917038000.0,79.726,1.0,11174866000.0,0.973,4333397000.0,227475000.0,21212904000.0,19179962000.0,0.0,13985484000.0,3721825000.0,10263659000.0,11853577000.0,3756955000.0,8096622000.0,91921909387.0,-59104000.0,-695000.0,-1037660000.0,973143000.0,0.0,-64517000.0,-4231138000.0,-3928873000.0,4218608000.0,17943000.0,2355770000.0,2355770000.0,2355770000.0,0.0,0.0,0.205,8101870000.0,3072996000.0,598200000.0,0.0,7.931,39.02,39.124,425100000.0,0.0,1870.52,8.005,8.003,1230602000.0,12793001000.0,11482939000.0,11482939000.0,0.0,0.11,0.224,0.166,0.277,254561000.0,6674960000.0,1.0,49142436.0,49131000.0,50056000.0,233.721,19124926000.0,0.0,594916000.0,397449000.0,389.264,4515615000.0
17,BKNG,MRT,2017-03-31,2017-03-31,2017-03-31,2021-08-04,247055000.0,21994252000.0,20388544750.0,6987882000.0,15006370000.0,0.54,219.772,-285303000.0,2434020000.0,2434020000.0,366732000.0,2216199000.0,2.151,1.032,8283161000.0,974538000.0,7308623000.0,8283161000.0,879405000.0,319559000.0,0.0,0.0,0.0,2996940000.0,3316499000.0,0.301,3316499000.0,2996940000.0,2780117000.0,44.86,44.3,44.86,10811019000.0,9927109000.0,10811019000.0,92607586147.0,31.0,27.923,3734557000.0,75.918,1.0,10647553000.0,0.967,4354305000.0,216823000.0,20240889000.0,18025605500.0,0.0,13076788000.0,2936158000.0,10140630000.0,11160712000.0,3248199000.0,7912513000.0,87521867147.0,577012000.0,-283000.0,-967414000.0,1944218000.0,0.0,976804000.0,-4373093000.0,-4087507000.0,4019860000.0,-46559000.0,2216199000.0,2216199000.0,2216199000.0,0.0,0.0,0.201,7735409000.0,2912144000.0,407575000.0,0.0,8.096,39.492,39.678,381197000.0,0.0,1779.97,7.946,7.95,934254000.0,12072792000.0,11014285000.0,11014285000.0,0.0,0.109,0.223,0.166,0.272,285952000.0,6325693000.0,1.0,49170417.0,49192000.0,50025000.0,223.904,17639947000.0,0.0,563918000.0,497847000.0,358.594,3739683000.0
18,BKNG,MRT,2016-12-31,2016-12-31,2016-12-31,2021-08-04,-134684000.0,19838973000.0,19473618250.0,5401519000.0,14437454000.0,0.552,198.423,-268000000.0,2081075000.0,2081075000.0,415000000.0,2135000000.0,1.89,1.017,7166794000.0,967734000.0,6199060000.0,7166794000.0,614361000.0,309000000.0,0.0,0.0,0.0,2921000000.0,3230000000.0,0.301,3230000000.0,2921000000.0,2713000000.0,43.14,42.65,43.14,9820142000.0,9487446000.0,9820142000.0,77262309428.0,26.0,23.92,3716000000.0,75.084,1.0,10328000000.0,0.961,4390791000.0,208000000.0,17675231000.0,16791210250.0,0.0,11809947000.0,2218880000.0,9591067000.0,9990293000.0,2858670000.0,7131623000.0,72342742428.0,604000000.0,-1000000.0,-996000000.0,995000000.0,0.0,-1000000.0,-3333000000.0,-3064000000.0,3984000000.0,-46000000.0,2135000000.0,2135000000.0,2135000000.0,0.0,0.0,0.199,7422000000.0,2906000000.0,419108000.0,0.0,7.367,33.884,33.984,347017000.0,0.0,1466.06,6.734,6.754,860115000.0,11326852000.0,10743000000.0,10743000000.0,0.0,0.11,0.225,0.174,0.272,311000000.0,6030000000.0,1.0,49345008.0,49491000.0,50063000.0,217.07,15448182000.0,0.0,578000000.0,822334000.0,312.141,2542849000.0
19,BKNG,MRT,2016-09-30,2016-09-30,2016-09-30,2021-08-04,322346000.0,20033784000.0,18869018750.0,5833582000.0,14200202000.0,0.551,198.352,-263848000.0,2423126000.0,2423126000.0,476854000.0,1965348000.0,2.007,1.04,7342693000.0,960984000.0,6381709000.0,7342693000.0,568304000.0,300092000.0,0.0,0.0,0.0,2763536000.0,3063628000.0,0.295,3063628000.0,2763536000.0,2567105000.0,39.71,39.25,39.71,9802570000.0,9231277750.0,9802570000.0,77291935484.0,28.0,25.229,3605685000.0,72.96,1.0,9917714000.0,0.954,4456551000.0,196431000.0,17590824000.0,16152380000.0,0.0,11252464000.0,1956047000.0,9296417000.0,10196710000.0,2905976000.0,7290734000.0,72731271484.0,580625000.0,-5485000.0,-1560823000.0,1783290000.0,0.0,131532000.0,-3423036000.0,-3153703000.0,3869533000.0,2596000.0,1965348000.0,1965348000.0,1965348000.0,0.0,0.0,0.189,7143862000.0,2773852000.0,494607000.0,0.0,7.42,37.007,37.056,339805000.0,0.0,1471.49,6.997,6.996,1105086000.0,10652944000.0,10394568000.0,10394568000.0,0.0,0.104,0.213,0.171,0.266,423820000.0,5765826000.0,1.0,49426956.0,49420000.0,49975000.0,210.331,15577233000.0,0.0,601757000.0,802433000.0,315.201,2927606000.0
20,BKNG,MRT,2016-06-30,2016-06-30,2016-06-30,2021-08-04,135442000.0,19687170000.0,18014265250.0,5914467000.0,13772703000.0,0.544,186.975,-203263000.0,2694541000.0,2694541000.0,530984000.0,2656063000.0,2.677,1.123,7255205000.0,0.0,7255205000.0,7255205000.0,758268000.0,290401000.0,0.0,0.0,0.0,3408128000.0,3698529000.0,0.377,3698529000.0,3408128000.0,3225741000.0,53.14,52.53,53.14,9274705000.0,8912328500.0,9274705000.0,66433501634.0,19.0,17.962,3456127000.0,69.674,1.0,9275933000.0,0.946,5442705000.0,182387000.0,16595478000.0,15009928250.0,0.0,9631656000.0,1677242000.0,7954414000.0,10412465000.0,2209651000.0,8202814000.0,61970299634.0,804749000.0,-95196000.0,-2605032000.0,1783290000.0,0.0,-900918000.0,-1953899000.0,-1655665000.0,3659390000.0,176000.0,2656063000.0,2656063000.0,2656063000.0,0.0,0.0,0.271,5846601000.0,3429332000.0,431870000.0,0.0,6.682,23.332,23.493,320450000.0,0.0,1248.41,6.319,6.315,982993000.0,10146927000.0,9806917000.0,9806917000.0,0.0,0.147,0.298,0.227,0.348,417858000.0,5426515000.0,1.0,49639381.0,49604000.0,50059000.0,197.704,14244465000.0,0.0,569678000.0,803935000.0,287.164,3704816000.0
21,BKNG,MRT,2016-03-31,2016-03-31,2016-03-31,2021-08-04,297765000.0,18334546000.0,17349309250.0,4864763000.0,13469783000.0,0.549,182.397,-195908000.0,1858000000.0,1858000000.0,592391000.0,2592457000.0,2.448,1.025,6321202000.0,0.0,6321202000.0,6321202000.0,535536000.0,280363000.0,0.0,0.0,0.0,3355214000.0,3635577000.0,0.381,3635577000.0,3355214000.0,3181570000.0,51.45,50.87,51.45,9052367000.0,8733143500.0,9052367000.0,68634178291.0,20.0,18.878,3143390000.0,63.336,1.0,8939021000.0,0.938,5506866000.0,173644000.0,15303308000.0,14109346750.0,0.0,9119975000.0,1525637000.0,7594338000.0,9282179000.0,1987574000.0,7294605000.0,63953806291.0,-1398657000.0,-114899000.0,-3005344000.0,889647000.0,0.0,-2179940000.0,-2606428000.0,-2295676000.0,3339298000.0,48413000.0,2592457000.0,2592457000.0,2592457000.0,0.0,0.0,0.272,5563765000.0,3375256000.0,334783000.0,0.0,7.065,24.669,25.053,299845000.0,0.0,1288.96,6.71,6.712,857140000.0,9566289000.0,9531412000.0,9531412000.0,0.0,0.149,0.297,0.238,0.352,380215000.0,5162358000.0,1.0,49616595.0,49630000.0,50129000.0,192.049,12827680000.0,0.0,589113000.0,830161000.0,258.466,2877189000.0
22,BKNG,MRT,2015-12-31,2015-12-31,2015-12-31,2021-08-04,244852000.0,17420575000.0,16976295750.0,3553237000.0,13867338000.0,0.543,172.663,-173915000.0,1477265000.0,1477265000.0,632180000.0,2551360000.0,2.469,0.981,6158443000.0,0.0,6158443000.0,6158443000.0,434881000.0,272494000.0,0.0,0.0,0.0,3288549000.0,3561043000.0,0.386,3561043000.0,3288549000.0,3128320000.0,50.09,49.45,50.09,8795469000.0,8627583000.0,8795469000.0,67050804631.0,20.0,18.829,3029608000.0,59.474,1.0,8591807000.0,0.931,5542533000.0,160229000.0,15119910000.0,13177659250.0,0.0,9102609000.0,1171246000.0,7931363000.0,8625106000.0,1439310000.0,7185796000.0,63471961631.0,-1671423000.0,-140338000.0,-3067988000.0,2251405000.0,0.0,-831288000.0,-3894527000.0,-3580274000.0,3203523000.0,-149131000.0,2551360000.0,2551360000.0,2551360000.0,0.0,0.0,0.277,5332900000.0,3258907000.0,322842000.0,0.0,7.216,24.878,25.453,274786000.0,0.0,1274.95,6.881,7.041,645169000.0,9191865000.0,9223987000.0,9223987000.0,0.0,0.15,0.296,0.25,0.357,350641000.0,4946789000.0,1.0,49783883.0,50940000.0,51593000.0,181.076,11878042000.0,0.0,576960000.0,892576000.0,233.177,2113927000.0
23,BKNG,MRT,2015-09-30,2015-09-30,2015-09-30,2021-08-04,-185465000.0,16614770000.0,16313896250.0,4298957000.0,12315813000.0,0.556,168.68,-167416000.0,1842485000.0,1842485000.0,676980000.0,2498922000.0,2.716,0.949,5421328000.0,0.0,5421328000.0,5421328000.0,413495000.0,273288000.0,0.0,0.0,0.0,3210842000.0,3484130000.0,0.384,3484130000.0,3210842000.0,3063831000.0,48.76,48.25,48.76,8526773000.0,8570389250.0,8526773000.0,66220737318.0,21.0,19.006,2809023000.0,55.569,1.0,8387109000.0,0.925,5589789000.0,147011000.0,13021017000.0,11508405250.0,0.0,7538814000.0,1211184000.0,6327630000.0,8087997000.0,1582807000.0,6505190000.0,62710772318.0,-3211699000.0,-135946000.0,-2749212000.0,1458386000.0,0.0,-1205369000.0,-4749520000.0,-4436849000.0,2976439000.0,-233249000.0,2498922000.0,2498922000.0,2498922000.0,0.0,0.0,0.276,5207235000.0,3179874000.0,388528000.0,0.0,7.355,25.095,25.366,257135000.0,0.0,1236.86,6.919,6.898,890532000.0,8687596000.0,9064089000.0,9064089000.0,0.0,0.153,0.292,0.279,0.354,241240000.0,4827170000.0,1.0,50701593.0,50550000.0,51130000.0,179.309,11024981000.0,90500000.0,564909000.0,952388000.0,218.101,2716150000.0
24,BKNG,MRT,2015-06-30,2015-06-30,2015-06-30,2021-08-04,-43123000.0,17027346000.0,15956298750.0,4693471000.0,12333875000.0,0.551,165.887,-153869000.0,1890001000.0,1890001000.0,737880000.0,2364443000.0,2.43,0.99,5399966000.0,0.0,5399966000.0,5399966000.0,660272000.0,261833000.0,0.0,0.0,0.0,3041778000.0,3303611000.0,0.376,3303611000.0,3041778000.0,2913250000.0,45.36,44.87,45.36,8557965000.0,8621973750.0,8557965000.0,61730816925.0,20.0,18.686,2804902000.0,54.37,1.0,8059805000.0,0.916,5613025000.0,128528000.0,12993152000.0,9957663500.0,0.0,7694595000.0,1299127000.0,6395468000.0,8469381000.0,1931134000.0,6538247000.0,59683385925.0,-1624583000.0,-2441253000.0,-1620105000.0,3720267000.0,0.0,2175777000.0,-6473118000.0,-3882965000.0,2958771000.0,-286013000.0,2364443000.0,2364443000.0,2364443000.0,0.0,0.0,0.269,5045933000.0,3013872000.0,367221000.0,0.0,6.974,25.242,25.383,246102000.0,0.0,1151.37,6.784,6.752,889868000.0,7490864000.0,8797685000.0,8797685000.0,0.0,0.148,0.274,0.305,0.346,229410000.0,4681351000.0,1.0,51836843.0,51589000.0,52038000.0,170.534,11414321000.0,106065000.0,548807000.0,991882000.0,221.255,2762337000.0
25,BKNG,MRT,2015-03-31,2015-03-31,2015-03-31,2021-08-04,-224545000.0,16842492000.0,14599543000.0,5967481000.0,10875011000.0,0.592,166.255,-133036000.0,3256677000.0,3256677000.0,790968000.0,2423862000.0,3.504,0.952,5304108000.0,0.0,5304108000.0,5304108000.0,525148000.0,234446000.0,0.0,0.0,0.0,3084725000.0,3319171000.0,0.384,3319171000.0,3084725000.0,2980638000.0,46.34,45.82,46.34,8630125000.0,8438490500.0,8630125000.0,61202795203.0,20.0,18.439,2813340000.0,54.198,1.0,7849895000.0,0.908,5610131000.0,104087000.0,11576558000.0,8083892250.0,0.0,6353285000.0,1379641000.0,4973644000.0,8212367000.0,1703234000.0,6509133000.0,60465009203.0,1958031000.0,-2519895000.0,-944570000.0,3662324000.0,0.0,2785159000.0,-3457856000.0,-809947000.0,2946376000.0,-315648000.0,2423862000.0,2423862000.0,2423862000.0,0.0,0.0,0.281,4781340000.0,3068555000.0,567322000.0,0.0,7.006,24.946,25.122,214863000.0,0.0,1164.15,6.998,6.993,706776000.0,6973832000.0,8640863000.0,8640863000.0,0.0,0.166,0.287,0.382,0.357,204413000.0,4447259000.0,1.0,51939191.0,51909000.0,52406000.0,166.462,11232361000.0,137102000.0,556776000.0,1072038000.0,216.386,4264247000.0
26,BKNG,MRT,2014-12-31,2014-12-31,2014-12-31,2021-08-04,-259902000.0,14770977000.0,13092341000.0,5113620000.0,9657357000.0,0.645,163.796,-131504000.0,3149494000.0,3149494000.0,857841000.0,2421753000.0,3.709,0.724,3861349000.0,37150000.0,3824199000.0,3861349000.0,460558000.0,207820000.0,0.0,0.0,0.0,3077801000.0,3285621000.0,0.389,3285621000.0,3077801000.0,2989448000.0,46.3,45.67,46.3,8566694000.0,8083311500.0,8566694000.0,58578035125.0,19.0,17.829,2782893000.0,53.209,1.0,7584130000.0,0.898,5661235000.0,88353000.0,8442894000.0,6980817500.0,0.0,4897835000.0,1142182000.0,3755653000.0,6203954000.0,1378703000.0,4825251000.0,59696862125.0,1849024000.0,-2496366000.0,-733989000.0,2139617000.0,0.0,1428994000.0,-2357891000.0,269979000.0,2914397000.0,-136476000.0,2421753000.0,2421753000.0,2421753000.0,0.0,0.0,0.287,4510818000.0,3073312000.0,281480000.0,0.0,6.968,24.65,24.627,198953000.0,0.0,1140.21,7.071,7.064,643894000.0,6640505000.0,8441971000.0,8441971000.0,0.0,0.185,0.3,0.441,0.365,189292000.0,4205500000.0,1.0,52356024.0,52301000.0,53023000.0,161.411,9109742000.0,0.0,567695000.0,897848000.0,174.179,3734917000.0
27,BKNG,MRT,2014-09-30,2014-09-30,2014-09-30,2021-08-04,-72204000.0,15184380000.0,12010711750.0,7303865000.0,7880515000.0,0.678,166.647,-118212000.0,5044627000.0,5044627000.0,900281000.0,2347999000.0,4.596,0.739,3925800000.0,37781000.0,3888019000.0,3925800000.0,416852000.0,173383000.0,0.0,0.0,0.0,2967590000.0,3140973000.0,0.386,3140973000.0,2967590000.0,2887594000.0,44.91,44.28,44.91,8733111000.0,7669070250.0,8733111000.0,59052349217.0,20.0,18.801,2595378000.0,49.525,1.0,7242746000.0,0.889,5658358000.0,79996000.0,6818050000.0,6589308750.0,0.0,3158535000.0,1193353000.0,1965182000.0,6450493000.0,1589145000.0,4861348000.0,60764863217.0,3947630000.0,-2496445000.0,-228232000.0,1729382000.0,0.0,1519676000.0,-243284000.0,2363341000.0,2713590000.0,-42352000.0,2347999000.0,2347999000.0,2347999000.0,0.0,0.0,0.288,4247454000.0,2995292000.0,525441000.0,0.0,6.958,25.879,25.798,203790000.0,0.0,1158.58,7.462,7.456,843560000.0,6188674000.0,8143027000.0,8143027000.0,0.0,0.195,0.306,0.45,0.364,172408000.0,3978830000.0,1.0,52447706.0,52405000.0,53024000.0,155.386,9526022000.0,60731000.0,539595000.0,866167000.0,181.777,5714720000.0
28,BKNG,MRT,2014-06-30,2014-06-30,2014-06-30,2021-08-04,78335000.0,11600323000.0,10826030500.0,8508759000.0,3091564000.0,0.7,149.322,-109950000.0,3519529000.0,3519529000.0,964600000.0,2118735000.0,5.645,0.482,1807015000.0,41316000.0,1765699000.0,1807015000.0,569310000.0,151531000.0,0.0,0.0,0.0,2683534000.0,2835065000.0,0.374,2835065000.0,2683534000.0,2602356000.0,40.86,39.97,40.86,7824032000.0,7084948000.0,7824032000.0,63627584170.0,24.0,22.443,2281972000.0,43.552,1.0,6611833000.0,0.873,2882497000.0,81178000.0,5498067000.0,6639958500.0,0.0,3660807000.0,3660807000.0,0.0,3774956000.0,1507245000.0,2267711000.0,63076165170.0,1741685000.0,-102124000.0,-529073000.0,-533388000.0,0.0,-1050301000.0,359011000.0,578516000.0,2391922000.0,41053000.0,2118735000.0,2118735000.0,2118735000.0,0.0,0.0,0.28,3892349000.0,2719484000.0,340903000.0,0.0,8.062,29.771,29.442,168681000.0,0.0,1203.0,8.325,8.32,841133000.0,5126421000.0,7576433000.0,7576433000.0,0.0,0.196,0.299,0.404,0.354,160445000.0,3651843000.0,1.0,52432390.0,52397000.0,52955000.0,144.597,8717826000.0,113726000.0,483621000.0,396489000.0,166.38,7001514000.0
29,BKNG,MRT,2014-03-31,2014-03-31,2014-03-31,2021-08-04,92751000.0,10813684000.0,10392792500.0,7855940000.0,2957744000.0,0.686,138.236,-99125000.0,1303766000.0,1303766000.0,1020404000.0,1979724000.0,5.49,0.499,1855185000.0,97707000.0,1757478000.0,1855185000.0,471956000.0,137271000.0,0.0,0.0,0.0,2505739000.0,2643010000.0,0.371,2643010000.0,2505739000.0,2422034000.0,38.48,37.47,38.48,7209409000.0,6593355000.0,7209409000.0,62749980582.0,25.0,23.742,2196198000.0,42.111,1.0,6112692000.0,0.857,2769855000.0,83705000.0,7164259000.0,6723104250.0,0.0,5422358000.0,5422358000.0,0.0,3599957000.0,1430989000.0,2168968000.0,62147939582.0,-323060000.0,-334449000.0,-806651000.0,505964000.0,0.0,-474456000.0,-2187120000.0,-1746267000.0,2295323000.0,43193000.0,1979610000.0,1979610000.0,1979610000.0,0.0,114000.0,0.278,3571391000.0,2541301000.0,299411000.0,0.0,8.62,31.394,30.974,149373000.0,0.0,1191.89,8.713,8.714,627160000.0,4549970000.0,7133096000.0,7133096000.0,0.0,0.19,0.3,0.373,0.351,159684000.0,3352228000.0,1.0,52142345.0,52153000.0,53018000.0,136.772,8043829000.0,79626000.0,442424000.0,334631000.0,154.235,6424951000.0
30,BKNG,MRT,2013-12-31,2013-12-31,2013-12-31,2021-08-04,84729000.0,10444460000.0,9403153250.0,7480941000.0,2963519000.0,0.722,135.687,-84445000.0,1300470000.0,1300470000.0,1077420000.0,1892798000.0,5.414,0.51,1902511000.0,151931000.0,1750580000.0,1902511000.0,437127000.0,117975000.0,0.0,0.0,0.0,2379691000.0,2497666000.0,0.368,2497666000.0,2379691000.0,2296402000.0,37.17,36.11,37.17,6909729000.0,5788711500.0,6909729000.0,60980300043.0,26.0,24.415,2216991000.0,43.535,1.0,5715886000.0,0.841,2787897000.0,83289000.0,6876859000.0,6032128000.0,0.0,5462720000.0,5462720000.0,0.0,3526198000.0,1381745000.0,2144453000.0,59779405043.0,-246355000.0,-331918000.0,-793099000.0,564413000.0,0.0,-403511000.0,-2162267000.0,-1743121000.0,2301436000.0,17987000.0,1892663000.0,1892663000.0,1892663000.0,0.0,135000.0,0.279,3303472000.0,2412414000.0,247345000.0,0.0,8.651,31.585,31.273,135053000.0,0.0,1162.4,8.8,8.714,535962000.0,4218752000.0,6793306000.0,6793306000.0,0.0,0.201,0.327,0.395,0.35,142098000.0,3113607000.0,1.0,51427568.0,50924000.0,52413000.0,133.401,7656563000.0,74687000.0,403739000.0,326425000.0,150.353,6099196000.0
31,BKNG,MRT,2013-09-30,2013-09-30,2013-09-30,2021-08-04,39761000.0,10445655000.0,8434473750.0,7489047000.0,2956608000.0,0.764,124.538,-73166000.0,1105128000.0,1105128000.0,1120458000.0,1804316000.0,4.102,0.627,2306023000.0,538266000.0,1767757000.0,2306023000.0,430661000.0,98482000.0,0.0,0.0,0.0,2279258000.0,2377740000.0,0.369,2377740000.0,2279258000.0,2201305000.0,35.51,34.48,35.51,6396622000.0,5035523000.0,6396622000.0,52589609804.0,23.0,22.117,2170616000.0,42.26,1.0,5322335000.0,0.826,2800057000.0,77953000.0,7020649000.0,5385722250.0,0.0,5487526000.0,5487526000.0,0.0,4012303000.0,1825844000.0,2186459000.0,52064460804.0,197624000.0,-351547000.0,-799485000.0,979082000.0,0.0,-7337000.0,-2063553000.0,-1638052000.0,2243782000.0,24732000.0,1803249000.0,1803249000.0,1803249000.0,0.0,1067000.0,0.28,3036453000.0,2285882000.0,312896000.0,0.0,8.139,28.873,28.469,119766000.0,0.0,1010.95,8.081,8.059,706234000.0,3840675000.0,6442793000.0,6442793000.0,0.0,0.214,0.358,0.423,0.354,111803000.0,2877543000.0,1.0,51500530.0,51363000.0,52984000.0,125.436,7645598000.0,83298000.0,398056000.0,371498000.0,148.854,5663203000.0
32,BKNG,MRT,2013-06-30,2013-06-30,2013-06-30,2021-08-04,-75582000.0,9867371000.0,7377512250.0,6926150000.0,2941221000.0,0.797,115.399,-63216000.0,1769947000.0,1769947000.0,1149429000.0,1571300000.0,3.91,0.677,2295096000.0,532206000.0,1762890000.0,2295096000.0,535644000.0,78743000.0,0.0,0.0,0.0,1979626000.0,2058369000.0,0.35,2058369000.0,1979626000.0,1908741000.0,31.26,30.42,31.26,5857660000.0,4330833500.0,5857660000.0,41227257401.0,21.0,20.029,1885047000.0,37.136,1.0,4729771000.0,0.804,2790433000.0,70885000.0,5830650000.0,4775156000.0,0.0,4182860000.0,4182860000.0,0.0,3966918000.0,1771437000.0,2195481000.0,41383261401.0,949428000.0,-351276000.0,-352529000.0,979475000.0,0.0,444859000.0,-1446406000.0,-1031599000.0,1948263000.0,2712000.0,1566846000.0,1566846000.0,1566846000.0,0.0,4454000.0,0.267,2735194000.0,1994577000.0,316251000.0,0.0,7.065,26.412,26.445,109141000.0,0.0,826.67,7.039,7.137,649250000.0,3007686000.0,5879200000.0,5879200000.0,0.0,0.212,0.362,0.415,0.337,94469000.0,2603761000.0,1.0,50060195.0,50760000.0,52111000.0,115.823,7076938000.0,78587000.0,341895000.0,387296000.0,139.42,5154713000.0
33,BKNG,MRT,2013-03-31,2013-03-31,2013-03-31,2021-08-04,-88060000.0,6855127000.0,6267871000.0,6030452000.0,824675000.0,0.882,79.914,-56512000.0,1618232000.0,1618232000.0,1175663000.0,1486514000.0,3.756,0.658,1462228000.0,526231000.0,935997000.0,1462228000.0,403530000.0,68379000.0,0.0,0.0,0.0,1886804000.0,1955183000.0,0.354,1955183000.0,1886804000.0,1818670000.0,29.71,28.91,29.71,3990835000.0,3598365250.0,3990835000.0,34233258469.0,18.0,17.509,1729975000.0,34.642,1.0,4350058000.0,0.787,693430000.0,68134000.0,4400354000.0,4313762250.0,0.0,3570407000.0,3570407000.0,0.0,2624631000.0,1605339000.0,1019292000.0,34319253469.0,419135000.0,-20677000.0,-76573000.0,-590000.0,0.0,-132650000.0,-1207214000.0,-1127288000.0,1786487000.0,-27488000.0,1481867000.0,1481867000.0,1481867000.0,0.0,4647000.0,0.268,2451957000.0,1898101000.0,250546000.0,0.0,8.6,23.159,23.163,92500000.0,0.0,688.162,6.211,6.219,471807000.0,2570114000.0,5525721000.0,5525721000.0,0.0,0.236,0.412,0.437,0.341,77221000.0,2337407000.0,1.0,49870893.0,49939000.0,51353000.0,110.649,6161697000.0,54398000.0,336803000.0,41474000.0,123.384,4425113000.0
34,BKNG,MRT,2012-12-31,2012-12-31,2012-12-31,2021-08-04,-23676000.0,6569742000.0,5827296000.0,5682375000.0,887367000.0,0.903,78.19,-55158000.0,1542990000.0,1542990000.0,1177275000.0,1424037000.0,3.887,0.631,1456995000.0,520344000.0,936651000.0,1456995000.0,368823000.0,65141000.0,0.0,0.0,0.0,1819462000.0,1884603000.0,0.358,1884603000.0,1819462000.0,1757398000.0,28.48,27.66,28.48,3896975000.0,3248571250.0,3896975000.0,31482157350.0,17.0,16.705,1730592000.0,34.723,1.0,4083681000.0,0.776,730785000.0,62064000.0,4291236000.0,4042660500.0,0.0,3646845000.0,3646845000.0,0.0,2457825000.0,1461726000.0,996099000.0,30936033350.0,903513000.0,-33861000.0,-254338000.0,979083000.0,0.0,668855000.0,-1562713000.0,-1470938000.0,1785750000.0,11621000.0,1419566000.0,1419566000.0,1419566000.0,0.0,4471000.0,0.27,2253888000.0,1829793000.0,184648000.0,0.0,7.938,21.793,21.783,89269000.0,0.0,620.39,5.88,5.877,367512000.0,2368611000.0,5260956000.0,5260956000.0,0.0,0.244,0.437,0.45,0.346,72035000.0,2145062000.0,1.0,49865461.0,49840000.0,51326000.0,105.557,5838957000.0,72223000.0,337832000.0,45159000.0,117.154,4220649000.0
35,BKNG,MRT,2012-09-30,2012-09-30,2012-09-30,2021-08-04,-62872000.0,6217809000.0,5177528250.0,5365729000.0,852080000.0,0.978,71.771,-56013000.0,905684000.0,905684000.0,1192458000.0,1360399000.0,3.637,0.684,1451808000.0,514542000.0,937266000.0,1451808000.0,343296000.0,61250000.0,0.0,0.0,0.0,1754267000.0,1815517000.0,0.359,1815517000.0,1754267000.0,1700728000.0,27.22,26.48,27.22,3577864000.0,2917901250.0,3577864000.0,31472669378.0,18.0,17.335,1514759000.0,30.386,1.0,3868629000.0,0.764,710209000.0,53539000.0,4578384000.0,3494434250.0,0.0,3769527000.0,3769527000.0,0.0,2446267000.0,1475340000.0,970927000.0,30845397378.0,477304000.0,-14090000.0,-253233000.0,979083000.0,0.0,683727000.0,-1767168000.0,-1693589000.0,1570772000.0,-10027000.0,1356619000.0,1356619000.0,1356619000.0,0.0,3780000.0,0.268,2109373000.0,1759256000.0,240176000.0,0.0,8.621,22.737,22.743,81931000.0,0.0,619.07,6.095,6.098,493777000.0,2105386000.0,5061087000.0,5061087000.0,0.0,0.262,0.465,0.502,0.347,77480000.0,2005793000.0,1.0,49825379.0,49851000.0,51185000.0,101.524,5507600000.0,67249000.0,344109000.0,46305000.0,110.481,3890389000.0
36,BKNG,MRT,2012-06-30,2012-06-30,2012-06-30,2021-08-04,-107647000.0,5428806000.0,4576969250.0,4578299000.0,850507000.0,1.05,58.777,-57179000.0,819395000.0,819395000.0,1235305000.0,1233312000.0,3.35,0.794,1446667000.0,508826000.0,937841000.0,1446667000.0,384519000.0,59199000.0,0.0,0.0,0.0,1625757000.0,1684956000.0,0.35,1684956000.0,1625757000.0,1581406000.0,24.68,23.99,24.68,2927787000.0,2621010000.0,2927787000.0,33333538173.0,21.0,19.783,1399117000.0,28.088,1.0,3572276000.0,0.743,704368000.0,44351000.0,3985075000.0,2865700250.0,0.0,3129556000.0,3129556000.0,0.0,2324661000.0,1366635000.0,958026000.0,33088502173.0,201537000.0,-14547000.0,-257523000.0,979579000.0,0.0,682358000.0,-1906912000.0,-1829312000.0,1456296000.0,-30205000.0,1229532000.0,1229532000.0,1229532000.0,0.0,3780000.0,0.256,1952234000.0,1620042000.0,201203000.0,0.0,11.302,26.911,26.925,78616000.0,0.0,664.52,6.883,6.885,429520000.0,1524615000.0,4807581000.0,4807581000.0,0.0,0.269,0.469,0.567,0.338,73223000.0,1852955000.0,1.0,49793087.0,49812000.0,51226000.0,96.515,4724438000.0,64123000.0,351874000.0,45237000.0,94.845,3211664000.0
37,BKNG,MRT,2012-03-31,2012-03-31,2012-03-31,2021-08-04,-51112000.0,5092827000.0,4059786500.0,4203062000.0,889765000.0,1.129,52.013,-52251000.0,1196533000.0,1196533000.0,1266177000.0,1136935000.0,3.258,0.867,1441569000.0,503192000.0,938377000.0,1441569000.0,314836000.0,57187000.0,0.0,0.0,0.0,1487980000.0,1545167000.0,0.337,1545167000.0,1487980000.0,1452716000.0,22.77,22.13,22.77,2591659000.0,2386470000.0,2591659000.0,35669075768.0,24.0,23.084,1195722000.0,23.997,1.0,3317361000.0,0.724,731687000.0,35264000.0,3315947000.0,2228950250.0,0.0,2426628000.0,2426628000.0,0.0,2246044000.0,1290229000.0,955815000.0,35730682768.0,641001000.0,-15274000.0,-255331000.0,979460000.0,0.0,726704000.0,-1331320000.0,-1260289000.0,1247973000.0,-2356000.0,1133553000.0,1133553000.0,1133553000.0,0.0,3382000.0,0.247,1830966000.0,1486395000.0,173984000.0,0.0,13.787,31.521,31.511,73520000.0,0.0,717.5,7.795,7.8,324562000.0,1163494000.0,4583538000.0,4583538000.0,0.0,0.279,0.475,0.668,0.325,68724000.0,1735900000.0,1.0,49798861.0,49827000.0,51347000.0,91.989,4361140000.0,96844000.0,319163000.0,45720000.0,87.526,2912833000.0
38,BKNG,MRT,2011-12-31,2011-12-31,2011-12-31,2021-08-04,-87582000.0,3970671000.0,3552917500.0,3066844000.0,903827000.0,1.226,51.845,-46833000.0,636607000.0,636607000.0,1275730000.0,1059131000.0,2.773,0.463,575000000.0,497640000.0,77360000.0,575000000.0,239157000.0,53824000.0,0.0,0.0,0.0,1396755000.0,1450579000.0,0.333,1450579000.0,1396755000.0,1365034000.0,21.27,20.63,21.27,2574295000.0,2169655500.0,2574295000.0,23434215366.0,17.0,16.155,1294979000.0,26.08,1.0,3079880000.0,0.707,704935000.0,31721000.0,2098331000.0,1710430000.0,0.0,2024827000.0,2024827000.0,0.0,1191971000.0,1105798000.0,86173000.0,23284232366.0,273869000.0,-68192000.0,-158869000.0,-213000.0,0.0,-151027000.0,-904768000.0,-786821000.0,1341812000.0,-12148000.0,1056371000.0,1056371000.0,1056371000.0,0.0,2760000.0,0.243,1680958000.0,1398922000.0,146867000.0,0.0,9.045,22.042,21.989,64322000.0,0.0,467.71,5.346,5.332,264453000.0,1033738000.0,4355610000.0,4355610000.0,0.0,0.297,0.487,0.817,0.321,66194000.0,1593321000.0,1.0,49783482.0,49654000.0,51211000.0,87.719,3265736000.0,147835000.0,308663000.0,46990000.0,65.77,1961046000.0
39,BKNG,MRT,2011-09-30,2011-09-30,2011-09-30,2021-08-04,-59835000.0,3815573000.0,3286738000.0,2881977000.0,933596000.0,1.246,48.018,-37892000.0,425017000.0,425017000.0,1262559000.0,968287000.0,2.44,0.53,575000000.0,492169000.0,82831000.0,575000000.0,213802000.0,54290000.0,0.0,0.0,0.0,1279106000.0,1333396000.0,0.326,1333396000.0,1279106000.0,1248139000.0,19.47,18.89,19.47,2390299000.0,1979415750.0,2390299000.0,22332240916.0,17.0,16.748,1201996000.0,24.147,1.0,2833595000.0,0.692,720847000.0,30967000.0,2063448000.0,1637919000.0,0.0,1983467000.0,1983467000.0,0.0,1265828000.0,1181261000.0,84567000.0,22369568916.0,-111955000.0,-69406000.0,-161042000.0,-216000.0,0.0,-118148000.0,-1230159000.0,-1120045000.0,1239888000.0,-3536000.0,966386000.0,966386000.0,966386000.0,0.0,1901000.0,0.236,1549490000.0,1284105000.0,169545000.0,0.0,9.358,23.148,23.085,53843000.0,0.0,449.46,5.461,5.462,345339000.0,858438000.0,4096154000.0,4096154000.0,0.0,0.294,0.488,0.781,0.312,60524000.0,1467347000.0,1.0,49769877.0,49779000.0,51184000.0,82.287,3094726000.0,169710000.0,281753000.0,47448000.0,62.169,1700716000.0
40,BKNG,MRT,2011-06-30,2011-06-30,2011-06-30,2021-08-04,19476000.0,3360075000.0,3019481000.0,2376435000.0,983640000.0,1.207,40.018,-30437000.0,612328000.0,612328000.0,1245472000.0,719961000.0,2.11,0.611,575000000.0,486778000.0,88222000.0,575000000.0,243733000.0,55128000.0,0.0,0.0,0.0,988154000.0,1043282000.0,0.286,1043282000.0,988154000.0,956773000.0,14.63,14.13,14.63,1989627000.0,1791090750.0,1989627000.0,25438736751.0,26.0,24.383,954346000.0,19.195,1.0,2399635000.0,0.658,758479000.0,31381000.0,1438075000.0,1492148250.0,0.0,1338169000.0,1338169000.0,0.0,1214730000.0,1126193000.0,88537000.0,25415661751.0,255214000.0,-68507000.0,-156541000.0,-122239000.0,0.0,-235853000.0,-521655000.0,-422969000.0,984783000.0,27939000.0,719867000.0,719867000.0,719867000.0,0.0,94000.0,0.197,1395139000.0,1004496000.0,127794000.0,0.0,12.774,35.306,34.992,49346000.0,0.0,511.93,6.973,6.983,321358000.0,396528000.0,3645107000.0,3645107000.0,0.0,0.238,0.402,0.662,0.271,68363000.0,1317379000.0,1.0,49646752.0,49718000.0,51105000.0,73.316,2601596000.0,210517000.0,236906000.0,54679000.0,52.327,1250242000.0
41,BKNG,MRT,2011-03-31,2011-03-31,2011-03-31,2021-08-04,10360000.0,3065351000.0,2790897000.0,2105670000.0,959681000.0,1.186,34.964,-26041000.0,552138000.0,552138000.0,1214167000.0,578280000.0,1.938,0.69,575213000.0,481644000.0,93569000.0,575213000.0,166805000.0,53164000.0,0.0,0.0,0.0,839176000.0,892340000.0,0.27,892340000.0,839176000.0,806323000.0,11.88,11.37,11.88,1724401000.0,1639805000.0,1724401000.0,25008760785.0,30.0,28.026,922778000.0,18.71,1.0,2095663000.0,0.633,759864000.0,32853000.0,1241866000.0,1501576250.0,0.0,1194512000.0,1194512000.0,0.0,1189843000.0,1086696000.0,103147000.0,24892334785.0,202299000.0,-176109000.0,-154077000.0,-197409000.0,0.0,-293236000.0,-474573000.0,-272698000.0,948819000.0,21289000.0,578456000.0,578456000.0,578456000.0,0.0,-176000.0,0.175,1242716000.0,852947000.0,115512000.0,0.0,14.435,43.032,42.63,44386000.0,0.0,506.44,7.521,7.546,221978000.0,163545000.0,3309830000.0,3309830000.0,0.0,0.207,0.353,0.559,0.254,70597000.0,1171193000.0,1.0,49151597.0,49319000.0,51159000.0,67.111,2305487000.0,218329000.0,227867000.0,55938000.0,46.746,1018974000.0
42,BKNG,MRT,2010-12-31,2010-12-31,2010-12-31,2021-08-04,-32889000.0,2905953000.0,2574949500.0,1957464000.0,948489000.0,1.198,37.813,-22593000.0,360017000.0,360017000.0,1175934000.0,528142000.0,4.154,0.577,476443000.0,175000.0,476268000.0,476443000.0,136915000.0,50464000.0,0.0,0.0,0.0,775626000.0,826090000.0,0.268,826090000.0,775626000.0,745682000.0,11.0,10.35,11.0,1813336000.0,1537861750.0,1813336000.0,19553330385.0,25.0,23.67,754704000.0,15.738,1.0,1908971000.0,0.619,742924000.0,29944000.0,1808287000.0,1585097000.0,0.0,1303251000.0,1303251000.0,0.0,1046828000.0,471168000.0,575660000.0,19616320385.0,156826000.0,-112405000.0,-103694000.0,266265000.0,0.0,212957000.0,-841098000.0,-706360000.0,777297000.0,7670000.0,527541000.0,527541000.0,527541000.0,0.0,601000.0,0.171,1122174000.0,786797000.0,90311000.0,0.0,10.818,37.184,36.323,39739000.0,0.0,399.55,6.359,6.211,162426000.0,69110000.0,3084905000.0,3084905000.0,0.0,0.205,0.343,0.489,0.251,68396000.0,1055413000.0,1.0,49096034.0,47955000.0,50988000.0,64.329,2163029000.0,221967000.0,218141000.0,56440000.0,45.105,1486296000.0
43,BKNG,MRT,2010-09-30,2010-09-30,2010-09-30,2021-08-04,-19048000.0,2746545000.0,2307017250.0,1840058000.0,906487000.0,1.255,33.704,-19675000.0,534276000.0,534276000.0,1151595000.0,471486000.0,3.634,0.651,471286000.0,174000.0,471112000.0,471286000.0,117800000.0,46272000.0,0.0,0.0,0.0,699526000.0,745798000.0,0.258,745798000.0,699526000.0,672297000.0,9.86,9.19,9.86,1636999000.0,1414935000.0,1636999000.0,17013866471.0,24.0,22.813,723970000.0,14.906,1.0,1743748000.0,0.602,696861000.0,27229000.0,1480365000.0,1356813250.0,0.0,941948000.0,941948000.0,0.0,1065283000.0,506329000.0,558954000.0,16855171471.0,170648000.0,-112472000.0,-70252000.0,191193000.0,0.0,130796000.0,-711149000.0,-579153000.0,743645000.0,7356000.0,470267000.0,470267000.0,470267000.0,0.0,1219000.0,0.162,1028049000.0,715699000.0,112753000.0,0.0,10.296,35.842,35.329,35905000.0,0.0,348.34,5.821,5.843,248946000.0,-62861000.0,2895343000.0,2895343000.0,0.0,0.204,0.332,0.516,0.242,56572000.0,964739000.0,1.0,48387126.0,48570000.0,50559000.0,59.612,2049684000.0,232145000.0,202030000.0,139068000.0,42.201,1333729000.0
44,BKNG,MRT,2010-06-30,2010-06-30,2010-06-30,2021-08-04,-94673000.0,2445739000.0,2069640000.0,1557676000.0,888063000.0,1.268,28.97,-17225000.0,357337000.0,357337000.0,1112680000.0,565908000.0,3.344,0.735,516032000.0,41981000.0,474051000.0,516032000.0,141611000.0,41575000.0,0.0,0.0,0.0,574140000.0,615715000.0,0.235,615715000.0,574140000.0,549293000.0,12.76,11.2,12.76,1384484000.0,1306116500.0,1384484000.0,8584000836.0,15.0,13.942,616235000.0,12.894,1.0,1511566000.0,0.576,662871000.0,24847000.0,1475787000.0,1160926250.0,0.0,864164000.0,864164000.0,0.0,1017836000.0,465776000.0,552060000.0,8375657836.0,22586000.0,-103551000.0,-69221000.0,227674000.0,0.0,165906000.0,-765414000.0,-644586000.0,633460000.0,-11366000.0,566269000.0,566269000.0,566269000.0,0.0,-361000.0,0.216,931881000.0,579685000.0,119138000.0,0.0,6.05,14.791,13.835,34988000.0,0.0,176.54,3.192,3.215,208056000.0,-285841000.0,2624246000.0,2624246000.0,0.0,0.274,0.434,0.495,0.219,46187000.0,871818000.0,1.0,47443400.0,47791000.0,50847000.0,54.911,1782868000.0,231834000.0,-16976000.0,59179000.0,37.306,1091900000.0
45,BKNG,MRT,2010-03-31,2010-03-31,2010-03-31,2021-08-04,-47768000.0,2201561000.0,1831289500.0,1476601000.0,724960000.0,1.344,28.431,-16846000.0,350110000.0,350110000.0,1088999000.0,518323000.0,4.298,0.658,558453000.0,78329000.0,480124000.0,558453000.0,71146000.0,39611000.0,0.0,0.0,0.0,504652000.0,544263000.0,0.221,544263000.0,504652000.0,482567000.0,11.96,10.32,11.96,1316628000.0,1171858500.0,1316628000.0,11615594210.0,23.0,21.342,523352000.0,11.301,1.0,1371549000.0,0.557,490363000.0,22085000.0,1575949000.0,908250500.0,0.0,886893000.0,886893000.0,0.0,865787000.0,343592000.0,522195000.0,11623191210.0,57515000.0,4921000.0,-68417000.0,287057000.0,0.0,221168000.0,-702551000.0,-690865000.0,540198000.0,-1300000.0,518323000.0,518323000.0,518323000.0,0.0,0.0,0.211,855648000.0,515901000.0,75256000.0,0.0,8.828,22.425,21.321,30816000.0,0.0,255.0,4.724,4.799,132497000.0,-400798000.0,2460548000.0,2460548000.0,0.0,0.283,0.442,0.556,0.205,41987000.0,796818000.0,1.0,45581142.0,46309000.0,50862000.0,53.133,1711198000.0,253792000.0,-35756000.0,36016000.0,36.952,1133009000.0
46,BKNG,MRT,2009-12-31,2009-12-31,2009-12-31,2021-08-04,-3000000.0,1834224000.0,1612906250.0,1022941000.0,811283000.0,1.45,31.166,-15106000.0,203460000.0,203460000.0,1077449000.0,489472000.0,2.503,0.361,195863000.0,159878000.0,35985000.0,195863000.0,60758000.0,39193000.0,0.0,0.0,0.0,466388000.0,505581000.0,0.216,505581000.0,466388000.0,442304000.0,11.54,9.88,11.54,1321629000.0,1018868250.0,1321629000.0,9506464874.0,20.0,18.803,494559000.0,11.662,1.0,1260763000.0,0.539,522710000.0,24084000.0,895152000.0,618607750.0,0.0,598014000.0,598014000.0,0.0,476610000.0,408765000.0,67845000.0,9599320874.0,-162409000.0,7421000.0,26013000.0,-197122000.0,0.0,-168960000.0,-501460000.0,-495004000.0,509665000.0,-1654000.0,489472000.0,489472000.0,489472000.0,0.0,0.0,0.209,789928000.0,470835000.0,60568000.0,0.0,7.263,19.612,18.926,30489000.0,0.0,218.41,4.105,3.961,118659000.0,-454673000.0,2338212000.0,2338212000.0,0.0,0.303,0.48,0.754,0.199,40671000.0,731596000.0,1.0,43950922.0,42406000.0,49522000.0,55.139,1311514000.0,319680000.0,-47168000.0,43793000.0,30.928,614176000.0
47,BKNG,MRT,2009-09-30,2009-09-30,2009-09-30,2021-08-04,4814000.0,1797036000.0,1482455500.0,950358000.0,846678000.0,1.486,28.23,-15339000.0,363794000.0,363794000.0,1049862000.0,445162000.0,1.99,0.454,270938000.0,220725000.0,50213000.0,270938000.0,50405000.0,39626000.0,0.0,0.0,0.0,415026000.0,454652000.0,0.206,454652000.0,415026000.0,388273000.0,10.54,9.07,10.54,1201725000.0,863167500.0,1201725000.0,7031242621.0,17.0,15.465,428414000.0,10.064,1.0,1152639000.0,0.523,529775000.0,26753000.0,696817000.0,481484000.0,0.0,356793000.0,356793000.0,0.0,545098000.0,477588000.0,67510000.0,7009494621.0,-50913000.0,8445000.0,-3846000.0,-196581000.0,0.0,-198351000.0,-292987000.0,-287630000.0,443753000.0,-3328000.0,445162000.0,445162000.0,445162000.0,0.0,0.0,0.202,750834000.0,401805000.0,62995000.0,0.0,5.833,15.746,15.732,29339000.0,0.0,165.82,3.183,3.205,169864000.0,-533128000.0,2202501000.0,2202501000.0,0.0,0.3,0.516,0.862,0.188,44179000.0,692939000.0,1.0,42271708.0,42569000.0,49670000.0,51.74,1267261000.0,323277000.0,-56889000.0,45733000.0,29.77,472770000.0
48,BKNG,MRT,2009-06-30,2009-06-30,2009-06-30,2021-08-04,-11106000.0,1492337000.0,1397224750.0,796995000.0,695342000.0,1.455,20.342,-19409000.0,334732000.0,334732000.0,998739000.0,212469000.0,1.536,0.692,356480000.0,297878000.0,58602000.0,356480000.0,41718000.0,40463000.0,0.0,0.0,0.0,347690000.0,388153000.0,0.191,388153000.0,347690000.0,319109000.0,5.18,4.39,5.18,847452000.0,744841250.0,847452000.0,4726432504.0,14.0,12.177,331081000.0,7.947,1.0,1034711000.0,0.509,530263000.0,28581000.0,465084000.0,378315500.0,0.0,256119000.0,256119000.0,0.0,586283000.0,518738000.0,67545000.0,4646764504.0,-137619000.0,-154102000.0,-5985000.0,-163598000.0,0.0,-162281000.0,-300305000.0,-128468000.0,350490000.0,-25523000.0,210666000.0,210666000.0,210666000.0,0.0,1803000.0,0.104,705739000.0,328972000.0,77168000.0,0.0,5.483,22.057,21.535,29669000.0,0.0,111.55,2.285,2.285,150045000.0,-852111000.0,2033450000.0,2033450000.0,0.0,0.151,0.283,0.919,0.171,43364000.0,647382000.0,1.0,41656338.0,41661000.0,48479000.0,48.809,962074000.0,149045000.0,108443000.0,46584000.0,23.093,278257000.0
49,BKNG,MRT,2009-03-31,2009-03-31,2009-03-31,2021-08-04,-64535000.0,1328028000.0,1397027000.0,646385000.0,681643000.0,1.391,17.185,-18559000.0,292812000.0,292812000.0,960487000.0,196450000.0,1.308,0.791,372480000.0,306412000.0,66068000.0,372480000.0,35608000.0,41804000.0,0.0,0.0,0.0,324296000.0,366100000.0,0.188,366100000.0,324296000.0,292699000.0,4.86,4.01,4.86,704667000.0,707082250.0,704667000.0,3254368122.0,10.0,8.889,327776000.0,7.994,1.0,983198000.0,0.506,496008000.0,31597000.0,417378000.0,342382750.0,0.0,205794000.0,205794000.0,0.0,557293000.0,494310000.0,62983000.0,3228461122.0,-216975000.0,-154170000.0,-8940000.0,-197448000.0,0.0,-198624000.0,-334888000.0,-163457000.0,346335000.0,-29798000.0,193493000.0,193493000.0,193493000.0,0.0,2957000.0,0.1,682647000.0,300551000.0,77832000.0,0.0,4.582,16.685,16.21,28560000.0,0.0,78.78,1.661,1.662,104747000.0,-919122000.0,1943685000.0,1943685000.0,0.0,0.139,0.274,0.947,0.167,41176000.0,622510000.0,1.0,40980720.0,41004000.0,47013000.0,47.402,832020000.0,158286000.0,99206000.0,44266000.0,20.291,152075000.0
50,BKNG,MRT,2008-12-31,2008-12-31,2008-12-31,2021-08-04,-40397000.0,1312421000.0,1422067750.0,593899000.0,718522000.0,1.325,17.782,-18322000.0,367078000.0,367078000.0,928835000.0,185624000.0,1.259,0.771,392985000.0,317910000.0,75075000.0,392985000.0,29664000.0,43068000.0,0.0,0.0,0.0,307270000.0,350338000.0,0.186,350338000.0,307270000.0,272417000.0,4.64,3.74,4.64,698826000.0,688161750.0,698826000.0,3040660984.0,10.0,8.679,297231000.0,7.563,1.0,955971000.0,0.507,520094000.0,34853000.0,346657000.0,310547250.0,0.0,98888000.0,98888000.0,0.0,538520000.0,471577000.0,66943000.0,2989362984.0,-20809000.0,-154633000.0,1058000.0,-176943000.0,0.0,-168848000.0,-151905000.0,22247000.0,315553000.0,-15609000.0,182246000.0,182246000.0,182246000.0,0.0,3378000.0,0.097,666497000.0,289474000.0,46290000.0,0.0,4.278,16.403,15.873,29404000.0,0.0,73.65,1.586,1.536,92328000.0,-944145000.0,1884806000.0,1884806000.0,0.0,0.128,0.265,0.989,0.163,40522000.0,605745000.0,1.0,40588771.0,39299000.0,48671000.0,47.961,792327000.0,166097000.0,90171000.0,48933000.0,20.162,122322000.0
51,BKNG,MRT,2008-09-30,2008-09-30,2008-09-30,2021-08-04,3759000.0,1456113000.0,1431676500.0,639172000.0,816941000.0,1.267,18.341,-17822000.0,416221000.0,416221000.0,902559000.0,172335000.0,0.974,0.999,467519000.0,467519000.0,0.0,467519000.0,30454000.0,43491000.0,0.0,0.0,0.0,292572000.0,336063000.0,0.185,336063000.0,292572000.0,234237000.0,4.2,3.28,4.2,728420000.0,658232000.0,728420000.0,2707294217.0,9.0,8.056,284059000.0,7.152,1.0,911059000.0,0.502,566799000.0,58335000.0,284143000.0,316181250.0,0.0,53154000.0,38850000.0,14304000.0,727693000.0,656469000.0,71224000.0,2661291217.0,-10122000.0,-229782000.0,3347000.0,-102434000.0,0.0,-90383000.0,-210514000.0,37224000.0,301881000.0,-11106000.0,164278000.0,164278000.0,164278000.0,0.0,8057000.0,0.091,626406000.0,284653000.0,65802000.0,0.0,3.654,16.2,16.293,28450000.0,0.0,68.43,1.467,1.498,138875000.0,-946288000.0,1813618000.0,1813618000.0,0.0,0.115,0.25,0.925,0.161,34564000.0,565555000.0,1.0,38890709.0,39715000.0,48656000.0,45.666,889314000.0,189471000.0,69959000.0,54358000.0,22.392,-17297000.0
52,BKNG,MRT,2008-06-30,2008-06-30,2008-06-30,2021-08-04,75100000.0,1491546000.0,1410325500.0,723185000.0,768361000.0,1.184,17.964,-17469000.0,474073000.0,474073000.0,871984000.0,190411000.0,1.015,1.117,520076000.0,520076000.0,0.0,520076000.0,31505000.0,41687000.0,0.0,0.0,0.0,240217000.0,281904000.0,0.169,281904000.0,240217000.0,187014000.0,4.83,3.81,4.83,696416000.0,609842750.0,696416000.0,4506252730.0,19.0,15.985,244182000.0,6.299,1.0,797312000.0,0.478,503755000.0,53203000.0,321353000.0,320055750.0,0.0,95047000.0,80153000.0,14894000.0,778125000.0,712441000.0,65684000.0,4447329730.0,44547000.0,-76156000.0,9467000.0,-51068000.0,0.0,-37496000.0,-193559000.0,-99674000.0,261651000.0,13951000.0,184157000.0,184157000.0,184157000.0,0.0,6254000.0,0.11,562497000.0,234815000.0,78356000.0,0.0,6.386,24.15,23.905,27534000.0,0.0,115.46,2.664,2.681,132523000.0,-1034256000.0,1669296000.0,1669296000.0,0.0,0.131,0.302,0.751,0.144,28637000.0,504509000.0,1.0,38518359.0,38768000.0,49948000.0,43.059,987791000.0,203397000.0,2857000.0,49623000.0,25.48,10744000.0
53,BKNG,MRT,2008-03-31,2008-03-31,2008-03-31,2021-08-04,73578000.0,1428191000.0,1329355000.0,683598000.0,744593000.0,1.137,16.455,-16586000.0,511154000.0,511154000.0,810402000.0,173991000.0,0.951,1.24,570077000.0,570077000.0,0.0,570077000.0,23948000.0,39620000.0,0.0,0.0,0.0,209620000.0,249240000.0,0.165,249240000.0,209620000.0,163454000.0,4.46,3.6,4.46,628985000.0,537039250.0,628985000.0,4832862593.0,23.0,19.39,164058000.0,4.292,1.0,700798000.0,0.464,478173000.0,46166000.0,290036000.0,297169500.0,0.0,48962000.0,41426000.0,7536000.0,779650000.0,718905000.0,60745000.0,4649775593.0,53247000.0,-91101000.0,9111000.0,-1334000.0,0.0,11755000.0,-154518000.0,-46593000.0,180644000.0,15366000.0,168891000.0,168891000.0,168891000.0,0.0,5100000.0,0.112,499363000.0,201435000.0,68934000.0,0.0,7.393,27.531,27.099,26885000.0,0.0,120.86,3.077,3.057,97261000.0,-1088352000.0,1511200000.0,1511200000.0,0.0,0.127,0.314,0.705,0.139,23026000.0,445426000.0,1.0,38472411.0,38224000.0,49134000.0,39.535,950018000.0,212784000.0,-5437000.0,46573000.0,24.854,-35307000.0
54,BKNG,MRT,2007-12-31,2007-12-31,2007-12-31,2021-08-04,50344000.0,1350856000.0,1263742000.0,613000000.0,737856000.0,1.115,15.373,-15949000.0,386709000.0,386709000.0,769997000.0,145077000.0,0.882,1.303,569796000.0,569796000.0,0.0,569796000.0,17750000.0,37500000.0,0.0,0.0,0.0,155435000.0,192935000.0,0.137,192935000.0,155435000.0,116861000.0,3.69,3.05,3.69,579107000.0,469719750.0,579107000.0,4546556431.0,29.0,23.565,140066000.0,3.718,1.0,639412000.0,0.454,469907000.0,38574000.0,369193000.0,266736500.0,0.0,122499000.0,122499000.0,0.0,754713000.0,694843000.0,59870000.0,4403321431.0,-38218000.0,-90638000.0,17182000.0,-1334000.0,0.0,19445000.0,-221499000.0,-116050000.0,156015000.0,7821000.0,140398000.0,138843000.0,138843000.0,0.0,4679000.0,0.099,501477000.0,137935000.0,47708000.0,0.0,7.604,31.714,31.127,27088000.0,1555000.0,114.86,3.124,3.07,70712000.0,-1106506000.0,1409409000.0,1409409000.0,0.0,0.11,0.296,0.583,0.11,16253000.0,450626000.0,1.0,38336422.0,37671000.0,45504000.0,37.414,880949000.0,232551000.0,-23537000.0,46502000.0,23.385,-81843000.0
55,BKNG,MRT,2007-09-30,2007-09-30,2007-09-30,2021-08-04,49628000.0,1370709000.0,1202440000.0,629822000.0,740887000.0,1.11,14.149,-14235000.0,426218000.0,426218000.0,755851000.0,137453000.0,0.828,1.534,569453000.0,569453000.0,0.0,569453000.0,7670000.0,35549000.0,0.0,0.0,0.0,125074000.0,160623000.0,0.12,160623000.0,125074000.0,115056000.0,3.62,2.96,3.62,534863000.0,412082000.0,534863000.0,3513227249.0,28.0,21.873,106896000.0,2.828,1.0,578776000.0,0.434,453245000.0,10018000.0,299641000.0,366481500.0,0.0,91783000.0,73048000.0,18735000.0,820719000.0,761058000.0,59661000.0,3373278249.0,114838000.0,-34843000.0,18301000.0,42538000.0,0.0,57607000.0,-72457000.0,-38497000.0,121131000.0,8557000.0,137453000.0,135898000.0,135898000.0,0.0,0.0,0.102,472277000.0,106499000.0,59359000.0,0.0,6.307,24.822,24.517,25056000.0,1555000.0,88.75,2.528,2.514,103558000.0,-1139368000.0,1334627000.0,1334627000.0,0.0,0.113,0.33,0.341,0.094,15410000.0,425200000.0,1.0,38008769.0,37803000.0,45924000.0,35.305,917464000.0,222766000.0,-22397000.0,47153000.0,24.27,-131236000.0
56,BKNG,MRT,2007-06-30,2007-06-30,2007-06-30,2021-08-04,35035000.0,1167664000.0,1118396250.0,552372000.0,615292000.0,1.101,10.778,-12070000.0,429212000.0,429212000.0,730815000.0,81905000.0,0.802,1.829,569161000.0,569161000.0,0.0,569161000.0,10698000.0,35435000.0,0.0,0.0,0.0,77013000.0,112448000.0,0.091,112448000.0,77013000.0,68052000.0,2.07,1.74,2.07,405202000.0,357628750.0,405202000.0,2715943235.0,35.0,24.153,82210000.0,2.187,1.0,499992000.0,0.406,388853000.0,8961000.0,229808000.0,480451250.0,0.0,22410000.0,22410000.0,0.0,741236000.0,688952000.0,52284000.0,2604575235.0,307750000.0,-33262000.0,-114660000.0,335831000.0,0.0,184622000.0,23679000.0,50397000.0,94280000.0,5169000.0,81905000.0,79287000.0,79287000.0,0.0,0.0,0.064,439975000.0,60017000.0,58999000.0,0.0,6.428,32.85,33.208,22137000.0,2618000.0,68.74,2.116,2.1,76831000.0,-1243732000.0,1230807000.0,1230807000.0,0.0,0.071,0.222,0.16,0.063,14826000.0,394157000.0,1.0,37890242.0,37597000.0,43667000.0,32.737,778811000.0,184086000.0,-13853000.0,40327000.0,20.715,-136580000.0
57,BKNG,MRT,2007-03-31,2007-03-31,2007-03-31,2021-08-04,29541000.0,1165739000.0,1033524500.0,555753000.0,609986000.0,1.144,9.672,-12993000.0,457612000.0,457612000.0,733993000.0,59850000.0,0.759,2.176,568980000.0,568980000.0,0.0,568980000.0,8769000.0,35135000.0,0.0,0.0,0.0,44642000.0,79777000.0,0.067,79777000.0,44642000.0,36611000.0,1.47,1.23,1.47,359707000.0,358452000.0,359707000.0,2144625966.0,48.0,26.883,97494000.0,2.621,1.0,448585000.0,0.379,376615000.0,8031000.0,168304000.0,534133250.0,0.0,0.0,0.0,0.0,782814000.0,732188000.0,50626000.0,2001796966.0,373081000.0,-21724000.0,-111068000.0,335947000.0,0.0,187930000.0,69324000.0,85645000.0,110487000.0,5340000.0,59850000.0,57232000.0,57232000.0,0.0,0.0,0.048,417105000.0,31480000.0,57906000.0,0.0,5.565,34.977,36.231,21400000.0,2618000.0,53.26,1.693,1.675,52134000.0,-1278304000.0,1182578000.0,1182578000.0,0.0,0.055,0.16,0.084,0.038,15077000.0,372744000.0,1.0,37585373.0,37191000.0,37191000.0,31.797,789124000.0,190947000.0,-23239000.0,39160000.0,21.218,-176435000.0
58,BKNG,MRT,2006-12-31,2006-12-31,2006-12-31,2021-08-04,26347000.0,1105648000.0,935447750.0,503089000.0,602559000.0,1.201,9.018,-12851000.0,426036000.0,426036000.0,722004000.0,74466000.0,4.997,2.069,568865000.0,0.0,568865000.0,568865000.0,4768000.0,34906000.0,0.0,0.0,0.0,69138000.0,104044000.0,0.093,104044000.0,69138000.0,62078000.0,1.88,1.68,1.88,348556000.0,361512500.0,348556000.0,1784580028.0,26.0,17.152,99230000.0,2.567,1.0,401099000.0,0.357,379632000.0,7060000.0,768173000.0,606483000.0,0.0,7983000.0,7983000.0,0.0,721136000.0,100672000.0,620464000.0,1587327028.0,343236000.0,-22934000.0,-121706000.0,335947000.0,0.0,177123000.0,48991000.0,64892000.0,112081000.0,5041000.0,74466000.0,72539000.0,72539000.0,0.0,0.0,0.065,339113000.0,61986000.0,49032000.0,0.0,4.554,21.882,23.197,21691000.0,1927000.0,43.61,1.413,1.501,48536000.0,-1262033000.0,1123103000.0,1123103000.0,0.0,0.078,0.201,0.114,0.062,14928000.0,295780000.0,1.0,36398235.0,38650000.0,44722000.0,29.058,726016000.0,179392000.0,-12388000.0,39714000.0,18.784,402417000.0
59,BKNG,MRT,2006-09-30,2006-09-30,2006-09-30,2021-08-04,12236000.0,1034534000.0,847542750.0,437630000.0,596904000.0,1.259,8.007,-12624000.0,326465000.0,326465000.0,700444000.0,65025000.0,4.194,2.221,523718000.0,0.0,523718000.0,523718000.0,7295000.0,34087000.0,0.0,0.0,0.0,59899000.0,93986000.0,0.088,93986000.0,59899000.0,53999000.0,1.59,1.4,1.59,317050000.0,366641250.0,317050000.0,1555304387.0,26.0,16.548,81197000.0,2.051,1.0,366501000.0,0.344,371927000.0,5900000.0,755520000.0,528395000.0,0.0,32686000.0,32686000.0,0.0,704014000.0,104340000.0,599674000.0,1472099387.0,208581000.0,-4462000.0,-134764000.0,292100000.0,0.0,106176000.0,7022000.0,19275000.0,93821000.0,1562000.0,65025000.0,63097000.0,63097000.0,0.0,0.0,0.059,311057000.0,55444000.0,53806000.0,0.0,4.643,23.331,23.138,20738000.0,1928000.0,36.79,1.38,1.365,58577000.0,-1275265000.0,1066945000.0,1066945000.0,0.0,0.074,0.172,0.113,0.056,11472000.0,268448000.0,1.0,40013574.0,39596000.0,46385000.0,26.946,662607000.0,182822000.0,-11026000.0,42986000.0,16.734,333290000.0
60,BKNG,MRT,2006-06-30,2006-06-30,2006-06-30,2021-08-04,11868000.0,828177000.0,782867000.0,286853000.0,541324000.0,1.293,10.347,-11115000.0,140056000.0,140056000.0,689319000.0,187778000.0,2.765,0.994,223261000.0,0.0,223261000.0,223261000.0,10447000.0,33067000.0,0.0,0.0,0.0,41887000.0,74954000.0,0.074,74954000.0,41887000.0,36292000.0,4.74,4.06,4.74,408495000.0,382157750.0,408495000.0,1305543246.0,31.0,17.418,60314000.0,1.528,1.0,322956000.0,0.319,363116000.0,5595000.0,444536000.0,446321500.0,0.0,72722000.0,72722000.0,0.0,406212000.0,103730000.0,302482000.0,1185223246.0,501000.0,-138845000.0,-7225000.0,0.0,0.0,-7225000.0,-65335000.0,83863000.0,71429000.0,1632000.0,187778000.0,185937000.0,185937000.0,0.0,0.0,0.184,286222000.0,36734000.0,56402000.0,0.0,2.901,6.374,6.3,20004000.0,1841000.0,29.86,1.171,1.165,53025000.0,-1323019000.0,1012275000.0,1012275000.0,0.0,0.238,0.487,0.094,0.041,9200000.0,243182000.0,1.0,39692674.0,39481000.0,46993000.0,25.64,465061000.0,143009000.0,-151486000.0,41881000.0,11.779,183123000.0
61,BKNG,MRT,2006-03-31,2006-03-31,2006-03-31,2021-08-04,-3475000.0,773432000.0,717636500.0,243832000.0,529600000.0,1.353,9.445,-8963000.0,102896000.0,102896000.0,688795000.0,187637000.0,2.763,1.043,223216000.0,0.0,223216000.0,223216000.0,8982000.0,29773000.0,0.0,0.0,0.0,36189000.0,65962000.0,0.068,65962000.0,36189000.0,30909000.0,4.74,4.07,4.74,371949000.0,332328250.0,371949000.0,1107296400.0,31.0,16.787,51333000.0,1.304,1.0,282386000.0,0.291,347801000.0,5280000.0,457703000.0,421088750.0,0.0,85546000.0,85546000.0,0.0,388013000.0,88248000.0,299765000.0,986396400.0,-18164000.0,-135370000.0,-11109000.0,0.0,0.0,-11109000.0,-65873000.0,75618000.0,60296000.0,-1478000.0,187637000.0,185796000.0,185796000.0,0.0,0.0,0.191,252899000.0,29487000.0,49387000.0,0.0,2.652,5.309,5.241,18034000.0,1841000.0,24.84,1.016,1.007,33821000.0,-1335536000.0,971181000.0,971181000.0,0.0,0.259,0.559,0.086,0.037,6472000.0,212728000.0,1.0,39710000.0,39380000.0,39380000.0,24.662,425631000.0,145780000.0,-156728000.0,41173000.0,10.808,155584000.0
62,BKNG,MRT,2005-12-31,2005-12-31,2005-12-31,2021-08-04,-8407000.0,754028000.0,664228000.0,223682000.0,530346000.0,1.449,9.424,-11030000.0,102649000.0,102649000.0,694797000.0,192729000.0,3.15,1.007,223549000.0,0.0,223549000.0,223549000.0,3619000.0,27302000.0,0.0,0.0,0.0,41527000.0,68829000.0,0.071,68829000.0,41527000.0,36452000.0,4.87,4.21,4.87,369071000.0,290235750.0,369071000.0,981136315.0,24.0,14.255,51612000.0,1.318,1.0,267863000.0,0.278,348092000.0,5075000.0,455821000.0,392212000.0,0.0,72745000.0,72745000.0,0.0,371487000.0,71015000.0,300472000.0,880276315.0,-20929000.0,-135160000.0,-5492000.0,0.0,0.0,-5492000.0,-75777000.0,69187000.0,62642000.0,-2302000.0,192729000.0,190875000.0,190875000.0,0.0,0.0,0.198,231979000.0,35884000.0,37851000.0,0.0,2.385,4.612,4.583,18271000.0,1854000.0,22.32,0.914,0.908,30043000.0,-1334572000.0,962660000.0,962660000.0,0.0,0.287,0.658,0.106,0.043,4169000.0,194327000.0,1.0,39438903.0,39161000.0,46436000.0,24.582,405936000.0,146553000.0,-156277000.0,42375000.0,10.366,152667000.0
63,BKNG,MRT,2005-09-30,2005-09-30,2005-09-30,2021-08-04,-2397000.0,775831000.0,611241500.0,230841000.0,544990000.0,1.56,9.682,-10022000.0,122702000.0,122702000.0,700875000.0,193939000.0,2.62,1.011,223562000.0,0.0,223562000.0,223562000.0,6065000.0,24068000.0,0.0,0.0,0.0,40220000.0,64288000.0,0.067,64288000.0,40220000.0,35152000.0,4.91,4.23,4.91,379116000.0,247753750.0,379116000.0,845083355.0,21.0,13.145,44811000.0,1.144,1.0,252841000.0,0.265,361374000.0,5068000.0,427226000.0,360635250.0,0.0,52881000.0,52881000.0,0.0,383245000.0,88091000.0,295154000.0,761147355.0,22808000.0,-139856000.0,10029000.0,154000.0,0.0,22835000.0,-54915000.0,91615000.0,54833000.0,55000.0,193939000.0,192085000.0,192085000.0,0.0,0.0,0.201,217859000.0,34982000.0,48922000.0,0.0,2.008,3.963,3.935,17706000.0,1854000.0,19.32,0.798,0.793,36200000.0,-1338362000.0,953716000.0,953716000.0,0.0,0.314,0.775,0.112,0.042,3268000.0,183234000.0,1.0,39396861.0,39156000.0,46485000.0,24.357,414457000.0,148357000.0,-158787000.0,44585000.0,10.585,142750000.0
64,BKNG,MRT,2005-06-30,2005-06-30,2005-06-30,2021-08-04,600000.0,567255000.0,551747000.0,317795000.0,249460000.0,1.687,5.36,-10645000.0,140311000.0,140311000.0,706858000.0,32373000.0,3.41,1.647,224247000.0,0.0,224247000.0,224247000.0,8267000.0,19983000.0,0.0,0.0,0.0,37348000.0,57331000.0,0.062,57331000.0,37348000.0,32226000.0,0.79,0.75,0.79,209177000.0,198662750.0,209177000.0,1015355160.0,27.0,17.71,47206000.0,1.21,1.0,223943000.0,0.241,214402000.0,5122000.0,343605000.0,340269000.0,0.0,137598000.0,137598000.0,0.0,344608000.0,93184000.0,251424000.0,915705160.0,-38036000.0,-162238000.0,9495000.0,-294000.0,0.0,7082000.0,-102507000.0,68916000.0,57851000.0,-462000.0,32373000.0,30755000.0,30755000.0,0.0,0.0,0.033,192203000.0,31740000.0,57175000.0,0.0,4.378,29.774,29.532,17627000.0,1618000.0,23.33,0.984,0.978,31811000.0,-1508957000.0,930801000.0,930801000.0,0.0,0.056,0.155,0.11,0.04,2123000.0,163593000.0,1.0,39250114.0,39022000.0,46516000.0,23.853,352853000.0,0.0,-147000.0,21857000.0,9.042,224611000.0
65,BKNG,MRT,2005-03-31,2005-03-31,2005-03-31,2021-08-04,9742000.0,559798000.0,533586250.0,298227000.0,261571000.0,1.731,5.238,-9839000.0,123926000.0,123926000.0,711145000.0,31398000.0,3.295,1.684,223576000.0,0.0,223576000.0,223576000.0,7950000.0,17974000.0,0.0,0.0,0.0,35364000.0,53338000.0,0.058,53338000.0,35364000.0,30915000.0,0.77,0.74,0.77,203579000.0,189136750.0,203579000.0,1086859030.0,31.0,20.377,44206000.0,1.137,1.0,212488000.0,0.23,226735000.0,4449000.0,342196000.0,356303750.0,0.0,141967000.0,141967000.0,0.0,342749000.0,90517000.0,252232000.0,987283030.0,-76021000.0,-165723000.0,7933000.0,96702000.0,0.0,107869000.0,-239043000.0,-63189000.0,54045000.0,1108000.0,31398000.0,29780000.0,29780000.0,0.0,0.0,0.032,181578000.0,30910000.0,58900000.0,0.0,4.85,33.153,32.727,17672000.0,1618000.0,25.2,1.069,1.06,25915000.0,-1521333000.0,923633000.0,923633000.0,0.0,0.056,0.157,0.099,0.038,1246000.0,155783000.0,1.0,39177898.0,38863000.0,39764000.0,23.766,333063000.0,0.0,-483000.0,22624000.0,8.57,207710000.0
66,BKNG,MRT,2004-12-31,2004-12-31,2004-12-31,2021-08-04,11941000.0,542082000.0,481939000.0,272546000.0,269536000.0,1.897,5.199,-6937000.0,124842000.0,124842000.0,716217000.0,31509000.0,3.664,1.654,224418000.0,0.0,224418000.0,224418000.0,5641000.0,14389000.0,0.0,0.0,0.0,35038000.0,49427000.0,0.054,49427000.0,35038000.0,31316000.0,0.78,0.76,0.78,199143000.0,177002000.0,199143000.0,1037332018.0,30.0,20.987,35081000.0,0.916,1.0,198155000.0,0.217,237767000.0,3722000.0,329514000.0,321971750.0,0.0,122812000.0,122812000.0,0.0,329469000.0,74377000.0,255092000.0,916009018.0,7538000.0,-164723000.0,6790000.0,96651000.0,0.0,107239000.0,-143404000.0,28159000.0,42018000.0,1685000.0,31509000.0,29997000.0,29997000.0,0.0,0.0,0.033,167733000.0,30422000.0,40612000.0,0.0,4.6,30.537,30.244,15827000.0,1512000.0,23.59,1.002,0.988,18314000.0,-1525447000.0,914372000.0,914372000.0,0.0,0.062,0.169,0.109,0.038,638000.0,145073000.0,1.0,38830395.0,38304000.0,42327000.0,23.871,304315000.0,0.0,-193000.0,25668000.0,7.945,198169000.0
67,BKNG,MRT,2004-09-30,2004-09-30,2004-09-30,2021-08-04,1451000.0,537853000.0,430864500.0,278999000.0,258854000.0,2.088,4.724,-7089000.0,103249000.0,103249000.0,719496000.0,28736000.0,3.22,1.869,224572000.0,0.0,224572000.0,224572000.0,7398000.0,11850000.0,0.0,0.0,0.0,31728000.0,43578000.0,0.048,43578000.0,31728000.0,28803000.0,0.72,0.68,0.72,182752000.0,164493000.0,182752000.0,903479161.0,28.0,20.732,30153000.0,0.779,1.0,180073000.0,0.2,226769000.0,2925000.0,345761000.0,309754500.0,0.0,144381000.0,144381000.0,0.0,341631000.0,86646000.0,254985000.0,859939161.0,-38021000.0,-161517000.0,-1910000.0,96276000.0,0.0,93980000.0,-169613000.0,3048000.0,37242000.0,370000.0,28736000.0,27224000.0,27224000.0,0.0,0.0,0.03,152834000.0,27239000.0,50640000.0,0.0,4.705,31.588,30.792,15899000.0,1512000.0,22.17,0.956,0.953,24146000.0,-1530448000.0,899569000.0,899569000.0,0.0,0.063,0.166,0.102,0.035,450000.0,133137000.0,1.0,38788415.0,38684000.0,42648000.0,23.254,311084000.0,0.0,67000.0,25310000.0,8.042,192353000.0
68,BKNG,MRT,2004-06-30,2004-06-30,2004-06-30,2021-08-04,1000.0,494612000.0,386970750.0,416057000.0,78555000.0,2.344,4.493,-7489000.0,179808000.0,179808000.0,737511000.0,28462000.0,4.953,1.812,223348000.0,0.0,223348000.0,223348000.0,8867000.0,10448000.0,0.0,0.0,0.0,30455000.0,40903000.0,0.045,40903000.0,30455000.0,28462000.0,0.7,0.66,0.7,171073000.0,158486000.0,171073000.0,941835479.0,31.0,23.026,25406000.0,0.667,1.0,169617000.0,0.187,46407000.0,1993000.0,407744000.0,291550750.0,0.0,206360000.0,206360000.0,0.0,310069000.0,84001000.0,226068000.0,1015315479.0,87014000.0,-6343000.0,-1910000.0,217686000.0,0.0,217016000.0,-163145000.0,-143843000.0,32895000.0,248000.0,28462000.0,26496000.0,26496000.0,0.0,0.0,0.029,143916000.0,25701000.0,49380000.0,0.0,5.935,38.32,38.471,15474000.0,1966000.0,26.93,1.119,1.13,23733000.0,-1539712000.0,907128000.0,907128000.0,0.0,0.068,0.167,0.104,0.034,430000.0,125599000.0,1.0,37702023.0,38076000.0,43144000.0,23.824,448205000.0,0.0,0.0,0.0,11.771,332056000.0
69,BKNG,MRT,2004-03-31,2004-03-31,2004-03-31,2021-08-04,834000.0,353209000.0,320569250.0,300539000.0,52670000.0,2.768,4.125,-7338000.0,198476000.0,198476000.0,730973000.0,24750000.0,5.071,1.191,124996000.0,0.0,124996000.0,124996000.0,0.0,9841000.0,0.0,0.0,0.0,26199000.0,36040000.0,0.041,36040000.0,26199000.0,24750000.0,0.6,0.58,0.6,155040000.0,151459500.0,155040000.0,1024432393.0,39.0,28.425,24201000.0,0.644,1.0,156332000.0,0.176,15593000.0,1449000.0,204868000.0,204623500.0,0.0,79576000.0,79576000.0,0.0,184699000.0,59268000.0,125431000.0,1016125393.0,123532000.0,-14544000.0,-1910000.0,120690000.0,0.0,119330000.0,-27717000.0,-476000.0,31539000.0,380000.0,24750000.0,22784000.0,22784000.0,0.0,0.0,0.026,135412000.0,20920000.0,38023000.0,0.0,6.554,44.598,44.933,15692000.0,1966000.0,26.96,1.145,1.142,19052000.0,-1551113000.0,887305000.0,887305000.0,0.0,0.071,0.15,0.128,0.03,388000.0,116642000.0,1.0,37690111.0,37588000.0,38905000.0,23.606,337616000.0,0.0,0.0,0.0,8.982,241271000.0
70,BKNG,MRT,2003-12-31,2003-12-31,2003-12-31,2021-08-04,674000.0,337784000.0,284331500.0,283513000.0,54271000.0,3.038,3.944,-6582000.0,116217000.0,116217000.0,717716000.0,11916000.0,5.714,1.175,124524000.0,0.0,124524000.0,124524000.0,0.0,11533000.0,0.0,0.0,0.0,12823000.0,24356000.0,0.028,24356000.0,12823000.0,11916000.0,0.28,0.27,0.28,149107000.0,145332000.0,149107000.0,674354806.0,53.0,27.687,13451000.0,0.356,1.0,145945000.0,0.169,15832000.0,907000.0,280645000.0,169486500.0,0.0,151736000.0,151736000.0,0.0,175207000.0,49614000.0,125593000.0,685406806.0,26550000.0,-14544000.0,-1910000.0,120741000.0,0.0,118831000.0,-112692000.0,-87329000.0,20033000.0,378000.0,11916000.0,10425000.0,10425000.0,0.0,0.0,0.012,137927000.0,8018000.0,25061000.0,0.0,4.597,65.746,63.929,16524000.0,1491000.0,17.9,0.794,0.784,10782000.0,-1555444000.0,863661000.0,863661000.0,0.0,0.037,0.072,0.076,0.015,282000.0,117682000.0,1.0,38290883.0,37804000.0,39009000.0,22.846,321952000.0,0.0,0.0,0.0,8.516,233899000.0
71,BKNG,MRT,2003-09-30,2003-09-30,2003-09-30,2021-08-04,474000.0,362278000.0,252676000.0,309625000.0,52653000.0,3.486,4.172,-6160000.0,136052000.0,136052000.0,736182000.0,2277000.0,4.797,1.198,125000000.0,0.0,125000000.0,125000000.0,0.0,13675000.0,0.0,0.0,0.0,2714000.0,16389000.0,0.019,16389000.0,2714000.0,2277000.0,0.01,0.0,0.01,158724000.0,140967750.0,158724000.0,1018069580.0,375.0,62.119,11738000.0,0.309,1.0,144613000.0,0.164,13741000.0,437000.0,272946000.0,111373750.0,0.0,148027000.0,148027000.0,0.0,190084000.0,64539000.0,125545000.0,1104230580.0,48445000.0,-11696000.0,0.0,120962000.0,0.0,131208000.0,-100693000.0,-80261000.0,17898000.0,32000.0,2277000.0,786000.0,786000.0,0.0,0.0,0.001,146574000.0,-1961000.0,38467000.0,0.0,6.957,1404.874,2904.0,16603000.0,1491000.0,29.04,1.254,1.254,18809000.0,-1557672000.0,880795000.0,880795000.0,0.0,0.003,0.006,0.024,0.003,176000.0,112433000.0,1.0,38024469.0,38044000.0,39812000.0,23.152,348537000.0,0.0,0.0,0.0,9.161,245086000.0
72,BKNG,MRT,2003-06-30,2003-06-30,2003-06-30,2021-08-04,116000.0,229006000.0,218061000.0,180876000.0,48130000.0,4.023,3.799,-6211000.0,86161000.0,86161000.0,735612000.0,-31276000.0,2.502,0.508,0.0,0.0,0.0,0.0,0.0,16015000.0,0.0,0.0,0.0,-31185000.0,-15170000.0,-0.017,-15170000.0,-31185000.0,-31276000.0,-0.85,-0.85,-0.85,142967000.0,136041500.0,142967000.0,769703790.0,-25.0,-50.739,-14236000.0,-0.378,1.0,141706000.0,0.162,10517000.0,91000.0,60035000.0,57622750.0,0.0,62992000.0,62992000.0,0.0,72569000.0,72293000.0,276000.0,839288790.0,-28848000.0,-11686000.0,-11777000.0,0.0,0.0,-6960000.0,-13887000.0,1306000.0,-8025000.0,24000.0,-31276000.0,-32063000.0,-32063000.0,0.0,0.0,-0.037,176816000.0,-35110000.0,46863000.0,0.0,5.871,-26.176,-26.259,16106000.0,787000.0,22.32,0.957,0.957,23565000.0,-1566208000.0,877318000.0,877318000.0,0.0,-0.147,-0.236,-0.541,-0.036,70000.0,115108000.0,1.0,37602544.0,37635000.0,39284000.0,23.311,218489000.0,0.0,0.0,0.0,5.805,108583000.0
73,BKNG,MRT,2003-03-31,2003-03-31,2003-03-31,2021-08-04,0.0,208258000.0,231343000.0,162128000.0,46130000.0,4.073,3.483,-6231000.0,69585000.0,69585000.0,792848000.0,-32656000.0,2.54,0.492,0.0,0.0,0.0,0.0,0.0,17718000.0,0.0,0.0,0.0,-32587000.0,-14869000.0,-0.016,-14869000.0,-32587000.0,-32656000.0,-0.89,-0.89,-0.89,130530000.0,143921500.0,130530000.0,283518666.0,-9.0,-19.068,-20332000.0,-0.543,1.0,149360000.0,0.159,10517000.0,69000.0,64320000.0,54912000.0,0.0,70194000.0,70194000.0,0.0,64258000.0,63836000.0,422000.0,368948666.0,-39491000.0,0.0,-11777000.0,0.0,0.0,-10855000.0,-14482000.0,-8680000.0,-14101000.0,-53000.0,-32656000.0,-33443000.0,-33443000.0,0.0,0.0,-0.035,185410000.0,-36050000.0,36020000.0,0.0,2.827,-11.032,-11.056,17690000.0,787000.0,9.84,0.392,0.391,16106000.0,-1573796000.0,942208000.0,942208000.0,0.0,-0.145,-0.232,-0.593,-0.035,0.0,118403000.0,1.0,37494783.0,37477000.0,37477000.0,25.141,197741000.0,0.0,0.0,0.0,5.276,98292000.0
74,BKNG,MRT,2002-12-31,2002-12-31,2002-12-31,2021-08-04,101000.0,211162000.0,249816250.0,169568000.0,41594000.0,4.017,3.475,-8897000.0,85430000.0,85430000.0,845240000.0,-19184000.0,2.596,0.502,0.0,0.0,0.0,0.0,0.0,18265000.0,0.0,0.0,0.0,-19116000.0,-851000.0,-0.001,-851000.0,-19116000.0,-19184000.0,-0.57,-0.57,-0.57,131650000.0,153123750.0,131650000.0,274504453.0,-14.0,-322.567,-8083000.0,-0.213,1.0,158366000.0,0.158,12211000.0,68000.0,48194000.0,51615500.0,0.0,64154000.0,64154000.0,0.0,66042000.0,65327000.0,715000.0,359535453.0,-32761000.0,0.0,-11777000.0,0.0,0.0,-8606000.0,-24794000.0,-13045000.0,814000.0,-175000.0,-19184000.0,-21528000.0,-21528000.0,0.0,0.0,-0.021,181690000.0,-23324000.0,35375000.0,0.0,2.731,-16.701,-16.842,21413000.0,2344000.0,9.6,0.358,0.362,13636000.0,-1565869000.0,1003606000.0,1003606000.0,0.0,-0.086,-0.141,-0.37,-0.019,0.0,123706000.0,1.0,37451610.0,37881000.0,37881000.0,26.494,198951000.0,0.0,0.0,0.0,5.252,104241000.0
75,BKNG,MRT,2002-09-30,2002-09-30,2002-09-30,2021-08-04,65000.0,223818000.0,262573250.0,178231000.0,45587000.0,3.967,3.67,-8230000.0,85031000.0,85031000.0,874474000.0,-13095000.0,2.534,0.513,0.0,0.0,0.0,0.0,0.0,18036000.0,0.0,0.0,0.0,-12958000.0,5078000.0,0.005,5078000.0,-12958000.0,-13095000.0,-0.4,-0.4,-0.4,139019000.0,156889000.0,139019000.0,217782124.0,-17.0,42.887,16695000.0,0.441,1.0,167135000.0,0.16,10517000.0,137000.0,57942000.0,48544250.0,0.0,67478000.0,67478000.0,0.0,71329000.0,70328000.0,1001000.0,335495124.0,-32156000.0,-11469000.0,-11777000.0,0.0,0.0,-10409000.0,-46527000.0,-26696000.0,24925000.0,-145000.0,-13095000.0,-15439000.0,-15439000.0,0.0,0.0,-0.015,185594000.0,-18459000.0,40972000.0,0.0,2.413,-21.73,-21.9,25279000.0,2344000.0,8.76,0.322,0.319,16654000.0,-1558458000.0,1041609000.0,1041609000.0,0.0,-0.059,-0.098,-0.267,-0.012,4060000.0,131158000.0,1.0,38298530.0,37879000.0,37879000.0,27.498,213301000.0,0.0,0.0,0.0,5.631,107903000.0
76,BKNG,MRT,2002-06-30,2002-06-30,2002-06-30,2021-08-04,70000.0,282134000.0,267040000.0,210788000.0,71346000.0,4.133,4.558,-7719000.0,117713000.0,117713000.0,923808000.0,15705000.0,2.274,0.54,0.0,0.0,0.0,0.0,0.0,17381000.0,0.0,0.0,0.0,15821000.0,33202000.0,0.03,33202000.0,15821000.0,15705000.0,0.12,0.12,0.12,174487000.0,157788000.0,174487000.0,531088263.0,34.0,15.996,15953000.0,0.417,1.0,179826000.0,0.163,22535000.0,116000.0,49192000.0,50384000.0,0.0,62458000.0,62458000.0,0.0,94177000.0,92694000.0,1483000.0,640593263.0,-26144000.0,-11469000.0,0.0,0.0,0.0,5481000.0,-55297000.0,-34578000.0,23672000.0,0.0,15705000.0,5288000.0,5288000.0,0.0,0.0,0.005,170367000.0,9459000.0,55422000.0,0.0,3.671,121.141,139.5,28205000.0,10417000.0,16.74,0.58,0.581,21977000.0,-1534145000.0,1103634000.0,1103634000.0,0.0,0.02,0.034,0.314,0.014,4825000.0,136277000.0,1.0,38267220.0,38280000.0,39917000.0,28.831,259599000.0,0.0,0.0,0.0,6.782,118094000.0
77,BKNG,MRT,2002-03-31,2002-03-31,2002-03-31,2021-08-04,0.0,282151000.0,263671750.0,208594000.0,73557000.0,4.414,4.413,-9579000.0,109505000.0,109505000.0,972150000.0,12212000.0,2.107,0.606,0.0,0.0,0.0,0.0,0.0,16938000.0,0.0,0.0,0.0,12328000.0,29266000.0,0.025,29266000.0,12328000.0,12212000.0,0.02,0.02,0.02,167339000.0,139900750.0,167339000.0,1084956669.0,88.0,37.072,38849000.0,1.025,1.0,191784000.0,0.165,22535000.0,116000.0,51134000.0,44701000.0,0.0,68327000.0,68327000.0,0.0,101342000.0,98977000.0,2365000.0,1200295669.0,-6647000.0,-11469000.0,-12000.0,0.0,0.0,3336000.0,-58447000.0,-37987000.0,48428000.0,36000.0,12212000.0,1795000.0,1795000.0,0.0,0.0,0.002,186564000.0,5220000.0,62177000.0,0.0,7.173,668.688,1569.0,31291000.0,10417000.0,31.38,1.031,1.022,20218000.0,-1540454000.0,1163934000.0,1163934000.0,0.0,0.007,0.013,0.276,0.011,8486000.0,144423000.0,1.0,38250340.0,37917167.0,39995000.0,30.697,259616000.0,0.0,0.0,0.0,6.847,109617000.0
78,BKNG,MRT,2001-12-31,2001-12-31,2001-12-31,2021-08-04,0.0,262190000.0,253274500.0,185311000.0,76879000.0,4.626,4.294,-9245000.0,115339000.0,115339000.0,978847000.0,-7303000.0,2.123,0.614,0.0,0.0,0.0,0.0,0.0,16578000.0,0.0,0.0,0.0,-7187000.0,9391000.0,0.008,9391000.0,-7187000.0,-7303000.0,-0.46,-0.46,-0.46,146711000.0,116273500.0,146711000.0,1201548802.0,-167.0,127.947,18851000.0,0.552,1.0,192906000.0,0.165,23646000.0,116000.0,35909000.0,42258750.0,0.0,49269000.0,49269000.0,0.0,90134000.0,87296000.0,2838000.0,1307574802.0,22919000.0,-11469000.0,49459000.0,0.0,0.0,50999000.0,-56176000.0,-38108000.0,28096000.0,0.0,-7303000.0,-15866000.0,-15866000.0,0.0,0.0,-0.014,206793000.0,-13887000.0,45941000.0,0.0,8.913,-82.414,-75.913,32266000.0,8563000.0,34.92,1.116,1.018,15665000.0,-1544341000.0,1171753000.0,1171753000.0,0.0,-0.063,-0.136,-0.17,-0.006,13395000.0,157172000.0,1.0,37444868.0,34167000.0,34167000.0,34.295,238544000.0,0.0,0.0,0.0,6.982,98015000.0
79,BKNG,MRT,2001-09-30,2001-09-30,2001-09-30,2021-08-04,0.0,241685000.0,236496500.0,185976000.0,55709000.0,4.924,3.959,-16552000.0,106026000.0,106026000.0,976291000.0,-111116000.0,2.643,0.517,0.0,0.0,0.0,0.0,0.0,19015000.0,0.0,0.0,0.0,-111116000.0,-92101000.0,-0.079,-92101000.0,-111116000.0,-111116000.0,-4.2,-4.2,-4.2,142615000.0,17369000.0,142615000.0,699686747.0,-6.0,-7.597,-43239000.0,-1.2,1.0,188327000.0,0.162,0.0,0.0,65301000.0,38460250.0,0.0,58748000.0,55498000.0,3250000.0,73725000.0,70358000.0,3367000.0,834985747.0,6262000.0,0.0,49891000.0,21000.0,0.0,53249000.0,-20300000.0,-1048000.0,-26687000.0,0.0,-111116000.0,-119679000.0,-119679000.0,0.0,0.0,-0.103,303578000.0,-115251000.0,34931000.0,0.0,5.855,-6.977,-5.414,33137000.0,8563000.0,22.74,0.717,0.703,15032000.0,-1543019000.0,1164618000.0,1164618000.0,0.0,-0.506,-6.89,-2.889,-0.095,11046000.0,172021000.0,1.0,36718810.0,36022000.0,36022000.0,32.331,241685000.0,0.0,0.0,0.0,6.709,115618000.0
80,BKNG,MRT,2001-06-30,2001-06-30,2001-06-30,2021-08-04,0.0,268661000.0,247468500.0,210979000.0,57682000.0,4.865,3.142,-23277000.0,135299000.0,135299000.0,1012014000.0,-308015000.0,1.974,1.075,0.0,0.0,0.0,0.0,0.0,19282000.0,0.0,0.0,0.0,-308015000.0,-288733000.0,-0.24,-288733000.0,-308015000.0,-308015000.0,-11.22,-11.22,-11.22,102938000.0,-60509500.0,102938000.0,1707771236.0,-6.0,-5.915,-24886000.0,-0.76,1.0,191949000.0,0.159,0.0,0.0,26460000.0,43680000.0,0.0,42183000.0,38933000.0,3250000.0,110691000.0,106902000.0,3789000.0,1823983236.0,37409000.0,0.0,51168000.0,14000.0,0.0,50272000.0,-11254000.0,17684000.0,-1609000.0,0.0,-308015000.0,-315206000.0,-315206000.0,0.0,0.0,-0.262,504299000.0,-312350000.0,69531000.0,0.0,17.719,-5.787,-4.84,34870000.0,7191000.0,54.3,1.515,1.478,25880000.0,-1539433000.0,1203963000.0,1203963000.0,0.0,-1.274,5.209,-7.052,-0.256,10281000.0,183445000.0,1.0,33590852.0,32763500.0,36670167.0,36.747,268661000.0,0.0,0.0,0.0,8.2,104077000.0
81,BKNG,MRT,2001-03-31,2001-03-31,2001-03-31,2021-08-04,0.0,240562000.0,303512750.0,178499000.0,62063000.0,3.925,2.317,-28340000.0,116212000.0,116212000.0,1004664000.0,-315352000.0,2.151,1.205,0.0,0.0,0.0,0.0,0.0,18812000.0,0.0,0.0,0.0,-315352000.0,-296540000.0,-0.249,-296540000.0,-315352000.0,-315352000.0,-11.7,-11.7,-11.7,72830000.0,-78163250.0,72830000.0,416884268.0,-1.0,-1.406,-47949000.0,-1.526,1.0,186638000.0,0.157,0.0,0.0,41365000.0,111182250.0,0.0,29644000.0,26394000.0,3250000.0,87732000.0,82985000.0,4747000.0,507476268.0,-19830000.0,0.0,53280000.0,6000.0,0.0,53741000.0,-53962000.0,-19961000.0,-19609000.0,0.0,-315352000.0,-329734000.0,-329734000.0,0.0,0.0,-0.277,507234000.0,-320596000.0,51377000.0,0.0,6.968,-1.539,-1.297,35861000.0,14382000.0,15.18,0.426,0.401,23889000.0,-1542249000.0,1191302000.0,1191302000.0,0.0,-1.086,4.219,-2.836,-0.265,6620000.0,195989000.0,1.0,33430584.0,31431500.0,31431500.0,37.902,240562000.0,0.0,0.0,0.0,7.654,95514000.0
82,BKNG,MRT,2000-12-31,2000-12-31,2000-12-31,2021-08-04,-1156000.0,195078000.0,364051500.0,131223000.0,63855000.0,3.393,-8.945,-37320000.0,95066000.0,95066000.0,1043227000.0,-315145000.0,1.655,-0.339,0.0,0.0,0.0,0.0,0.0,17385000.0,0.0,0.0,0.0,-315145000.0,-297760000.0,-0.241,-297760000.0,-315145000.0,-315145000.0,-11.82,-11.82,-11.82,-248907000.0,4944250.0,-248907000.0,116245345.0,0.0,-0.39,-56154000.0,-2.018,1.0,192169000.0,0.156,0.0,0.0,20715000.0,170692250.0,0.0,10952000.0,10952000.0,0.0,84405000.0,79297000.0,5108000.0,220746345.0,-47359000.0,0.0,14031000.0,0.0,0.0,14031000.0,-42556000.0,425000.0,-18834000.0,0.0,-315145000.0,-329527000.0,-329527000.0,0.0,0.0,-0.267,514443000.0,-322274000.0,40691000.0,0.0,-0.887,-0.67,-0.665,37083000.0,14382000.0,7.86,0.179,0.177,17392000.0,-1528475000.0,1235396000.0,1235396000.0,0.0,-0.905,-66.649,-1.846,-0.255,1711000.0,209115000.0,1.0,28084777.0,27825333.0,27825333.0,44.398,195078000.0,0.0,0.0,0.0,7.011,51926000.0
83,BKNG,MRT,2000-09-30,2000-09-30,2000-09-30,2021-08-04,-1162000.0,285573000.0,425753500.0,181109000.0,104464000.0,2.763,-6.066,-38403000.0,104501000.0,104501000.0,995217000.0,-1131467000.0,1.909,-2.691,0.0,0.0,0.0,0.0,0.0,12551000.0,0.0,0.0,0.0,-1131467000.0,-1118916000.0,-0.951,-1118916000.0,-1131467000.0,-1131467000.0,-49.32,-49.32,-49.32,-168899000.0,167830000.0,-168899000.0,1884168428.0,-2.0,-1.684,-43228000.0,-1.553,1.0,181223000.0,0.154,0.0,0.0,86180000.0,232879500.0,0.0,29372000.0,26122000.0,3250000.0,454472000.0,94892000.0,359580000.0,1979602428.0,-22719000.0,0.0,11475000.0,-28000.0,0.0,14846000.0,-32740000.0,12367000.0,-4825000.0,0.0,-1131467000.0,-1145849000.0,-1145849000.0,0.0,0.0,-0.974,1322803000.0,-1141580000.0,59447000.0,0.0,-11.721,-1.728,-1.445,46257000.0,14382000.0,71.28,1.683,1.687,44820000.0,-1404775000.0,1176440000.0,1176440000.0,0.0,-2.691,-6.827,-4.859,-0.962,0.0,188384000.0,1.0,27772200.0,27843167.0,27843167.0,42.252,285573000.0,0.0,0.0,0.0,10.256,86217000.0
84,BKNG,MRT,2000-06-30,2000-06-30,2000-06-30,2021-08-04,2224000.0,492838000.0,421126633.0,208653000.0,284185000.0,2.344,1.173,-35974000.0,95434000.0,95434000.0,841946000.0,-1041761000.0,2.067,14.247,0.0,0.0,0.0,0.0,0.0,9685000.0,0.0,0.0,0.0,-1041761000.0,-1032076000.0,-1.045,-1032076000.0,-1041761000.0,-1041761000.0,-46.44,-46.44,-46.44,32323000.0,265894340.0,32323000.0,6367554788.0,-6.0,-6.17,-66290000.0,-2.405,1.0,145382000.0,0.147,0.0,0.0,296469000.0,238309186.0,0.0,235523000.0,43273000.0,192250000.0,460515000.0,100935000.0,359580000.0,6493409788.0,-55928000.0,0.0,76174000.0,-27000.0,0.0,79546000.0,-105158000.0,-65441000.0,-30316000.0,0.0,-1041761000.0,-1048952000.0,-1048952000.0,0.0,0.0,-1.062,1197316000.0,-1051934000.0,73292000.0,0.0,200.891,-6.19,-4.908,41592000.0,7191000.0,227.94,6.577,6.364,58553000.0,-1205662000.0,987328000.0,987328000.0,0.0,-2.491,-3.945,-4.371,-1.055,0.0,169137000.0,1.0,28487364.0,27566500.0,27566500.0,35.816,492838000.0,0.0,0.0,0.0,17.878,107718000.0
85,BKNG,MRT,2000-03-31,2000-03-31,2000-03-31,2021-08-04,5969000.0,482717000.0,349115856.0,218121000.0,264596000.0,2.139,14.607,-34382000.0,125855000.0,125855000.0,645691000.0,-1051497000.0,2.816,0.191,0.0,0.0,0.0,0.0,0.0,7272000.0,0.0,0.0,0.0,-1051497000.0,-1044225000.0,-1.398,-1044225000.0,-1051497000.0,-1051497000.0,-46.62,-46.62,-46.62,405260000.0,300640892.0,405260000.0,13476088160.0,-13.0,-12.905,-90808000.0,-3.273,1.0,101106000.0,0.135,0.0,0.0,279405000.0,171324579.0,0.0,212625000.0,23625000.0,189000000.0,77457000.0,77457000.0,0.0,13609260160.0,87934000.0,0.0,218639000.0,-1025000.0,0.0,222049000.0,-77689000.0,-39564000.0,-56426000.0,0.0,-1051497000.0,-1051497000.0,-1051497000.0,0.0,0.0,-1.408,1161980000.0,-1060874000.0,59411000.0,0.0,33.582,-12.943,-10.296,37130000.0,0.0,480.0,18.224,17.833,66263000.0,-1193950000.0,746797000.0,746797000.0,0.0,-3.012,-3.498,-6.137,-1.408,0.0,139534000.0,1.0,28352625.0,27744500.0,27744500.0,26.917,482717000.0,0.0,0.0,0.0,17.399,140664000.0
86,BKNG,MRT,1999-12-31,1999-12-31,1999-12-31,2021-08-04,0.0,441886000.0,280871338.0,211739000.0,230147000.0,1.718,17.945,-27416000.0,133172000.0,133172000.0,424579000.0,-1055090000.0,5.395,0.097,0.0,0.0,0.0,0.0,0.0,5348000.0,0.0,0.0,0.0,-1055090000.0,-1049742000.0,-2.176,-1049742000.0,-1055090000.0,-1055090000.0,-47.4,-47.4,-47.4,402636000.0,245983340.0,402636000.0,6822266089.0,-6.0,-6.499,-95487000.0,-4.256,1.0,57831000.0,0.12,0.0,0.0,269464000.0,140986840.0,0.0,227771000.0,38771000.0,189000000.0,39250000.0,39250000.0,0.0,6937730686.0,70790000.0,0.0,208417000.0,-1025000.0,0.0,210791000.0,-71930000.0,-40771000.0,-68071000.0,0.0,-1055090000.0,-1063444000.0,-1063444000.0,0.0,0.0,-2.204,1120041000.0,-1062210000.0,24302000.0,0.0,17.231,-6.524,-5.997,28006000.0,8354000.0,284.28,14.381,13.222,30127000.0,-1180383000.0,482410000.0,482410000.0,0.0,-3.786,-4.323,-7.484,-2.187,0.0,107186000.0,1.0,24404568.0,22437000.0,22437000.0,21.501,441886000.0,0.0,0.0,0.0,19.695,172489000.0
87,BKNG,MRT,1999-09-30,1999-09-30,1999-09-30,2021-08-04,0.0,267065532.0,187042838.0,234236122.0,32829410.0,1.776,9.274,-18666837.0,115469578.0,115469578.0,298825203.0,-207337449.0,5.36,0.196,4981.0,0.0,4981.0,4981.0,0.0,3741573.0,0.0,0.0,0.0,-207337449.0,-203595876.0,-0.613,-203595876.0,-207337449.0,-207337449.0,-14.94,-14.94,-14.94,223358359.0,159143340.0,223358359.0,9036876656.0,-44.0,-44.386,-78220643.0,-3.248,1.0,33365064.0,0.1,0.0,0.0,107898743.0,74549090.0,0.0,77446102.0,77446102.0,0.0,43707173.0,43702192.0,4981.0,9179667542.0,105388146.0,0.0,211415636.0,-1023847.0,0.0,263734789.0,-98792837.0,-80126000.0,-59553806.0,0.0,-207337449.0,-217874449.0,-217874449.0,0.0,0.0,-0.656,245689254.0,-212324190.0,32873492.0,0.0,41.098,-42.133,-25.904,20611244.0,10537000.0,387.0,27.634,28.057,39971115.0,-258925992.0,332190267.0,332190267.0,0.0,-1.165,-1.369,-2.781,-0.624,-6815517.0,84565238.0,1.0,23720071.0,24083500.0,24083500.0,13.793,267065532.0,0.0,0.0,0.0,11.089,190533930.0
88,BKNG,MRT,1999-06-30,1999-06-30,1999-06-30,2021-08-04,0.0,204794892.0,,183517084.0,21277808.0,,7.222,-12815847.0,142803134.0,142803134.0,173667160.0,-124969563.0,5.482,0.195,12248.0,0.0,12248.0,12248.0,0.0,3112456.0,0.0,0.0,0.0,-124969563.0,-121857107.0,-0.644,-121857107.0,-124969563.0,-124969563.0,-11.82,-11.82,-11.82,171309211.0,,171309211.0,16416963865.0,-131.0,-134.723,-69715506.0,-2.939,1.0,15523201.0,0.082,0.0,0.0,28530573.0,,0.0,9307474.0,9307474.0,0.0,33485681.0,33473433.0,12248.0,16446548544.0,139312081.0,0.0,147696000.0,-2023413.0,0.0,219015587.0,-22803847.0,-9988000.0,-56899659.0,0.0,-124969563.0,-135506563.0,-135506563.0,0.0,0.0,-0.716,143265433.0,-127742232.0,26933608.0,0.0,96.005,-121.371,-58.66,15311214.0,10537000.0,693.36,86.931,86.931,28441951.0,-156710306.0,189190361.0,189190361.0,0.0,,,,-0.661,0.0,73869647.0,1.0,23720071.0,23720000.0,23720000.0,7.976,204794892.0,0.0,0.0,0.0,8.634,150043651.0
89,BKNG,MRT,1999-03-31,1999-03-31,1999-03-31,2021-08-04,0.0,209738926.0,,197389236.0,12349690.0,,11.795,-7196288.0,30593613.0,30593613.0,80565000.0,-124699939.0,8.932,0.124,1008934.0,0.0,1008934.0,1008934.0,0.0,2360541.0,0.0,0.0,0.0,-124699939.0,-122339398.0,-1.445,-122339398.0,-124699939.0,-124699939.0,-12.36,-12.36,-12.36,186629791.0,,186629791.0,11742964089.0,-94.0,-95.987,-65087680.0,-4.113,1.0,4083000.0,0.048,0.0,0.0,158054046.0,,0.0,0.0,0.0,0.0,23109135.0,22100201.0,1008934.0,11795516990.0,15541163.0,0.0,8024637.0,977206.0,0.0,81308843.0,-7876288.0,-680000.0,-57891392.0,0.0,-124699939.0,-135236939.0,-135236939.0,0.0,0.0,-1.598,129739298.0,-125656298.0,13051723.0,0.0,63.203,-87.221,-40.233,10009654.0,10537000.0,497.28,139.348,92.956,11189976.0,-142453687.0,84648000.0,84648000.0,0.0,,,,-1.473,0.0,60370351.0,1.0,23720071.0,15823167.0,15823167.0,5.35,209738926.0,0.0,0.0,0.0,13.255,175289035.0
90,BKNG,MRT,1998-12-31,1998-12-31,1998-12-31,2021-08-04,0.0,66572000.0,34010632.0,60203000.0,6369000.0,1.036,4.083,-6607000.0,53593000.0,53593000.0,36525000.0,-112243000.0,5.856,0.204,1015000.0,0.0,1015000.0,1015000.0,0.0,1860000.0,0.0,,0.0,-112243000.0,-110383000.0,-3.133,-110383000.0,-112243000.0,-112243000.0,-8.46,-8.46,-8.46,55276000.0,27009440.0,55276000.0,,,,-46810000.0,-3.458,1.0,-1288000.0,-0.037,0.0,0.0,3713000.0,1281772.0,0.0,0.0,0.0,0.0,11296000.0,10281000.0,1015000.0,,53576000.0,0.0,26495000.0,978000.0,0.0,101066000.0,-7287000.0,-680000.0,-40203000.0,0.0,-112243000.0,-114426000.0,-114426000.0,0.0,0.0,-3.247,111503000.0,-112791000.0,5300000.0,0.0,,,,5927000.0,2183000.0,,,,4177000.0,-116939000.0,35237000.0,35237000.0,0.0,-3.364,-4.237,-87.569,-3.185,0.0,42392000.0,1.0,23720071.0,13538500.0,13538500.0,2.603,66572000.0,0.0,0.0,0.0,4.917,49922000.0
91,BKNG,MRT,1998-09-30,1998-09-30,1998-09-30,2021-08-04,,,,,,,,,,,,,,,,,,,,,,,0.0,,,,,,,,,,,,,,,,,,1.0,,,,,,,,,,,,,,,,,,,,,,,,,,,,,,,,,,,,,,,,,,,,,,,,,,,,,,1.0,,17568477.0,,,,,,,,
92,BKNG,MRT,1998-06-30,1998-06-30,1998-06-30,2021-08-04,,,,,,,,,,,,,,,,,,,,,,,0.0,,,,,,,,,,,,,,,,,,1.0,,,,,,,,,,,,,,,,,,,,,,,,,,,,,,,,,,,,,,,,,,,,,,,,,,,,,,1.0,,11623061.0,,,,,,,,
93,BKNG,MRT,1998-03-31,1998-03-31,1998-03-31,2021-08-04,,,,,,,,,,,,,,,,,,,,,,,0.0,,,,,,,,,,,,,,,,,,1.0,,,,,,,,,,,,,,,,,,,,,,,,,,,,,,,,,,,,,,,,,,,,,,,,,,,,,,1.0,,9247885.0,,,,,,,,
94,BKNG,MRT,1997-12-31,1997-12-31,1997-12-31,2021-08-04,0.0,1449264.0,,266459.0,1182805.0,,,,16459.0,16459.0,,,0.1,-2.153,73014.0,21906.0,51108.0,73014.0,0.0,,0.0,,,,,,,,,,,,-1257119.0,,-1257119.0,,,,,,1.0,,,0.0,,-1149456.0,,0.0,0.0,0.0,0.0,2706383.0,2655275.0,51108.0,,,,,,,,,,,,,,,,,,,,2003443.0,,,,,1180119.0,,,,,0.0,-2513482.0,,,,,,,,,,1.0,,,,,1449264.0,0.0,,0.0,,-2388816.0
