None,ticker,dimension,calendardate,datekey,reportperiod,lastupdated,accoci,assets,assetsavg,assetsc,assetsnc,assetturnover,bvps,capex,cashneq,cashnequsd,cor,consolinc,currentratio,de,debt,debtc,debtnc,debtusd,deferredrev,depamor,deposits,divyield,dps,ebit,ebitda,ebitdamargin,ebitdausd,ebitusd,ebt,eps,epsdil,epsusd,equity,equityavg,equityusd,ev,evebit,evebitda,fcf,fcfps,fxusd,gp,grossmargin,intangibles,intexp,invcap,invcapavg,inventory,investments,investmentsc,investmentsnc,liabilities,liabilitiesc,liabilitiesnc,marketcap,ncf,ncfbus,ncfcommon,ncfdebt,ncfdiv,ncff,ncfi,ncfinv,ncfo,ncfx,netinc,netinccmn,netinccmnusd,netincdis,netincnci,netmargin,opex,opinc,payables,payoutratio,pb,pe,pe1,ppnenet,prefdivis,price,ps,ps1,receivables,retearn,revenue,revenueusd,rnd,roa,roe,roic,ros,sbcomp,sgna,sharefactor,sharesbas,shareswa,shareswadil,sps,tangibles,taxassets,taxexp,taxliabilities,tbvps,workingcapital
0,COL,MRY,2018-12-31,2018-09-30,2018-09-30,2018-11-26,-1471000000.0,19026000000.0,18434250000.0,5778000000.0,13248000000.0,0.47,43.335,-257000000.0,738000000.0,738000000.0,6382000000.0,1032000000.0,1.233,1.676,7929000000.0,2248000000.0,5681000000.0,7929000000.0,0.0,590000000.0,0.0,0.009,1.32,1374000000.0,1964000000.0,0.227,1964000000.0,1374000000.0,1112000000.0,6.29,6.22,6.29,7107000000.0,6721250000.0,7107000000.0,29648455638.0,22.0,15.096,-567000000.0,-3.457,1.0,2283000000.0,0.263,11299000000.0,262000000.0,10232000000.0,10490250000.0,2649000000.0,0.0,0.0,0.0,11912000000.0,4686000000.0,7226000000.0,23088455638.0,35000000.0,0.0,51000000.0,781000000.0,-216000000.0,610000000.0,-256000000.0,0.0,-310000000.0,-9000000.0,1032000000.0,1032000000.0,1032000000.0,0.0,0.0,0.119,929000000.0,1354000000.0,821000000.0,0.21,3.249,22.373,22.332,1429000000.0,0.0,140.47,2.665,2.659,2109000000.0,4654000000.0,8665000000.0,8665000000.0,0.0,0.056,0.154,0.131,0.159,93000000.0,817000000.0,1.0,164365741.0,164000000.0,165800000.0,52.835,7727000000.0,16000000.0,80000000.0,346000000.0,47.116,1092000000.0
1,COL,MRY,2017-12-31,2017-09-30,2017-09-30,2018-11-26,-1575000000.0,17997000000.0,12959250000.0,4760000000.0,13237000000.0,0.526,41.533,-240000000.0,703000000.0,703000000.0,4868000000.0,705000000.0,1.551,1.977,7155000000.0,479000000.0,6676000000.0,7155000000.0,0.0,394000000.0,0.0,0.01,1.32,1118000000.0,1512000000.0,0.222,1512000000.0,1118000000.0,931000000.0,4.85,4.79,4.85,6043000000.0,4061000000.0,6043000000.0,28438220445.0,25.0,18.808,1024000000.0,7.038,1.0,1954000000.0,0.286,11287000000.0,187000000.0,10093000000.0,7689250000.0,2451000000.0,0.0,0.0,0.0,11947000000.0,3069000000.0,8878000000.0,21237220445.0,363000000.0,-3429000000.0,18000000.0,2940000000.0,-194000000.0,2759000000.0,-3674000000.0,0.0,1264000000.0,14000000.0,705000000.0,705000000.0,705000000.0,0.0,0.0,0.103,852000000.0,1102000000.0,927000000.0,0.272,3.514,30.124,26.951,1398000000.0,0.0,130.71,3.113,2.788,1426000000.0,3838000000.0,6822000000.0,6822000000.0,0.0,0.054,0.174,0.145,0.164,98000000.0,732000000.0,1.0,162475866.0,145500000.0,147200000.0,46.887,6710000000.0,21000000.0,226000000.0,331000000.0,46.117,1691000000.0
2,COL,MRY,2016-12-31,2016-09-30,2016-09-30,2018-11-26,-1898000000.0,7699000000.0,7596500000.0,3490000000.0,4209000000.0,0.692,15.923,-193000000.0,340000000.0,340000000.0,3642000000.0,728000000.0,1.488,2.702,2114000000.0,740000000.0,1374000000.0,2114000000.0,0.0,253000000.0,0.0,0.016,1.32,1000000000.0,1253000000.0,0.238,1253000000.0,1000000000.0,936000000.0,5.58,5.51,5.58,2078000000.0,2017000000.0,2078000000.0,13150400360.0,13.0,10.495,530000000.0,4.061,1.0,1617000000.0,0.307,2586000000.0,64000000.0,4541000000.0,4549000000.0,1939000000.0,0.0,0.0,0.0,5615000000.0,2346000000.0,3269000000.0,10958400360.0,88000000.0,-17000000.0,-240000000.0,-8000000.0,-172000000.0,-422000000.0,-209000000.0,0.0,723000000.0,-4000000.0,728000000.0,728000000.0,728000000.0,-1000000.0,0.0,0.138,638000000.0,979000000.0,527000000.0,0.237,5.274,15.053,15.115,1035000000.0,0.0,84.34,2.084,2.093,1094000000.0,3327000000.0,5259000000.0,5259000000.0,0.0,0.096,0.361,0.22,0.19,86000000.0,638000000.0,1.0,129931235.0,130500000.0,132100000.0,40.299,5113000000.0,219000000.0,208000000.0,1000000.0,39.18,1144000000.0
3,COL,MRY,2015-12-31,2015-09-30,2015-09-30,2018-11-26,-1699000000.0,7304000000.0,7211500000.0,3224000000.0,4080000000.0,0.727,14.172,-210000000.0,252000000.0,252000000.0,3630000000.0,686000000.0,1.565,2.893,2128000000.0,448000000.0,1680000000.0,2128000000.0,0.0,252000000.0,0.0,0.015,1.26,1015000000.0,1267000000.0,0.242,1267000000.0,1015000000.0,954000000.0,5.19,5.13,5.19,1875000000.0,1933750000.0,1875000000.0,12902072104.0,13.0,10.183,525000000.0,3.968,1.0,1614000000.0,0.308,2607000000.0,61000000.0,4513000000.0,4465250000.0,1824000000.0,0.0,0.0,0.0,5424000000.0,2060000000.0,3364000000.0,10784072104.0,-71000000.0,-74000000.0,-281000000.0,-56000000.0,-167000000.0,-492000000.0,-291000000.0,0.0,735000000.0,-23000000.0,686000000.0,686000000.0,686000000.0,8000000.0,0.0,0.131,606000000.0,1008000000.0,487000000.0,0.243,5.752,15.72,15.769,964000000.0,0.0,81.84,2.056,2.065,1038000000.0,5124000000.0,5244000000.0,5244000000.0,0.0,0.095,0.355,0.227,0.194,61000000.0,606000000.0,1.0,131770187.0,132300000.0,133700000.0,39.637,4697000000.0,165000000.0,268000000.0,0.0,35.503,1164000000.0
4,COL,MRY,2014-12-31,2014-09-30,2014-09-30,2018-11-26,-1366000000.0,7063000000.0,7123000000.0,3204000000.0,3859000000.0,0.699,13.945,-163000000.0,323000000.0,323000000.0,3469000000.0,604000000.0,1.458,2.746,2167000000.0,504000000.0,1663000000.0,2167000000.0,0.0,141000000.0,0.0,0.015,1.2,927000000.0,1068000000.0,0.215,1068000000.0,927000000.0,868000000.0,4.47,4.42,4.47,1884000000.0,1850750000.0,1884000000.0,12673273541.0,14.0,11.866,481000000.0,3.56,1.0,1510000000.0,0.303,2551000000.0,59000000.0,4158000000.0,4245500000.0,1709000000.0,0.0,0.0,0.0,5174000000.0,2198000000.0,2976000000.0,10605273541.0,-68000000.0,-1381000000.0,-174000000.0,1158000000.0,-162000000.0,827000000.0,-1527000000.0,0.0,644000000.0,-12000000.0,604000000.0,604000000.0,604000000.0,14000000.0,0.0,0.121,594000000.0,916000000.0,535000000.0,0.268,5.629,17.558,17.562,919000000.0,0.0,78.5,2.13,2.13,1033000000.0,4605000000.0,4979000000.0,4979000000.0,0.0,0.085,0.326,0.218,0.186,68000000.0,594000000.0,1.0,135099026.0,135100000.0,136700000.0,36.854,4512000000.0,110000000.0,264000000.0,57000000.0,33.397,1006000000.0
5,COL,MRY,2013-12-31,2013-09-30,2013-09-30,2018-11-26,-1287000000.0,5400000000.0,5365750000.0,3094000000.0,2306000000.0,0.834,11.853,-117000000.0,391000000.0,391000000.0,3103000000.0,632000000.0,1.562,2.334,999000000.0,436000000.0,563000000.0,999000000.0,0.0,124000000.0,0.0,0.018,1.2,895000000.0,1019000000.0,0.228,1019000000.0,895000000.0,867000000.0,4.63,4.58,4.63,1618000000.0,1248250000.0,1618000000.0,9972744127.0,11.0,9.787,500000000.0,3.663,1.0,1371000000.0,0.306,1067000000.0,28000000.0,2960000000.0,3106000000.0,1518000000.0,0.0,0.0,0.0,3777000000.0,1981000000.0,1796000000.0,9161744127.0,56000000.0,0.0,-528000000.0,235000000.0,-164000000.0,-448000000.0,-118000000.0,0.0,617000000.0,5000000.0,632000000.0,632000000.0,632000000.0,-2000000.0,0.0,0.141,495000000.0,876000000.0,463000000.0,0.259,5.662,14.496,14.657,773000000.0,0.0,67.86,2.048,2.07,1058000000.0,4163000000.0,4474000000.0,4474000000.0,0.0,0.118,0.506,0.288,0.2,64000000.0,495000000.0,1.0,135009492.0,136500000.0,138100000.0,32.777,4333000000.0,264000000.0,235000000.0,0.0,31.744,1113000000.0
6,COL,MRY,2012-12-31,2012-09-30,2012-09-30,2018-11-26,-1607000000.0,5314000000.0,5209250000.0,2787000000.0,2527000000.0,0.87,8.665,-121000000.0,335000000.0,335000000.0,3168000000.0,609000000.0,1.935,3.217,779000000.0,0.0,779000000.0,779000000.0,0.0,116000000.0,0.0,0.025,1.32,879000000.0,995000000.0,0.22,995000000.0,879000000.0,852000000.0,4.19,4.15,4.19,1259000000.0,1279500000.0,1259000000.0,8339014238.0,9.0,8.381,413000000.0,2.842,1.0,1363000000.0,0.301,1071000000.0,27000000.0,3247000000.0,3271000000.0,1332000000.0,0.0,0.0,0.0,4050000000.0,1440000000.0,2610000000.0,7625014238.0,-195000000.0,-3000000.0,-693000000.0,247000000.0,-157000000.0,-594000000.0,-129000000.0,0.0,534000000.0,-6000000.0,609000000.0,609000000.0,609000000.0,-20000000.0,0.0,0.134,530000000.0,833000000.0,475000000.0,0.315,6.056,12.521,12.802,773000000.0,0.0,53.64,1.683,1.72,971000000.0,3708000000.0,4531000000.0,4531000000.0,0.0,0.117,0.476,0.269,0.194,84000000.0,530000000.0,1.0,142151645.0,145300000.0,146800000.0,31.184,4243000000.0,513000000.0,243000000.0,0.0,29.202,1347000000.0
7,COL,MRY,2011-12-31,2011-09-30,2011-09-30,2018-11-26,-1497000000.0,5389000000.0,5106500000.0,2889000000.0,2500000000.0,0.941,9.877,-138000000.0,530000000.0,530000000.0,3427000000.0,634000000.0,1.932,2.535,528000000.0,0.0,528000000.0,528000000.0,0.0,108000000.0,0.0,0.018,0.96,893000000.0,1001000000.0,0.208,1001000000.0,893000000.0,874000000.0,4.11,4.06,4.11,1523000000.0,1559750000.0,1523000000.0,8423444065.0,9.0,8.415,519000000.0,3.366,1.0,1379000000.0,0.287,1088000000.0,19000000.0,2804000000.0,2808750000.0,1195000000.0,0.0,0.0,0.0,3861000000.0,1495000000.0,2366000000.0,8107444065.0,95000000.0,27000000.0,-306000000.0,-24000000.0,-148000000.0,-471000000.0,-92000000.0,20000000.0,657000000.0,1000000.0,634000000.0,634000000.0,634000000.0,-19000000.0,0.0,0.132,533000000.0,846000000.0,485000000.0,0.234,5.323,12.788,12.837,754000000.0,0.0,52.76,1.687,1.693,969000000.0,3288000000.0,4806000000.0,4806000000.0,0.0,0.124,0.406,0.318,0.186,85000000.0,533000000.0,1.0,153666491.0,154200000.0,156100000.0,31.167,4301000000.0,554000000.0,240000000.0,0.0,27.892,1394000000.0
8,COL,MRY,2010-12-31,2010-09-30,2010-09-30,2018-11-26,-1259000000.0,5064000000.0,4778500000.0,2689000000.0,2375000000.0,0.969,9.433,-108000000.0,435000000.0,435000000.0,3353000000.0,561000000.0,1.852,2.414,549000000.0,24000000.0,525000000.0,549000000.0,0.0,115000000.0,0.0,0.016,0.96,820000000.0,935000000.0,0.202,935000000.0,820000000.0,800000000.0,3.57,3.52,3.57,1482000000.0,1483250000.0,1482000000.0,9391815596.0,11.0,10.045,603000000.0,3.838,1.0,1278000000.0,0.276,1072000000.0,20000000.0,2654000000.0,2579750000.0,1004000000.0,0.0,0.0,0.0,3578000000.0,1452000000.0,2126000000.0,9156815596.0,200000000.0,-96000000.0,-145000000.0,0.0,-151000000.0,-279000000.0,-232000000.0,-21000000.0,711000000.0,0.0,561000000.0,561000000.0,561000000.0,-4000000.0,0.0,0.121,476000000.0,802000000.0,420000000.0,0.269,6.179,16.322,16.317,707000000.0,0.0,58.25,1.977,1.976,1024000000.0,2816000000.0,4631000000.0,4631000000.0,0.0,0.117,0.378,0.318,0.177,71000000.0,476000000.0,1.0,157198551.0,157100000.0,159200000.0,29.478,3992000000.0,518000000.0,239000000.0,0.0,25.411,1237000000.0
9,COL,MRY,2009-12-31,2009-09-30,2009-09-30,2018-11-26,-1080000000.0,4645000000.0,4345250000.0,2362000000.0,2283000000.0,1.019,8.188,-153000000.0,235000000.0,235000000.0,3118000000.0,594000000.0,1.738,2.593,532000000.0,0.0,532000000.0,532000000.0,0.0,144000000.0,0.0,0.019,0.96,881000000.0,1025000000.0,0.231,1025000000.0,881000000.0,863000000.0,3.76,3.73,3.76,1292000000.0,1536000000.0,1292000000.0,8437435342.0,10.0,8.232,480000000.0,3.042,1.0,1310000000.0,0.296,964000000.0,18000000.0,2619000000.0,2312000000.0,943000000.0,0.0,0.0,0.0,3350000000.0,1359000000.0,1991000000.0,8008435342.0,60000000.0,-146000000.0,-134000000.0,9000000.0,-152000000.0,-275000000.0,-302000000.0,0.0,633000000.0,4000000.0,594000000.0,594000000.0,594000000.0,-5000000.0,0.0,0.134,457000000.0,853000000.0,366000000.0,0.255,6.198,13.482,13.511,719000000.0,0.0,50.8,1.809,1.81,913000000.0,2444000000.0,4428000000.0,4428000000.0,0.0,0.137,0.387,0.381,0.199,79000000.0,457000000.0,1.0,157646365.0,157800000.0,159400000.0,28.061,3681000000.0,525000000.0,269000000.0,0.0,23.327,1003000000.0
10,COL,MRY,2008-12-31,2008-09-30,2008-09-30,2018-11-26,-578000000.0,4144000000.0,4012500000.0,2338000000.0,1806000000.0,1.189,8.756,-170000000.0,175000000.0,175000000.0,3334000000.0,678000000.0,1.344,1.943,515000000.0,287000000.0,228000000.0,515000000.0,0.0,129000000.0,0.0,0.017,0.8,974000000.0,1103000000.0,0.231,1103000000.0,974000000.0,953000000.0,4.22,4.16,4.22,1408000000.0,1495250000.0,1408000000.0,8136196033.0,8.0,7.376,450000000.0,2.799,1.0,1435000000.0,0.301,807000000.0,21000000.0,1937000000.0,1916250000.0,970000000.0,0.0,0.0,0.0,2736000000.0,1740000000.0,996000000.0,7666196033.0,-56000000.0,-105000000.0,-559000000.0,287000000.0,-129000000.0,-393000000.0,-284000000.0,0.0,620000000.0,1000000.0,678000000.0,678000000.0,678000000.0,0.0,0.0,0.142,485000000.0,950000000.0,419000000.0,0.19,5.445,11.307,11.396,680000000.0,0.0,48.09,1.608,1.621,950000000.0,2058000000.0,4769000000.0,4769000000.0,0.0,0.169,0.453,0.508,0.204,84000000.0,485000000.0,1.0,159413517.0,160800000.0,162900000.0,29.658,3337000000.0,283000000.0,275000000.0,0.0,20.752,598000000.0
11,COL,MRY,2007-12-31,2007-09-30,2007-09-30,2018-11-26,-336000000.0,3750000000.0,3533750000.0,2169000000.0,1581000000.0,1.249,9.414,-125000000.0,231000000.0,231000000.0,3092000000.0,585000000.0,1.487,1.384,223000000.0,0.0,223000000.0,223000000.0,0.0,118000000.0,0.0,0.009,0.64,856000000.0,974000000.0,0.221,974000000.0,856000000.0,843000000.0,3.5,3.45,3.5,1573000000.0,1416750000.0,1573000000.0,12257591408.0,14.0,12.585,482000000.0,2.885,1.0,1323000000.0,0.3,691000000.0,13000000.0,1592000000.0,1565500000.0,823000000.0,0.0,0.0,0.0,2177000000.0,1459000000.0,718000000.0,12173591408.0,87000000.0,-32000000.0,-272000000.0,-27000000.0,-107000000.0,-373000000.0,-153000000.0,0.0,607000000.0,6000000.0,585000000.0,585000000.0,585000000.0,0.0,0.0,0.133,482000000.0,841000000.0,395000000.0,0.183,7.739,20.81,20.869,607000000.0,0.0,73.04,2.757,2.764,883000000.0,1533000000.0,4415000000.0,4415000000.0,0.0,0.166,0.413,0.547,0.194,76000000.0,482000000.0,1.0,166670200.0,167100000.0,169700000.0,26.421,3059000000.0,176000000.0,258000000.0,29000000.0,18.306,710000000.0
12,COL,MRY,2006-12-31,2006-09-30,2006-09-30,2018-11-26,-393000000.0,3278000000.0,3246500000.0,1927000000.0,1351000000.0,1.19,7.012,-143000000.0,144000000.0,144000000.0,2752000000.0,477000000.0,1.455,1.718,245000000.0,0.0,245000000.0,245000000.0,0.0,106000000.0,0.0,0.01,0.56,702000000.0,808000000.0,0.209,808000000.0,702000000.0,689000000.0,2.77,2.73,2.77,1206000000.0,1117000000.0,1206000000.0,9520096541.0,14.0,11.782,452000000.0,2.628,1.0,1111000000.0,0.288,654000000.0,13000000.0,1401000000.0,1565000000.0,727000000.0,0.0,0.0,0.0,2072000000.0,1324000000.0,748000000.0,9400096541.0,-1000000.0,-100000000.0,-419000000.0,46000000.0,-96000000.0,-441000000.0,-159000000.0,84000000.0,595000000.0,4000000.0,477000000.0,477000000.0,477000000.0,0.0,0.0,0.123,441000000.0,670000000.0,324000000.0,0.202,7.794,19.707,19.798,552000000.0,0.0,54.84,2.433,2.442,821000000.0,1105000000.0,3863000000.0,3863000000.0,0.0,0.147,0.427,0.449,0.182,68000000.0,441000000.0,1.0,171409492.0,172000000.0,174500000.0,22.459,2624000000.0,168000000.0,212000000.0,54000000.0,15.256,603000000.0
13,COL,MRY,2005-12-31,2005-09-30,2005-09-30,2018-11-26,-604000000.0,3148000000.0,3040250000.0,1780000000.0,1368000000.0,1.133,5.305,-108000000.0,145000000.0,145000000.0,2502000000.0,396000000.0,1.503,2.353,200000000.0,0.0,200000000.0,200000000.0,0.0,104000000.0,0.0,0.01,0.48,558000000.0,662000000.0,0.192,662000000.0,558000000.0,547000000.0,2.24,2.2,2.24,939000000.0,1184250000.0,939000000.0,8519224519.0,15.0,12.869,466000000.0,2.633,1.0,943000000.0,0.274,571000000.0,11000000.0,1448000000.0,1433250000.0,678000000.0,0.0,0.0,0.0,2209000000.0,1184000000.0,1025000000.0,8537224519.0,-51000000.0,-19000000.0,-402000000.0,0.0,-85000000.0,-487000000.0,-134000000.0,0.0,574000000.0,-4000000.0,396000000.0,396000000.0,396000000.0,0.0,0.0,0.115,402000000.0,541000000.0,283000000.0,0.214,9.092,21.559,21.571,473000000.0,0.0,48.32,2.478,2.483,736000000.0,771000000.0,3445000000.0,3445000000.0,0.0,0.13,0.334,0.389,0.162,104000000.0,402000000.0,1.0,176680971.0,177000000.0,180200000.0,19.463,2577000000.0,178000000.0,151000000.0,48000000.0,14.559,596000000.0
14,COL,MRY,2004-12-31,2004-09-30,2004-09-30,2018-11-26,-397000000.0,2874000000.0,2797750000.0,1663000000.0,1211000000.0,1.047,6.387,-91000000.0,196000000.0,196000000.0,2144000000.0,301000000.0,1.725,1.537,201000000.0,0.0,201000000.0,201000000.0,0.0,109000000.0,0.0,0.011,0.39,438000000.0,547000000.0,0.187,547000000.0,438000000.0,430000000.0,1.7,1.67,1.7,1133000000.0,974250000.0,1133000000.0,6714145638.0,15.0,12.274,308000000.0,1.736,1.0,786000000.0,0.268,550000000.0,8000000.0,1365000000.0,1437250000.0,650000000.0,0.0,0.0,0.0,1741000000.0,964000000.0,777000000.0,6575145638.0,130000000.0,-126000000.0,-124000000.0,156000000.0,-69000000.0,-37000000.0,-228000000.0,0.0,399000000.0,-4000000.0,301000000.0,301000000.0,301000000.0,0.0,0.0,0.103,356000000.0,430000000.0,240000000.0,0.229,5.803,21.844,21.847,418000000.0,0.0,37.14,2.244,2.249,616000000.0,492000000.0,2930000000.0,2930000000.0,0.0,0.108,0.309,0.305,0.149,72000000.0,356000000.0,1.0,177036770.0,177400000.0,180000000.0,16.516,2324000000.0,165000000.0,129000000.0,18000000.0,13.1,699000000.0
15,COL,MRY,2003-12-31,2003-09-30,2003-09-30,2018-11-26,-516000000.0,2591000000.0,2538000000.0,1411000000.0,1180000000.0,1.002,4.651,-65000000.0,66000000.0,66000000.0,1866000000.0,258000000.0,1.602,2.11,42000000.0,42000000.0,0.0,42000000.0,0.0,105000000.0,0.0,0.014,0.36,371000000.0,476000000.0,0.187,476000000.0,371000000.0,368000000.0,1.44,1.43,1.44,833000000.0,979000000.0,833000000.0,4583638656.0,12.0,9.629,306000000.0,1.709,1.0,676000000.0,0.266,440000000.0,3000000.0,1246000000.0,1203000000.0,618000000.0,0.0,0.0,0.0,1758000000.0,881000000.0,877000000.0,4527638656.0,17000000.0,-3000000.0,-125000000.0,-90000000.0,-64000000.0,-279000000.0,-68000000.0,0.0,371000000.0,-7000000.0,258000000.0,258000000.0,258000000.0,0.0,0.0,0.101,341000000.0,335000000.0,202000000.0,0.25,5.435,17.549,17.535,401000000.0,0.0,25.25,1.781,1.779,516000000.0,273000000.0,2542000000.0,2542000000.0,0.0,0.102,0.264,0.308,0.146,44000000.0,341000000.0,1.0,179312422.0,179100000.0,180100000.0,14.193,2151000000.0,188000000.0,110000000.0,3000000.0,12.01,530000000.0
16,COL,MRY,2002-12-31,2002-09-30,2002-09-30,2018-11-26,-252000000.0,2555000000.0,2540000000.0,1433000000.0,1122000000.0,0.981,5.39,-56000000.0,49000000.0,49000000.0,1863000000.0,236000000.0,1.381,1.589,132000000.0,132000000.0,0.0,132000000.0,0.0,105000000.0,0.0,0.016,0.36,347000000.0,452000000.0,0.181,452000000.0,347000000.0,341000000.0,1.29,1.28,1.29,987000000.0,1127500000.0,987000000.0,4049811852.0,12.0,8.96,397000000.0,2.168,1.0,629000000.0,0.252,456000000.0,6000000.0,1144000000.0,1287250000.0,653000000.0,0.0,0.0,0.0,1568000000.0,1038000000.0,530000000.0,4013811852.0,-11000000.0,-183000000.0,-85000000.0,-70000000.0,-66000000.0,-221000000.0,-239000000.0,0.0,453000000.0,-4000000.0,236000000.0,236000000.0,236000000.0,0.0,0.0,0.095,307000000.0,322000000.0,211000000.0,0.279,4.067,17.008,17.008,411000000.0,0.0,21.94,1.611,1.612,519000000.0,91000000.0,2492000000.0,2492000000.0,0.0,0.093,0.209,0.27,0.139,14000000.0,307000000.0,1.0,182944934.0,183100000.0,184100000.0,13.61,2099000000.0,191000000.0,105000000.0,20000000.0,11.464,395000000.0
17,COL,MRY,2001-12-31,2001-09-30,2001-09-30,2018-11-26,-28000000.0,2637000000.0,2510250000.0,1637000000.0,1000000000.0,1.123,6.047,-110000000.0,60000000.0,60000000.0,2108000000.0,139000000.0,1.431,1.376,202000000.0,202000000.0,0.0,202000000.0,0.0,138000000.0,0.0,0.006,0.09,227000000.0,365000000.0,0.129,365000000.0,227000000.0,224000000.0,,,,1110000000.0,529250000.0,1110000000.0,2888750701.0,13.0,7.914,83000000.0,0.452,1.0,712000000.0,0.252,285000000.0,3000000.0,1350000000.0,1344000000.0,727000000.0,0.0,0.0,0.0,1527000000.0,1144000000.0,383000000.0,2606750701.0,40000000.0,-295000000.0,0.0,202000000.0,-17000000.0,251000000.0,-405000000.0,0.0,193000000.0,1000000.0,139000000.0,139000000.0,139000000.0,0.0,0.0,0.049,500000000.0,212000000.0,227000000.0,,2.348,18.754,,439000000.0,0.0,14.2,0.924,0.924,637000000.0,-65000000.0,2820000000.0,2820000000.0,0.0,0.055,0.263,0.169,0.08,0.0,351000000.0,1.0,183573993.0,183573993.0,,15.362,2352000000.0,189000000.0,85000000.0,15000000.0,12.812,493000000.0
18,COL,MRY,2000-12-31,2000-09-30,2000-09-30,2018-11-26,-29000000.0,2100000000.0,2066500000.0,1311000000.0,789000000.0,1.215,,-98000000.0,20000000.0,20000000.0,1845000000.0,269000000.0,1.633,1.313,0.0,0.0,0.0,0.0,0.0,106000000.0,0.0,,0.0,399000000.0,505000000.0,0.201,505000000.0,399000000.0,399000000.0,,,,908000000.0,132500000.0,908000000.0,,,,183000000.0,,1.0,665000000.0,0.265,148000000.0,0.0,1129000000.0,1067500000.0,640000000.0,0.0,0.0,0.0,1192000000.0,803000000.0,389000000.0,,0.0,-123000000.0,0.0,0.0,0.0,-52000000.0,-221000000.0,0.0,281000000.0,-8000000.0,269000000.0,269000000.0,269000000.0,0.0,0.0,0.107,266000000.0,399000000.0,216000000.0,,,,,393000000.0,0.0,,,,495000000.0,,2510000000.0,2510000000.0,0.0,0.13,2.03,0.374,0.159,0.0,274000000.0,1.0,,,,,1952000000.0,133000000.0,130000000.0,2000000.0,,508000000.0
19,COL,MRY,1999-12-31,1999-09-30,1999-09-30,2018-11-26,0.0,2033000000.0,,1332000000.0,701000000.0,,,-127000000.0,20000000.0,20000000.0,1782000000.0,291000000.0,1.512,-2.081,0.0,0.0,0.0,0.0,0.0,86000000.0,0.0,,0.0,437000000.0,523000000.0,0.215,523000000.0,437000000.0,437000000.0,,,,-643000000.0,,-643000000.0,,,,76000000.0,,1.0,656000000.0,0.269,126000000.0,0.0,1006000000.0,,621000000.0,0.0,0.0,0.0,1338000000.0,881000000.0,457000000.0,,-15000000.0,31000000.0,0.0,-14000000.0,0.0,-108000000.0,-96000000.0,0.0,203000000.0,1000000.0,291000000.0,291000000.0,291000000.0,0.0,0.0,0.119,230000000.0,426000000.0,256000000.0,,,,,365000000.0,0.0,,,,513000000.0,,2438000000.0,2438000000.0,0.0,,,,0.179,0.0,278000000.0,1.0,,,,,1907000000.0,153000000.0,146000000.0,0.0,,451000000.0
20,COL,MRY,1998-12-31,1998-09-30,1998-09-30,2018-11-26,,,,,,,,-143000000.0,,,1603000000.0,32000000.0,,,,,,,,66000000.0,,,0.0,56000000.0,122000000.0,0.06,122000000.0,56000000.0,56000000.0,,,,,,,,,,3000000.0,,1.0,423000000.0,0.209,,0.0,,,,,,,,,,,-3000000.0,-158000000.0,0.0,1000000.0,0.0,156000000.0,-301000000.0,0.0,146000000.0,-1000000.0,32000000.0,32000000.0,32000000.0,0.0,0.0,0.016,351000000.0,72000000.0,,,,,,,0.0,,,,,,2026000000.0,2026000000.0,103000000.0,,,,0.028,0.0,256000000.0,,,,,,,,24000000.0,,,
0,COL,MRQ,2018-09-30,2018-09-30,2018-09-30,2018-11-26,-1471000000.0,19026000000.0,,5778000000.0,13248000000.0,,43.256,-67000000.0,738000000.0,738000000.0,1696000000.0,240000000.0,1.233,1.676,7929000000.0,2248000000.0,5681000000.0,7929000000.0,0.0,153000000.0,0.0,0.009,0.33,346000000.0,499000000.0,0.22,499000000.0,346000000.0,280000000.0,1.46,1.44,1.46,7107000000.0,,7107000000.0,29648455638.0,22.0,15.096,-573000000.0,-3.488,1.0,570000000.0,0.252,11299000000.0,66000000.0,10232000000.0,,2649000000.0,0.0,0.0,0.0,11912000000.0,4686000000.0,7226000000.0,23088455638.0,117000000.0,0.0,2000000.0,747000000.0,-54000000.0,693000000.0,-70000000.0,0.0,-506000000.0,0.0,240000000.0,240000000.0,240000000.0,0.0,0.0,0.106,228000000.0,342000000.0,821000000.0,0.226,3.249,22.373,22.332,1429000000.0,0.0,140.47,2.665,2.659,2109000000.0,4654000000.0,2266000000.0,2266000000.0,0.0,,,,,23000000.0,207000000.0,1.0,164365741.0,164300000.0,166100000.0,13.792,7727000000.0,16000000.0,40000000.0,346000000.0,47.03,1092000000.0
1,COL,MRQ,2018-06-30,2018-06-30,2018-06-30,2018-11-26,-1576000000.0,18359000000.0,,5397000000.0,12962000000.0,,41.333,-62000000.0,621000000.0,621000000.0,1625000000.0,275000000.0,1.648,1.702,7181000000.0,864000000.0,6317000000.0,7181000000.0,0.0,146000000.0,0.0,0.01,0.33,335000000.0,481000000.0,0.218,481000000.0,335000000.0,269000000.0,1.67,1.66,1.67,6791000000.0,,6791000000.0,28814570474.0,21.0,14.792,211000000.0,1.284,1.0,583000000.0,0.264,11014000000.0,66000000.0,10631000000.0,,2641000000.0,0.0,0.0,0.0,11561000000.0,3274000000.0,8287000000.0,22118570474.0,-47000000.0,0.0,3000000.0,-181000000.0,-54000000.0,-234000000.0,-63000000.0,0.0,273000000.0,-23000000.0,275000000.0,275000000.0,275000000.0,0.0,0.0,0.125,241000000.0,342000000.0,832000000.0,0.198,3.257,22.009,21.899,1402000000.0,0.0,134.68,2.574,2.575,1811000000.0,4468000000.0,2208000000.0,2208000000.0,0.0,,,,,24000000.0,212000000.0,1.0,164230550.0,164300000.0,165900000.0,13.439,7345000000.0,22000000.0,-6000000.0,277000000.0,44.705,2123000000.0
2,COL,MRQ,2018-03-31,2018-03-31,2018-03-31,2018-11-26,-1486000000.0,18300000000.0,,5143000000.0,13157000000.0,,40.42,-54000000.0,668000000.0,668000000.0,1598000000.0,237000000.0,1.611,1.758,7364000000.0,908000000.0,6456000000.0,7364000000.0,0.0,145000000.0,0.0,0.01,0.33,372000000.0,517000000.0,0.237,517000000.0,372000000.0,306000000.0,1.44,1.43,1.44,6633000000.0,,6633000000.0,28899701953.0,22.0,15.291,128000000.0,0.78,1.0,582000000.0,0.267,11187000000.0,66000000.0,10616000000.0,,2633000000.0,0.0,0.0,0.0,11660000000.0,3193000000.0,8467000000.0,22107701953.0,85000000.0,0.0,10000000.0,-7000000.0,-54000000.0,-51000000.0,-55000000.0,0.0,182000000.0,9000000.0,237000000.0,237000000.0,237000000.0,0.0,0.0,0.109,229000000.0,353000000.0,799000000.0,0.229,3.333,24.321,24.037,1408000000.0,0.0,134.85,2.608,2.61,1640000000.0,4247000000.0,2180000000.0,2180000000.0,0.0,,,,,24000000.0,194000000.0,1.0,163942914.0,164100000.0,165800000.0,13.285,7113000000.0,21000000.0,69000000.0,231000000.0,43.346,1950000000.0
3,COL,MRQ,2017-12-31,2017-12-31,2017-12-31,2018-11-26,-1548000000.0,18052000000.0,,4826000000.0,13226000000.0,,38.886,-74000000.0,583000000.0,583000000.0,1463000000.0,280000000.0,1.56,1.84,7375000000.0,877000000.0,6498000000.0,7375000000.0,0.0,146000000.0,0.0,0.01,0.33,321000000.0,467000000.0,0.232,467000000.0,321000000.0,257000000.0,1.71,1.69,1.71,6354000000.0,,6354000000.0,28545125514.0,23.0,16.831,-333000000.0,-2.038,1.0,548000000.0,0.273,11268000000.0,64000000.0,10482000000.0,,2557000000.0,0.0,0.0,0.0,11691000000.0,3094000000.0,8597000000.0,22093125514.0,-120000000.0,0.0,36000000.0,222000000.0,-54000000.0,202000000.0,-68000000.0,0.0,-259000000.0,5000000.0,280000000.0,280000000.0,280000000.0,0.0,0.0,0.139,231000000.0,317000000.0,758000000.0,0.193,3.477,26.301,24.884,1408000000.0,0.0,135.62,2.892,2.901,1513000000.0,4064000000.0,2011000000.0,2011000000.0,0.0,,,,,22000000.0,204000000.0,1.0,162904627.0,163400000.0,165400000.0,12.307,6784000000.0,21000000.0,-23000000.0,250000000.0,41.518,1732000000.0
4,COL,MRQ,2017-09-30,2017-09-30,2017-09-30,2018-11-26,-1575000000.0,17997000000.0,,4760000000.0,13237000000.0,,37.165,-75000000.0,703000000.0,703000000.0,1598000000.0,213000000.0,1.551,1.977,7155000000.0,479000000.0,6676000000.0,7155000000.0,0.0,144000000.0,0.0,0.01,0.33,339000000.0,483000000.0,0.22,483000000.0,339000000.0,274000000.0,1.33,1.31,1.33,6043000000.0,,6043000000.0,28438220445.0,25.0,18.808,773000000.0,4.754,1.0,595000000.0,0.271,11287000000.0,65000000.0,10093000000.0,,2451000000.0,0.0,0.0,0.0,11947000000.0,3069000000.0,8878000000.0,21237220445.0,125000000.0,0.0,23000000.0,-624000000.0,-54000000.0,-656000000.0,-75000000.0,0.0,848000000.0,8000000.0,213000000.0,213000000.0,213000000.0,0.0,0.0,0.097,258000000.0,337000000.0,927000000.0,0.248,3.514,30.124,26.951,1398000000.0,0.0,130.71,3.113,2.788,1426000000.0,3838000000.0,2193000000.0,2193000000.0,0.0,,,,,29000000.0,218000000.0,1.0,162475866.0,162600000.0,164600000.0,13.487,6710000000.0,21000000.0,61000000.0,331000000.0,41.267,1691000000.0
5,COL,MRQ,2017-06-30,2017-06-30,2017-06-30,2018-11-26,-1806000000.0,18351000000.0,,4895000000.0,13456000000.0,,35.417,-75000000.0,578000000.0,578000000.0,1524000000.0,179000000.0,1.703,2.274,7779000000.0,511000000.0,7268000000.0,7779000000.0,0.0,125000000.0,0.0,0.013,0.33,298000000.0,423000000.0,0.202,423000000.0,298000000.0,221000000.0,1.13,1.12,1.13,5603000000.0,,5603000000.0,18991254292.0,17.0,13.536,340000000.0,2.149,1.0,570000000.0,0.272,11599000000.0,77000000.0,11079000000.0,,2506000000.0,0.0,0.0,0.0,12742000000.0,2874000000.0,9868000000.0,17063254292.0,297000000.0,-3418000000.0,-27000000.0,3449000000.0,-54000000.0,3365000000.0,-3497000000.0,0.0,415000000.0,14000000.0,179000000.0,179000000.0,179000000.0,0.0,0.0,0.085,277000000.0,293000000.0,787000000.0,0.292,3.045,24.376,20.523,1328000000.0,0.0,105.08,2.809,2.737,1644000000.0,3679000000.0,2094000000.0,2094000000.0,0.0,,,,,23000000.0,213000000.0,1.0,162383463.0,158200000.0,159900000.0,13.236,6752000000.0,29000000.0,42000000.0,417000000.0,42.68,2021000000.0
6,COL,MRQ,2017-03-31,2017-03-31,2017-03-31,2018-11-26,-1873000000.0,7780000000.0,,3579000000.0,4201000000.0,,18.304,-38000000.0,281000000.0,281000000.0,930000000.0,168000000.0,1.59,2.245,2209000000.0,855000000.0,1354000000.0,2209000000.0,0.0,65000000.0,0.0,0.014,0.33,258000000.0,323000000.0,0.241,323000000.0,258000000.0,233000000.0,1.28,1.27,1.28,2396000000.0,,2396000000.0,14679346612.0,14.0,10.77,64000000.0,0.489,1.0,412000000.0,0.307,2600000000.0,25000000.0,4857000000.0,,2013000000.0,0.0,0.0,0.0,5378000000.0,2251000000.0,3127000000.0,12711346612.0,-27000000.0,0.0,12000000.0,-65000000.0,-43000000.0,-96000000.0,-39000000.0,0.0,102000000.0,6000000.0,168000000.0,168000000.0,168000000.0,0.0,0.0,0.125,158000000.0,254000000.0,486000000.0,0.258,5.305,17.294,17.227,1042000000.0,0.0,97.16,2.392,2.393,1135000000.0,3554000000.0,1342000000.0,1342000000.0,0.0,,,,,24000000.0,153000000.0,1.0,130829010.0,130900000.0,132400000.0,10.252,5180000000.0,143000000.0,65000000.0,0.0,39.572,1328000000.0
7,COL,MRQ,2016-12-31,2016-12-31,2016-12-31,2018-11-26,-1906000000.0,7709000000.0,,3489000000.0,4220000000.0,,16.887,-52000000.0,308000000.0,308000000.0,816000000.0,145000000.0,1.49,2.498,2276000000.0,920000000.0,1356000000.0,2276000000.0,0.0,60000000.0,0.0,0.014,0.33,223000000.0,283000000.0,0.237,283000000.0,223000000.0,203000000.0,1.11,1.1,1.11,2202000000.0,,2202000000.0,13864608802.0,13.0,10.448,-153000000.0,-1.173,1.0,377000000.0,0.316,2608000000.0,20000000.0,4728000000.0,,2011000000.0,0.0,0.0,0.0,5501000000.0,2341000000.0,3160000000.0,12082608802.0,-32000000.0,-11000000.0,10000000.0,180000000.0,-43000000.0,146000000.0,-63000000.0,0.0,-101000000.0,-14000000.0,145000000.0,145000000.0,145000000.0,0.0,0.0,0.122,159000000.0,218000000.0,461000000.0,0.297,5.487,16.372,16.36,1032000000.0,0.0,92.76,2.287,2.29,1027000000.0,3429000000.0,1193000000.0,1193000000.0,0.0,,,,,22000000.0,148000000.0,1.0,130256671.0,130400000.0,131900000.0,9.149,5101000000.0,197000000.0,58000000.0,0.0,39.118,1148000000.0
8,COL,MRQ,2016-09-30,2016-09-30,2016-09-30,2018-11-26,-1898000000.0,7699000000.0,,3490000000.0,4209000000.0,,15.997,-60000000.0,340000000.0,340000000.0,984000000.0,208000000.0,1.488,2.702,2114000000.0,740000000.0,1374000000.0,2114000000.0,0.0,62000000.0,0.0,0.016,0.33,312000000.0,374000000.0,0.259,374000000.0,312000000.0,296000000.0,1.6,1.58,1.6,2078000000.0,,2078000000.0,13150400360.0,13.0,10.495,440000000.0,3.387,1.0,461000000.0,0.319,2586000000.0,16000000.0,4541000000.0,,1939000000.0,0.0,0.0,0.0,5615000000.0,2346000000.0,3269000000.0,10958400360.0,33000000.0,0.0,6000000.0,-372000000.0,-43000000.0,-409000000.0,-58000000.0,0.0,500000000.0,0.0,208000000.0,208000000.0,208000000.0,0.0,0.0,0.144,157000000.0,304000000.0,527000000.0,0.206,5.274,15.053,15.115,1035000000.0,0.0,84.34,2.084,2.093,1094000000.0,3327000000.0,1445000000.0,1445000000.0,0.0,,,,,24000000.0,157000000.0,1.0,129931235.0,129900000.0,131500000.0,11.124,5113000000.0,219000000.0,88000000.0,1000000.0,39.361,1144000000.0
9,COL,MRQ,2016-06-30,2016-06-30,2016-06-30,2018-11-26,-1672000000.0,7675000000.0,,3614000000.0,4061000000.0,,16.215,-40000000.0,307000000.0,307000000.0,915000000.0,214000000.0,1.382,2.638,2499000000.0,1112000000.0,1387000000.0,2499000000.0,0.0,120000000.0,0.0,0.016,0.33,263000000.0,383000000.0,0.287,383000000.0,263000000.0,247000000.0,1.65,1.63,1.65,2108000000.0,,2108000000.0,13287733337.0,14.0,10.229,138000000.0,1.062,1.0,419000000.0,0.314,2596000000.0,16000000.0,4656000000.0,,1975000000.0,0.0,0.0,0.0,5561000000.0,2615000000.0,2946000000.0,11084733337.0,7000000.0,0.0,-71000000.0,-8000000.0,-43000000.0,-123000000.0,-41000000.0,0.0,178000000.0,-7000000.0,214000000.0,214000000.0,214000000.0,0.0,0.0,0.16,158000000.0,261000000.0,483000000.0,0.2,5.258,15.745,15.796,999000000.0,0.0,85.14,2.132,2.129,1184000000.0,3162000000.0,1334000000.0,1334000000.0,0.0,,,,,20000000.0,158000000.0,1.0,130194190.0,130000000.0,131500000.0,10.262,5079000000.0,104000000.0,33000000.0,0.0,39.069,999000000.0
10,COL,MRQ,2016-03-31,2016-03-31,2016-03-31,2018-11-26,-1670000000.0,7541000000.0,,3490000000.0,4051000000.0,,15.161,-45000000.0,300000000.0,300000000.0,907000000.0,171000000.0,1.356,2.8,2503000000.0,1120000000.0,1383000000.0,2503000000.0,0.0,36000000.0,0.0,0.014,0.33,251000000.0,287000000.0,0.219,287000000.0,251000000.0,234000000.0,1.31,1.29,1.31,1983000000.0,,1983000000.0,14232628792.0,15.0,11.802,91000000.0,0.696,1.0,404000000.0,0.308,2613000000.0,17000000.0,4558000000.0,,1968000000.0,0.0,0.0,0.0,5552000000.0,2573000000.0,2979000000.0,12091628792.0,-34000000.0,-17000000.0,-82000000.0,15000000.0,-43000000.0,-113000000.0,-62000000.0,0.0,136000000.0,5000000.0,171000000.0,171000000.0,171000000.0,1000000.0,0.0,0.13,160000000.0,244000000.0,460000000.0,0.252,6.098,18.101,18.116,991000000.0,0.0,92.21,2.345,2.339,1088000000.0,2991000000.0,1311000000.0,1311000000.0,0.0,,,,,27000000.0,160000000.0,1.0,131131426.0,130800000.0,132300000.0,10.023,4928000000.0,103000000.0,63000000.0,0.0,37.676,917000000.0
11,COL,MRQ,2015-12-31,2015-12-31,2015-12-31,2018-11-26,-1693000000.0,7471000000.0,,3446000000.0,4025000000.0,,14.452,-48000000.0,334000000.0,334000000.0,836000000.0,135000000.0,1.338,2.931,2475000000.0,1105000000.0,1370000000.0,2475000000.0,0.0,35000000.0,0.0,0.014,0.33,174000000.0,209000000.0,0.179,209000000.0,174000000.0,159000000.0,1.03,1.02,1.03,1899000000.0,,1899000000.0,14008342856.0,15.0,11.606,-139000000.0,-1.058,1.0,333000000.0,0.285,2596000000.0,15000000.0,4441000000.0,,1938000000.0,0.0,0.0,0.0,5566000000.0,2575000000.0,2991000000.0,12132342856.0,82000000.0,0.0,-93000000.0,357000000.0,-43000000.0,223000000.0,-48000000.0,0.0,-91000000.0,-2000000.0,135000000.0,135000000.0,135000000.0,-2000000.0,0.0,0.115,163000000.0,170000000.0,443000000.0,0.32,6.389,18.551,18.571,973000000.0,0.0,92.3,2.339,2.338,1036000000.0,5215000000.0,1169000000.0,1169000000.0,0.0,,,,,15000000.0,163000000.0,1.0,131444668.0,131400000.0,132800000.0,8.896,4875000000.0,141000000.0,24000000.0,0.0,37.1,871000000.0
12,COL,MRQ,2015-09-30,2015-09-30,2015-09-30,2018-11-26,-1699000000.0,7304000000.0,,3224000000.0,4080000000.0,,14.205,-55000000.0,252000000.0,252000000.0,948000000.0,184000000.0,1.565,2.893,2128000000.0,448000000.0,1680000000.0,2128000000.0,0.0,138000000.0,0.0,0.015,0.33,282000000.0,420000000.0,0.303,420000000.0,282000000.0,266000000.0,1.4,1.38,1.4,1875000000.0,,1875000000.0,12902072104.0,13.0,10.183,353000000.0,2.674,1.0,436000000.0,0.315,2607000000.0,16000000.0,4513000000.0,,1824000000.0,0.0,0.0,0.0,5424000000.0,2060000000.0,3364000000.0,10784072104.0,-42000000.0,-50000000.0,1000000.0,-297000000.0,-44000000.0,-339000000.0,-107000000.0,0.0,408000000.0,-4000000.0,184000000.0,184000000.0,184000000.0,0.0,0.0,0.133,160000000.0,276000000.0,487000000.0,0.236,5.752,15.72,15.769,964000000.0,0.0,81.84,2.056,2.065,1038000000.0,5124000000.0,1384000000.0,1384000000.0,0.0,,,,,19000000.0,160000000.0,1.0,131770187.0,132000000.0,133100000.0,10.485,4697000000.0,165000000.0,82000000.0,0.0,35.583,1164000000.0
13,COL,MRQ,2015-06-30,2015-06-30,2015-06-30,2018-11-26,-1362000000.0,7230000000.0,,3378000000.0,3852000000.0,,15.511,-51000000.0,294000000.0,294000000.0,888000000.0,178000000.0,1.442,2.526,2412000000.0,745000000.0,1667000000.0,2412000000.0,0.0,38000000.0,0.0,0.013,0.33,252000000.0,290000000.0,0.224,290000000.0,252000000.0,237000000.0,1.35,1.33,1.35,2049000000.0,,2049000000.0,14394018785.0,14.0,12.527,158000000.0,1.196,1.0,405000000.0,0.313,2540000000.0,15000000.0,4466000000.0,,1844000000.0,0.0,0.0,0.0,5175000000.0,2342000000.0,2833000000.0,12215018785.0,10000000.0,-2000000.0,-70000000.0,-40000000.0,-43000000.0,-151000000.0,-51000000.0,0.0,209000000.0,3000000.0,178000000.0,178000000.0,178000000.0,0.0,0.0,0.138,157000000.0,248000000.0,430000000.0,0.244,5.961,18.259,18.323,933000000.0,0.0,92.35,2.321,2.318,1112000000.0,4983000000.0,1293000000.0,1293000000.0,0.0,,,,,16000000.0,157000000.0,1.0,132268747.0,132100000.0,133600000.0,9.788,4690000000.0,64000000.0,59000000.0,0.0,35.503,1036000000.0
14,COL,MRQ,2015-03-31,2015-03-31,2015-03-31,2018-11-26,-1382000000.0,7172000000.0,,3305000000.0,3867000000.0,,14.728,-42000000.0,284000000.0,284000000.0,937000000.0,157000000.0,1.411,2.681,2463000000.0,785000000.0,1678000000.0,2463000000.0,0.0,38000000.0,0.0,0.012,0.3,250000000.0,288000000.0,0.215,288000000.0,250000000.0,235000000.0,1.19,1.17,1.19,1947000000.0,,1947000000.0,14958339394.0,15.0,13.202,137000000.0,1.036,1.0,404000000.0,0.301,2548000000.0,15000000.0,4460000000.0,,1800000000.0,0.0,0.0,0.0,5219000000.0,2343000000.0,2876000000.0,12772339394.0,-31000000.0,-22000000.0,-56000000.0,-46000000.0,-40000000.0,-140000000.0,-57000000.0,0.0,179000000.0,-13000000.0,157000000.0,157000000.0,157000000.0,6000000.0,0.0,0.117,152000000.0,252000000.0,472000000.0,0.252,6.56,19.68,19.866,924000000.0,0.0,96.55,2.441,2.439,1083000000.0,4849000000.0,1341000000.0,1341000000.0,0.0,,,,,17000000.0,152000000.0,1.0,132287306.0,132200000.0,133700000.0,10.144,4624000000.0,74000000.0,78000000.0,0.0,34.977,962000000.0
15,COL,MRQ,2014-12-31,2014-12-31,2014-12-31,2018-11-26,-1373000000.0,7140000000.0,,3288000000.0,3852000000.0,,14.015,-62000000.0,315000000.0,315000000.0,857000000.0,167000000.0,1.391,2.827,2501000000.0,831000000.0,1670000000.0,2501000000.0,0.0,38000000.0,0.0,0.014,0.3,231000000.0,269000000.0,0.219,269000000.0,231000000.0,216000000.0,1.26,1.24,1.26,1864000000.0,,1864000000.0,13075256960.0,14.0,11.758,-123000000.0,-0.925,1.0,369000000.0,0.301,2541000000.0,15000000.0,4422000000.0,,1779000000.0,0.0,0.0,0.0,5270000000.0,2363000000.0,2907000000.0,11231256960.0,-8000000.0,0.0,-156000000.0,327000000.0,-40000000.0,138000000.0,-76000000.0,0.0,-61000000.0,-9000000.0,167000000.0,167000000.0,167000000.0,2000000.0,0.0,0.136,137000000.0,232000000.0,461000000.0,0.238,6.025,17.549,17.748,919000000.0,0.0,84.48,2.18,2.181,1044000000.0,4732000000.0,1226000000.0,1226000000.0,0.0,,,,,9000000.0,137000000.0,1.0,132945750.0,133000000.0,134500000.0,9.218,4599000000.0,101000000.0,49000000.0,0.0,34.579,925000000.0
16,COL,MRQ,2014-09-30,2014-09-30,2014-09-30,2018-11-26,-1366000000.0,7063000000.0,,3204000000.0,3859000000.0,,14.007,-48000000.0,323000000.0,323000000.0,974000000.0,167000000.0,1.458,2.746,2167000000.0,504000000.0,1663000000.0,2167000000.0,0.0,39000000.0,0.0,0.015,0.3,263000000.0,302000000.0,0.215,302000000.0,263000000.0,247000000.0,1.24,1.23,1.24,1884000000.0,,1884000000.0,12673273541.0,14.0,11.866,359000000.0,2.669,1.0,428000000.0,0.305,2551000000.0,16000000.0,4158000000.0,,1709000000.0,0.0,0.0,0.0,5174000000.0,2198000000.0,2976000000.0,10605273541.0,-127000000.0,0.0,-98000000.0,-351000000.0,-40000000.0,-489000000.0,-30000000.0,0.0,407000000.0,-15000000.0,167000000.0,167000000.0,167000000.0,6000000.0,0.0,0.119,164000000.0,264000000.0,535000000.0,0.242,5.629,17.558,17.562,919000000.0,0.0,78.5,2.13,2.13,1033000000.0,4605000000.0,1402000000.0,1402000000.0,0.0,,,,,19000000.0,164000000.0,1.0,135099026.0,134500000.0,136100000.0,10.424,4512000000.0,110000000.0,80000000.0,57000000.0,33.546,1006000000.0
17,COL,MRQ,2014-06-30,2014-06-30,2014-06-30,2018-11-26,-1255000000.0,7253000000.0,,3511000000.0,3742000000.0,,14.401,-45000000.0,450000000.0,450000000.0,877000000.0,158000000.0,1.444,2.722,2518000000.0,855000000.0,1663000000.0,2518000000.0,0.0,35000000.0,0.0,0.015,0.3,239000000.0,274000000.0,0.217,274000000.0,239000000.0,224000000.0,1.17,1.15,1.17,1947000000.0,,1947000000.0,12701930696.0,14.0,12.04,129000000.0,0.954,1.0,387000000.0,0.306,2553000000.0,15000000.0,4336000000.0,,1707000000.0,0.0,0.0,0.0,5300000000.0,2432000000.0,2868000000.0,10587930696.0,40000000.0,10000000.0,-46000000.0,-11000000.0,-41000000.0,-98000000.0,-35000000.0,0.0,174000000.0,-1000000.0,158000000.0,158000000.0,158000000.0,5000000.0,0.0,0.125,148000000.0,239000000.0,467000000.0,0.256,5.438,17.301,17.249,888000000.0,0.0,78.14,2.208,2.203,1131000000.0,4479000000.0,1264000000.0,1264000000.0,0.0,,,,,18000000.0,148000000.0,1.0,135499497.0,135200000.0,136900000.0,9.349,4700000000.0,72000000.0,66000000.0,0.0,34.763,1079000000.0
18,COL,MRQ,2014-03-31,2014-03-31,2014-03-31,2018-11-26,-1269000000.0,7083000000.0,,3417000000.0,3666000000.0,,13.631,-32000000.0,410000000.0,410000000.0,881000000.0,148000000.0,1.424,2.832,2524000000.0,866000000.0,1658000000.0,2524000000.0,0.0,35000000.0,0.0,0.015,0.3,232000000.0,267000000.0,0.212,267000000.0,232000000.0,216000000.0,1.09,1.08,1.09,1847000000.0,,1847000000.0,12924659962.0,14.0,12.297,69000000.0,0.509,1.0,378000000.0,0.3,2549000000.0,16000000.0,4248000000.0,,1674000000.0,0.0,0.0,0.0,5231000000.0,2400000000.0,2831000000.0,10788659962.0,-29000000.0,5000000.0,-15000000.0,-51000000.0,-40000000.0,-103000000.0,-28000000.0,0.0,101000000.0,1000000.0,148000000.0,148000000.0,148000000.0,0.0,0.0,0.118,148000000.0,230000000.0,465000000.0,0.275,5.841,17.457,17.433,829000000.0,0.0,79.67,2.313,2.315,1126000000.0,4362000000.0,1259000000.0,1259000000.0,0.0,,,,,16000000.0,148000000.0,1.0,135416844.0,135500000.0,137200000.0,9.292,4534000000.0,60000000.0,68000000.0,0.0,33.461,1017000000.0
19,COL,MRQ,2013-12-31,2013-12-31,2013-12-31,2018-11-26,-1275000000.0,7093000000.0,,3429000000.0,3664000000.0,,12.759,-38000000.0,439000000.0,439000000.0,737000000.0,131000000.0,1.379,3.109,2575000000.0,917000000.0,1658000000.0,2575000000.0,0.0,32000000.0,0.0,0.016,0.3,193000000.0,225000000.0,0.213,225000000.0,193000000.0,181000000.0,0.97,0.96,0.97,1725000000.0,,1725000000.0,10595896466.0,12.0,10.388,-76000000.0,-0.562,1.0,317000000.0,0.301,2503000000.0,12000000.0,4240000000.0,,1601000000.0,0.0,0.0,0.0,5363000000.0,2486000000.0,2877000000.0,9987896466.0,48000000.0,-1396000000.0,-15000000.0,1571000000.0,-41000000.0,1517000000.0,-1434000000.0,0.0,-38000000.0,3000000.0,131000000.0,131000000.0,131000000.0,3000000.0,0.0,0.124,134000000.0,183000000.0,442000000.0,0.309,5.79,15.829,15.863,920000000.0,0.0,73.92,2.202,2.203,1107000000.0,4255000000.0,1054000000.0,1054000000.0,0.0,,,,,15000000.0,134000000.0,1.0,135117647.0,135200000.0,136700000.0,7.796,4590000000.0,100000000.0,50000000.0,0.0,33.95,943000000.0
20,COL,MRQ,2013-09-30,2013-09-30,2013-09-30,2018-11-26,-1287000000.0,5400000000.0,,3094000000.0,2306000000.0,,12.012,-33000000.0,391000000.0,391000000.0,845000000.0,175000000.0,1.562,2.334,999000000.0,436000000.0,563000000.0,999000000.0,0.0,33000000.0,0.0,0.018,0.3,256000000.0,289000000.0,0.237,289000000.0,256000000.0,249000000.0,1.3,1.28,1.3,1618000000.0,,1618000000.0,9972744127.0,11.0,9.787,275000000.0,2.042,1.0,374000000.0,0.307,1067000000.0,7000000.0,2960000000.0,,1518000000.0,0.0,0.0,0.0,3777000000.0,1981000000.0,1796000000.0,9161744127.0,37000000.0,0.0,-42000000.0,-165000000.0,-40000000.0,-245000000.0,-33000000.0,0.0,308000000.0,7000000.0,175000000.0,175000000.0,175000000.0,0.0,0.0,0.144,121000000.0,253000000.0,463000000.0,0.231,5.662,14.496,14.657,773000000.0,0.0,67.86,2.048,2.07,1058000000.0,4163000000.0,1219000000.0,1219000000.0,0.0,,,,,10000000.0,121000000.0,1.0,135009492.0,134700000.0,136900000.0,9.05,4333000000.0,264000000.0,74000000.0,0.0,32.168,1113000000.0
21,COL,MRQ,2013-06-30,2013-06-30,2013-06-30,2018-11-26,-1592000000.0,5397000000.0,,2945000000.0,2452000000.0,,8.878,-23000000.0,354000000.0,354000000.0,769000000.0,164000000.0,1.522,3.482,1165000000.0,602000000.0,563000000.0,1165000000.0,0.0,30000000.0,0.0,0.019,0.3,240000000.0,270000000.0,0.239,270000000.0,240000000.0,233000000.0,1.21,1.2,1.21,1203000000.0,,1203000000.0,9423866532.0,11.0,9.597,107000000.0,0.79,1.0,363000000.0,0.321,1065000000.0,7000000.0,3208000000.0,,1509000000.0,0.0,0.0,0.0,4189000000.0,1935000000.0,2254000000.0,8602866532.0,17000000.0,0.0,-68000000.0,15000000.0,-41000000.0,-90000000.0,-23000000.0,0.0,130000000.0,0.0,164000000.0,164000000.0,164000000.0,-3000000.0,0.0,0.145,130000000.0,233000000.0,379000000.0,0.248,7.151,14.126,14.379,757000000.0,0.0,63.41,1.957,1.955,969000000.0,4027000000.0,1132000000.0,1132000000.0,0.0,,,,,15000000.0,130000000.0,1.0,135670502.0,135500000.0,137200000.0,8.354,4332000000.0,421000000.0,69000000.0,0.0,31.97,1010000000.0
22,COL,MRQ,2013-03-31,2013-03-31,2013-03-31,2018-11-26,-1599000000.0,5353000000.0,,2874000000.0,2479000000.0,,8.223,-21000000.0,337000000.0,337000000.0,804000000.0,161000000.0,1.466,3.775,1158000000.0,588000000.0,570000000.0,1158000000.0,0.0,31000000.0,0.0,0.019,0.3,205000000.0,236000000.0,0.209,236000000.0,205000000.0,197000000.0,1.18,1.17,1.18,1120000000.0,,1120000000.0,9405301177.0,11.0,9.627,95000000.0,0.698,1.0,327000000.0,0.289,1067000000.0,8000000.0,3147000000.0,,1444000000.0,0.0,0.0,0.0,4228000000.0,1960000000.0,2268000000.0,8620301177.0,0.0,0.0,-89000000.0,40000000.0,-41000000.0,-88000000.0,-22000000.0,0.0,116000000.0,-6000000.0,161000000.0,161000000.0,161000000.0,0.0,0.0,0.142,126000000.0,201000000.0,394000000.0,0.254,7.697,14.109,14.477,758000000.0,0.0,63.12,1.929,1.924,954000000.0,3911000000.0,1131000000.0,1131000000.0,0.0,,,,,16000000.0,126000000.0,1.0,136570044.0,136200000.0,137800000.0,8.304,4286000000.0,461000000.0,36000000.0,0.0,31.468,914000000.0
23,COL,MRQ,2012-12-31,2012-12-31,2012-12-31,2018-11-26,-1598000000.0,5313000000.0,,2793000000.0,2520000000.0,,7.547,-40000000.0,337000000.0,337000000.0,750000000.0,132000000.0,1.458,4.046,1122000000.0,549000000.0,573000000.0,1122000000.0,0.0,30000000.0,0.0,0.024,0.3,194000000.0,224000000.0,0.211,224000000.0,194000000.0,188000000.0,0.95,0.94,0.95,1052000000.0,,1052000000.0,8600204229.0,10.0,8.67,23000000.0,0.165,1.0,312000000.0,0.294,1074000000.0,6000000.0,3109000000.0,,1403000000.0,0.0,0.0,0.0,4256000000.0,1915000000.0,2341000000.0,8156204229.0,2000000.0,0.0,-329000000.0,345000000.0,-42000000.0,-25000000.0,-40000000.0,0.0,63000000.0,4000000.0,132000000.0,132000000.0,132000000.0,0.0,0.0,0.124,124000000.0,188000000.0,393000000.0,0.316,7.753,13.349,13.591,767000000.0,0.0,58.17,1.813,1.802,906000000.0,3793000000.0,1062000000.0,1062000000.0,0.0,,,,,23000000.0,124000000.0,1.0,140213241.0,139400000.0,140700000.0,7.618,4239000000.0,500000000.0,56000000.0,0.0,30.409,878000000.0
24,COL,MRQ,2012-09-30,2012-09-30,2012-09-30,2018-11-26,-1607000000.0,5314000000.0,,2787000000.0,2527000000.0,,8.866,-36000000.0,335000000.0,335000000.0,738000000.0,152000000.0,1.935,3.217,779000000.0,0.0,779000000.0,779000000.0,0.0,30000000.0,0.0,0.025,0.3,222000000.0,252000000.0,0.235,252000000.0,222000000.0,215000000.0,1.07,1.06,1.07,1259000000.0,,1259000000.0,8339014238.0,9.0,8.381,306000000.0,2.155,1.0,333000000.0,0.311,1071000000.0,7000000.0,3247000000.0,,1332000000.0,0.0,0.0,0.0,4050000000.0,1440000000.0,2610000000.0,7625014238.0,70000000.0,-3000000.0,0.0,-201000000.0,-43000000.0,-242000000.0,-38000000.0,0.0,342000000.0,8000000.0,152000000.0,152000000.0,152000000.0,-20000000.0,0.0,0.142,137000000.0,196000000.0,475000000.0,0.28,6.056,12.521,12.802,773000000.0,0.0,53.64,1.683,1.72,971000000.0,3708000000.0,1071000000.0,1071000000.0,0.0,,,,,19000000.0,137000000.0,1.0,142151645.0,142000000.0,143500000.0,7.542,4243000000.0,513000000.0,63000000.0,0.0,29.88,1347000000.0
25,COL,MRQ,2012-06-30,2012-06-30,2012-06-30,2018-11-26,-1478000000.0,5148000000.0,,2753000000.0,2395000000.0,,8.877,-18000000.0,265000000.0,265000000.0,846000000.0,166000000.0,1.854,3.04,979000000.0,201000000.0,778000000.0,979000000.0,0.0,28000000.0,0.0,0.026,0.3,237000000.0,265000000.0,0.22,265000000.0,237000000.0,230000000.0,1.16,1.14,1.16,1273000000.0,,1273000000.0,7731511696.0,9.0,7.841,129000000.0,0.9,1.0,359000000.0,0.298,1068000000.0,7000000.0,3309000000.0,,1353000000.0,0.0,0.0,0.0,3870000000.0,1485000000.0,2385000000.0,7157511696.0,-32000000.0,0.0,-207000000.0,104000000.0,-43000000.0,-146000000.0,-19000000.0,0.0,147000000.0,-14000000.0,166000000.0,166000000.0,166000000.0,0.0,0.0,0.138,132000000.0,227000000.0,400000000.0,0.259,5.623,11.325,11.557,750000000.0,0.0,49.35,1.505,1.488,967000000.0,3609000000.0,1205000000.0,1205000000.0,0.0,,,,,24000000.0,132000000.0,1.0,145035698.0,143400000.0,145000000.0,8.403,4080000000.0,423000000.0,64000000.0,0.0,28.452,1268000000.0
26,COL,MRQ,2012-03-31,2012-03-31,2012-03-31,2018-11-26,-1476000000.0,5207000000.0,,2757000000.0,2450000000.0,,9.103,-23000000.0,297000000.0,297000000.0,810000000.0,161000000.0,1.897,2.914,871000000.0,97000000.0,774000000.0,871000000.0,0.0,31000000.0,0.0,0.021,0.48,220000000.0,251000000.0,0.216,251000000.0,220000000.0,213000000.0,1.1,1.09,1.1,1329000000.0,,1329000000.0,8960300144.0,10.0,9.06,86000000.0,0.589,1.0,351000000.0,0.302,1078000000.0,7000000.0,3250000000.0,,1365000000.0,0.0,0.0,0.0,3873000000.0,1453000000.0,2420000000.0,8421300144.0,11000000.0,0.0,-95000000.0,49000000.0,-35000000.0,-78000000.0,-25000000.0,0.0,109000000.0,5000000.0,161000000.0,161000000.0,161000000.0,0.0,0.0,0.139,137000000.0,214000000.0,414000000.0,0.436,6.337,13.496,13.903,751000000.0,0.0,57.56,1.776,1.773,898000000.0,3489000000.0,1161000000.0,1161000000.0,0.0,,,,,21000000.0,137000000.0,1.0,146304728.0,146000000.0,147600000.0,7.952,4129000000.0,489000000.0,52000000.0,0.0,28.281,1304000000.0
27,COL,MRQ,2011-12-31,2011-12-31,2011-12-31,2018-11-26,-1496000000.0,5168000000.0,,2693000000.0,2475000000.0,,8.402,-44000000.0,286000000.0,286000000.0,774000000.0,130000000.0,1.995,3.107,825000000.0,48000000.0,777000000.0,825000000.0,0.0,27000000.0,0.0,0.017,0.24,200000000.0,227000000.0,0.207,227000000.0,200000000.0,194000000.0,0.87,0.86,0.87,1257000000.0,,1257000000.0,8377064361.0,9.0,8.402,-108000000.0,-0.722,1.0,320000000.0,0.293,1079000000.0,6000000.0,3278000000.0,,1302000000.0,0.0,0.0,0.0,3906000000.0,1350000000.0,2556000000.0,8379064361.0,-244000000.0,0.0,-391000000.0,295000000.0,-36000000.0,-128000000.0,-47000000.0,0.0,-64000000.0,-5000000.0,130000000.0,130000000.0,130000000.0,0.0,0.0,0.119,124000000.0,196000000.0,403000000.0,0.276,6.666,13.669,13.808,746000000.0,0.0,55.37,1.747,1.727,901000000.0,3372000000.0,1094000000.0,1094000000.0,0.0,,,,,20000000.0,124000000.0,1.0,151328596.0,149600000.0,151100000.0,7.313,4089000000.0,536000000.0,64000000.0,0.0,27.333,1343000000.0
28,COL,MRQ,2011-09-30,2011-09-30,2011-09-30,2018-11-26,-1497000000.0,5389000000.0,,2889000000.0,2500000000.0,,9.954,-34000000.0,530000000.0,530000000.0,939000000.0,175000000.0,1.932,2.535,528000000.0,0.0,528000000.0,528000000.0,0.0,2000000.0,0.0,0.018,0.24,241000000.0,243000000.0,0.188,243000000.0,241000000.0,236000000.0,1.14,1.13,1.14,1523000000.0,,1523000000.0,8423444065.0,9.0,8.415,377000000.0,2.464,1.0,357000000.0,0.275,1088000000.0,5000000.0,2804000000.0,,1195000000.0,0.0,0.0,0.0,3861000000.0,1495000000.0,2366000000.0,8107444065.0,262000000.0,44000000.0,-48000000.0,-70000000.0,-36000000.0,-154000000.0,11000000.0,2000000.0,411000000.0,-6000000.0,175000000.0,175000000.0,175000000.0,-17000000.0,0.0,0.135,142000000.0,215000000.0,485000000.0,0.211,5.323,12.788,12.837,754000000.0,0.0,52.76,1.687,1.693,969000000.0,3288000000.0,1296000000.0,1296000000.0,0.0,,,,,21000000.0,142000000.0,1.0,153666491.0,153000000.0,154600000.0,8.471,4301000000.0,554000000.0,61000000.0,0.0,28.111,1394000000.0
29,COL,MRQ,2011-06-30,2011-06-30,2011-06-30,2018-11-26,-1239000000.0,5113000000.0,,2754000000.0,2359000000.0,,10.839,-38000000.0,268000000.0,268000000.0,833000000.0,158000000.0,1.913,2.065,584000000.0,70000000.0,514000000.0,584000000.0,0.0,35000000.0,0.0,0.016,0.24,233000000.0,268000000.0,0.225,268000000.0,233000000.0,228000000.0,1.03,1.01,1.03,1667000000.0,,1667000000.0,9804541106.0,11.0,9.924,81000000.0,0.527,1.0,357000000.0,0.3,1101000000.0,5000000.0,2888000000.0,,1212000000.0,0.0,0.0,0.0,3442000000.0,1440000000.0,2002000000.0,9503541106.0,32000000.0,0.0,-59000000.0,41000000.0,-37000000.0,-51000000.0,-39000000.0,0.0,119000000.0,3000000.0,158000000.0,158000000.0,158000000.0,-1000000.0,0.0,0.133,131000000.0,226000000.0,421000000.0,0.233,5.701,15.605,15.697,729000000.0,0.0,61.69,1.988,1.985,1029000000.0,3153000000.0,1190000000.0,1190000000.0,0.0,,,,,22000000.0,131000000.0,1.0,154053187.0,153800000.0,155900000.0,7.737,4012000000.0,450000000.0,70000000.0,0.0,26.086,1314000000.0
30,COL,MRQ,2011-03-31,2011-03-31,2011-03-31,2018-11-26,-1240000000.0,5020000000.0,,2652000000.0,2368000000.0,,10.194,-34000000.0,236000000.0,236000000.0,864000000.0,150000000.0,1.842,2.189,537000000.0,28000000.0,509000000.0,537000000.0,0.0,37000000.0,0.0,0.015,0.24,222000000.0,259000000.0,0.213,259000000.0,222000000.0,218000000.0,0.97,0.96,0.97,1573000000.0,,1573000000.0,10294064868.0,12.0,10.656,36000000.0,0.233,1.0,352000000.0,0.289,1102000000.0,4000000.0,2779000000.0,,1172000000.0,0.0,0.0,0.0,3443000000.0,1440000000.0,2003000000.0,10033064868.0,-27000000.0,-10000000.0,-54000000.0,15000000.0,-37000000.0,-73000000.0,-27000000.0,18000000.0,70000000.0,3000000.0,150000000.0,150000000.0,150000000.0,0.0,0.0,0.123,136000000.0,216000000.0,453000000.0,0.247,6.378,16.919,17.061,718000000.0,0.0,64.83,2.091,2.084,1021000000.0,3041000000.0,1216000000.0,1216000000.0,0.0,,,,,20000000.0,136000000.0,1.0,154759600.0,154300000.0,156500000.0,7.881,3918000000.0,476000000.0,68000000.0,0.0,25.392,1212000000.0
31,COL,MRQ,2010-12-31,2010-12-31,2010-12-31,2018-11-26,-1256000000.0,4904000000.0,,2546000000.0,2358000000.0,,9.486,-32000000.0,263000000.0,263000000.0,791000000.0,151000000.0,1.935,2.32,524000000.0,12000000.0,512000000.0,524000000.0,0.0,34000000.0,0.0,0.016,0.24,197000000.0,231000000.0,0.209,231000000.0,197000000.0,192000000.0,0.97,0.96,0.97,1476000000.0,,1476000000.0,9251940069.0,11.0,9.801,25000000.0,0.161,1.0,313000000.0,0.284,1085000000.0,5000000.0,2764000000.0,,1093000000.0,0.0,0.0,0.0,3425000000.0,1316000000.0,2109000000.0,9137940069.0,-172000000.0,-7000000.0,-145000000.0,-10000000.0,-38000000.0,-193000000.0,-37000000.0,0.0,57000000.0,1000000.0,151000000.0,151000000.0,151000000.0,-1000000.0,0.0,0.137,124000000.0,189000000.0,371000000.0,0.247,6.191,15.462,15.454,703000000.0,0.0,58.26,1.934,1.919,959000000.0,2930000000.0,1104000000.0,1104000000.0,0.0,,,,,22000000.0,124000000.0,1.0,156847581.0,155600000.0,157500000.0,7.095,3819000000.0,501000000.0,41000000.0,0.0,24.544,1230000000.0
32,COL,MRQ,2010-09-30,2010-09-30,2010-09-30,2018-11-26,-1259000000.0,5064000000.0,,2689000000.0,2375000000.0,,9.452,-25000000.0,435000000.0,435000000.0,919000000.0,150000000.0,1.852,2.414,549000000.0,24000000.0,525000000.0,549000000.0,0.0,5000000.0,0.0,0.016,0.24,225000000.0,230000000.0,0.181,230000000.0,225000000.0,220000000.0,0.96,0.94,0.96,1482000000.0,,1482000000.0,9391815596.0,11.0,10.045,246000000.0,1.569,1.0,352000000.0,0.277,1072000000.0,5000000.0,2654000000.0,,1004000000.0,0.0,0.0,0.0,3578000000.0,1452000000.0,2126000000.0,9156815596.0,132000000.0,-1000000.0,-59000000.0,0.0,-38000000.0,-93000000.0,-49000000.0,-21000000.0,271000000.0,3000000.0,150000000.0,150000000.0,150000000.0,-2000000.0,0.0,0.118,130000000.0,222000000.0,420000000.0,0.25,6.179,16.322,16.317,707000000.0,0.0,58.25,1.977,1.976,1024000000.0,2816000000.0,1271000000.0,1271000000.0,0.0,,,,,19000000.0,130000000.0,1.0,157198551.0,156800000.0,158900000.0,8.106,3992000000.0,518000000.0,70000000.0,0.0,25.459,1237000000.0
33,COL,MRQ,2010-06-30,2010-06-30,2010-06-30,2018-11-26,-1084000000.0,4736000000.0,,2426000000.0,2310000000.0,,10.025,-24000000.0,303000000.0,303000000.0,885000000.0,142000000.0,1.776,2.001,538000000.0,22000000.0,516000000.0,538000000.0,0.0,37000000.0,0.0,0.018,0.24,209000000.0,246000000.0,0.204,246000000.0,209000000.0,204000000.0,0.9,0.89,0.9,1577000000.0,,1577000000.0,8643379136.0,11.0,9.215,136000000.0,0.865,1.0,323000000.0,0.267,1064000000.0,5000000.0,2541000000.0,,980000000.0,0.0,0.0,0.0,3155000000.0,1366000000.0,1789000000.0,8362379136.0,57000000.0,-1000000.0,-41000000.0,0.0,-38000000.0,-73000000.0,-27000000.0,0.0,160000000.0,-3000000.0,142000000.0,142000000.0,142000000.0,0.0,0.0,0.118,119000000.0,204000000.0,388000000.0,0.267,5.303,15.344,15.355,709000000.0,0.0,53.13,1.848,1.847,917000000.0,2715000000.0,1208000000.0,1208000000.0,0.0,,,,,17000000.0,119000000.0,1.0,157394676.0,157300000.0,159500000.0,7.68,3672000000.0,440000000.0,62000000.0,0.0,23.344,1060000000.0
34,COL,MRQ,2010-03-31,2010-03-31,2010-03-31,2018-11-26,-1076000000.0,4665000000.0,,2332000000.0,2333000000.0,,9.504,-33000000.0,246000000.0,246000000.0,828000000.0,148000000.0,1.733,2.123,527000000.0,0.0,527000000.0,527000000.0,0.0,37000000.0,0.0,0.015,0.24,200000000.0,237000000.0,0.208,237000000.0,200000000.0,196000000.0,0.94,0.93,0.94,1493000000.0,,1493000000.0,10225325068.0,13.0,10.764,163000000.0,1.038,1.0,314000000.0,0.275,1063000000.0,4000000.0,2537000000.0,,1011000000.0,0.0,0.0,0.0,3169000000.0,1346000000.0,1823000000.0,9840325068.0,40000000.0,-2000000.0,-24000000.0,-62000000.0,-37000000.0,-118000000.0,-37000000.0,0.0,196000000.0,-1000000.0,148000000.0,148000000.0,148000000.0,0.0,0.0,0.13,119000000.0,195000000.0,360000000.0,0.255,6.591,17.957,17.986,718000000.0,0.0,62.59,2.236,2.234,842000000.0,2622000000.0,1142000000.0,1142000000.0,0.0,,,,,15000000.0,119000000.0,1.0,157218806.0,157100000.0,159400000.0,7.269,3602000000.0,478000000.0,48000000.0,0.0,22.928,986000000.0
35,COL,MRQ,2009-12-31,2009-12-31,2009-12-31,2018-11-26,-1075000000.0,4649000000.0,,2304000000.0,2345000000.0,,8.791,-26000000.0,206000000.0,206000000.0,734000000.0,121000000.0,1.671,2.364,591000000.0,62000000.0,529000000.0,591000000.0,0.0,36000000.0,0.0,0.017,0.24,187000000.0,223000000.0,0.217,223000000.0,187000000.0,181000000.0,0.77,0.76,0.77,1381000000.0,,1381000000.0,9001495221.0,11.0,9.092,58000000.0,0.369,1.0,293000000.0,0.285,1068000000.0,6000000.0,2587000000.0,,1022000000.0,0.0,0.0,0.0,3265000000.0,1379000000.0,1886000000.0,8704495221.0,-29000000.0,-92000000.0,-21000000.0,62000000.0,-38000000.0,5000000.0,-119000000.0,0.0,84000000.0,1000000.0,121000000.0,121000000.0,121000000.0,0.0,0.0,0.118,109000000.0,184000000.0,339000000.0,0.312,6.303,15.434,15.464,714000000.0,0.0,55.36,1.98,1.978,825000000.0,2524000000.0,1027000000.0,1027000000.0,0.0,,,,,20000000.0,109000000.0,1.0,157234379.0,157100000.0,159200000.0,6.537,3581000000.0,505000000.0,60000000.0,0.0,22.794,925000000.0
36,COL,MRQ,2009-09-30,2009-09-30,2009-09-30,2018-11-26,-1080000000.0,4645000000.0,,2362000000.0,2283000000.0,,8.219,-36000000.0,235000000.0,235000000.0,842000000.0,134000000.0,1.738,2.593,532000000.0,0.0,532000000.0,532000000.0,0.0,40000000.0,0.0,0.019,0.24,192000000.0,232000000.0,0.202,232000000.0,192000000.0,186000000.0,0.85,0.84,0.85,1292000000.0,,1292000000.0,8437435342.0,10.0,8.232,216000000.0,1.374,1.0,306000000.0,0.267,964000000.0,6000000.0,2619000000.0,,943000000.0,0.0,0.0,0.0,3350000000.0,1359000000.0,1991000000.0,8008435342.0,17000000.0,0.0,-49000000.0,-117000000.0,-38000000.0,-203000000.0,-37000000.0,0.0,252000000.0,5000000.0,134000000.0,134000000.0,134000000.0,-5000000.0,0.0,0.117,126000000.0,180000000.0,366000000.0,0.282,6.198,13.482,13.511,719000000.0,0.0,50.8,1.809,1.81,913000000.0,2444000000.0,1148000000.0,1148000000.0,0.0,,,,,15000000.0,126000000.0,1.0,157646365.0,157200000.0,159400000.0,7.303,3681000000.0,525000000.0,52000000.0,0.0,23.416,1003000000.0
37,COL,MRQ,2009-06-30,2009-06-30,2009-06-30,2018-11-26,-572000000.0,4372000000.0,,2392000000.0,1980000000.0,,10.975,-43000000.0,218000000.0,218000000.0,759000000.0,145000000.0,1.676,1.521,647000000.0,117000000.0,530000000.0,647000000.0,0.0,38000000.0,0.0,0.023,0.24,220000000.0,258000000.0,0.238,258000000.0,220000000.0,215000000.0,0.92,0.91,0.92,1734000000.0,,1734000000.0,7037383391.0,8.0,6.546,201000000.0,1.272,1.0,325000000.0,0.3,947000000.0,5000000.0,2427000000.0,,998000000.0,0.0,0.0,0.0,2638000000.0,1427000000.0,1211000000.0,6609383391.0,28000000.0,-118000000.0,-44000000.0,28000000.0,-38000000.0,-53000000.0,-162000000.0,0.0,244000000.0,-1000000.0,145000000.0,145000000.0,145000000.0,0.0,0.0,0.134,108000000.0,217000000.0,350000000.0,0.261,3.812,10.295,10.253,714000000.0,0.0,41.73,1.45,1.447,907000000.0,2359000000.0,1084000000.0,1084000000.0,0.0,,,,,22000000.0,108000000.0,1.0,158384457.0,158000000.0,159700000.0,6.861,3425000000.0,151000000.0,70000000.0,0.0,21.677,965000000.0
38,COL,MRQ,2009-03-31,2009-03-31,2009-03-31,2018-11-26,-593000000.0,4171000000.0,,2314000000.0,1857000000.0,,10.316,-29000000.0,190000000.0,190000000.0,785000000.0,164000000.0,1.412,1.557,618000000.0,385000000.0,233000000.0,618000000.0,0.0,34000000.0,0.0,0.029,0.24,243000000.0,277000000.0,0.243,277000000.0,243000000.0,240000000.0,1.04,1.03,1.04,1631000000.0,,1631000000.0,5636623676.0,6.0,5.115,87000000.0,0.55,1.0,353000000.0,0.31,856000000.0,3000000.0,2104000000.0,,993000000.0,0.0,0.0,0.0,2540000000.0,1639000000.0,901000000.0,5160623676.0,-10000000.0,0.0,-1000000.0,-56000000.0,-38000000.0,-95000000.0,-30000000.0,0.0,116000000.0,-1000000.0,164000000.0,164000000.0,164000000.0,0.0,0.0,0.144,118000000.0,235000000.0,325000000.0,0.231,3.164,7.691,7.698,685000000.0,0.0,32.64,1.106,1.106,902000000.0,2264000000.0,1138000000.0,1138000000.0,0.0,,,,,20000000.0,118000000.0,1.0,158107343.0,158100000.0,159300000.0,7.198,3315000000.0,142000000.0,76000000.0,7000000.0,20.968,675000000.0
39,COL,MRQ,2008-12-31,2008-12-31,2008-12-31,2018-11-26,-590000000.0,4193000000.0,,2307000000.0,1886000000.0,,9.405,-45000000.0,200000000.0,200000000.0,732000000.0,151000000.0,1.344,1.82,676000000.0,441000000.0,235000000.0,676000000.0,0.0,32000000.0,0.0,0.023,0.24,226000000.0,258000000.0,0.244,258000000.0,226000000.0,222000000.0,0.96,0.95,0.96,1487000000.0,,1487000000.0,6528283252.0,7.0,5.973,-24000000.0,-0.152,1.0,326000000.0,0.308,855000000.0,4000000.0,2098000000.0,,1026000000.0,0.0,0.0,0.0,2706000000.0,1716000000.0,990000000.0,6188283252.0,25000000.0,-28000000.0,-40000000.0,154000000.0,-38000000.0,76000000.0,-73000000.0,0.0,21000000.0,1000000.0,151000000.0,151000000.0,151000000.0,0.0,0.0,0.143,105000000.0,221000000.0,310000000.0,0.25,4.162,9.168,9.219,680000000.0,0.0,39.09,1.312,1.311,852000000.0,2149000000.0,1058000000.0,1058000000.0,0.0,,,,,22000000.0,105000000.0,1.0,158308602.0,158100000.0,159200000.0,6.692,3338000000.0,141000000.0,71000000.0,62000000.0,21.113,591000000.0
40,COL,MRQ,2008-09-30,2008-09-30,2008-09-30,2018-11-26,-578000000.0,4144000000.0,,2338000000.0,1806000000.0,,8.872,-56000000.0,175000000.0,175000000.0,898000000.0,182000000.0,1.344,1.943,515000000.0,287000000.0,228000000.0,515000000.0,0.0,35000000.0,0.0,0.017,0.24,247000000.0,282000000.0,0.221,282000000.0,247000000.0,241000000.0,1.15,1.13,1.15,1408000000.0,,1408000000.0,8136196033.0,8.0,7.376,254000000.0,1.601,1.0,379000000.0,0.297,807000000.0,6000000.0,1937000000.0,,970000000.0,0.0,0.0,0.0,2736000000.0,1740000000.0,996000000.0,7666196033.0,-12000000.0,2000000.0,-83000000.0,-142000000.0,-38000000.0,-262000000.0,-58000000.0,0.0,310000000.0,-2000000.0,182000000.0,182000000.0,182000000.0,0.0,0.0,0.143,135000000.0,244000000.0,419000000.0,0.209,5.445,11.307,11.396,680000000.0,0.0,48.09,1.608,1.621,950000000.0,2058000000.0,1277000000.0,1277000000.0,0.0,,,,,23000000.0,135000000.0,1.0,159413517.0,158700000.0,160500000.0,8.047,3337000000.0,283000000.0,59000000.0,0.0,21.027,598000000.0
41,COL,MRQ,2008-06-30,2008-06-30,2008-06-30,2018-11-26,-319000000.0,4115000000.0,,2285000000.0,1830000000.0,,9.832,-39000000.0,187000000.0,187000000.0,827000000.0,174000000.0,1.274,1.611,657000000.0,429000000.0,228000000.0,657000000.0,0.0,32000000.0,0.0,0.015,0.24,253000000.0,285000000.0,0.239,285000000.0,253000000.0,248000000.0,1.09,1.07,1.09,1576000000.0,,1576000000.0,8105220084.0,8.0,7.477,141000000.0,0.88,1.0,367000000.0,0.307,818000000.0,5000000.0,1973000000.0,,960000000.0,0.0,0.0,0.0,2539000000.0,1794000000.0,745000000.0,7709220084.0,-11000000.0,-107000000.0,-72000000.0,68000000.0,-39000000.0,-42000000.0,-145000000.0,0.0,180000000.0,-4000000.0,174000000.0,174000000.0,174000000.0,0.0,0.0,0.146,119000000.0,248000000.0,368000000.0,0.22,4.892,11.824,11.93,637000000.0,0.0,47.96,1.634,1.63,911000000.0,1922000000.0,1194000000.0,1194000000.0,0.0,,,,,20000000.0,119000000.0,1.0,160742704.0,160300000.0,162400000.0,7.449,3297000000.0,158000000.0,74000000.0,1000000.0,20.568,491000000.0
42,COL,MRQ,2008-03-31,2008-03-31,2008-03-31,2018-11-26,-323000000.0,3943000000.0,,2270000000.0,1673000000.0,,9.268,-32000000.0,198000000.0,198000000.0,840000000.0,168000000.0,1.34,1.641,594000000.0,361000000.0,233000000.0,594000000.0,0.0,31000000.0,0.0,0.011,0.16,237000000.0,268000000.0,0.226,268000000.0,237000000.0,232000000.0,1.04,1.03,1.04,1493000000.0,,1493000000.0,9527887852.0,10.0,9.153,66000000.0,0.41,1.0,346000000.0,0.292,707000000.0,5000000.0,1938000000.0,,918000000.0,0.0,0.0,0.0,2450000000.0,1694000000.0,756000000.0,9280887852.0,27000000.0,0.0,-186000000.0,171000000.0,-26000000.0,-39000000.0,-35000000.0,0.0,98000000.0,3000000.0,168000000.0,168000000.0,168000000.0,0.0,0.0,0.142,120000000.0,226000000.0,370000000.0,0.154,6.216,14.873,15.039,624000000.0,0.0,57.15,2.001,1.986,923000000.0,1790000000.0,1186000000.0,1186000000.0,0.0,,,,,23000000.0,120000000.0,1.0,162395238.0,161100000.0,163200000.0,7.362,3236000000.0,167000000.0,64000000.0,10000000.0,20.087,576000000.0
43,COL,MRQ,2007-12-31,2007-12-31,2007-12-31,2018-11-26,-331000000.0,3848000000.0,,2201000000.0,1647000000.0,,9.233,-43000000.0,171000000.0,171000000.0,769000000.0,154000000.0,1.397,1.559,418000000.0,190000000.0,228000000.0,418000000.0,0.0,31000000.0,0.0,0.009,0.16,237000000.0,268000000.0,0.241,268000000.0,237000000.0,232000000.0,0.95,0.93,0.95,1504000000.0,,1504000000.0,11717118066.0,13.0,11.555,-11000000.0,-0.068,1.0,343000000.0,0.308,702000000.0,5000000.0,1817000000.0,,922000000.0,0.0,0.0,0.0,2344000000.0,1576000000.0,768000000.0,11725118066.0,-60000000.0,0.0,-218000000.0,190000000.0,-26000000.0,-50000000.0,-46000000.0,0.0,32000000.0,4000000.0,154000000.0,154000000.0,154000000.0,0.0,0.0,0.138,111000000.0,232000000.0,357000000.0,0.168,7.796,19.673,20.047,608000000.0,0.0,71.97,2.586,2.586,858000000.0,1652000000.0,1112000000.0,1112000000.0,0.0,,,,,18000000.0,111000000.0,1.0,162916744.0,162900000.0,165300000.0,6.826,3146000000.0,184000000.0,78000000.0,80000000.0,19.312,625000000.0
44,COL,MRQ,2007-09-30,2007-09-30,2007-09-30,2018-11-26,-336000000.0,3750000000.0,,2169000000.0,1581000000.0,,9.482,-39000000.0,231000000.0,231000000.0,866000000.0,156000000.0,1.487,1.384,223000000.0,0.0,223000000.0,223000000.0,0.0,31000000.0,0.0,0.009,0.16,232000000.0,263000000.0,0.215,263000000.0,232000000.0,229000000.0,0.94,0.93,0.94,1573000000.0,,1573000000.0,12257591408.0,14.0,12.585,270000000.0,1.627,1.0,360000000.0,0.294,691000000.0,3000000.0,1592000000.0,,823000000.0,0.0,0.0,0.0,2177000000.0,1459000000.0,718000000.0,12173591408.0,96000000.0,-37000000.0,-106000000.0,-4000000.0,-26000000.0,-132000000.0,-82000000.0,0.0,309000000.0,1000000.0,156000000.0,156000000.0,156000000.0,0.0,0.0,0.127,130000000.0,230000000.0,395000000.0,0.17,7.739,20.81,20.869,607000000.0,0.0,73.04,2.757,2.764,883000000.0,1533000000.0,1226000000.0,1226000000.0,0.0,,,,,21000000.0,130000000.0,1.0,166670200.0,165900000.0,168500000.0,7.39,3059000000.0,176000000.0,73000000.0,29000000.0,18.439,710000000.0
45,COL,MRQ,2007-06-30,2007-06-30,2007-06-30,2018-11-26,-431000000.0,3545000000.0,,2122000000.0,1423000000.0,,8.521,-29000000.0,135000000.0,135000000.0,780000000.0,146000000.0,1.507,1.491,219000000.0,0.0,219000000.0,219000000.0,0.0,30000000.0,0.0,0.009,0.16,212000000.0,242000000.0,0.217,242000000.0,212000000.0,209000000.0,0.87,0.86,0.87,1423000000.0,,1423000000.0,11880189202.0,14.0,12.612,83000000.0,0.497,1.0,333000000.0,0.299,641000000.0,3000000.0,1580000000.0,,867000000.0,0.0,0.0,0.0,2122000000.0,1408000000.0,714000000.0,11821189202.0,-32000000.0,0.0,-93000000.0,-4000000.0,-27000000.0,-114000000.0,-30000000.0,0.0,112000000.0,0.0,146000000.0,146000000.0,146000000.0,0.0,0.0,0.131,124000000.0,209000000.0,344000000.0,0.184,8.307,20.849,21.087,569000000.0,0.0,70.64,2.781,2.776,885000000.0,1407000000.0,1113000000.0,1113000000.0,0.0,,,,,18000000.0,124000000.0,1.0,167344128.0,167000000.0,169600000.0,6.665,2904000000.0,176000000.0,63000000.0,25000000.0,17.389,714000000.0
46,COL,MRQ,2007-03-31,2007-03-31,2007-03-31,2018-11-26,-434000000.0,3451000000.0,,2047000000.0,1404000000.0,,8.142,-29000000.0,167000000.0,167000000.0,756000000.0,140000000.0,1.592,1.525,226000000.0,0.0,226000000.0,226000000.0,0.0,28000000.0,0.0,0.01,0.16,213000000.0,241000000.0,0.223,241000000.0,213000000.0,210000000.0,0.83,0.82,0.83,1367000000.0,,1367000000.0,11288686373.0,14.0,12.446,76000000.0,0.453,1.0,327000000.0,0.302,639000000.0,3000000.0,1585000000.0,,778000000.0,0.0,0.0,0.0,2084000000.0,1286000000.0,798000000.0,11259686373.0,-40000000.0,5000000.0,-95000000.0,-7000000.0,-27000000.0,-119000000.0,-25000000.0,0.0,105000000.0,-1000000.0,140000000.0,140000000.0,140000000.0,0.0,0.0,0.129,119000000.0,208000000.0,328000000.0,0.193,8.237,20.774,20.981,563000000.0,0.0,66.93,2.746,2.74,867000000.0,1302000000.0,1083000000.0,1083000000.0,0.0,,,,,20000000.0,119000000.0,1.0,168230784.0,167900000.0,170600000.0,6.45,2812000000.0,178000000.0,70000000.0,19000000.0,16.748,761000000.0
47,COL,MRQ,2006-12-31,2006-12-31,2006-12-31,2018-11-26,-435000000.0,3389000000.0,,2015000000.0,1374000000.0,,7.79,-28000000.0,207000000.0,207000000.0,690000000.0,143000000.0,1.585,1.599,236000000.0,0.0,236000000.0,236000000.0,0.0,29000000.0,0.0,0.009,0.16,199000000.0,228000000.0,0.23,228000000.0,199000000.0,195000000.0,0.85,0.84,0.85,1304000000.0,,1304000000.0,10683256858.0,14.0,12.48,53000000.0,0.317,1.0,303000000.0,0.305,642000000.0,4000000.0,1505000000.0,,788000000.0,0.0,0.0,0.0,2085000000.0,1271000000.0,814000000.0,10582256858.0,63000000.0,0.0,22000000.0,-12000000.0,-27000000.0,-8000000.0,-16000000.0,0.0,81000000.0,6000000.0,143000000.0,143000000.0,143000000.0,0.0,0.0,0.144,109000000.0,194000000.0,299000000.0,0.188,8.115,20.508,20.957,554000000.0,0.0,63.29,2.662,2.665,780000000.0,1202000000.0,993000000.0,993000000.0,0.0,,,,,17000000.0,109000000.0,1.0,167202668.0,167400000.0,170100000.0,5.932,2747000000.0,170000000.0,52000000.0,50000000.0,16.41,744000000.0
48,COL,MRQ,2006-09-30,2006-09-30,2006-09-30,2018-11-26,-393000000.0,3278000000.0,,1927000000.0,1351000000.0,,7.036,-39000000.0,144000000.0,144000000.0,765000000.0,138000000.0,1.455,1.718,245000000.0,0.0,245000000.0,245000000.0,0.0,30000000.0,0.0,0.01,0.16,201000000.0,231000000.0,0.218,231000000.0,201000000.0,197000000.0,0.8,0.8,0.8,1206000000.0,,1206000000.0,9520096541.0,14.0,11.782,243000000.0,1.418,1.0,296000000.0,0.279,654000000.0,4000000.0,1401000000.0,,727000000.0,0.0,0.0,0.0,2072000000.0,1324000000.0,748000000.0,9400096541.0,23000000.0,-29000000.0,-252000000.0,0.0,-27000000.0,-277000000.0,16000000.0,84000000.0,282000000.0,2000000.0,138000000.0,138000000.0,138000000.0,0.0,0.0,0.13,120000000.0,176000000.0,324000000.0,0.2,7.794,19.707,19.798,552000000.0,0.0,54.84,2.433,2.442,821000000.0,1105000000.0,1061000000.0,1061000000.0,0.0,,,,,18000000.0,120000000.0,1.0,171409492.0,171400000.0,170900000.0,6.19,2624000000.0,168000000.0,59000000.0,54000000.0,15.309,603000000.0
49,COL,MRQ,2006-06-30,2006-06-30,2006-06-30,2018-11-26,-596000000.0,3370000000.0,,1916000000.0,1454000000.0,,6.577,-44000000.0,121000000.0,121000000.0,676000000.0,121000000.0,1.601,1.993,241000000.0,0.0,241000000.0,241000000.0,0.0,27000000.0,0.0,0.009,0.16,180000000.0,207000000.0,0.215,207000000.0,180000000.0,177000000.0,0.71,0.7,0.71,1126000000.0,,1126000000.0,9602774276.0,15.0,12.855,129000000.0,0.754,1.0,288000000.0,0.299,614000000.0,3000000.0,1679000000.0,,742000000.0,0.0,0.0,0.0,2244000000.0,1197000000.0,1047000000.0,9558774276.0,-31000000.0,-71000000.0,-114000000.0,46000000.0,-28000000.0,-91000000.0,-115000000.0,0.0,173000000.0,2000000.0,121000000.0,121000000.0,121000000.0,0.0,0.0,0.126,112000000.0,176000000.0,252000000.0,0.225,8.489,21.289,21.488,527000000.0,0.0,55.87,2.539,2.54,789000000.0,997000000.0,964000000.0,964000000.0,0.0,,,,,16000000.0,112000000.0,1.0,171089570.0,171200000.0,173800000.0,5.631,2756000000.0,195000000.0,56000000.0,52000000.0,16.098,719000000.0
50,COL,MRQ,2006-03-31,2006-03-31,2006-03-31,2018-11-26,-602000000.0,3233000000.0,,1847000000.0,1386000000.0,,6.487,-30000000.0,152000000.0,152000000.0,681000000.0,114000000.0,1.71,1.889,196000000.0,0.0,196000000.0,196000000.0,0.0,25000000.0,0.0,0.009,0.12,165000000.0,190000000.0,0.199,190000000.0,165000000.0,162000000.0,0.66,0.65,0.66,1119000000.0,,1119000000.0,9774143331.0,16.0,13.708,53000000.0,0.307,1.0,276000000.0,0.288,566000000.0,3000000.0,1631000000.0,,707000000.0,0.0,0.0,0.0,2114000000.0,1080000000.0,1034000000.0,9708143331.0,19000000.0,0.0,-32000000.0,0.0,-20000000.0,-35000000.0,-30000000.0,0.0,83000000.0,1000000.0,114000000.0,114000000.0,114000000.0,0.0,0.0,0.119,112000000.0,164000000.0,265000000.0,0.182,8.676,22.63,22.907,495000000.0,0.0,56.35,2.63,2.634,749000000.0,910000000.0,957000000.0,957000000.0,0.0,,,,,19000000.0,112000000.0,1.0,172282934.0,172500000.0,175900000.0,5.548,2667000000.0,184000000.0,48000000.0,17000000.0,15.461,767000000.0
51,COL,MRQ,2005-12-31,2005-12-31,2005-12-31,2018-11-26,-606000000.0,3105000000.0,,1737000000.0,1368000000.0,,5.885,-30000000.0,133000000.0,133000000.0,630000000.0,104000000.0,1.646,2.053,199000000.0,0.0,199000000.0,199000000.0,0.0,24000000.0,0.0,0.01,0.12,156000000.0,180000000.0,0.204,180000000.0,156000000.0,153000000.0,0.6,0.59,0.6,1017000000.0,,1017000000.0,8083124625.0,14.0,11.8,27000000.0,0.156,1.0,251000000.0,0.285,567000000.0,3000000.0,1549000000.0,,687000000.0,0.0,0.0,0.0,2088000000.0,1055000000.0,1033000000.0,8028124625.0,-12000000.0,0.0,-21000000.0,0.0,-21000000.0,-38000000.0,-30000000.0,0.0,57000000.0,-1000000.0,104000000.0,104000000.0,104000000.0,0.0,0.0,0.118,97000000.0,154000000.0,223000000.0,0.2,7.894,19.581,19.944,474000000.0,0.0,46.47,2.253,2.254,690000000.0,846000000.0,881000000.0,881000000.0,0.0,,,,,15000000.0,97000000.0,1.0,172759299.0,172800000.0,175500000.0,5.098,2538000000.0,178000000.0,49000000.0,43000000.0,14.688,682000000.0
52,COL,MRQ,2005-09-30,2005-09-30,2005-09-30,2018-11-26,-604000000.0,3148000000.0,,1780000000.0,1368000000.0,,5.378,-36000000.0,145000000.0,145000000.0,716000000.0,110000000.0,1.503,2.353,200000000.0,0.0,200000000.0,200000000.0,0.0,26000000.0,0.0,0.01,0.12,144000000.0,170000000.0,0.177,170000000.0,144000000.0,141000000.0,0.63,0.62,0.63,939000000.0,,939000000.0,8519224519.0,15.0,12.869,186000000.0,1.065,1.0,247000000.0,0.256,571000000.0,3000000.0,1448000000.0,,678000000.0,0.0,0.0,0.0,2209000000.0,1184000000.0,1025000000.0,8537224519.0,-75000000.0,-1000000.0,-238000000.0,0.0,-21000000.0,-259000000.0,-37000000.0,0.0,222000000.0,-1000000.0,110000000.0,110000000.0,110000000.0,0.0,0.0,0.114,111000000.0,136000000.0,283000000.0,0.19,9.092,21.559,21.571,473000000.0,0.0,48.32,2.478,2.483,736000000.0,771000000.0,963000000.0,963000000.0,0.0,,,,,15000000.0,111000000.0,1.0,176680971.0,174600000.0,177500000.0,5.515,2577000000.0,178000000.0,31000000.0,48000000.0,14.759,596000000.0
53,COL,MRQ,2005-06-30,2005-06-30,2005-06-30,2018-11-26,-397000000.0,3026000000.0,,1787000000.0,1239000000.0,,7.093,-26000000.0,220000000.0,220000000.0,641000000.0,101000000.0,1.678,1.403,202000000.0,0.0,202000000.0,202000000.0,0.0,26000000.0,0.0,0.01,0.12,147000000.0,173000000.0,0.194,173000000.0,147000000.0,144000000.0,0.57,0.56,0.57,1259000000.0,,1259000000.0,8437767355.0,16.0,13.082,120000000.0,0.676,1.0,249000000.0,0.28,593000000.0,3000000.0,1350000000.0,,690000000.0,0.0,0.0,0.0,1767000000.0,1065000000.0,702000000.0,8494767355.0,-36000000.0,0.0,-129000000.0,0.0,-21000000.0,-150000000.0,-26000000.0,0.0,146000000.0,-6000000.0,101000000.0,101000000.0,101000000.0,0.0,0.0,0.113,107000000.0,142000000.0,251000000.0,0.211,6.747,22.835,22.705,445000000.0,0.0,47.68,2.558,2.548,676000000.0,667000000.0,890000000.0,890000000.0,0.0,,,,,33000000.0,107000000.0,1.0,178162067.0,177500000.0,180700000.0,5.014,2433000000.0,167000000.0,43000000.0,5000000.0,13.707,722000000.0
54,COL,MRQ,2005-03-31,2005-03-31,2005-03-31,2018-11-26,-391000000.0,3102000000.0,,1827000000.0,1275000000.0,,7.282,-27000000.0,256000000.0,256000000.0,600000000.0,95000000.0,1.836,1.382,199000000.0,0.0,199000000.0,199000000.0,0.0,27000000.0,0.0,0.009,0.12,135000000.0,162000000.0,0.195,162000000.0,135000000.0,133000000.0,0.53,0.52,0.53,1302000000.0,,1302000000.0,8498350098.0,17.0,13.978,127000000.0,0.71,1.0,229000000.0,0.276,593000000.0,2000000.0,1457000000.0,,693000000.0,0.0,0.0,0.0,1800000000.0,995000000.0,805000000.0,8489350098.0,64000000.0,-18000000.0,-31000000.0,0.0,-22000000.0,-53000000.0,-45000000.0,0.0,154000000.0,8000000.0,95000000.0,95000000.0,95000000.0,0.0,0.0,0.115,97000000.0,132000000.0,234000000.0,0.226,6.52,24.465,24.281,440000000.0,0.0,47.59,2.674,2.68,662000000.0,615000000.0,829000000.0,829000000.0,0.0,,,,,34000000.0,97000000.0,1.0,178385167.0,178800000.0,182000000.0,4.636,2509000000.0,175000000.0,38000000.0,24000000.0,14.032,832000000.0
55,COL,MRQ,2004-12-31,2004-12-31,2004-12-31,2018-11-26,-386000000.0,2885000000.0,,1672000000.0,1213000000.0,,6.981,-19000000.0,192000000.0,192000000.0,545000000.0,90000000.0,1.926,1.332,201000000.0,0.0,201000000.0,201000000.0,0.0,25000000.0,0.0,0.011,0.12,132000000.0,157000000.0,0.206,157000000.0,132000000.0,129000000.0,0.51,0.5,0.51,1237000000.0,,1237000000.0,6967651424.0,15.0,12.055,33000000.0,0.186,1.0,218000000.0,0.286,548000000.0,3000000.0,1478000000.0,,635000000.0,0.0,0.0,0.0,1648000000.0,868000000.0,780000000.0,6962651424.0,-4000000.0,0.0,-4000000.0,0.0,-21000000.0,-25000000.0,-26000000.0,0.0,52000000.0,-5000000.0,90000000.0,90000000.0,90000000.0,0.0,0.0,0.118,87000000.0,131000000.0,189000000.0,0.235,5.629,21.556,21.552,415000000.0,0.0,39.44,2.272,2.28,630000000.0,553000000.0,763000000.0,763000000.0,0.0,,,,,22000000.0,87000000.0,1.0,176537815.0,177200000.0,180200000.0,4.306,2337000000.0,175000000.0,39000000.0,34000000.0,13.188,804000000.0
56,COL,MRQ,2004-09-30,2004-09-30,2004-09-30,2018-11-26,-397000000.0,2874000000.0,,1663000000.0,1211000000.0,,6.408,-42000000.0,196000000.0,196000000.0,616000000.0,86000000.0,1.725,1.537,201000000.0,0.0,201000000.0,201000000.0,0.0,28000000.0,0.0,0.011,0.12,125000000.0,153000000.0,0.182,153000000.0,125000000.0,123000000.0,0.49,0.48,0.49,1133000000.0,,1133000000.0,6714145638.0,15.0,12.274,180000000.0,1.018,1.0,223000000.0,0.266,550000000.0,2000000.0,1365000000.0,,650000000.0,0.0,0.0,0.0,1741000000.0,964000000.0,777000000.0,6575145638.0,139000000.0,0.0,-20000000.0,0.0,-21000000.0,-41000000.0,-42000000.0,0.0,222000000.0,0.0,86000000.0,86000000.0,86000000.0,0.0,0.0,0.103,101000000.0,122000000.0,240000000.0,0.245,5.803,21.844,21.847,418000000.0,0.0,37.14,2.244,2.249,616000000.0,492000000.0,839000000.0,839000000.0,0.0,,,,,17000000.0,101000000.0,1.0,177036770.0,176800000.0,180300000.0,4.745,2324000000.0,165000000.0,37000000.0,18000000.0,13.145,699000000.0
57,COL,MRQ,2004-06-30,2004-06-30,2004-06-30,2018-11-26,-511000000.0,2813000000.0,,1564000000.0,1249000000.0,,5.305,-18000000.0,57000000.0,57000000.0,547000000.0,76000000.0,1.655,1.999,196000000.0,0.0,196000000.0,196000000.0,0.0,26000000.0,0.0,0.011,0.09,110000000.0,136000000.0,0.183,136000000.0,110000000.0,108000000.0,0.43,0.42,0.43,938000000.0,,938000000.0,6112488459.0,15.0,11.665,125000000.0,0.707,1.0,197000000.0,0.265,567000000.0,2000000.0,1440000000.0,,688000000.0,0.0,0.0,0.0,1875000000.0,945000000.0,930000000.0,5908488459.0,-10000000.0,0.0,-53000000.0,-66000000.0,-16000000.0,-135000000.0,-18000000.0,0.0,143000000.0,0.0,76000000.0,76000000.0,76000000.0,0.0,0.0,0.102,88000000.0,109000000.0,186000000.0,0.209,6.299,20.516,20.568,395000000.0,0.0,33.32,2.085,2.079,600000000.0,412000000.0,744000000.0,744000000.0,0.0,,,,,23000000.0,88000000.0,1.0,177325584.0,176800000.0,179300000.0,4.208,2246000000.0,185000000.0,32000000.0,24000000.0,12.704,619000000.0
58,COL,MRQ,2004-03-31,2004-03-31,2004-03-31,2018-11-26,-510000000.0,2796000000.0,,1522000000.0,1274000000.0,,5.193,-18000000.0,67000000.0,67000000.0,526000000.0,71000000.0,1.621,2.016,271000000.0,66000000.0,205000000.0,271000000.0,0.0,28000000.0,0.0,0.011,0.09,104000000.0,132000000.0,0.184,132000000.0,104000000.0,102000000.0,0.4,0.39,0.4,927000000.0,,927000000.0,5845185049.0,14.0,11.07,60000000.0,0.336,1.0,193000000.0,0.268,569000000.0,2000000.0,1492000000.0,,674000000.0,0.0,0.0,0.0,1869000000.0,939000000.0,930000000.0,5643185049.0,5000000.0,1000000.0,-37000000.0,0.0,-16000000.0,-53000000.0,-19000000.0,0.0,78000000.0,-1000000.0,71000000.0,71000000.0,71000000.0,0.0,0.0,0.099,89000000.0,104000000.0,193000000.0,0.225,6.088,19.527,19.512,397000000.0,0.0,31.61,2.082,2.082,560000000.0,375000000.0,719000000.0,719000000.0,0.0,,,,,10000000.0,87000000.0,1.0,178525310.0,178500000.0,181100000.0,4.028,2227000000.0,191000000.0,31000000.0,25000000.0,12.476,583000000.0
59,COL,MRQ,2003-12-31,2003-12-31,2003-12-31,2018-11-26,-510000000.0,2708000000.0,,1431000000.0,1277000000.0,,5.065,-13000000.0,62000000.0,62000000.0,455000000.0,68000000.0,1.617,2.012,264000000.0,66000000.0,198000000.0,264000000.0,0.0,27000000.0,0.0,0.012,0.09,99000000.0,126000000.0,0.201,126000000.0,99000000.0,97000000.0,0.38,0.38,0.38,899000000.0,,899000000.0,5291723573.0,13.0,10.458,-57000000.0,-0.321,1.0,173000000.0,0.275,573000000.0,2000000.0,1452000000.0,,673000000.0,0.0,0.0,0.0,1809000000.0,885000000.0,924000000.0,5315723573.0,-4000000.0,-127000000.0,-14000000.0,222000000.0,-16000000.0,192000000.0,-149000000.0,0.0,-44000000.0,-3000000.0,68000000.0,68000000.0,68000000.0,0.0,0.0,0.108,80000000.0,93000000.0,177000000.0,0.237,5.913,19.19,19.374,400000000.0,0.0,30.03,2.037,2.043,477000000.0,321000000.0,628000000.0,628000000.0,0.0,,,,,22000000.0,80000000.0,1.0,177013772.0,177500000.0,179300000.0,3.538,2135000000.0,191000000.0,29000000.0,12000000.0,12.028,546000000.0
60,COL,MRQ,2003-09-30,2003-09-30,2003-09-30,2018-11-26,-516000000.0,2591000000.0,,1411000000.0,1180000000.0,,4.659,-25000000.0,66000000.0,66000000.0,547000000.0,73000000.0,1.602,2.11,42000000.0,42000000.0,0.0,42000000.0,0.0,26000000.0,0.0,0.014,0.09,104000000.0,130000000.0,0.175,130000000.0,104000000.0,104000000.0,0.41,0.4,0.41,833000000.0,,833000000.0,4583638656.0,12.0,9.629,143000000.0,0.8,1.0,196000000.0,0.264,440000000.0,0.0,1246000000.0,,618000000.0,0.0,0.0,0.0,1758000000.0,881000000.0,877000000.0,4527638656.0,8000000.0,0.0,-47000000.0,-72000000.0,-16000000.0,-135000000.0,-25000000.0,0.0,168000000.0,0.0,73000000.0,73000000.0,73000000.0,0.0,0.0,0.098,96000000.0,100000000.0,202000000.0,0.22,5.435,17.549,17.535,401000000.0,0.0,25.25,1.781,1.779,516000000.0,273000000.0,743000000.0,743000000.0,0.0,,,,,9000000.0,96000000.0,1.0,179312422.0,178800000.0,180400000.0,4.155,2151000000.0,188000000.0,31000000.0,3000000.0,12.03,530000000.0
61,COL,MRQ,2003-06-30,2003-06-30,2003-06-30,2018-11-26,-242000000.0,2520000000.0,,1481000000.0,1039000000.0,,6.102,-17000000.0,58000000.0,58000000.0,450000000.0,77000000.0,1.594,1.316,114000000.0,114000000.0,0.0,114000000.0,0.0,29000000.0,0.0,0.015,0.09,111000000.0,140000000.0,0.226,140000000.0,111000000.0,110000000.0,0.43,0.43,0.43,1088000000.0,,1088000000.0,4480260296.0,12.0,9.334,58000000.0,0.325,1.0,170000000.0,0.274,446000000.0,1000000.0,1201000000.0,,676000000.0,0.0,0.0,0.0,1432000000.0,929000000.0,503000000.0,4385260296.0,17000000.0,0.0,3000000.0,-22000000.0,-16000000.0,-35000000.0,-17000000.0,0.0,75000000.0,-6000000.0,77000000.0,77000000.0,77000000.0,0.0,0.0,0.124,81000000.0,89000000.0,150000000.0,0.209,4.031,17.197,17.468,396000000.0,0.0,24.63,1.756,1.759,489000000.0,217000000.0,620000000.0,620000000.0,0.0,,,,,33000000.0,81000000.0,1.0,178045485.0,178300000.0,179100000.0,3.477,2074000000.0,209000000.0,33000000.0,0.0,11.632,552000000.0
62,COL,MRQ,2003-03-31,2003-03-31,2003-03-31,2018-11-26,-251000000.0,2503000000.0,,1411000000.0,1092000000.0,,5.564,-16000000.0,41000000.0,41000000.0,454000000.0,59000000.0,1.441,1.513,136000000.0,136000000.0,0.0,136000000.0,0.0,25000000.0,0.0,0.02,0.09,85000000.0,110000000.0,0.178,110000000.0,85000000.0,84000000.0,0.33,0.33,0.33,996000000.0,,996000000.0,3419486882.0,10.0,7.549,90000000.0,0.503,1.0,164000000.0,0.265,449000000.0,1000000.0,1170000000.0,,680000000.0,0.0,0.0,0.0,1507000000.0,979000000.0,528000000.0,3297486882.0,5000000.0,-1000000.0,-47000000.0,-22000000.0,-16000000.0,-85000000.0,-17000000.0,0.0,106000000.0,1000000.0,59000000.0,59000000.0,59000000.0,0.0,0.0,0.095,79000000.0,85000000.0,172000000.0,0.273,3.311,13.855,14.023,398000000.0,0.0,18.37,1.319,1.315,462000000.0,159000000.0,618000000.0,618000000.0,0.0,,,,,2000000.0,86000000.0,1.0,179503913.0,179000000.0,179600000.0,3.453,2054000000.0,197000000.0,25000000.0,11000000.0,11.475,432000000.0
63,COL,MRQ,2002-12-31,2002-12-31,2002-12-31,2018-11-26,-250000000.0,2538000000.0,,1437000000.0,1101000000.0,,5.544,-7000000.0,36000000.0,36000000.0,416000000.0,49000000.0,1.42,1.541,158000000.0,158000000.0,0.0,158000000.0,0.0,25000000.0,0.0,0.015,0.09,71000000.0,96000000.0,0.171,96000000.0,71000000.0,70000000.0,0.27,0.27,0.27,999000000.0,,999000000.0,4267754632.0,12.0,9.463,15000000.0,0.083,1.0,145000000.0,0.258,453000000.0,1000000.0,1195000000.0,,685000000.0,0.0,0.0,0.0,1539000000.0,1012000000.0,527000000.0,4184754632.0,-13000000.0,-2000000.0,-34000000.0,26000000.0,-16000000.0,-24000000.0,-9000000.0,0.0,22000000.0,-2000000.0,49000000.0,49000000.0,49000000.0,0.0,0.0,0.087,77000000.0,68000000.0,162000000.0,0.333,4.189,17.657,18.031,398000000.0,0.0,23.26,1.681,1.683,497000000.0,121000000.0,561000000.0,561000000.0,0.0,,,,,0.0,77000000.0,1.0,179912065.0,180200000.0,181100000.0,3.113,2085000000.0,193000000.0,21000000.0,14000000.0,11.57,425000000.0
64,COL,MRQ,2002-09-30,2002-09-30,2002-09-30,2018-11-26,-252000000.0,2555000000.0,,1433000000.0,1122000000.0,,5.408,-22000000.0,49000000.0,49000000.0,525000000.0,70000000.0,1.381,1.589,132000000.0,132000000.0,0.0,132000000.0,0.0,32000000.0,0.0,0.016,0.09,102000000.0,134000000.0,0.192,134000000.0,102000000.0,100000000.0,0.38,0.38,0.38,987000000.0,,987000000.0,4049811852.0,12.0,8.96,200000000.0,1.096,1.0,173000000.0,0.248,456000000.0,2000000.0,1144000000.0,,653000000.0,0.0,0.0,0.0,1568000000.0,1038000000.0,530000000.0,4013811852.0,5000000.0,-167000000.0,-59000000.0,52000000.0,-17000000.0,-24000000.0,-189000000.0,0.0,222000000.0,-4000000.0,70000000.0,70000000.0,70000000.0,0.0,0.0,0.1,88000000.0,85000000.0,211000000.0,0.237,4.067,17.008,17.008,411000000.0,0.0,21.94,1.611,1.612,519000000.0,91000000.0,698000000.0,698000000.0,0.0,,,,,14000000.0,88000000.0,1.0,182944934.0,182500000.0,183200000.0,3.825,2099000000.0,191000000.0,30000000.0,20000000.0,11.501,395000000.0
65,COL,MRQ,2002-06-30,2002-06-30,2002-06-30,2018-11-26,-25000000.0,2493000000.0,,1443000000.0,1050000000.0,,6.661,-14000000.0,44000000.0,44000000.0,460000000.0,60000000.0,1.57,1.045,80000000.0,80000000.0,0.0,80000000.0,0.0,24000000.0,0.0,0.013,0.09,89000000.0,113000000.0,0.181,113000000.0,89000000.0,88000000.0,0.33,0.33,0.33,1219000000.0,,1219000000.0,5141715405.0,27.0,17.371,117000000.0,0.639,1.0,163000000.0,0.262,302000000.0,1000000.0,1308000000.0,,685000000.0,0.0,0.0,0.0,1274000000.0,919000000.0,355000000.0,5012715405.0,-5000000.0,-1000000.0,-7000000.0,-98000000.0,-16000000.0,-121000000.0,-15000000.0,0.0,131000000.0,0.0,60000000.0,60000000.0,60000000.0,0.0,0.0,0.096,78000000.0,85000000.0,198000000.0,0.273,4.112,42.481,,413000000.0,0.0,27.42,1.921,1.923,510000000.0,38000000.0,623000000.0,623000000.0,0.0,,,,,-1000000.0,78000000.0,1.0,182812378.0,183000000.0,184800000.0,3.404,2191000000.0,176000000.0,28000000.0,36000000.0,11.973,524000000.0
66,COL,MRQ,2002-03-31,2002-03-31,2002-03-31,2018-11-26,-30000000.0,2557000000.0,,1517000000.0,1040000000.0,,6.345,-12000000.0,49000000.0,49000000.0,458000000.0,58000000.0,1.471,1.199,178000000.0,178000000.0,0.0,178000000.0,0.0,26000000.0,0.0,0.011,0.09,82000000.0,108000000.0,0.178,108000000.0,82000000.0,81000000.0,0.31,0.31,0.31,1163000000.0,,1163000000.0,4750191757.0,24.0,14.798,40000000.0,0.218,1.0,150000000.0,0.247,299000000.0,1000000.0,1356000000.0,,737000000.0,0.0,0.0,0.0,1394000000.0,1031000000.0,363000000.0,4628191757.0,-4000000.0,-11000000.0,-20000000.0,3000000.0,-16000000.0,-33000000.0,-23000000.0,0.0,52000000.0,0.0,58000000.0,58000000.0,58000000.0,0.0,0.0,0.095,68000000.0,82000000.0,197000000.0,0.29,3.98,36.732,,417000000.0,0.0,25.22,1.705,1.703,523000000.0,7000000.0,608000000.0,608000000.0,0.0,,,,,1000000.0,72000000.0,1.0,183512758.0,183300000.0,184400000.0,3.317,2258000000.0,180000000.0,23000000.0,26000000.0,12.319,486000000.0
67,COL,MRQ,2001-12-31,2001-12-31,2001-12-31,2018-11-26,-29000000.0,2555000000.0,,1563000000.0,992000000.0,,6.215,-8000000.0,53000000.0,53000000.0,420000000.0,48000000.0,1.497,1.239,175000000.0,175000000.0,0.0,175000000.0,0.0,23000000.0,0.0,0.009,0.09,74000000.0,97000000.0,0.172,97000000.0,74000000.0,72000000.0,0.26,0.26,0.26,1141000000.0,,1141000000.0,3722885718.0,18.0,10.95,40000000.0,0.218,1.0,143000000.0,0.254,292000000.0,2000000.0,1341000000.0,,770000000.0,0.0,0.0,0.0,1414000000.0,1044000000.0,370000000.0,3580885718.0,-7000000.0,-4000000.0,1000000.0,-27000000.0,-17000000.0,-43000000.0,-12000000.0,0.0,48000000.0,0.0,48000000.0,48000000.0,48000000.0,0.0,0.0,0.085,69000000.0,74000000.0,191000000.0,0.346,3.138,27.759,,426000000.0,0.0,19.5,1.281,1.28,517000000.0,-34000000.0,563000000.0,563000000.0,0.0,,,,,0.0,69000000.0,1.0,183635165.0,183600000.0,183800000.0,3.066,2263000000.0,191000000.0,24000000.0,17000000.0,12.326,519000000.0
68,COL,MRQ,2001-09-30,2001-09-30,2001-09-30,2018-11-26,-28000000.0,2637000000.0,,1637000000.0,1000000000.0,,6.047,-25000000.0,60000000.0,60000000.0,629000000.0,-48000000.0,1.431,1.376,202000000.0,202000000.0,0.0,202000000.0,0.0,36000000.0,0.0,0.006,0.09,-58000000.0,-22000000.0,-0.027,-22000000.0,-58000000.0,-61000000.0,,,,1110000000.0,,1110000000.0,2888750701.0,13.0,7.914,159000000.0,0.866,1.0,187000000.0,0.229,285000000.0,3000000.0,1350000000.0,,727000000.0,0.0,0.0,0.0,1527000000.0,1144000000.0,383000000.0,2606750701.0,40000000.0,-3000000.0,0.0,-100000000.0,-17000000.0,-117000000.0,-28000000.0,0.0,184000000.0,1000000.0,-48000000.0,-48000000.0,-48000000.0,0.0,0.0,-0.059,260000000.0,-73000000.0,227000000.0,,2.348,18.754,,439000000.0,0.0,14.2,0.924,0.924,637000000.0,-65000000.0,816000000.0,816000000.0,0.0,,,,,0.0,105000000.0,1.0,183573993.0,183573993.0,,4.445,2352000000.0,189000000.0,-13000000.0,15000000.0,12.812,493000000.0
69,COL,MRQ,2001-06-30,2001-06-30,2001-06-30,2018-11-26,-30000000.0,2689000000.0,,1591000000.0,1098000000.0,,6.319,-35000000.0,20000000.0,20000000.0,535000000.0,68000000.0,1.469,1.318,302000000.0,302000000.0,0.0,302000000.0,0.0,34000000.0,0.0,0.0,0.0,104000000.0,138000000.0,0.19,138000000.0,104000000.0,104000000.0,,,,1160000000.0,,1160000000.0,4290317356.0,11.0,8.08,-7000000.0,-0.038,1.0,192000000.0,0.264,426000000.0,0.0,1462000000.0,,818000000.0,0.0,0.0,0.0,1529000000.0,1083000000.0,446000000.0,4310317356.0,0.0,0.0,0.0,302000000.0,0.0,8000000.0,-35000000.0,0.0,28000000.0,-1000000.0,68000000.0,68000000.0,68000000.0,0.0,0.0,0.094,88000000.0,104000000.0,185000000.0,,3.716,16.515,,483000000.0,0.0,23.48,1.593,1.593,560000000.0,,727000000.0,727000000.0,0.0,,,,,0.0,89000000.0,1.0,183573993.0,183573993.0,,3.96,2263000000.0,159000000.0,36000000.0,0.0,12.327,508000000.0
70,COL,MRQ,2001-03-31,2001-03-31,2001-03-31,2018-11-26,0.0,2628000000.0,,1531000000.0,1097000000.0,,,-32000000.0,20000000.0,20000000.0,515000000.0,61000000.0,1.981,8.625,0.0,0.0,0.0,0.0,0.0,35000000.0,0.0,,0.0,92000000.0,127000000.0,0.184,127000000.0,92000000.0,92000000.0,,,,144000000.0,,144000000.0,,,,33000000.0,,1.0,175000000.0,0.254,441000000.0,0.0,1394000000.0,,813000000.0,0.0,0.0,0.0,1242000000.0,773000000.0,469000000.0,,0.0,-19000000.0,0.0,0.0,0.0,-12000000.0,-51000000.0,0.0,65000000.0,-2000000.0,61000000.0,61000000.0,61000000.0,0.0,0.0,0.088,83000000.0,92000000.0,207000000.0,,,,,476000000.0,0.0,,,,516000000.0,,690000000.0,690000000.0,0.0,,,,,0.0,85000000.0,1.0,,,,,2187000000.0,148000000.0,31000000.0,0.0,,758000000.0
71,COL,MRQ,2000-12-31,2000-12-31,2000-12-31,2018-11-26,0.0,2087000000.0,,1314000000.0,773000000.0,,,-18000000.0,7000000.0,7000000.0,429000000.0,58000000.0,1.724,-4.013,0.0,0.0,0.0,0.0,0.0,33000000.0,0.0,,0.0,89000000.0,122000000.0,0.208,122000000.0,89000000.0,89000000.0,,,,-297000000.0,,-297000000.0,,,,-102000000.0,,1.0,158000000.0,0.269,148000000.0,0.0,1170000000.0,,656000000.0,0.0,0.0,0.0,1192000000.0,762000000.0,430000000.0,,0.0,-273000000.0,0.0,0.0,0.0,372000000.0,-291000000.0,0.0,-84000000.0,3000000.0,58000000.0,58000000.0,58000000.0,0.0,0.0,0.099,71000000.0,87000000.0,220000000.0,,,,,417000000.0,0.0,,,,495000000.0,,587000000.0,587000000.0,0.0,,,,,0.0,72000000.0,1.0,,,,,1939000000.0,133000000.0,31000000.0,0.0,,552000000.0
72,COL,MRQ,2000-09-30,2000-09-30,2000-09-30,2018-11-26,-29000000.0,2100000000.0,,1311000000.0,789000000.0,,,-39000000.0,20000000.0,20000000.0,529000000.0,74000000.0,1.633,1.313,0.0,0.0,0.0,0.0,0.0,35000000.0,0.0,,0.0,109000000.0,144000000.0,0.205,144000000.0,109000000.0,109000000.0,,,,908000000.0,,908000000.0,,,,123000000.0,,1.0,173000000.0,0.246,148000000.0,0.0,1129000000.0,,640000000.0,0.0,0.0,0.0,1192000000.0,803000000.0,389000000.0,,0.0,-117000000.0,0.0,0.0,0.0,2000000.0,-156000000.0,0.0,162000000.0,-8000000.0,74000000.0,74000000.0,74000000.0,0.0,0.0,0.105,66000000.0,107000000.0,216000000.0,,,,,393000000.0,0.0,,,,495000000.0,,702000000.0,702000000.0,0.0,,,,,0.0,67000000.0,1.0,,,,,1952000000.0,133000000.0,35000000.0,2000000.0,,508000000.0
73,COL,MRQ,2000-06-30,2000-06-30,2000-06-30,2018-11-26,,,,,,,,-22000000.0,,,451000000.0,69000000.0,,,,,,,,26000000.0,,,0.0,103000000.0,129000000.0,0.206,129000000.0,103000000.0,103000000.0,,,,,,,,,,50000000.0,,1.0,176000000.0,0.281,,0.0,,,,,,,,,,,,0.0,0.0,0.0,0.0,-48000000.0,-22000000.0,0.0,72000000.0,-2000000.0,69000000.0,69000000.0,69000000.0,0.0,0.0,0.11,74000000.0,102000000.0,,,,,,,0.0,,,,,,627000000.0,627000000.0,0.0,,,,,0.0,76000000.0,1.0,,,,,,,34000000.0,,,
74,COL,MRQ,2000-03-31,2000-03-31,2000-03-31,2018-11-26,0.0,2100000000.0,,1327000000.0,773000000.0,,,-21000000.0,20000000.0,20000000.0,,,1.741,-4.197,0.0,0.0,0.0,0.0,0.0,24000000.0,0.0,,0.0,,,,,,,,,,-284000000.0,,-284000000.0,,,,53000000.0,,1.0,,,148000000.0,,1170000000.0,,656000000.0,0.0,0.0,0.0,1192000000.0,762000000.0,430000000.0,,,-6000000.0,0.0,0.0,0.0,-57000000.0,-27000000.0,0.0,74000000.0,7000000.0,,,,,,,,,220000000.0,,,,,417000000.0,,,,,495000000.0,,,,,,,,,0.0,,1.0,,,,,1952000000.0,133000000.0,,0.0,,565000000.0
75,COL,MRQ,1999-12-31,1999-12-31,1999-12-31,2018-11-26,,,,,,,,-16000000.0,,,409000000.0,67000000.0,,,,,,,,21000000.0,,,0.0,99000000.0,120000000.0,0.213,120000000.0,99000000.0,99000000.0,,,,,,,,,,-43000000.0,,1.0,154000000.0,0.274,,0.0,,,,,,,,,,,3000000.0,0.0,0.0,0.0,0.0,51000000.0,-16000000.0,0.0,-27000000.0,-5000000.0,67000000.0,67000000.0,67000000.0,0.0,0.0,0.119,56000000.0,98000000.0,,,,,,,0.0,,,,,,563000000.0,563000000.0,0.0,,,,,0.0,62000000.0,1.0,,,,,,,32000000.0,,,
76,COL,MRQ,1999-09-30,1999-09-30,1999-09-30,2018-11-26,0.0,2033000000.0,,1332000000.0,701000000.0,,,,20000000.0,20000000.0,,,1.512,-2.081,0.0,0.0,0.0,0.0,0.0,,0.0,,0.0,,,,,,,,,,-643000000.0,,-643000000.0,,,,,,1.0,,,126000000.0,,1006000000.0,,621000000.0,0.0,0.0,0.0,1338000000.0,881000000.0,457000000.0,,,,,,,,,,,,,,,,,,,,256000000.0,,,,,365000000.0,,,,,513000000.0,,,,,,,,,,,1.0,,,,,1907000000.0,153000000.0,,0.0,,451000000.0
0,COL,MRT,2018-09-30,2018-09-30,2018-09-30,2018-11-26,-1471000000.0,19026000000.0,18434250000.0,5778000000.0,13248000000.0,0.47,43.335,-257000000.0,738000000.0,738000000.0,6382000000.0,1032000000.0,1.233,1.676,7929000000.0,2248000000.0,5681000000.0,7929000000.0,0.0,590000000.0,0.0,0.009,1.32,1374000000.0,1964000000.0,0.227,1964000000.0,1374000000.0,1112000000.0,6.29,6.22,6.29,7107000000.0,6721250000.0,7107000000.0,29648455638.0,22.0,15.096,-567000000.0,-3.457,1.0,2283000000.0,0.263,11299000000.0,262000000.0,10232000000.0,10490250000.0,2649000000.0,0.0,0.0,0.0,11912000000.0,4686000000.0,7226000000.0,23088455638.0,35000000.0,0.0,51000000.0,781000000.0,-216000000.0,610000000.0,-256000000.0,0.0,-310000000.0,-9000000.0,1032000000.0,1032000000.0,1032000000.0,0.0,0.0,0.119,929000000.0,1354000000.0,821000000.0,0.21,3.249,22.373,22.332,1429000000.0,0.0,140.47,2.665,2.659,2109000000.0,4654000000.0,8665000000.0,8665000000.0,0.0,0.056,0.154,0.131,0.159,93000000.0,817000000.0,1.0,164365741.0,164000000.0,165800000.0,52.835,7727000000.0,16000000.0,80000000.0,346000000.0,47.116,1092000000.0
1,COL,MRT,2018-06-30,2018-06-30,2018-06-30,2018-11-26,-1576000000.0,18359000000.0,18177000000.0,5397000000.0,12962000000.0,0.473,41.333,-265000000.0,621000000.0,621000000.0,6284000000.0,1005000000.0,1.648,1.702,7181000000.0,864000000.0,6317000000.0,7181000000.0,0.0,581000000.0,0.0,0.01,1.32,1367000000.0,1948000000.0,0.227,1948000000.0,1367000000.0,1106000000.0,6.15,6.09,6.15,6791000000.0,6455250000.0,6791000000.0,28814570474.0,21.0,14.792,779000000.0,4.741,1.0,2308000000.0,0.269,11014000000.0,261000000.0,10631000000.0,10455500000.0,2641000000.0,0.0,0.0,0.0,11561000000.0,3274000000.0,8287000000.0,22118570474.0,43000000.0,0.0,72000000.0,-590000000.0,-216000000.0,-739000000.0,-261000000.0,0.0,1044000000.0,-1000000.0,1005000000.0,1005000000.0,1005000000.0,0.0,0.0,0.117,959000000.0,1349000000.0,832000000.0,0.215,3.257,22.009,21.899,1402000000.0,0.0,134.68,2.574,2.575,1811000000.0,4468000000.0,8592000000.0,8592000000.0,0.0,0.055,0.156,0.131,0.159,99000000.0,828000000.0,1.0,164230550.0,164300000.0,165900000.0,52.295,7345000000.0,22000000.0,101000000.0,277000000.0,44.705,2123000000.0
2,COL,MRT,2018-03-31,2018-03-31,2018-03-31,2018-11-26,-1486000000.0,18300000000.0,18175000000.0,5143000000.0,13157000000.0,0.466,40.42,-278000000.0,668000000.0,668000000.0,6183000000.0,909000000.0,1.611,1.758,7364000000.0,908000000.0,6456000000.0,7364000000.0,0.0,560000000.0,0.0,0.01,1.32,1330000000.0,1890000000.0,0.223,1890000000.0,1330000000.0,1058000000.0,5.61,5.55,5.61,6633000000.0,6158250000.0,6633000000.0,28899701953.0,22.0,15.291,908000000.0,5.533,1.0,2295000000.0,0.271,11187000000.0,272000000.0,10616000000.0,10567500000.0,2633000000.0,0.0,0.0,0.0,11660000000.0,3193000000.0,8467000000.0,22107701953.0,387000000.0,-3418000000.0,42000000.0,3040000000.0,-216000000.0,2860000000.0,-3695000000.0,0.0,1186000000.0,36000000.0,909000000.0,909000000.0,909000000.0,0.0,0.0,0.107,995000000.0,1300000000.0,799000000.0,0.235,3.333,24.321,24.037,1408000000.0,0.0,134.85,2.608,2.61,1640000000.0,4247000000.0,8478000000.0,8478000000.0,0.0,0.05,0.148,0.126,0.157,98000000.0,829000000.0,1.0,163942914.0,164100000.0,165800000.0,51.664,7113000000.0,21000000.0,149000000.0,231000000.0,43.346,1950000000.0
3,COL,MRT,2017-12-31,2017-12-31,2017-12-31,2018-11-26,-1548000000.0,18052000000.0,15545000000.0,4826000000.0,13226000000.0,0.491,38.886,-262000000.0,583000000.0,583000000.0,5515000000.0,840000000.0,1.56,1.84,7375000000.0,877000000.0,6498000000.0,7375000000.0,0.0,480000000.0,0.0,0.01,1.32,1216000000.0,1696000000.0,0.222,1696000000.0,1216000000.0,985000000.0,5.45,5.39,5.45,6354000000.0,5099000000.0,6354000000.0,28545125514.0,23.0,16.831,844000000.0,5.165,1.0,2125000000.0,0.278,11268000000.0,231000000.0,10482000000.0,9127750000.0,2557000000.0,0.0,0.0,0.0,11691000000.0,3094000000.0,8597000000.0,22093125514.0,275000000.0,-3418000000.0,44000000.0,2982000000.0,-205000000.0,2815000000.0,-3679000000.0,0.0,1106000000.0,33000000.0,840000000.0,840000000.0,840000000.0,0.0,0.0,0.11,924000000.0,1201000000.0,758000000.0,0.242,3.477,26.301,24.884,1408000000.0,0.0,135.62,2.892,2.901,1513000000.0,4064000000.0,7640000000.0,7640000000.0,0.0,0.054,0.165,0.133,0.159,98000000.0,788000000.0,1.0,162904627.0,163400000.0,165400000.0,46.756,6784000000.0,21000000.0,145000000.0,250000000.0,41.518,1732000000.0
4,COL,MRT,2017-09-30,2017-09-30,2017-09-30,2018-11-26,-1575000000.0,17997000000.0,12959250000.0,4760000000.0,13237000000.0,0.526,41.533,-240000000.0,703000000.0,703000000.0,4868000000.0,705000000.0,1.551,1.977,7155000000.0,479000000.0,6676000000.0,7155000000.0,0.0,394000000.0,0.0,0.01,1.32,1118000000.0,1512000000.0,0.222,1512000000.0,1118000000.0,931000000.0,4.85,4.79,4.85,6043000000.0,4061000000.0,6043000000.0,28438220445.0,25.0,18.808,1024000000.0,7.038,1.0,1954000000.0,0.286,11287000000.0,187000000.0,10093000000.0,7689250000.0,2451000000.0,0.0,0.0,0.0,11947000000.0,3069000000.0,8878000000.0,21237220445.0,363000000.0,-3429000000.0,18000000.0,2940000000.0,-194000000.0,2759000000.0,-3674000000.0,0.0,1264000000.0,14000000.0,705000000.0,705000000.0,705000000.0,0.0,0.0,0.103,852000000.0,1102000000.0,927000000.0,0.272,3.514,30.124,26.951,1398000000.0,0.0,130.71,3.113,2.788,1426000000.0,3838000000.0,6822000000.0,6822000000.0,0.0,0.054,0.174,0.145,0.164,98000000.0,732000000.0,1.0,162475866.0,145500000.0,147200000.0,46.887,6710000000.0,21000000.0,226000000.0,331000000.0,46.117,1691000000.0
5,COL,MRT,2017-06-30,2017-06-30,2017-06-30,2018-11-26,-1806000000.0,18351000000.0,10384750000.0,4895000000.0,13456000000.0,0.585,35.417,-225000000.0,578000000.0,578000000.0,4254000000.0,700000000.0,1.703,2.274,7779000000.0,511000000.0,7268000000.0,7779000000.0,0.0,312000000.0,0.0,0.013,1.32,1091000000.0,1403000000.0,0.231,1403000000.0,1091000000.0,953000000.0,5.12,5.07,5.12,5603000000.0,3069750000.0,5603000000.0,18991254292.0,17.0,13.536,691000000.0,4.368,1.0,1820000000.0,0.3,11599000000.0,138000000.0,11079000000.0,6301250000.0,2506000000.0,0.0,0.0,0.0,12742000000.0,2874000000.0,9868000000.0,17063254292.0,271000000.0,-3429000000.0,1000000.0,3192000000.0,-183000000.0,3006000000.0,-3657000000.0,0.0,916000000.0,6000000.0,700000000.0,700000000.0,700000000.0,0.0,0.0,0.115,751000000.0,1069000000.0,787000000.0,0.258,3.045,24.376,20.523,1328000000.0,0.0,105.08,2.809,2.737,1644000000.0,3679000000.0,6074000000.0,6074000000.0,0.0,0.067,0.228,0.173,0.18,93000000.0,671000000.0,1.0,162383463.0,158200000.0,159900000.0,38.394,6752000000.0,29000000.0,253000000.0,417000000.0,42.68,2021000000.0
6,COL,MRT,2017-03-31,2017-03-31,2017-03-31,2018-11-26,-1873000000.0,7780000000.0,7715750000.0,3579000000.0,4201000000.0,0.689,18.304,-190000000.0,281000000.0,281000000.0,3645000000.0,735000000.0,1.59,2.245,2209000000.0,855000000.0,1354000000.0,2209000000.0,0.0,307000000.0,0.0,0.014,1.32,1056000000.0,1363000000.0,0.256,1363000000.0,1056000000.0,979000000.0,5.64,5.58,5.64,2396000000.0,2196000000.0,2396000000.0,14679346612.0,14.0,10.77,489000000.0,3.736,1.0,1669000000.0,0.314,2600000000.0,77000000.0,4857000000.0,4695500000.0,2013000000.0,0.0,0.0,0.0,5378000000.0,2251000000.0,3127000000.0,12711346612.0,-19000000.0,-11000000.0,-43000000.0,-265000000.0,-172000000.0,-482000000.0,-201000000.0,0.0,679000000.0,-15000000.0,735000000.0,735000000.0,735000000.0,0.0,0.0,0.138,632000000.0,1037000000.0,486000000.0,0.234,5.305,17.294,17.227,1042000000.0,0.0,97.16,2.392,2.393,1135000000.0,3554000000.0,5314000000.0,5314000000.0,0.0,0.095,0.335,0.225,0.199,90000000.0,616000000.0,1.0,130829010.0,130900000.0,132400000.0,40.596,5180000000.0,143000000.0,244000000.0,0.0,39.572,1328000000.0
7,COL,MRT,2016-12-31,2016-12-31,2016-12-31,2018-11-26,-1906000000.0,7709000000.0,7656000000.0,3489000000.0,4220000000.0,0.69,16.887,-197000000.0,308000000.0,308000000.0,3622000000.0,738000000.0,1.49,2.498,2276000000.0,920000000.0,1356000000.0,2276000000.0,0.0,278000000.0,0.0,0.014,1.32,1049000000.0,1327000000.0,0.251,1327000000.0,1049000000.0,980000000.0,5.67,5.6,5.67,2202000000.0,2092750000.0,2202000000.0,13864608802.0,13.0,10.448,516000000.0,3.957,1.0,1661000000.0,0.314,2608000000.0,69000000.0,4728000000.0,4620750000.0,2011000000.0,0.0,0.0,0.0,5501000000.0,2341000000.0,3160000000.0,12082608802.0,-26000000.0,-28000000.0,-137000000.0,-185000000.0,-172000000.0,-499000000.0,-224000000.0,0.0,713000000.0,-16000000.0,738000000.0,738000000.0,738000000.0,1000000.0,0.0,0.14,634000000.0,1027000000.0,461000000.0,0.233,5.487,16.372,16.36,1032000000.0,0.0,92.76,2.287,2.29,1027000000.0,3429000000.0,5283000000.0,5283000000.0,0.0,0.096,0.353,0.227,0.199,93000000.0,623000000.0,1.0,130256671.0,130400000.0,131900000.0,40.514,5101000000.0,197000000.0,242000000.0,0.0,39.118,1148000000.0
8,COL,MRT,2016-09-30,2016-09-30,2016-09-30,2018-11-26,-1898000000.0,7699000000.0,7596500000.0,3490000000.0,4209000000.0,0.692,15.923,-193000000.0,340000000.0,340000000.0,3642000000.0,728000000.0,1.488,2.702,2114000000.0,740000000.0,1374000000.0,2114000000.0,0.0,253000000.0,0.0,0.016,1.32,1000000000.0,1253000000.0,0.238,1253000000.0,1000000000.0,936000000.0,5.58,5.51,5.58,2078000000.0,2017000000.0,2078000000.0,13150400360.0,13.0,10.495,530000000.0,4.061,1.0,1617000000.0,0.307,2586000000.0,64000000.0,4541000000.0,4549000000.0,1939000000.0,0.0,0.0,0.0,5615000000.0,2346000000.0,3269000000.0,10958400360.0,88000000.0,-17000000.0,-240000000.0,-8000000.0,-172000000.0,-422000000.0,-209000000.0,0.0,723000000.0,-4000000.0,728000000.0,728000000.0,728000000.0,-1000000.0,0.0,0.138,638000000.0,979000000.0,527000000.0,0.237,5.274,15.053,15.115,1035000000.0,0.0,84.34,2.084,2.093,1094000000.0,3327000000.0,5259000000.0,5259000000.0,0.0,0.096,0.361,0.22,0.19,86000000.0,638000000.0,1.0,129931235.0,130500000.0,132100000.0,40.299,5113000000.0,219000000.0,208000000.0,1000000.0,39.18,1144000000.0
9,COL,MRT,2016-06-30,2016-06-30,2016-06-30,2018-11-26,-1672000000.0,7675000000.0,7497750000.0,3614000000.0,4061000000.0,0.693,16.215,-188000000.0,307000000.0,307000000.0,3606000000.0,704000000.0,1.382,2.638,2499000000.0,1112000000.0,1387000000.0,2499000000.0,0.0,329000000.0,0.0,0.016,1.32,970000000.0,1299000000.0,0.25,1299000000.0,970000000.0,906000000.0,5.39,5.32,5.39,2108000000.0,1966250000.0,2108000000.0,13287733337.0,14.0,10.229,443000000.0,3.408,1.0,1592000000.0,0.306,2596000000.0,64000000.0,4656000000.0,4542000000.0,1975000000.0,0.0,0.0,0.0,5561000000.0,2615000000.0,2946000000.0,11084733337.0,13000000.0,-67000000.0,-245000000.0,67000000.0,-173000000.0,-352000000.0,-258000000.0,0.0,631000000.0,-8000000.0,704000000.0,704000000.0,704000000.0,-1000000.0,0.0,0.135,641000000.0,951000000.0,483000000.0,0.245,5.258,15.745,15.796,999000000.0,0.0,85.14,2.132,2.129,1184000000.0,3162000000.0,5198000000.0,5198000000.0,0.0,0.094,0.358,0.214,0.187,81000000.0,641000000.0,1.0,130194190.0,130000000.0,131500000.0,39.985,5079000000.0,104000000.0,202000000.0,0.0,39.069,999000000.0
10,COL,MRT,2016-03-31,2016-03-31,2016-03-31,2018-11-26,-1670000000.0,7541000000.0,7386500000.0,3490000000.0,4051000000.0,0.698,15.161,-199000000.0,300000000.0,300000000.0,3579000000.0,668000000.0,1.356,2.8,2503000000.0,1120000000.0,1383000000.0,2503000000.0,0.0,247000000.0,0.0,0.014,1.32,959000000.0,1206000000.0,0.234,1206000000.0,959000000.0,896000000.0,5.09,5.02,5.09,1983000000.0,1951500000.0,1983000000.0,14232628792.0,15.0,11.802,463000000.0,3.54,1.0,1578000000.0,0.306,2613000000.0,63000000.0,4558000000.0,4494500000.0,1968000000.0,0.0,0.0,0.0,5552000000.0,2573000000.0,2979000000.0,12091628792.0,16000000.0,-69000000.0,-244000000.0,35000000.0,-173000000.0,-380000000.0,-268000000.0,0.0,662000000.0,2000000.0,668000000.0,668000000.0,668000000.0,-1000000.0,0.0,0.13,640000000.0,938000000.0,460000000.0,0.259,6.098,18.101,18.116,991000000.0,0.0,92.21,2.345,2.339,1088000000.0,2991000000.0,5157000000.0,5157000000.0,0.0,0.09,0.342,0.213,0.186,77000000.0,640000000.0,1.0,131131426.0,130800000.0,132300000.0,39.427,4928000000.0,103000000.0,228000000.0,0.0,37.676,917000000.0
11,COL,MRT,2015-12-31,2015-12-31,2015-12-31,2018-11-26,-1693000000.0,7471000000.0,7294250000.0,3446000000.0,4025000000.0,0.711,14.452,-196000000.0,334000000.0,334000000.0,3609000000.0,654000000.0,1.338,2.931,2475000000.0,1105000000.0,1370000000.0,2475000000.0,0.0,249000000.0,0.0,0.014,1.29,958000000.0,1207000000.0,0.233,1207000000.0,958000000.0,897000000.0,4.97,4.9,4.97,1899000000.0,1942500000.0,1899000000.0,14008342856.0,15.0,11.606,509000000.0,3.874,1.0,1578000000.0,0.304,2596000000.0,61000000.0,4441000000.0,4470000000.0,1938000000.0,0.0,0.0,0.0,5566000000.0,2575000000.0,2991000000.0,12132342856.0,19000000.0,-74000000.0,-218000000.0,-26000000.0,-170000000.0,-407000000.0,-263000000.0,0.0,705000000.0,-16000000.0,654000000.0,654000000.0,654000000.0,4000000.0,0.0,0.126,632000000.0,946000000.0,443000000.0,0.26,6.389,18.551,18.571,973000000.0,0.0,92.3,2.339,2.338,1036000000.0,5215000000.0,5187000000.0,5187000000.0,0.0,0.09,0.337,0.214,0.185,67000000.0,632000000.0,1.0,131444668.0,131400000.0,132800000.0,39.475,4875000000.0,141000000.0,243000000.0,0.0,37.1,871000000.0
12,COL,MRT,2015-09-30,2015-09-30,2015-09-30,2018-11-26,-1699000000.0,7304000000.0,7211500000.0,3224000000.0,4080000000.0,0.727,14.172,-210000000.0,252000000.0,252000000.0,3630000000.0,686000000.0,1.565,2.893,2128000000.0,448000000.0,1680000000.0,2128000000.0,0.0,252000000.0,0.0,0.015,1.26,1015000000.0,1267000000.0,0.242,1267000000.0,1015000000.0,954000000.0,5.19,5.13,5.19,1875000000.0,1933750000.0,1875000000.0,12902072104.0,13.0,10.183,525000000.0,3.968,1.0,1614000000.0,0.308,2607000000.0,61000000.0,4513000000.0,4465250000.0,1824000000.0,0.0,0.0,0.0,5424000000.0,2060000000.0,3364000000.0,10784072104.0,-71000000.0,-74000000.0,-281000000.0,-56000000.0,-167000000.0,-492000000.0,-291000000.0,0.0,735000000.0,-23000000.0,686000000.0,686000000.0,686000000.0,8000000.0,0.0,0.131,606000000.0,1008000000.0,487000000.0,0.243,5.752,15.72,15.769,964000000.0,0.0,81.84,2.056,2.065,1038000000.0,5124000000.0,5244000000.0,5244000000.0,0.0,0.095,0.355,0.227,0.194,61000000.0,606000000.0,1.0,131770187.0,132300000.0,133700000.0,39.637,4697000000.0,165000000.0,268000000.0,0.0,35.503,1164000000.0
13,COL,MRT,2015-06-30,2015-06-30,2015-06-30,2018-11-26,-1362000000.0,7230000000.0,7151250000.0,3378000000.0,3852000000.0,0.736,15.511,-203000000.0,294000000.0,294000000.0,3656000000.0,669000000.0,1.442,2.526,2412000000.0,745000000.0,1667000000.0,2412000000.0,0.0,153000000.0,0.0,0.013,1.23,996000000.0,1149000000.0,0.218,1149000000.0,996000000.0,935000000.0,5.04,4.97,5.04,2049000000.0,1936000000.0,2049000000.0,14394018785.0,14.0,12.527,531000000.0,4.02,1.0,1606000000.0,0.305,2540000000.0,61000000.0,4466000000.0,4376500000.0,1844000000.0,0.0,0.0,0.0,5175000000.0,2342000000.0,2833000000.0,12215018785.0,-156000000.0,-24000000.0,-380000000.0,-110000000.0,-163000000.0,-642000000.0,-214000000.0,0.0,734000000.0,-34000000.0,669000000.0,669000000.0,669000000.0,14000000.0,0.0,0.127,610000000.0,996000000.0,430000000.0,0.244,5.961,18.259,18.323,933000000.0,0.0,92.35,2.321,2.318,1112000000.0,4983000000.0,5262000000.0,5262000000.0,0.0,0.094,0.346,0.228,0.189,61000000.0,610000000.0,1.0,132268747.0,132100000.0,133600000.0,39.833,4690000000.0,64000000.0,266000000.0,0.0,35.503,1036000000.0
14,COL,MRT,2015-03-31,2015-03-31,2015-03-31,2018-11-26,-1382000000.0,7172000000.0,7157000000.0,3305000000.0,3867000000.0,0.731,14.728,-197000000.0,284000000.0,284000000.0,3645000000.0,649000000.0,1.411,2.681,2463000000.0,785000000.0,1678000000.0,2463000000.0,0.0,150000000.0,0.0,0.012,1.2,983000000.0,1133000000.0,0.217,1133000000.0,983000000.0,922000000.0,4.86,4.79,4.86,1947000000.0,1910500000.0,1947000000.0,14958339394.0,15.0,13.202,502000000.0,3.797,1.0,1588000000.0,0.303,2548000000.0,61000000.0,4460000000.0,4344000000.0,1800000000.0,0.0,0.0,0.0,5219000000.0,2343000000.0,2876000000.0,12772339394.0,-126000000.0,-12000000.0,-356000000.0,-81000000.0,-161000000.0,-589000000.0,-198000000.0,0.0,699000000.0,-38000000.0,649000000.0,649000000.0,649000000.0,19000000.0,0.0,0.124,601000000.0,987000000.0,472000000.0,0.247,6.56,19.68,19.866,924000000.0,0.0,96.55,2.441,2.439,1083000000.0,4849000000.0,5233000000.0,5233000000.0,0.0,0.091,0.34,0.226,0.188,63000000.0,601000000.0,1.0,132287306.0,132200000.0,133700000.0,39.584,4624000000.0,74000000.0,273000000.0,0.0,34.977,962000000.0
15,COL,MRT,2014-12-31,2014-12-31,2014-12-31,2018-11-26,-1373000000.0,7140000000.0,7134750000.0,3288000000.0,3852000000.0,0.722,14.015,-187000000.0,315000000.0,315000000.0,3589000000.0,640000000.0,1.391,2.827,2501000000.0,831000000.0,1670000000.0,2501000000.0,0.0,147000000.0,0.0,0.014,1.2,965000000.0,1112000000.0,0.216,1112000000.0,965000000.0,903000000.0,4.76,4.7,4.76,1864000000.0,1885500000.0,1864000000.0,13075256960.0,14.0,11.758,434000000.0,3.263,1.0,1562000000.0,0.303,2541000000.0,62000000.0,4422000000.0,4291000000.0,1779000000.0,0.0,0.0,0.0,5270000000.0,2363000000.0,2907000000.0,11231256960.0,-124000000.0,15000000.0,-315000000.0,-86000000.0,-161000000.0,-552000000.0,-169000000.0,0.0,621000000.0,-24000000.0,640000000.0,640000000.0,640000000.0,13000000.0,0.0,0.124,597000000.0,965000000.0,461000000.0,0.252,6.025,17.549,17.748,919000000.0,0.0,84.48,2.18,2.181,1044000000.0,4732000000.0,5151000000.0,5151000000.0,0.0,0.09,0.339,0.225,0.187,62000000.0,597000000.0,1.0,132945750.0,133000000.0,134500000.0,38.729,4599000000.0,101000000.0,263000000.0,0.0,34.579,925000000.0
16,COL,MRT,2014-09-30,2014-09-30,2014-09-30,2018-11-26,-1366000000.0,7063000000.0,7123000000.0,3204000000.0,3859000000.0,0.699,13.945,-163000000.0,323000000.0,323000000.0,3469000000.0,604000000.0,1.458,2.746,2167000000.0,504000000.0,1663000000.0,2167000000.0,0.0,141000000.0,0.0,0.015,1.2,927000000.0,1068000000.0,0.215,1068000000.0,927000000.0,868000000.0,4.47,4.42,4.47,1884000000.0,1850750000.0,1884000000.0,12673273541.0,14.0,11.866,481000000.0,3.56,1.0,1510000000.0,0.303,2551000000.0,59000000.0,4158000000.0,4245500000.0,1709000000.0,0.0,0.0,0.0,5174000000.0,2198000000.0,2976000000.0,10605273541.0,-68000000.0,-1381000000.0,-174000000.0,1158000000.0,-162000000.0,827000000.0,-1527000000.0,0.0,644000000.0,-12000000.0,604000000.0,604000000.0,604000000.0,14000000.0,0.0,0.121,594000000.0,916000000.0,535000000.0,0.268,5.629,17.558,17.562,919000000.0,0.0,78.5,2.13,2.13,1033000000.0,4605000000.0,4979000000.0,4979000000.0,0.0,0.085,0.326,0.218,0.186,68000000.0,594000000.0,1.0,135099026.0,135100000.0,136700000.0,36.854,4512000000.0,110000000.0,264000000.0,57000000.0,33.397,1006000000.0
17,COL,MRT,2014-06-30,2014-06-30,2014-06-30,2018-11-26,-1255000000.0,7253000000.0,6707250000.0,3511000000.0,3742000000.0,0.715,14.401,-148000000.0,450000000.0,450000000.0,3340000000.0,612000000.0,1.444,2.722,2518000000.0,855000000.0,1663000000.0,2518000000.0,0.0,135000000.0,0.0,0.015,1.2,920000000.0,1055000000.0,0.22,1055000000.0,920000000.0,870000000.0,4.53,4.47,4.53,1947000000.0,1784250000.0,1947000000.0,12701930696.0,14.0,12.04,397000000.0,2.936,1.0,1456000000.0,0.304,2553000000.0,50000000.0,4336000000.0,3946000000.0,1707000000.0,0.0,0.0,0.0,5300000000.0,2432000000.0,2868000000.0,10587930696.0,96000000.0,-1381000000.0,-118000000.0,1344000000.0,-162000000.0,1071000000.0,-1530000000.0,0.0,545000000.0,10000000.0,612000000.0,612000000.0,612000000.0,8000000.0,0.0,0.128,551000000.0,905000000.0,467000000.0,0.265,5.438,17.301,17.249,888000000.0,0.0,78.14,2.208,2.203,1131000000.0,4479000000.0,4796000000.0,4796000000.0,0.0,0.091,0.343,0.233,0.192,59000000.0,551000000.0,1.0,135499497.0,135200000.0,136900000.0,35.473,4700000000.0,72000000.0,258000000.0,0.0,34.763,1079000000.0
18,COL,MRT,2014-03-31,2014-03-31,2014-03-31,2018-11-26,-1269000000.0,7083000000.0,6243250000.0,3417000000.0,3666000000.0,0.747,13.631,-126000000.0,410000000.0,410000000.0,3232000000.0,618000000.0,1.424,2.832,2524000000.0,866000000.0,1658000000.0,2524000000.0,0.0,130000000.0,0.0,0.015,1.2,921000000.0,1051000000.0,0.225,1051000000.0,921000000.0,879000000.0,4.57,4.52,4.57,1847000000.0,1598250000.0,1847000000.0,12924659962.0,14.0,12.297,375000000.0,2.768,1.0,1432000000.0,0.307,2549000000.0,42000000.0,4248000000.0,3664000000.0,1674000000.0,0.0,0.0,0.0,5231000000.0,2400000000.0,2831000000.0,10788659962.0,73000000.0,-1391000000.0,-140000000.0,1370000000.0,-162000000.0,1079000000.0,-1518000000.0,0.0,501000000.0,11000000.0,618000000.0,618000000.0,618000000.0,0.0,0.0,0.133,533000000.0,899000000.0,465000000.0,0.263,5.841,17.457,17.433,829000000.0,0.0,79.67,2.313,2.315,1126000000.0,4362000000.0,4664000000.0,4664000000.0,0.0,0.099,0.387,0.251,0.197,56000000.0,533000000.0,1.0,135416844.0,135500000.0,137200000.0,34.421,4534000000.0,60000000.0,261000000.0,0.0,33.461,1017000000.0
19,COL,MRT,2013-12-31,2013-12-31,2013-12-31,2018-11-26,-1275000000.0,7093000000.0,5810750000.0,3429000000.0,3664000000.0,0.781,12.759,-115000000.0,439000000.0,439000000.0,3155000000.0,631000000.0,1.379,3.109,2575000000.0,917000000.0,1658000000.0,2575000000.0,0.0,126000000.0,0.0,0.016,1.2,894000000.0,1020000000.0,0.225,1020000000.0,894000000.0,860000000.0,4.66,4.61,4.66,1725000000.0,1416500000.0,1725000000.0,10595896466.0,12.0,10.388,401000000.0,2.966,1.0,1381000000.0,0.304,2503000000.0,34000000.0,4240000000.0,3388750000.0,1601000000.0,0.0,0.0,0.0,5363000000.0,2486000000.0,2877000000.0,9987896466.0,102000000.0,-1396000000.0,-214000000.0,1461000000.0,-163000000.0,1094000000.0,-1512000000.0,0.0,516000000.0,4000000.0,631000000.0,631000000.0,631000000.0,0.0,0.0,0.139,511000000.0,870000000.0,442000000.0,0.258,5.79,15.829,15.863,920000000.0,0.0,73.92,2.202,2.203,1107000000.0,4255000000.0,4536000000.0,4536000000.0,0.0,0.109,0.445,0.264,0.197,56000000.0,511000000.0,1.0,135117647.0,135200000.0,136700000.0,33.55,4590000000.0,100000000.0,229000000.0,0.0,33.95,943000000.0
20,COL,MRT,2013-09-30,2013-09-30,2013-09-30,2018-11-26,-1287000000.0,5400000000.0,5365750000.0,3094000000.0,2306000000.0,0.834,11.853,-117000000.0,391000000.0,391000000.0,3103000000.0,632000000.0,1.562,2.334,999000000.0,436000000.0,563000000.0,999000000.0,0.0,124000000.0,0.0,0.018,1.2,895000000.0,1019000000.0,0.228,1019000000.0,895000000.0,867000000.0,4.63,4.58,4.63,1618000000.0,1248250000.0,1618000000.0,9972744127.0,11.0,9.787,500000000.0,3.663,1.0,1371000000.0,0.306,1067000000.0,28000000.0,2960000000.0,3106000000.0,1518000000.0,0.0,0.0,0.0,3777000000.0,1981000000.0,1796000000.0,9161744127.0,56000000.0,0.0,-528000000.0,235000000.0,-164000000.0,-448000000.0,-118000000.0,0.0,617000000.0,5000000.0,632000000.0,632000000.0,632000000.0,-2000000.0,0.0,0.141,495000000.0,876000000.0,463000000.0,0.259,5.662,14.496,14.657,773000000.0,0.0,67.86,2.048,2.07,1058000000.0,4163000000.0,4474000000.0,4474000000.0,0.0,0.118,0.506,0.288,0.2,64000000.0,495000000.0,1.0,135009492.0,136500000.0,138100000.0,32.777,4333000000.0,264000000.0,235000000.0,0.0,31.744,1113000000.0
21,COL,MRT,2013-06-30,2013-06-30,2013-06-30,2018-11-26,-1592000000.0,5397000000.0,5344250000.0,2945000000.0,2452000000.0,0.823,8.878,-120000000.0,354000000.0,354000000.0,3061000000.0,609000000.0,1.522,3.482,1165000000.0,602000000.0,563000000.0,1165000000.0,0.0,121000000.0,0.0,0.019,1.2,861000000.0,982000000.0,0.223,982000000.0,861000000.0,833000000.0,4.41,4.37,4.41,1203000000.0,1158500000.0,1203000000.0,9423866532.0,11.0,9.597,531000000.0,3.919,1.0,1335000000.0,0.304,1065000000.0,28000000.0,3208000000.0,3177750000.0,1509000000.0,0.0,0.0,0.0,4189000000.0,1935000000.0,2254000000.0,8602866532.0,89000000.0,-3000000.0,-486000000.0,199000000.0,-167000000.0,-445000000.0,-123000000.0,0.0,651000000.0,6000000.0,609000000.0,609000000.0,609000000.0,-23000000.0,0.0,0.139,517000000.0,818000000.0,379000000.0,0.272,7.151,14.126,14.379,757000000.0,0.0,63.41,1.957,1.955,969000000.0,4027000000.0,4396000000.0,4396000000.0,0.0,0.114,0.526,0.271,0.196,73000000.0,517000000.0,1.0,135670502.0,135500000.0,137200000.0,32.443,4332000000.0,421000000.0,224000000.0,0.0,31.97,1010000000.0
22,COL,MRT,2013-03-31,2013-03-31,2013-03-31,2018-11-26,-1599000000.0,5353000000.0,5282000000.0,2874000000.0,2479000000.0,0.846,8.223,-115000000.0,337000000.0,337000000.0,3138000000.0,611000000.0,1.466,3.775,1158000000.0,588000000.0,570000000.0,1158000000.0,0.0,119000000.0,0.0,0.019,1.2,858000000.0,977000000.0,0.219,977000000.0,858000000.0,830000000.0,4.36,4.31,4.36,1120000000.0,1176000000.0,1120000000.0,9405301177.0,11.0,9.627,553000000.0,4.06,1.0,1331000000.0,0.298,1067000000.0,28000000.0,3147000000.0,3203000000.0,1444000000.0,0.0,0.0,0.0,4228000000.0,1960000000.0,2268000000.0,8620301177.0,40000000.0,-3000000.0,-625000000.0,288000000.0,-169000000.0,-501000000.0,-119000000.0,0.0,668000000.0,-8000000.0,611000000.0,611000000.0,611000000.0,-20000000.0,0.0,0.137,519000000.0,812000000.0,394000000.0,0.275,7.697,14.109,14.477,758000000.0,0.0,63.12,1.929,1.924,954000000.0,3911000000.0,4469000000.0,4469000000.0,0.0,0.116,0.52,0.268,0.192,82000000.0,519000000.0,1.0,136570044.0,136200000.0,137800000.0,32.812,4286000000.0,461000000.0,219000000.0,0.0,31.468,914000000.0
23,COL,MRT,2012-12-31,2012-12-31,2012-12-31,2018-11-26,-1598000000.0,5313000000.0,5245500000.0,2793000000.0,2520000000.0,0.858,7.547,-117000000.0,337000000.0,337000000.0,3144000000.0,611000000.0,1.458,4.046,1122000000.0,549000000.0,573000000.0,1122000000.0,0.0,119000000.0,0.0,0.024,1.38,873000000.0,992000000.0,0.22,992000000.0,873000000.0,846000000.0,4.28,4.23,4.28,1052000000.0,1228250000.0,1052000000.0,8600204229.0,10.0,8.67,544000000.0,3.902,1.0,1355000000.0,0.301,1074000000.0,27000000.0,3109000000.0,3228750000.0,1403000000.0,0.0,0.0,0.0,4256000000.0,1915000000.0,2341000000.0,8156204229.0,51000000.0,-3000000.0,-631000000.0,297000000.0,-163000000.0,-491000000.0,-122000000.0,0.0,661000000.0,3000000.0,611000000.0,611000000.0,611000000.0,-20000000.0,0.0,0.136,530000000.0,825000000.0,393000000.0,0.322,7.753,13.349,13.591,767000000.0,0.0,58.17,1.813,1.802,906000000.0,3793000000.0,4499000000.0,4499000000.0,0.0,0.116,0.497,0.27,0.194,87000000.0,530000000.0,1.0,140213241.0,139400000.0,140700000.0,32.274,4239000000.0,500000000.0,235000000.0,0.0,30.409,878000000.0
24,COL,MRT,2012-09-30,2012-09-30,2012-09-30,2018-11-26,-1607000000.0,5314000000.0,5209250000.0,2787000000.0,2527000000.0,0.87,8.665,-121000000.0,335000000.0,335000000.0,3168000000.0,609000000.0,1.935,3.217,779000000.0,0.0,779000000.0,779000000.0,0.0,116000000.0,0.0,0.025,1.32,879000000.0,995000000.0,0.22,995000000.0,879000000.0,852000000.0,4.19,4.15,4.19,1259000000.0,1279500000.0,1259000000.0,8339014238.0,9.0,8.381,413000000.0,2.842,1.0,1363000000.0,0.301,1071000000.0,27000000.0,3247000000.0,3271000000.0,1332000000.0,0.0,0.0,0.0,4050000000.0,1440000000.0,2610000000.0,7625014238.0,-195000000.0,-3000000.0,-693000000.0,247000000.0,-157000000.0,-594000000.0,-129000000.0,0.0,534000000.0,-6000000.0,609000000.0,609000000.0,609000000.0,-20000000.0,0.0,0.134,530000000.0,833000000.0,475000000.0,0.315,6.056,12.521,12.802,773000000.0,0.0,53.64,1.683,1.72,971000000.0,3708000000.0,4531000000.0,4531000000.0,0.0,0.117,0.476,0.269,0.194,84000000.0,530000000.0,1.0,142151645.0,145300000.0,146800000.0,31.184,4243000000.0,513000000.0,243000000.0,0.0,29.202,1347000000.0
25,COL,MRT,2012-06-30,2012-06-30,2012-06-30,2018-11-26,-1478000000.0,5148000000.0,5228000000.0,2753000000.0,2395000000.0,0.91,8.877,-119000000.0,265000000.0,265000000.0,3369000000.0,632000000.0,1.854,3.04,979000000.0,201000000.0,778000000.0,979000000.0,0.0,88000000.0,0.0,0.026,1.26,898000000.0,986000000.0,0.207,986000000.0,898000000.0,873000000.0,4.27,4.22,4.27,1273000000.0,1345500000.0,1273000000.0,7731511696.0,9.0,7.841,484000000.0,3.375,1.0,1387000000.0,0.292,1068000000.0,25000000.0,3309000000.0,3160250000.0,1353000000.0,0.0,0.0,0.0,3870000000.0,1485000000.0,2385000000.0,7157511696.0,-3000000.0,44000000.0,-741000000.0,378000000.0,-150000000.0,-506000000.0,-80000000.0,2000000.0,603000000.0,-20000000.0,632000000.0,632000000.0,632000000.0,-17000000.0,0.0,0.133,535000000.0,852000000.0,400000000.0,0.295,5.623,11.325,11.557,750000000.0,0.0,49.35,1.505,1.488,967000000.0,3609000000.0,4756000000.0,4756000000.0,0.0,0.121,0.47,0.284,0.189,86000000.0,535000000.0,1.0,145035698.0,143400000.0,145000000.0,33.166,4080000000.0,423000000.0,241000000.0,0.0,28.452,1268000000.0
26,COL,MRT,2012-03-31,2012-03-31,2012-03-31,2018-11-26,-1476000000.0,5207000000.0,5219250000.0,2757000000.0,2450000000.0,0.908,9.103,-139000000.0,297000000.0,297000000.0,3356000000.0,624000000.0,1.897,2.914,871000000.0,97000000.0,774000000.0,871000000.0,0.0,95000000.0,0.0,0.021,1.2,894000000.0,989000000.0,0.209,989000000.0,894000000.0,871000000.0,4.14,4.09,4.14,1329000000.0,1444000000.0,1329000000.0,8960300144.0,10.0,9.06,436000000.0,2.986,1.0,1385000000.0,0.292,1078000000.0,23000000.0,3250000000.0,3055000000.0,1365000000.0,0.0,0.0,0.0,3873000000.0,1453000000.0,2420000000.0,8421300144.0,61000000.0,44000000.0,-593000000.0,315000000.0,-144000000.0,-411000000.0,-100000000.0,2000000.0,575000000.0,-3000000.0,624000000.0,624000000.0,624000000.0,-18000000.0,0.0,0.132,534000000.0,851000000.0,414000000.0,0.29,6.337,13.496,13.903,751000000.0,0.0,57.56,1.776,1.773,898000000.0,3489000000.0,4741000000.0,4741000000.0,0.0,0.12,0.432,0.293,0.189,84000000.0,534000000.0,1.0,146304728.0,146000000.0,147600000.0,32.473,4129000000.0,489000000.0,247000000.0,0.0,28.281,1304000000.0
27,COL,MRT,2011-12-31,2011-12-31,2011-12-31,2018-11-26,-1496000000.0,5168000000.0,5172500000.0,2693000000.0,2475000000.0,0.927,8.402,-150000000.0,286000000.0,286000000.0,3410000000.0,613000000.0,1.995,3.107,825000000.0,48000000.0,777000000.0,825000000.0,0.0,101000000.0,0.0,0.017,0.96,896000000.0,997000000.0,0.208,997000000.0,896000000.0,876000000.0,4.01,3.96,4.01,1257000000.0,1505000000.0,1257000000.0,8377064361.0,9.0,8.402,386000000.0,2.58,1.0,1386000000.0,0.289,1079000000.0,20000000.0,3278000000.0,2937250000.0,1302000000.0,0.0,0.0,0.0,3906000000.0,1350000000.0,2556000000.0,8379064361.0,23000000.0,34000000.0,-552000000.0,281000000.0,-146000000.0,-406000000.0,-102000000.0,20000000.0,536000000.0,-5000000.0,613000000.0,613000000.0,613000000.0,-18000000.0,0.0,0.128,533000000.0,853000000.0,403000000.0,0.239,6.666,13.669,13.808,746000000.0,0.0,55.37,1.747,1.727,901000000.0,3372000000.0,4796000000.0,4796000000.0,0.0,0.119,0.407,0.305,0.187,83000000.0,533000000.0,1.0,151328596.0,149600000.0,151100000.0,32.059,4089000000.0,536000000.0,263000000.0,0.0,27.333,1343000000.0
28,COL,MRT,2011-09-30,2011-09-30,2011-09-30,2018-11-26,-1497000000.0,5389000000.0,5106500000.0,2889000000.0,2500000000.0,0.941,9.877,-138000000.0,530000000.0,530000000.0,3427000000.0,634000000.0,1.932,2.535,528000000.0,0.0,528000000.0,528000000.0,0.0,108000000.0,0.0,0.018,0.96,893000000.0,1001000000.0,0.208,1001000000.0,893000000.0,874000000.0,4.11,4.06,4.11,1523000000.0,1559750000.0,1523000000.0,8423444065.0,9.0,8.415,519000000.0,3.366,1.0,1379000000.0,0.287,1088000000.0,19000000.0,2804000000.0,2808750000.0,1195000000.0,0.0,0.0,0.0,3861000000.0,1495000000.0,2366000000.0,8107444065.0,95000000.0,27000000.0,-306000000.0,-24000000.0,-148000000.0,-471000000.0,-92000000.0,20000000.0,657000000.0,1000000.0,634000000.0,634000000.0,634000000.0,-19000000.0,0.0,0.132,533000000.0,846000000.0,485000000.0,0.234,5.323,12.788,12.837,754000000.0,0.0,52.76,1.687,1.693,969000000.0,3288000000.0,4806000000.0,4806000000.0,0.0,0.124,0.406,0.318,0.186,85000000.0,533000000.0,1.0,153666491.0,154200000.0,156100000.0,31.167,4301000000.0,554000000.0,240000000.0,0.0,27.892,1394000000.0
29,COL,MRT,2011-06-30,2011-06-30,2011-06-30,2018-11-26,-1239000000.0,5113000000.0,5025250000.0,2754000000.0,2359000000.0,0.951,10.839,-129000000.0,268000000.0,268000000.0,3407000000.0,609000000.0,1.913,2.065,584000000.0,70000000.0,514000000.0,584000000.0,0.0,111000000.0,0.0,0.016,0.96,877000000.0,988000000.0,0.207,988000000.0,877000000.0,858000000.0,3.93,3.87,3.93,1667000000.0,1549500000.0,1667000000.0,9804541106.0,11.0,9.924,388000000.0,2.523,1.0,1374000000.0,0.287,1101000000.0,19000000.0,2888000000.0,2771250000.0,1212000000.0,0.0,0.0,0.0,3442000000.0,1440000000.0,2002000000.0,9503541106.0,-35000000.0,-18000000.0,-317000000.0,46000000.0,-150000000.0,-410000000.0,-152000000.0,-3000000.0,517000000.0,10000000.0,609000000.0,609000000.0,609000000.0,-4000000.0,0.0,0.127,521000000.0,853000000.0,421000000.0,0.244,5.701,15.605,15.697,729000000.0,0.0,61.69,1.988,1.985,1029000000.0,3153000000.0,4781000000.0,4781000000.0,0.0,0.121,0.393,0.316,0.183,83000000.0,521000000.0,1.0,154053187.0,153800000.0,155900000.0,31.086,4012000000.0,450000000.0,249000000.0,0.0,26.086,1314000000.0
30,COL,MRT,2011-03-31,2011-03-31,2011-03-31,2018-11-26,-1240000000.0,5020000000.0,4931000000.0,2652000000.0,2368000000.0,0.973,10.194,-115000000.0,236000000.0,236000000.0,3459000000.0,593000000.0,1.842,2.189,537000000.0,28000000.0,509000000.0,537000000.0,0.0,113000000.0,0.0,0.015,0.96,853000000.0,966000000.0,0.201,966000000.0,853000000.0,834000000.0,3.8,3.75,3.8,1573000000.0,1527000000.0,1573000000.0,10294064868.0,12.0,10.656,443000000.0,2.871,1.0,1340000000.0,0.279,1102000000.0,19000000.0,2779000000.0,2684500000.0,1172000000.0,0.0,0.0,0.0,3443000000.0,1440000000.0,2003000000.0,10033064868.0,-10000000.0,-19000000.0,-299000000.0,5000000.0,-151000000.0,-432000000.0,-140000000.0,-3000000.0,558000000.0,4000000.0,593000000.0,593000000.0,593000000.0,-3000000.0,0.0,0.124,509000000.0,831000000.0,453000000.0,0.253,6.378,16.919,17.061,718000000.0,0.0,64.83,2.091,2.084,1021000000.0,3041000000.0,4799000000.0,4799000000.0,0.0,0.12,0.388,0.318,0.178,78000000.0,509000000.0,1.0,154759600.0,154300000.0,156500000.0,31.102,3918000000.0,476000000.0,241000000.0,0.0,25.392,1212000000.0
31,COL,MRT,2010-12-31,2010-12-31,2010-12-31,2018-11-26,-1256000000.0,4904000000.0,4842250000.0,2546000000.0,2358000000.0,0.976,9.486,-114000000.0,263000000.0,263000000.0,3423000000.0,591000000.0,1.935,2.32,524000000.0,12000000.0,512000000.0,524000000.0,0.0,113000000.0,0.0,0.016,0.96,831000000.0,944000000.0,0.2,944000000.0,831000000.0,812000000.0,3.77,3.72,3.77,1476000000.0,1507000000.0,1476000000.0,9251940069.0,11.0,9.801,570000000.0,3.663,1.0,1302000000.0,0.276,1085000000.0,19000000.0,2764000000.0,2624000000.0,1093000000.0,0.0,0.0,0.0,3425000000.0,1316000000.0,2109000000.0,9137940069.0,57000000.0,-11000000.0,-269000000.0,-72000000.0,-151000000.0,-477000000.0,-150000000.0,-21000000.0,684000000.0,0.0,591000000.0,591000000.0,591000000.0,-3000000.0,0.0,0.125,492000000.0,810000000.0,371000000.0,0.255,6.191,15.462,15.454,703000000.0,0.0,58.26,1.934,1.919,959000000.0,2930000000.0,4725000000.0,4725000000.0,0.0,0.122,0.392,0.317,0.176,73000000.0,492000000.0,1.0,156847581.0,155600000.0,157500000.0,30.366,3819000000.0,501000000.0,221000000.0,0.0,24.544,1230000000.0
32,COL,MRT,2010-09-30,2010-09-30,2010-09-30,2018-11-26,-1259000000.0,5064000000.0,4778500000.0,2689000000.0,2375000000.0,0.969,9.433,-108000000.0,435000000.0,435000000.0,3353000000.0,561000000.0,1.852,2.414,549000000.0,24000000.0,525000000.0,549000000.0,0.0,115000000.0,0.0,0.016,0.96,820000000.0,935000000.0,0.202,935000000.0,820000000.0,800000000.0,3.57,3.52,3.57,1482000000.0,1483250000.0,1482000000.0,9391815596.0,11.0,10.045,603000000.0,3.838,1.0,1278000000.0,0.276,1072000000.0,20000000.0,2654000000.0,2579750000.0,1004000000.0,0.0,0.0,0.0,3578000000.0,1452000000.0,2126000000.0,9156815596.0,200000000.0,-96000000.0,-145000000.0,0.0,-151000000.0,-279000000.0,-232000000.0,-21000000.0,711000000.0,0.0,561000000.0,561000000.0,561000000.0,-4000000.0,0.0,0.121,476000000.0,802000000.0,420000000.0,0.269,6.179,16.322,16.317,707000000.0,0.0,58.25,1.977,1.976,1024000000.0,2816000000.0,4631000000.0,4631000000.0,0.0,0.117,0.378,0.318,0.177,71000000.0,476000000.0,1.0,157198551.0,157100000.0,159200000.0,29.478,3992000000.0,518000000.0,239000000.0,0.0,25.411,1237000000.0
33,COL,MRT,2010-06-30,2010-06-30,2010-06-30,2018-11-26,-1084000000.0,4736000000.0,4673750000.0,2426000000.0,2310000000.0,0.968,10.025,-119000000.0,303000000.0,303000000.0,3289000000.0,545000000.0,1.776,2.001,538000000.0,22000000.0,516000000.0,538000000.0,0.0,150000000.0,0.0,0.018,0.96,788000000.0,938000000.0,0.207,938000000.0,788000000.0,767000000.0,3.46,3.42,3.46,1577000000.0,1435750000.0,1577000000.0,8643379136.0,11.0,9.215,573000000.0,3.643,1.0,1236000000.0,0.273,1064000000.0,21000000.0,2541000000.0,2571000000.0,980000000.0,0.0,0.0,0.0,3155000000.0,1366000000.0,1789000000.0,8362379136.0,85000000.0,-95000000.0,-135000000.0,-117000000.0,-151000000.0,-389000000.0,-220000000.0,0.0,692000000.0,2000000.0,545000000.0,545000000.0,545000000.0,-5000000.0,0.0,0.12,473000000.0,763000000.0,388000000.0,0.277,5.303,15.344,15.355,709000000.0,0.0,53.13,1.848,1.847,917000000.0,2715000000.0,4525000000.0,4525000000.0,0.0,0.117,0.38,0.306,0.174,67000000.0,473000000.0,1.0,157394676.0,157300000.0,159500000.0,28.767,3672000000.0,440000000.0,222000000.0,0.0,23.344,1060000000.0
34,COL,MRT,2010-03-31,2010-03-31,2010-03-31,2018-11-26,-1076000000.0,4665000000.0,4582750000.0,2332000000.0,2333000000.0,0.96,9.504,-138000000.0,246000000.0,246000000.0,3163000000.0,548000000.0,1.733,2.123,527000000.0,0.0,527000000.0,527000000.0,0.0,151000000.0,0.0,0.015,0.96,799000000.0,950000000.0,0.216,950000000.0,799000000.0,778000000.0,3.48,3.44,3.48,1493000000.0,1475000000.0,1493000000.0,10225325068.0,13.0,10.764,638000000.0,4.061,1.0,1238000000.0,0.281,1063000000.0,21000000.0,2537000000.0,2542500000.0,1011000000.0,0.0,0.0,0.0,3169000000.0,1346000000.0,1823000000.0,9840325068.0,56000000.0,-212000000.0,-138000000.0,-89000000.0,-151000000.0,-369000000.0,-355000000.0,0.0,776000000.0,4000000.0,548000000.0,548000000.0,548000000.0,-5000000.0,0.0,0.125,462000000.0,776000000.0,360000000.0,0.276,6.591,17.957,17.986,718000000.0,0.0,62.59,2.236,2.234,842000000.0,2622000000.0,4401000000.0,4401000000.0,0.0,0.12,0.372,0.314,0.182,72000000.0,462000000.0,1.0,157218806.0,157100000.0,159400000.0,28.014,3602000000.0,478000000.0,230000000.0,0.0,22.928,986000000.0
35,COL,MRT,2009-12-31,2009-12-31,2009-12-31,2018-11-26,-1075000000.0,4649000000.0,4459250000.0,2304000000.0,2345000000.0,0.986,8.791,-134000000.0,206000000.0,206000000.0,3120000000.0,564000000.0,1.671,2.364,591000000.0,62000000.0,529000000.0,591000000.0,0.0,148000000.0,0.0,0.017,0.96,842000000.0,990000000.0,0.225,990000000.0,842000000.0,822000000.0,3.58,3.54,3.58,1381000000.0,1509500000.0,1381000000.0,9001495221.0,11.0,9.092,562000000.0,3.577,1.0,1277000000.0,0.29,1068000000.0,20000000.0,2587000000.0,2434250000.0,1022000000.0,0.0,0.0,0.0,3265000000.0,1379000000.0,1886000000.0,8704495221.0,6000000.0,-210000000.0,-115000000.0,-83000000.0,-152000000.0,-346000000.0,-348000000.0,0.0,696000000.0,4000000.0,564000000.0,564000000.0,564000000.0,-5000000.0,0.0,0.128,461000000.0,816000000.0,339000000.0,0.268,6.303,15.434,15.464,714000000.0,0.0,55.36,1.98,1.978,825000000.0,2524000000.0,4397000000.0,4397000000.0,0.0,0.126,0.374,0.346,0.191,77000000.0,461000000.0,1.0,157234379.0,157100000.0,159200000.0,27.989,3581000000.0,505000000.0,258000000.0,0.0,22.794,925000000.0
36,COL,MRT,2009-09-30,2009-09-30,2009-09-30,2018-11-26,-1080000000.0,4645000000.0,4345250000.0,2362000000.0,2283000000.0,1.019,8.188,-153000000.0,235000000.0,235000000.0,3118000000.0,594000000.0,1.738,2.593,532000000.0,0.0,532000000.0,532000000.0,0.0,144000000.0,0.0,0.019,0.96,881000000.0,1025000000.0,0.231,1025000000.0,881000000.0,863000000.0,3.76,3.73,3.76,1292000000.0,1536000000.0,1292000000.0,8437435342.0,10.0,8.232,480000000.0,3.042,1.0,1310000000.0,0.296,964000000.0,18000000.0,2619000000.0,2312000000.0,943000000.0,0.0,0.0,0.0,3350000000.0,1359000000.0,1991000000.0,8008435342.0,60000000.0,-146000000.0,-134000000.0,9000000.0,-152000000.0,-275000000.0,-302000000.0,0.0,633000000.0,4000000.0,594000000.0,594000000.0,594000000.0,-5000000.0,0.0,0.134,457000000.0,853000000.0,366000000.0,0.255,6.198,13.482,13.511,719000000.0,0.0,50.8,1.809,1.81,913000000.0,2444000000.0,4428000000.0,4428000000.0,0.0,0.137,0.387,0.381,0.199,79000000.0,457000000.0,1.0,157646365.0,157800000.0,159400000.0,28.061,3681000000.0,525000000.0,269000000.0,0.0,23.327,1003000000.0
37,COL,MRT,2009-06-30,2009-06-30,2009-06-30,2018-11-26,-572000000.0,4372000000.0,4220000000.0,2392000000.0,1980000000.0,1.08,10.975,-173000000.0,218000000.0,218000000.0,3174000000.0,642000000.0,1.676,1.521,647000000.0,117000000.0,530000000.0,647000000.0,0.0,139000000.0,0.0,0.023,0.96,936000000.0,1075000000.0,0.236,1075000000.0,936000000.0,918000000.0,4.07,4.02,4.07,1734000000.0,1565000000.0,1734000000.0,7037383391.0,8.0,6.546,518000000.0,3.278,1.0,1383000000.0,0.303,947000000.0,18000000.0,2427000000.0,2141500000.0,998000000.0,0.0,0.0,0.0,2638000000.0,1427000000.0,1211000000.0,6609383391.0,31000000.0,-144000000.0,-168000000.0,-16000000.0,-152000000.0,-334000000.0,-323000000.0,0.0,691000000.0,-3000000.0,642000000.0,642000000.0,642000000.0,0.0,0.0,0.141,466000000.0,917000000.0,350000000.0,0.236,3.812,10.295,10.253,714000000.0,0.0,41.73,1.45,1.447,907000000.0,2359000000.0,4557000000.0,4557000000.0,0.0,0.152,0.41,0.437,0.205,87000000.0,466000000.0,1.0,158384457.0,158000000.0,159700000.0,28.842,3425000000.0,151000000.0,276000000.0,0.0,21.677,965000000.0
38,COL,MRT,2009-03-31,2009-03-31,2009-03-31,2018-11-26,-593000000.0,4171000000.0,4155750000.0,2314000000.0,1857000000.0,1.123,10.316,-169000000.0,190000000.0,190000000.0,3242000000.0,671000000.0,1.412,1.557,618000000.0,385000000.0,233000000.0,618000000.0,0.0,133000000.0,0.0,0.029,0.96,969000000.0,1102000000.0,0.236,1102000000.0,969000000.0,951000000.0,4.24,4.18,4.24,1631000000.0,1525500000.0,1631000000.0,5636623676.0,6.0,5.115,458000000.0,2.897,1.0,1425000000.0,0.305,856000000.0,18000000.0,2104000000.0,2028000000.0,993000000.0,0.0,0.0,0.0,2540000000.0,1639000000.0,901000000.0,5160623676.0,-8000000.0,-133000000.0,-196000000.0,24000000.0,-153000000.0,-323000000.0,-306000000.0,0.0,627000000.0,-6000000.0,671000000.0,671000000.0,671000000.0,0.0,0.0,0.144,477000000.0,948000000.0,325000000.0,0.226,3.164,7.691,7.698,685000000.0,0.0,32.64,1.106,1.106,902000000.0,2264000000.0,4667000000.0,4667000000.0,0.0,0.161,0.44,0.478,0.208,85000000.0,477000000.0,1.0,158107343.0,158100000.0,159300000.0,29.519,3315000000.0,142000000.0,280000000.0,7000000.0,20.968,675000000.0
39,COL,MRT,2008-12-31,2008-12-31,2008-12-31,2018-11-26,-590000000.0,4193000000.0,4098750000.0,2307000000.0,1886000000.0,1.15,9.405,-172000000.0,200000000.0,200000000.0,3297000000.0,675000000.0,1.344,1.82,676000000.0,441000000.0,235000000.0,676000000.0,0.0,130000000.0,0.0,0.023,0.88,963000000.0,1093000000.0,0.232,1093000000.0,963000000.0,943000000.0,4.24,4.18,4.24,1487000000.0,1491000000.0,1487000000.0,6528283252.0,7.0,5.973,437000000.0,2.764,1.0,1418000000.0,0.301,855000000.0,20000000.0,2098000000.0,1986500000.0,1026000000.0,0.0,0.0,0.0,2706000000.0,1716000000.0,990000000.0,6188283252.0,29000000.0,-133000000.0,-381000000.0,251000000.0,-141000000.0,-267000000.0,-311000000.0,0.0,609000000.0,-2000000.0,675000000.0,675000000.0,675000000.0,0.0,0.0,0.143,479000000.0,939000000.0,310000000.0,0.208,4.162,9.168,9.219,680000000.0,0.0,39.09,1.312,1.311,852000000.0,2149000000.0,4715000000.0,4715000000.0,0.0,0.165,0.453,0.485,0.204,88000000.0,479000000.0,1.0,158308602.0,158100000.0,159200000.0,29.823,3338000000.0,141000000.0,268000000.0,62000000.0,21.113,591000000.0
40,COL,MRT,2008-09-30,2008-09-30,2008-09-30,2018-11-26,-578000000.0,4144000000.0,4012500000.0,2338000000.0,1806000000.0,1.189,8.756,-170000000.0,175000000.0,175000000.0,3334000000.0,678000000.0,1.344,1.943,515000000.0,287000000.0,228000000.0,515000000.0,0.0,129000000.0,0.0,0.017,0.8,974000000.0,1103000000.0,0.231,1103000000.0,974000000.0,953000000.0,4.22,4.16,4.22,1408000000.0,1495250000.0,1408000000.0,8136196033.0,8.0,7.376,450000000.0,2.799,1.0,1435000000.0,0.301,807000000.0,21000000.0,1937000000.0,1916250000.0,970000000.0,0.0,0.0,0.0,2736000000.0,1740000000.0,996000000.0,7666196033.0,-56000000.0,-105000000.0,-559000000.0,287000000.0,-129000000.0,-393000000.0,-284000000.0,0.0,620000000.0,1000000.0,678000000.0,678000000.0,678000000.0,0.0,0.0,0.142,485000000.0,950000000.0,419000000.0,0.19,5.445,11.307,11.396,680000000.0,0.0,48.09,1.608,1.621,950000000.0,2058000000.0,4769000000.0,4769000000.0,0.0,0.169,0.453,0.508,0.204,84000000.0,485000000.0,1.0,159413517.0,160800000.0,162900000.0,29.658,3337000000.0,283000000.0,275000000.0,0.0,20.752,598000000.0
41,COL,MRT,2008-06-30,2008-06-30,2008-06-30,2018-11-26,-319000000.0,4115000000.0,3914000000.0,2285000000.0,1830000000.0,1.205,9.832,-153000000.0,187000000.0,187000000.0,3302000000.0,652000000.0,1.274,1.611,657000000.0,429000000.0,228000000.0,657000000.0,0.0,125000000.0,0.0,0.015,0.72,959000000.0,1084000000.0,0.23,1084000000.0,959000000.0,941000000.0,4.02,3.96,4.02,1576000000.0,1536500000.0,1576000000.0,8105220084.0,8.0,7.477,466000000.0,2.907,1.0,1416000000.0,0.3,818000000.0,18000000.0,1973000000.0,1830000000.0,960000000.0,0.0,0.0,0.0,2539000000.0,1794000000.0,745000000.0,7709220084.0,52000000.0,-144000000.0,-582000000.0,425000000.0,-117000000.0,-263000000.0,-308000000.0,0.0,619000000.0,4000000.0,652000000.0,652000000.0,652000000.0,0.0,0.0,0.138,480000000.0,936000000.0,368000000.0,0.179,4.892,11.824,11.93,637000000.0,0.0,47.96,1.634,1.63,911000000.0,1922000000.0,4718000000.0,4718000000.0,0.0,0.167,0.424,0.524,0.203,82000000.0,480000000.0,1.0,160742704.0,160300000.0,162400000.0,29.432,3297000000.0,158000000.0,289000000.0,1000000.0,20.568,491000000.0
42,COL,MRT,2008-03-31,2008-03-31,2008-03-31,2018-11-26,-323000000.0,3943000000.0,3771500000.0,2270000000.0,1673000000.0,1.229,9.268,-143000000.0,198000000.0,198000000.0,3255000000.0,624000000.0,1.34,1.641,594000000.0,361000000.0,233000000.0,594000000.0,0.0,123000000.0,0.0,0.011,0.64,918000000.0,1041000000.0,0.224,1041000000.0,918000000.0,902000000.0,3.8,3.75,3.8,1493000000.0,1498250000.0,1493000000.0,9527887852.0,10.0,9.153,408000000.0,2.533,1.0,1382000000.0,0.298,707000000.0,16000000.0,1938000000.0,1731750000.0,918000000.0,0.0,0.0,0.0,2450000000.0,1694000000.0,756000000.0,9280887852.0,31000000.0,-37000000.0,-603000000.0,353000000.0,-105000000.0,-335000000.0,-193000000.0,0.0,551000000.0,8000000.0,624000000.0,624000000.0,624000000.0,0.0,0.0,0.135,485000000.0,897000000.0,370000000.0,0.168,6.216,14.873,15.039,624000000.0,0.0,57.15,2.001,1.986,923000000.0,1790000000.0,4637000000.0,4637000000.0,0.0,0.165,0.416,0.53,0.198,80000000.0,485000000.0,1.0,162395238.0,161100000.0,163200000.0,28.783,3236000000.0,167000000.0,278000000.0,10000000.0,20.087,576000000.0
43,COL,MRT,2007-12-31,2007-12-31,2007-12-31,2018-11-26,-331000000.0,3848000000.0,3648500000.0,2201000000.0,1647000000.0,1.243,9.233,-140000000.0,171000000.0,171000000.0,3171000000.0,596000000.0,1.397,1.559,418000000.0,190000000.0,228000000.0,418000000.0,0.0,120000000.0,0.0,0.009,0.64,894000000.0,1014000000.0,0.224,1014000000.0,894000000.0,880000000.0,3.59,3.54,3.59,1504000000.0,1466750000.0,1504000000.0,11717118066.0,13.0,11.555,418000000.0,2.566,1.0,1363000000.0,0.301,702000000.0,14000000.0,1817000000.0,1643500000.0,922000000.0,0.0,0.0,0.0,2344000000.0,1576000000.0,768000000.0,11725118066.0,-36000000.0,-32000000.0,-512000000.0,175000000.0,-106000000.0,-415000000.0,-183000000.0,0.0,558000000.0,4000000.0,596000000.0,596000000.0,596000000.0,0.0,0.0,0.131,484000000.0,879000000.0,357000000.0,0.178,7.796,19.673,20.047,608000000.0,0.0,71.97,2.586,2.586,858000000.0,1652000000.0,4534000000.0,4534000000.0,0.0,0.163,0.406,0.544,0.197,77000000.0,484000000.0,1.0,162916744.0,162900000.0,165300000.0,27.833,3146000000.0,184000000.0,284000000.0,80000000.0,19.312,625000000.0
44,COL,MRT,2007-09-30,2007-09-30,2007-09-30,2018-11-26,-336000000.0,3750000000.0,3533750000.0,2169000000.0,1581000000.0,1.249,9.414,-125000000.0,231000000.0,231000000.0,3092000000.0,585000000.0,1.487,1.384,223000000.0,0.0,223000000.0,223000000.0,0.0,118000000.0,0.0,0.009,0.64,856000000.0,974000000.0,0.221,974000000.0,856000000.0,843000000.0,3.5,3.45,3.5,1573000000.0,1416750000.0,1573000000.0,12257591408.0,14.0,12.585,482000000.0,2.885,1.0,1323000000.0,0.3,691000000.0,13000000.0,1592000000.0,1565500000.0,823000000.0,0.0,0.0,0.0,2177000000.0,1459000000.0,718000000.0,12173591408.0,87000000.0,-32000000.0,-272000000.0,-27000000.0,-107000000.0,-373000000.0,-153000000.0,0.0,607000000.0,6000000.0,585000000.0,585000000.0,585000000.0,0.0,0.0,0.133,482000000.0,841000000.0,395000000.0,0.183,7.739,20.81,20.869,607000000.0,0.0,73.04,2.757,2.764,883000000.0,1533000000.0,4415000000.0,4415000000.0,0.0,0.166,0.413,0.547,0.194,76000000.0,482000000.0,1.0,166670200.0,167100000.0,169700000.0,26.421,3059000000.0,176000000.0,258000000.0,29000000.0,18.306,710000000.0
45,COL,MRT,2007-06-30,2007-06-30,2007-06-30,2018-11-26,-431000000.0,3545000000.0,3415750000.0,2122000000.0,1423000000.0,1.244,8.521,-125000000.0,135000000.0,135000000.0,2991000000.0,567000000.0,1.507,1.491,219000000.0,0.0,219000000.0,219000000.0,0.0,117000000.0,0.0,0.009,0.64,825000000.0,942000000.0,0.222,942000000.0,825000000.0,811000000.0,3.35,3.32,3.35,1423000000.0,1325000000.0,1423000000.0,11880189202.0,14.0,12.612,455000000.0,2.725,1.0,1259000000.0,0.296,641000000.0,14000000.0,1580000000.0,1517750000.0,867000000.0,0.0,0.0,0.0,2122000000.0,1408000000.0,714000000.0,11821189202.0,14000000.0,-24000000.0,-418000000.0,-23000000.0,-108000000.0,-518000000.0,-55000000.0,84000000.0,580000000.0,7000000.0,567000000.0,567000000.0,567000000.0,0.0,0.0,0.133,472000000.0,787000000.0,344000000.0,0.191,8.307,20.849,21.087,569000000.0,0.0,70.64,2.781,2.776,885000000.0,1407000000.0,4250000000.0,4250000000.0,0.0,0.166,0.428,0.544,0.194,73000000.0,472000000.0,1.0,167344128.0,167000000.0,169600000.0,25.449,2904000000.0,176000000.0,244000000.0,25000000.0,17.389,714000000.0
46,COL,MRT,2007-03-31,2007-03-31,2007-03-31,2018-11-26,-434000000.0,3451000000.0,3372000000.0,2047000000.0,1404000000.0,1.216,8.142,-140000000.0,167000000.0,167000000.0,2887000000.0,542000000.0,1.592,1.525,226000000.0,0.0,226000000.0,226000000.0,0.0,114000000.0,0.0,0.01,0.64,793000000.0,907000000.0,0.221,907000000.0,793000000.0,779000000.0,3.19,3.16,3.19,1367000000.0,1250750000.0,1367000000.0,11288686373.0,14.0,12.446,501000000.0,2.984,1.0,1214000000.0,0.296,639000000.0,14000000.0,1585000000.0,1542500000.0,778000000.0,0.0,0.0,0.0,2084000000.0,1286000000.0,798000000.0,11259686373.0,15000000.0,-95000000.0,-439000000.0,27000000.0,-109000000.0,-495000000.0,-140000000.0,84000000.0,641000000.0,9000000.0,542000000.0,542000000.0,542000000.0,0.0,0.0,0.132,460000000.0,754000000.0,328000000.0,0.201,8.237,20.774,20.981,563000000.0,0.0,66.93,2.746,2.74,867000000.0,1302000000.0,4101000000.0,4101000000.0,0.0,0.161,0.433,0.514,0.193,71000000.0,460000000.0,1.0,168230784.0,167900000.0,170600000.0,24.425,2812000000.0,178000000.0,237000000.0,19000000.0,16.748,761000000.0
47,COL,MRT,2006-12-31,2006-12-31,2006-12-31,2018-11-26,-435000000.0,3389000000.0,3317500000.0,2015000000.0,1374000000.0,1.198,7.79,-141000000.0,207000000.0,207000000.0,2812000000.0,516000000.0,1.585,1.599,236000000.0,0.0,236000000.0,236000000.0,0.0,111000000.0,0.0,0.009,0.6,745000000.0,856000000.0,0.215,856000000.0,745000000.0,731000000.0,3.02,2.99,3.02,1304000000.0,1188750000.0,1304000000.0,10683256858.0,14.0,12.48,478000000.0,2.855,1.0,1163000000.0,0.293,642000000.0,14000000.0,1505000000.0,1554000000.0,788000000.0,0.0,0.0,0.0,2085000000.0,1271000000.0,814000000.0,10582256858.0,74000000.0,-100000000.0,-376000000.0,34000000.0,-102000000.0,-411000000.0,-145000000.0,84000000.0,619000000.0,11000000.0,516000000.0,516000000.0,516000000.0,0.0,0.0,0.13,453000000.0,710000000.0,299000000.0,0.199,8.115,20.508,20.957,554000000.0,0.0,63.29,2.662,2.665,780000000.0,1202000000.0,3975000000.0,3975000000.0,0.0,0.156,0.434,0.479,0.187,70000000.0,453000000.0,1.0,167202668.0,167400000.0,170100000.0,23.746,2747000000.0,170000000.0,215000000.0,50000000.0,16.41,744000000.0
48,COL,MRT,2006-09-30,2006-09-30,2006-09-30,2018-11-26,-393000000.0,3278000000.0,3246500000.0,1927000000.0,1351000000.0,1.19,7.012,-143000000.0,144000000.0,144000000.0,2752000000.0,477000000.0,1.455,1.718,245000000.0,0.0,245000000.0,245000000.0,0.0,106000000.0,0.0,0.01,0.56,702000000.0,808000000.0,0.209,808000000.0,702000000.0,689000000.0,2.77,2.73,2.77,1206000000.0,1117000000.0,1206000000.0,9520096541.0,14.0,11.782,452000000.0,2.628,1.0,1111000000.0,0.288,654000000.0,13000000.0,1401000000.0,1565000000.0,727000000.0,0.0,0.0,0.0,2072000000.0,1324000000.0,748000000.0,9400096541.0,-1000000.0,-100000000.0,-419000000.0,46000000.0,-96000000.0,-441000000.0,-159000000.0,84000000.0,595000000.0,4000000.0,477000000.0,477000000.0,477000000.0,0.0,0.0,0.123,441000000.0,670000000.0,324000000.0,0.202,7.794,19.707,19.798,552000000.0,0.0,54.84,2.433,2.442,821000000.0,1105000000.0,3863000000.0,3863000000.0,0.0,0.147,0.427,0.449,0.182,68000000.0,441000000.0,1.0,171409492.0,172000000.0,174500000.0,22.459,2624000000.0,168000000.0,212000000.0,54000000.0,15.256,603000000.0
49,COL,MRT,2006-06-30,2006-06-30,2006-06-30,2018-11-26,-596000000.0,3370000000.0,3214000000.0,1916000000.0,1454000000.0,1.171,6.577,-140000000.0,121000000.0,121000000.0,2703000000.0,449000000.0,1.601,1.993,241000000.0,0.0,241000000.0,241000000.0,0.0,102000000.0,0.0,0.009,0.52,645000000.0,747000000.0,0.198,747000000.0,645000000.0,633000000.0,2.6,2.56,2.6,1126000000.0,1050250000.0,1126000000.0,9602774276.0,15.0,12.855,395000000.0,2.307,1.0,1062000000.0,0.282,614000000.0,12000000.0,1679000000.0,1576750000.0,742000000.0,0.0,0.0,0.0,2244000000.0,1197000000.0,1047000000.0,9558774276.0,-99000000.0,-72000000.0,-405000000.0,46000000.0,-90000000.0,-423000000.0,-212000000.0,0.0,535000000.0,1000000.0,449000000.0,449000000.0,449000000.0,0.0,0.0,0.119,432000000.0,630000000.0,252000000.0,0.2,8.489,21.289,21.488,527000000.0,0.0,55.87,2.539,2.54,789000000.0,997000000.0,3765000000.0,3765000000.0,0.0,0.14,0.428,0.409,0.171,65000000.0,432000000.0,1.0,171089570.0,171200000.0,173800000.0,21.992,2756000000.0,195000000.0,184000000.0,52000000.0,16.098,719000000.0
50,COL,MRT,2006-03-31,2006-03-31,2006-03-31,2018-11-26,-602000000.0,3233000000.0,3128000000.0,1847000000.0,1386000000.0,1.18,6.487,-122000000.0,152000000.0,152000000.0,2668000000.0,429000000.0,1.71,1.889,196000000.0,0.0,196000000.0,196000000.0,0.0,101000000.0,0.0,0.009,0.48,612000000.0,713000000.0,0.193,713000000.0,612000000.0,600000000.0,2.46,2.42,2.46,1119000000.0,1083500000.0,1119000000.0,9774143331.0,16.0,13.708,386000000.0,2.238,1.0,1023000000.0,0.277,566000000.0,12000000.0,1631000000.0,1494500000.0,707000000.0,0.0,0.0,0.0,2114000000.0,1080000000.0,1034000000.0,9708143331.0,-104000000.0,-1000000.0,-420000000.0,0.0,-83000000.0,-482000000.0,-123000000.0,0.0,508000000.0,-7000000.0,429000000.0,429000000.0,429000000.0,0.0,0.0,0.116,427000000.0,596000000.0,265000000.0,0.195,8.676,22.63,22.907,495000000.0,0.0,56.35,2.63,2.634,749000000.0,910000000.0,3691000000.0,3691000000.0,0.0,0.137,0.396,0.41,0.166,82000000.0,427000000.0,1.0,172282934.0,172500000.0,175900000.0,21.397,2667000000.0,184000000.0,171000000.0,17000000.0,15.461,767000000.0
51,COL,MRT,2005-12-31,2005-12-31,2005-12-31,2018-11-26,-606000000.0,3105000000.0,3095250000.0,1737000000.0,1368000000.0,1.151,5.885,-119000000.0,133000000.0,133000000.0,2587000000.0,410000000.0,1.646,2.053,199000000.0,0.0,199000000.0,199000000.0,0.0,103000000.0,0.0,0.01,0.48,582000000.0,685000000.0,0.192,685000000.0,582000000.0,571000000.0,2.33,2.29,2.33,1017000000.0,1129250000.0,1017000000.0,8083124625.0,14.0,11.8,460000000.0,2.662,1.0,976000000.0,0.274,567000000.0,11000000.0,1549000000.0,1451000000.0,687000000.0,0.0,0.0,0.0,2088000000.0,1055000000.0,1033000000.0,8028124625.0,-59000000.0,-19000000.0,-419000000.0,0.0,-85000000.0,-500000000.0,-138000000.0,0.0,579000000.0,0.0,410000000.0,410000000.0,410000000.0,0.0,0.0,0.115,412000000.0,564000000.0,223000000.0,0.206,7.894,19.581,19.944,474000000.0,0.0,46.47,2.253,2.254,690000000.0,846000000.0,3563000000.0,3563000000.0,0.0,0.132,0.363,0.401,0.163,97000000.0,412000000.0,1.0,172759299.0,172800000.0,175500000.0,20.619,2538000000.0,178000000.0,161000000.0,43000000.0,14.688,682000000.0
52,COL,MRT,2005-09-30,2005-09-30,2005-09-30,2018-11-26,-604000000.0,3148000000.0,3040250000.0,1780000000.0,1368000000.0,1.133,5.305,-108000000.0,145000000.0,145000000.0,2502000000.0,396000000.0,1.503,2.353,200000000.0,0.0,200000000.0,200000000.0,0.0,104000000.0,0.0,0.01,0.48,558000000.0,662000000.0,0.192,662000000.0,558000000.0,547000000.0,2.24,2.2,2.24,939000000.0,1184250000.0,939000000.0,8519224519.0,15.0,12.869,466000000.0,2.633,1.0,943000000.0,0.274,571000000.0,11000000.0,1448000000.0,1433250000.0,678000000.0,0.0,0.0,0.0,2209000000.0,1184000000.0,1025000000.0,8537224519.0,-51000000.0,-19000000.0,-402000000.0,0.0,-85000000.0,-487000000.0,-134000000.0,0.0,574000000.0,-4000000.0,396000000.0,396000000.0,396000000.0,0.0,0.0,0.115,402000000.0,541000000.0,283000000.0,0.214,9.092,21.559,21.571,473000000.0,0.0,48.32,2.478,2.483,736000000.0,771000000.0,3445000000.0,3445000000.0,0.0,0.13,0.334,0.389,0.162,104000000.0,402000000.0,1.0,176680971.0,177000000.0,180200000.0,19.463,2577000000.0,178000000.0,151000000.0,48000000.0,14.559,596000000.0
53,COL,MRT,2005-06-30,2005-06-30,2005-06-30,2018-11-26,-397000000.0,3026000000.0,2971750000.0,1787000000.0,1239000000.0,1.118,7.093,-114000000.0,220000000.0,220000000.0,2402000000.0,372000000.0,1.678,1.403,202000000.0,0.0,202000000.0,202000000.0,0.0,106000000.0,0.0,0.01,0.48,539000000.0,645000000.0,0.194,645000000.0,539000000.0,529000000.0,2.1,2.06,2.1,1259000000.0,1232750000.0,1259000000.0,8437767355.0,16.0,13.082,460000000.0,2.592,1.0,919000000.0,0.277,593000000.0,10000000.0,1350000000.0,1412500000.0,690000000.0,0.0,0.0,0.0,1767000000.0,1065000000.0,702000000.0,8494767355.0,163000000.0,-18000000.0,-184000000.0,0.0,-85000000.0,-269000000.0,-139000000.0,0.0,574000000.0,-3000000.0,372000000.0,372000000.0,372000000.0,0.0,0.0,0.112,392000000.0,527000000.0,251000000.0,0.229,6.747,22.835,22.705,445000000.0,0.0,47.68,2.558,2.548,676000000.0,667000000.0,3321000000.0,3321000000.0,0.0,0.125,0.302,0.382,0.162,106000000.0,392000000.0,1.0,178162067.0,177500000.0,180700000.0,18.71,2433000000.0,167000000.0,157000000.0,5000000.0,13.707,722000000.0
54,COL,MRT,2005-03-31,2005-03-31,2005-03-31,2018-11-26,-391000000.0,3102000000.0,2918500000.0,1827000000.0,1275000000.0,1.088,7.282,-106000000.0,256000000.0,256000000.0,2308000000.0,347000000.0,1.836,1.382,199000000.0,0.0,199000000.0,199000000.0,0.0,106000000.0,0.0,0.009,0.45,502000000.0,608000000.0,0.191,608000000.0,502000000.0,493000000.0,1.96,1.92,1.96,1302000000.0,1152500000.0,1302000000.0,8498350098.0,17.0,13.978,465000000.0,2.601,1.0,867000000.0,0.273,593000000.0,9000000.0,1457000000.0,1435000000.0,693000000.0,0.0,0.0,0.0,1800000000.0,995000000.0,805000000.0,8489350098.0,189000000.0,-18000000.0,-108000000.0,-66000000.0,-80000000.0,-254000000.0,-131000000.0,0.0,571000000.0,3000000.0,347000000.0,347000000.0,347000000.0,0.0,0.0,0.109,373000000.0,494000000.0,234000000.0,0.23,6.52,24.465,24.281,440000000.0,0.0,47.59,2.674,2.68,662000000.0,615000000.0,3175000000.0,3175000000.0,0.0,0.119,0.301,0.35,0.158,96000000.0,373000000.0,1.0,178385167.0,178800000.0,182000000.0,17.757,2509000000.0,175000000.0,146000000.0,24000000.0,14.032,832000000.0
55,COL,MRT,2004-12-31,2004-12-31,2004-12-31,2018-11-26,-386000000.0,2885000000.0,2842000000.0,1672000000.0,1213000000.0,1.078,6.981,-97000000.0,192000000.0,192000000.0,2234000000.0,323000000.0,1.926,1.332,201000000.0,0.0,201000000.0,201000000.0,0.0,107000000.0,0.0,0.011,0.42,471000000.0,578000000.0,0.189,578000000.0,471000000.0,462000000.0,1.83,1.79,1.83,1237000000.0,1058750000.0,1237000000.0,6967651424.0,15.0,12.055,398000000.0,2.246,1.0,831000000.0,0.271,548000000.0,9000000.0,1478000000.0,1443750000.0,635000000.0,0.0,0.0,0.0,1648000000.0,868000000.0,780000000.0,6962651424.0,130000000.0,1000000.0,-114000000.0,-66000000.0,-74000000.0,-254000000.0,-105000000.0,0.0,495000000.0,-6000000.0,323000000.0,323000000.0,323000000.0,0.0,0.0,0.105,365000000.0,466000000.0,189000000.0,0.23,5.629,21.556,21.552,415000000.0,0.0,39.44,2.272,2.28,630000000.0,553000000.0,3065000000.0,3065000000.0,0.0,0.114,0.305,0.326,0.154,72000000.0,363000000.0,1.0,176537815.0,177200000.0,180200000.0,17.297,2337000000.0,175000000.0,139000000.0,34000000.0,13.188,804000000.0
56,COL,MRT,2004-09-30,2004-09-30,2004-09-30,2018-11-26,-397000000.0,2874000000.0,2797750000.0,1663000000.0,1211000000.0,1.047,6.387,-91000000.0,196000000.0,196000000.0,2144000000.0,301000000.0,1.725,1.537,201000000.0,0.0,201000000.0,201000000.0,0.0,109000000.0,0.0,0.011,0.39,438000000.0,547000000.0,0.187,547000000.0,438000000.0,430000000.0,1.7,1.67,1.7,1133000000.0,974250000.0,1133000000.0,6714145638.0,15.0,12.274,308000000.0,1.736,1.0,786000000.0,0.268,550000000.0,8000000.0,1365000000.0,1437250000.0,650000000.0,0.0,0.0,0.0,1741000000.0,964000000.0,777000000.0,6575145638.0,130000000.0,-126000000.0,-124000000.0,156000000.0,-69000000.0,-37000000.0,-228000000.0,0.0,399000000.0,-4000000.0,301000000.0,301000000.0,301000000.0,0.0,0.0,0.103,356000000.0,430000000.0,240000000.0,0.229,5.803,21.844,21.847,418000000.0,0.0,37.14,2.244,2.249,616000000.0,492000000.0,2930000000.0,2930000000.0,0.0,0.108,0.309,0.305,0.149,72000000.0,356000000.0,1.0,177036770.0,177400000.0,180000000.0,16.516,2324000000.0,165000000.0,129000000.0,18000000.0,13.1,699000000.0
57,COL,MRT,2004-06-30,2004-06-30,2004-06-30,2018-11-26,-511000000.0,2813000000.0,2727000000.0,1564000000.0,1249000000.0,1.039,5.305,-74000000.0,57000000.0,57000000.0,2075000000.0,288000000.0,1.655,1.999,196000000.0,0.0,196000000.0,196000000.0,0.0,107000000.0,0.0,0.011,0.36,417000000.0,524000000.0,0.185,524000000.0,417000000.0,411000000.0,1.62,1.59,1.62,938000000.0,899250000.0,938000000.0,6112488459.0,15.0,11.665,271000000.0,1.533,1.0,759000000.0,0.268,567000000.0,6000000.0,1440000000.0,1407500000.0,688000000.0,0.0,0.0,0.0,1875000000.0,945000000.0,930000000.0,5908488459.0,-1000000.0,-126000000.0,-151000000.0,84000000.0,-64000000.0,-131000000.0,-211000000.0,0.0,345000000.0,-4000000.0,288000000.0,288000000.0,288000000.0,0.0,0.0,0.102,353000000.0,406000000.0,186000000.0,0.222,6.299,20.516,20.568,395000000.0,0.0,33.32,2.085,2.079,600000000.0,412000000.0,2834000000.0,2834000000.0,0.0,0.106,0.32,0.296,0.147,64000000.0,351000000.0,1.0,177325584.0,176800000.0,179300000.0,16.029,2246000000.0,185000000.0,123000000.0,24000000.0,12.704,619000000.0
58,COL,MRT,2004-03-31,2004-03-31,2004-03-31,2018-11-26,-510000000.0,2796000000.0,2653750000.0,1522000000.0,1274000000.0,1.021,5.193,-73000000.0,67000000.0,67000000.0,1978000000.0,289000000.0,1.621,2.016,271000000.0,66000000.0,205000000.0,271000000.0,0.0,110000000.0,0.0,0.011,0.36,418000000.0,528000000.0,0.195,528000000.0,418000000.0,413000000.0,1.62,1.6,1.62,927000000.0,936750000.0,927000000.0,5845185049.0,14.0,11.07,204000000.0,1.143,1.0,732000000.0,0.27,569000000.0,5000000.0,1492000000.0,1347750000.0,674000000.0,0.0,0.0,0.0,1869000000.0,939000000.0,930000000.0,5643185049.0,26000000.0,-126000000.0,-95000000.0,128000000.0,-64000000.0,-31000000.0,-210000000.0,0.0,277000000.0,-10000000.0,289000000.0,289000000.0,289000000.0,0.0,0.0,0.107,346000000.0,386000000.0,193000000.0,0.222,6.088,19.527,19.512,397000000.0,0.0,31.61,2.082,2.082,560000000.0,375000000.0,2710000000.0,2710000000.0,0.0,0.109,0.309,0.31,0.154,74000000.0,344000000.0,1.0,178525310.0,178500000.0,181100000.0,15.182,2227000000.0,191000000.0,124000000.0,25000000.0,12.476,583000000.0
59,COL,MRT,2003-12-31,2003-12-31,2003-12-31,2018-11-26,-510000000.0,2708000000.0,2580500000.0,1431000000.0,1277000000.0,1.011,5.065,-71000000.0,62000000.0,62000000.0,1906000000.0,277000000.0,1.617,2.012,264000000.0,66000000.0,198000000.0,264000000.0,0.0,107000000.0,0.0,0.012,0.36,399000000.0,506000000.0,0.194,506000000.0,399000000.0,395000000.0,1.55,1.54,1.55,899000000.0,954000000.0,899000000.0,5291723573.0,13.0,10.458,234000000.0,1.318,1.0,703000000.0,0.269,573000000.0,4000000.0,1452000000.0,1267250000.0,673000000.0,0.0,0.0,0.0,1809000000.0,885000000.0,924000000.0,5315723573.0,26000000.0,-128000000.0,-105000000.0,106000000.0,-64000000.0,-63000000.0,-208000000.0,0.0,305000000.0,-8000000.0,277000000.0,277000000.0,277000000.0,0.0,0.0,0.106,336000000.0,367000000.0,177000000.0,0.232,5.913,19.19,19.374,400000000.0,0.0,30.03,2.037,2.043,477000000.0,321000000.0,2609000000.0,2609000000.0,0.0,0.107,0.29,0.315,0.153,66000000.0,343000000.0,1.0,177013772.0,177500000.0,179300000.0,14.699,2135000000.0,191000000.0,118000000.0,12000000.0,12.028,546000000.0
60,COL,MRT,2003-09-30,2003-09-30,2003-09-30,2018-11-26,-516000000.0,2591000000.0,2538000000.0,1411000000.0,1180000000.0,1.002,4.651,-65000000.0,66000000.0,66000000.0,1866000000.0,258000000.0,1.602,2.11,42000000.0,42000000.0,0.0,42000000.0,0.0,105000000.0,0.0,0.014,0.36,371000000.0,476000000.0,0.187,476000000.0,371000000.0,368000000.0,1.44,1.43,1.44,833000000.0,979000000.0,833000000.0,4583638656.0,12.0,9.629,306000000.0,1.709,1.0,676000000.0,0.266,440000000.0,3000000.0,1246000000.0,1203000000.0,618000000.0,0.0,0.0,0.0,1758000000.0,881000000.0,877000000.0,4527638656.0,17000000.0,-3000000.0,-125000000.0,-90000000.0,-64000000.0,-279000000.0,-68000000.0,0.0,371000000.0,-7000000.0,258000000.0,258000000.0,258000000.0,0.0,0.0,0.101,341000000.0,335000000.0,202000000.0,0.25,5.435,17.549,17.535,401000000.0,0.0,25.25,1.781,1.779,516000000.0,273000000.0,2542000000.0,2542000000.0,0.0,0.102,0.264,0.308,0.146,44000000.0,341000000.0,1.0,179312422.0,179100000.0,180100000.0,14.193,2151000000.0,188000000.0,110000000.0,3000000.0,12.01,530000000.0
61,COL,MRT,2003-06-30,2003-06-30,2003-06-30,2018-11-26,-242000000.0,2520000000.0,2529000000.0,1481000000.0,1039000000.0,0.987,6.102,-62000000.0,58000000.0,58000000.0,1845000000.0,255000000.0,1.594,1.316,114000000.0,114000000.0,0.0,114000000.0,0.0,111000000.0,0.0,0.015,0.36,369000000.0,480000000.0,0.192,480000000.0,369000000.0,364000000.0,1.41,1.41,1.41,1088000000.0,1017500000.0,1088000000.0,4480260296.0,12.0,9.334,363000000.0,2.036,1.0,652000000.0,0.261,446000000.0,5000000.0,1201000000.0,1177500000.0,676000000.0,0.0,0.0,0.0,1432000000.0,929000000.0,503000000.0,4385260296.0,14000000.0,-170000000.0,-137000000.0,34000000.0,-65000000.0,-168000000.0,-232000000.0,0.0,425000000.0,-11000000.0,255000000.0,255000000.0,255000000.0,0.0,0.0,0.102,325000000.0,327000000.0,150000000.0,0.255,4.031,17.197,17.468,396000000.0,0.0,24.63,1.756,1.759,489000000.0,217000000.0,2497000000.0,2497000000.0,0.0,0.101,0.251,0.313,0.148,49000000.0,332000000.0,1.0,178045485.0,178300000.0,179100000.0,14.004,2074000000.0,209000000.0,109000000.0,0.0,11.632,552000000.0
62,COL,MRT,2003-03-31,2003-03-31,2003-03-31,2018-11-26,-251000000.0,2503000000.0,2522250000.0,1411000000.0,1092000000.0,0.991,5.564,-59000000.0,41000000.0,41000000.0,1855000000.0,238000000.0,1.441,1.513,136000000.0,136000000.0,0.0,136000000.0,0.0,106000000.0,0.0,0.02,0.36,347000000.0,453000000.0,0.181,453000000.0,347000000.0,342000000.0,1.31,1.31,1.31,996000000.0,1050250000.0,996000000.0,3419486882.0,10.0,7.549,422000000.0,2.358,1.0,645000000.0,0.258,449000000.0,5000000.0,1170000000.0,1204250000.0,680000000.0,0.0,0.0,0.0,1507000000.0,979000000.0,528000000.0,3297486882.0,-8000000.0,-171000000.0,-147000000.0,-42000000.0,-65000000.0,-254000000.0,-230000000.0,0.0,481000000.0,-5000000.0,238000000.0,238000000.0,238000000.0,0.0,0.0,0.095,322000000.0,323000000.0,172000000.0,0.275,3.311,13.855,14.023,398000000.0,0.0,18.37,1.319,1.315,462000000.0,159000000.0,2500000000.0,2500000000.0,0.0,0.094,0.227,0.288,0.139,15000000.0,329000000.0,1.0,179503913.0,179000000.0,179600000.0,13.966,2054000000.0,197000000.0,104000000.0,11000000.0,11.475,432000000.0
63,COL,MRT,2002-12-31,2002-12-31,2002-12-31,2018-11-26,-250000000.0,2538000000.0,2535750000.0,1437000000.0,1101000000.0,0.982,5.544,-55000000.0,36000000.0,36000000.0,1859000000.0,237000000.0,1.42,1.541,158000000.0,158000000.0,0.0,158000000.0,0.0,107000000.0,0.0,0.015,0.36,344000000.0,451000000.0,0.181,451000000.0,344000000.0,339000000.0,1.29,1.29,1.29,999000000.0,1092000000.0,999000000.0,4267754632.0,12.0,9.463,372000000.0,2.064,1.0,631000000.0,0.253,453000000.0,5000000.0,1195000000.0,1250750000.0,685000000.0,0.0,0.0,0.0,1539000000.0,1012000000.0,527000000.0,4184754632.0,-17000000.0,-181000000.0,-120000000.0,-17000000.0,-65000000.0,-202000000.0,-236000000.0,0.0,427000000.0,-6000000.0,237000000.0,237000000.0,237000000.0,0.0,0.0,0.095,311000000.0,320000000.0,162000000.0,0.279,4.189,17.657,18.031,398000000.0,0.0,23.26,1.681,1.683,497000000.0,121000000.0,2490000000.0,2490000000.0,0.0,0.093,0.217,0.275,0.138,14000000.0,315000000.0,1.0,179912065.0,180200000.0,181100000.0,13.818,2085000000.0,193000000.0,102000000.0,14000000.0,11.57,425000000.0
64,COL,MRT,2002-09-30,2002-09-30,2002-09-30,2018-11-26,-252000000.0,2555000000.0,2540000000.0,1433000000.0,1122000000.0,0.981,5.39,-56000000.0,49000000.0,49000000.0,1863000000.0,236000000.0,1.381,1.589,132000000.0,132000000.0,0.0,132000000.0,0.0,105000000.0,0.0,0.016,0.36,347000000.0,452000000.0,0.181,452000000.0,347000000.0,341000000.0,1.29,1.28,1.29,987000000.0,1127500000.0,987000000.0,4049811852.0,12.0,8.96,397000000.0,2.168,1.0,629000000.0,0.252,456000000.0,6000000.0,1144000000.0,1287250000.0,653000000.0,0.0,0.0,0.0,1568000000.0,1038000000.0,530000000.0,4013811852.0,-11000000.0,-183000000.0,-85000000.0,-70000000.0,-66000000.0,-221000000.0,-239000000.0,0.0,453000000.0,-4000000.0,236000000.0,236000000.0,236000000.0,0.0,0.0,0.095,307000000.0,322000000.0,211000000.0,0.279,4.067,17.008,17.008,411000000.0,0.0,21.94,1.611,1.612,519000000.0,91000000.0,2492000000.0,2492000000.0,0.0,0.093,0.209,0.27,0.139,14000000.0,307000000.0,1.0,182944934.0,183100000.0,184100000.0,13.61,2099000000.0,191000000.0,105000000.0,20000000.0,11.464,395000000.0
65,COL,MRT,2002-06-30,2002-06-30,2002-06-30,2018-11-26,-25000000.0,2493000000.0,2560500000.0,1443000000.0,1050000000.0,1.019,6.661,-59000000.0,44000000.0,44000000.0,1967000000.0,118000000.0,1.57,1.045,80000000.0,80000000.0,0.0,80000000.0,0.0,109000000.0,0.0,0.013,0.36,187000000.0,296000000.0,0.113,296000000.0,187000000.0,180000000.0,,,,1219000000.0,1158250000.0,1219000000.0,5141715405.0,27.0,17.371,356000000.0,1.945,1.0,643000000.0,0.246,302000000.0,7000000.0,1308000000.0,1338750000.0,685000000.0,0.0,0.0,0.0,1274000000.0,919000000.0,355000000.0,5012715405.0,24000000.0,-19000000.0,-26000000.0,-222000000.0,-66000000.0,-314000000.0,-78000000.0,0.0,415000000.0,1000000.0,118000000.0,118000000.0,118000000.0,0.0,0.0,0.045,475000000.0,168000000.0,198000000.0,,4.112,42.481,,413000000.0,0.0,27.42,1.921,1.923,510000000.0,38000000.0,2610000000.0,2610000000.0,0.0,0.046,0.102,0.14,0.072,0.0,324000000.0,1.0,182812378.0,183000000.0,,14.262,2191000000.0,176000000.0,62000000.0,36000000.0,11.973,524000000.0
66,COL,MRT,2002-03-31,2002-03-31,2002-03-31,2018-11-26,-30000000.0,2557000000.0,2609500000.0,1517000000.0,1040000000.0,1.04,6.345,-80000000.0,49000000.0,49000000.0,2042000000.0,126000000.0,1.471,1.199,178000000.0,178000000.0,0.0,178000000.0,0.0,119000000.0,0.0,0.011,0.27,202000000.0,321000000.0,0.118,321000000.0,202000000.0,196000000.0,,,,1163000000.0,1143500000.0,1163000000.0,4750191757.0,24.0,14.798,232000000.0,1.266,1.0,672000000.0,0.248,299000000.0,6000000.0,1356000000.0,1377250000.0,737000000.0,0.0,0.0,0.0,1394000000.0,1031000000.0,363000000.0,4628191757.0,29000000.0,-18000000.0,-19000000.0,178000000.0,-50000000.0,-185000000.0,-98000000.0,0.0,312000000.0,0.0,126000000.0,126000000.0,126000000.0,0.0,0.0,0.046,485000000.0,187000000.0,197000000.0,,3.98,36.732,,417000000.0,0.0,25.22,1.705,1.703,523000000.0,7000000.0,2714000000.0,2714000000.0,0.0,0.048,0.11,0.147,0.074,1000000.0,335000000.0,1.0,183512758.0,183300000.0,,14.806,2258000000.0,180000000.0,70000000.0,26000000.0,12.319,486000000.0
67,COL,MRT,2001-12-31,2001-12-31,2001-12-31,2018-11-26,-29000000.0,2555000000.0,2627250000.0,1563000000.0,992000000.0,1.064,6.215,-100000000.0,53000000.0,53000000.0,2099000000.0,129000000.0,1.497,1.239,175000000.0,175000000.0,0.0,175000000.0,0.0,128000000.0,0.0,0.009,0.18,212000000.0,340000000.0,0.122,340000000.0,212000000.0,207000000.0,,,,1141000000.0,888750000.0,1141000000.0,3722885718.0,18.0,10.95,225000000.0,1.225,1.0,697000000.0,0.249,292000000.0,5000000.0,1341000000.0,1386750000.0,770000000.0,0.0,0.0,0.0,1414000000.0,1044000000.0,370000000.0,3580885718.0,33000000.0,-26000000.0,1000000.0,175000000.0,-34000000.0,-164000000.0,-126000000.0,0.0,325000000.0,-2000000.0,129000000.0,129000000.0,129000000.0,0.0,0.0,0.046,500000000.0,197000000.0,191000000.0,,3.138,27.759,,426000000.0,0.0,19.5,1.281,1.28,517000000.0,-34000000.0,2796000000.0,2796000000.0,0.0,0.049,0.145,0.153,0.076,0.0,348000000.0,1.0,183635165.0,183600000.0,,15.229,2263000000.0,191000000.0,78000000.0,17000000.0,12.326,519000000.0
68,COL,MRT,2001-09-30,2001-09-30,2001-09-30,2018-11-26,-28000000.0,2637000000.0,2510250000.0,1637000000.0,1000000000.0,1.123,6.047,-110000000.0,60000000.0,60000000.0,2108000000.0,139000000.0,1.431,1.376,202000000.0,202000000.0,0.0,202000000.0,0.0,138000000.0,0.0,0.006,0.09,227000000.0,365000000.0,0.129,365000000.0,227000000.0,224000000.0,,,,1110000000.0,529250000.0,1110000000.0,2888750701.0,13.0,7.914,83000000.0,0.452,1.0,712000000.0,0.252,285000000.0,3000000.0,1350000000.0,1344000000.0,727000000.0,0.0,0.0,0.0,1527000000.0,1144000000.0,383000000.0,2606750701.0,40000000.0,-295000000.0,0.0,202000000.0,-17000000.0,251000000.0,-405000000.0,0.0,193000000.0,1000000.0,139000000.0,139000000.0,139000000.0,0.0,0.0,0.049,500000000.0,212000000.0,227000000.0,,2.348,18.754,,439000000.0,0.0,14.2,0.924,0.924,637000000.0,-65000000.0,2820000000.0,2820000000.0,0.0,0.055,0.263,0.169,0.08,0.0,351000000.0,1.0,183573993.0,183573993.0,,15.362,2352000000.0,189000000.0,85000000.0,15000000.0,12.812,493000000.0
69,COL,MRT,2001-06-30,2001-06-30,2001-06-30,2018-11-26,-30000000.0,2689000000.0,2376000000.0,1591000000.0,1098000000.0,1.139,6.319,-124000000.0,20000000.0,20000000.0,2008000000.0,261000000.0,1.469,1.318,302000000.0,302000000.0,0.0,302000000.0,0.0,137000000.0,0.0,0.0,0.0,394000000.0,531000000.0,0.196,531000000.0,394000000.0,394000000.0,,,,1160000000.0,478750000.0,1160000000.0,4290317356.0,11.0,8.08,47000000.0,0.256,1.0,698000000.0,0.258,426000000.0,0.0,1462000000.0,1288750000.0,818000000.0,0.0,0.0,0.0,1529000000.0,1083000000.0,446000000.0,4310317356.0,0.0,-409000000.0,0.0,302000000.0,0.0,370000000.0,-533000000.0,0.0,171000000.0,-8000000.0,261000000.0,261000000.0,261000000.0,0.0,0.0,0.096,308000000.0,390000000.0,185000000.0,,3.716,16.515,,483000000.0,0.0,23.48,1.593,1.593,560000000.0,,2706000000.0,2706000000.0,0.0,0.11,0.545,0.306,0.146,0.0,313000000.0,1.0,183573993.0,183573993.0,,14.741,2263000000.0,159000000.0,133000000.0,0.0,12.327,508000000.0
70,COL,MRT,2001-03-31,2001-03-31,2001-03-31,2018-11-26,0.0,2628000000.0,2364000000.0,1531000000.0,1097000000.0,1.102,,-111000000.0,20000000.0,20000000.0,1924000000.0,262000000.0,1.981,8.625,0.0,0.0,0.0,0.0,0.0,129000000.0,0.0,,0.0,393000000.0,522000000.0,0.2,522000000.0,393000000.0,393000000.0,,,,144000000.0,-70000000.0,144000000.0,,,,104000000.0,,1.0,682000000.0,0.262,441000000.0,0.0,1394000000.0,1282000000.0,813000000.0,0.0,0.0,0.0,1242000000.0,773000000.0,469000000.0,,,-409000000.0,0.0,0.0,0.0,314000000.0,-520000000.0,0.0,215000000.0,-9000000.0,262000000.0,262000000.0,262000000.0,0.0,0.0,0.101,294000000.0,388000000.0,207000000.0,,,,,476000000.0,0.0,,,,516000000.0,,2606000000.0,2606000000.0,0.0,0.111,-3.743,0.307,0.151,0.0,300000000.0,1.0,,,,,2187000000.0,148000000.0,131000000.0,0.0,,758000000.0
71,COL,MRT,2000-12-31,2000-12-31,2000-12-31,2018-11-26,0.0,2087000000.0,,1314000000.0,773000000.0,,,-100000000.0,7000000.0,7000000.0,,,1.724,-4.013,0.0,0.0,0.0,0.0,0.0,118000000.0,0.0,,0.0,,,,,,,,,,-297000000.0,,-297000000.0,,,,124000000.0,,1.0,,,148000000.0,,1170000000.0,,656000000.0,0.0,0.0,0.0,1192000000.0,762000000.0,430000000.0,,,-396000000.0,0.0,0.0,0.0,269000000.0,-496000000.0,0.0,224000000.0,0.0,,,,,,,,,220000000.0,,,,,417000000.0,,,,,495000000.0,,,,,,,,,0.0,,1.0,,,,,1939000000.0,133000000.0,,0.0,,552000000.0
72,COL,MRT,2000-09-30,2000-09-30,2000-09-30,2018-11-26,-29000000.0,2100000000.0,2066500000.0,1311000000.0,789000000.0,1.215,,-98000000.0,20000000.0,20000000.0,1845000000.0,269000000.0,1.633,1.313,0.0,0.0,0.0,0.0,0.0,106000000.0,0.0,,0.0,399000000.0,505000000.0,0.201,505000000.0,399000000.0,399000000.0,,,,908000000.0,132500000.0,908000000.0,,,,183000000.0,,1.0,665000000.0,0.265,148000000.0,0.0,1129000000.0,1067500000.0,640000000.0,0.0,0.0,0.0,1192000000.0,803000000.0,389000000.0,,0.0,-123000000.0,0.0,0.0,0.0,-52000000.0,-221000000.0,0.0,281000000.0,-8000000.0,269000000.0,269000000.0,269000000.0,0.0,0.0,0.107,266000000.0,399000000.0,216000000.0,,,,,393000000.0,0.0,,,,495000000.0,,2510000000.0,2510000000.0,0.0,0.13,2.03,0.374,0.159,0.0,274000000.0,1.0,,,,,1952000000.0,133000000.0,130000000.0,2000000.0,,508000000.0
73,COL,MRT,2000-06-30,2000-06-30,2000-06-30,2018-11-26,,,,,,,,,,,,,,,,,,,,,,,0.0,,,,,,,,,,,,,,,,,,1.0,,,,,,,,,,,,,,,,,,,,,,,,,,,,,,,,,,,,,,,,,,,,,,,,,,,,,,1.0,,,,,,,,,,
74,COL,MRT,2000-03-31,2000-03-31,2000-03-31,2018-11-26,0.0,2100000000.0,,1327000000.0,773000000.0,,,,20000000.0,20000000.0,,,1.741,-4.197,0.0,0.0,0.0,0.0,0.0,,0.0,,0.0,,,,,,,,,,-284000000.0,,-284000000.0,,,,,,1.0,,,148000000.0,,1170000000.0,,656000000.0,0.0,0.0,0.0,1192000000.0,762000000.0,430000000.0,,,,,,,,,,,,,,,,,,,,220000000.0,,,,,417000000.0,,,,,495000000.0,,,,,,,,,,,1.0,,,,,1952000000.0,133000000.0,,0.0,,565000000.0
75,COL,MRT,1999-12-31,1999-12-31,1999-12-31,2018-11-26,,,,,,,,,,,,,,,,,,,,,,,0.0,,,,,,,,,,,,,,,,,,1.0,,,,,,,,,,,,,,,,,,,,,,,,,,,,,,,,,,,,,,,,,,,,,,,,,,,,,,1.0,,,,,,,,,,
76,COL,MRT,1999-09-30,1999-09-30,1999-09-30,2018-11-26,0.0,2033000000.0,,1332000000.0,701000000.0,,,-127000000.0,20000000.0,20000000.0,1782000000.0,291000000.0,1.512,-2.081,0.0,0.0,0.0,0.0,0.0,86000000.0,0.0,,0.0,437000000.0,523000000.0,0.215,523000000.0,437000000.0,437000000.0,,,,-643000000.0,,-643000000.0,,,,76000000.0,,1.0,656000000.0,0.269,126000000.0,0.0,1006000000.0,,621000000.0,0.0,0.0,0.0,1338000000.0,881000000.0,457000000.0,,-15000000.0,31000000.0,0.0,-14000000.0,0.0,-108000000.0,-96000000.0,0.0,203000000.0,1000000.0,291000000.0,291000000.0,291000000.0,0.0,0.0,0.119,230000000.0,426000000.0,256000000.0,,,,,365000000.0,0.0,,,,513000000.0,,2438000000.0,2438000000.0,0.0,,,,0.179,0.0,278000000.0,1.0,,,,,1907000000.0,153000000.0,146000000.0,0.0,,451000000.0
77,COL,MRT,1998-09-30,1998-09-30,1998-09-30,2018-11-26,,,,,,,,-143000000.0,,,1603000000.0,32000000.0,,,,,,,,66000000.0,,,0.0,56000000.0,122000000.0,0.06,122000000.0,56000000.0,56000000.0,,,,,,,,,,3000000.0,,1.0,423000000.0,0.209,,0.0,,,,,,,,,,,-3000000.0,-158000000.0,0.0,1000000.0,0.0,156000000.0,-301000000.0,0.0,146000000.0,-1000000.0,32000000.0,32000000.0,32000000.0,0.0,0.0,0.016,351000000.0,72000000.0,,,,,,,0.0,,,,,,2026000000.0,2026000000.0,103000000.0,,,,0.028,0.0,256000000.0,,,,,,,,24000000.0,,,
