None,ticker,dimension,calendardate,datekey,reportperiod,lastupdated,accoci,assets,assetsavg,assetsc,assetsnc,assetturnover,bvps,capex,cashneq,cashnequsd,cor,consolinc,currentratio,de,debt,debtc,debtnc,debtusd,deferredrev,depamor,deposits,divyield,dps,ebit,ebitda,ebitdamargin,ebitdausd,ebitusd,ebt,eps,epsdil,epsusd,equity,equityavg,equityusd,ev,evebit,evebitda,fcf,fcfps,fxusd,gp,grossmargin,intangibles,intexp,invcap,invcapavg,inventory,investments,investmentsc,investmentsnc,liabilities,liabilitiesc,liabilitiesnc,marketcap,ncf,ncfbus,ncfcommon,ncfdebt,ncfdiv,ncff,ncfi,ncfinv,ncfo,ncfx,netinc,netinccmn,netinccmnusd,netincdis,netincnci,netmargin,opex,opinc,payables,payoutratio,pb,pe,pe1,ppnenet,prefdivis,price,ps,ps1,receivables,retearn,revenue,revenueusd,rnd,roa,roe,roic,ros,sbcomp,sgna,sharefactor,sharesbas,shareswa,shareswadil,sps,tangibles,taxassets,taxexp,taxliabilities,tbvps,workingcapital
0,NOVL,MRY,2010-12-31,2010-10-31,2010-10-31,2019-05-23,8824000.0,2225998000.0,1926563250.0,1397424000.0,828574000.0,0.421,3.819,-17648000.0,685594000.0,685594000.0,173605000.0,377976000.0,2.044,0.667,0.0,0.0,0.0,0.0,650984000.0,30298000.0,0.0,0.0,0.0,105548000.0,135846000.0,0.167,135846000.0,105548000.0,102697000.0,1.08,1.08,1.08,1335548000.0,1064634750.0,1335548000.0,1460449105.0,14.0,10.751,57899000.0,0.166,1.0,638266000.0,0.786,382161000.0,2851000.0,474464000.0,250326000.0,0.0,441096000.0,441096000.0,0.0,890450000.0,683779000.0,206671000.0,2083222105.0,93938000.0,938000.0,8940000.0,0.0,0.0,11166000.0,10406000.0,-33816000.0,75547000.0,-3181000.0,377976000.0,377976000.0,377976000.0,-610000.0,0.0,0.466,553829000.0,84437000.0,26785000.0,0.0,1.56,5.512,5.491,156033000.0,0.0,5.93,2.566,2.555,171607000.0,937799000.0,811871000.0,811871000.0,160188000.0,0.196,0.355,0.422,0.13,29057000.0,390867000.0,1.0,351302210.0,349741000,353447000.0,2.321,1843837000.0,292752000.0,-275279000.0,7622000.0,5.272,713645000.0
1,NOVL,MRY,2009-12-31,2009-10-31,2009-10-31,2019-05-23,20982000.0,1902908000.0,2087700500.0,1264372000.0,638536000.0,0.413,2.705,-11339000.0,644689000.0,644689000.0,186831000.0,-212736000.0,1.761,1.036,0.0,0.0,0.0,0.0,688771000.0,40675000.0,0.0,0.0,0.0,-187334000.0,-146659000.0,-0.17,-146659000.0,-187334000.0,-202070000.0,-0.62,-0.62,-0.62,934522000.0,1084393500.0,934522000.0,828527890.0,-4.0,-5.649,57431000.0,0.166,1.0,675354000.0,0.783,392654000.0,14736000.0,147610000.0,148830000.0,0.0,402112000.0,391809000.0,10303000.0,968386000.0,717955000.0,250431000.0,1418399890.0,-88378000.0,-47436000.0,3566000.0,-130195000.0,0.0,-129404000.0,-42570000.0,9309000.0,68770000.0,14826000.0,-212736000.0,-212736000.0,-212736000.0,-1904000.0,0.0,-0.247,881862000.0,-206508000.0,37628000.0,0.0,1.518,-6.667,-6.597,170459000.0,0.0,4.09,1.645,1.639,177898000.0,559823000.0,862185000.0,862185000.0,181383000.0,-0.102,-0.196,-1.259,-0.217,25881000.0,398343000.0,1.0,346797039.0,345493000,345493000.0,2.496,1510254000.0,32238000.0,10666000.0,8403000.0,4.371,546417000.0
2,NOVL,MRY,2008-12-31,2008-10-31,2008-10-31,2019-05-23,-17129000.0,2269349000.0,2594280750.0,1385692000.0,883657000.0,0.369,3.105,-37716000.0,732735000.0,732735000.0,235239000.0,-8745000.0,1.54,1.087,125668000.0,125668000.0,0.0,125668000.0,730050000.0,42892000.0,0.0,0.0,0.0,49986000.0,92878000.0,0.097,92878000.0,49986000.0,26472000.0,-0.02,-0.02,-0.02,1087528000.0,1168765250.0,1087528000.0,1034032742.0,21.0,11.133,18154000.0,0.052,1.0,721274000.0,0.754,635437000.0,23514000.0,127212000.0,574759750.0,0.0,402785000.0,387813000.0,14972000.0,1181821000.0,899633000.0,282188000.0,1608885742.0,-399785000.0,-219160000.0,-53523000.0,-451705000.0,0.0,-486728000.0,53310000.0,380680000.0,55870000.0,-22237000.0,-8745000.0,-8745000.0,-8745000.0,-3594000.0,0.0,-0.009,712804000.0,8470000.0,36982000.0,0.0,1.479,-183.978,-233.0,174978000.0,0.0,4.66,1.682,1.706,193088000.0,772559000.0,956513000.0,956513000.0,191547000.0,-0.003,-0.007,0.087,0.052,33818000.0,482248000.0,1.0,345254451.0,350207000,350207000.0,2.731,1633912000.0,41929000.0,35217000.0,34288000.0,4.666,486059000.0
3,NOVL,MRY,2007-12-31,2007-10-31,2007-10-31,2019-05-23,37098000.0,2854394000.0,2761504250.0,2154336000.0,700058000.0,0.338,3.333,-25235000.0,1079819000.0,1079819000.0,258319000.0,-44460000.0,2.62,1.464,600000000.0,0.0,600000000.0,600000000.0,767681000.0,40438000.0,0.0,0.0,0.0,16170000.0,56608000.0,0.061,56608000.0,16170000.0,-9769000.0,-0.13,-0.13,-0.13,1158326000.0,1136809250.0,1158326000.0,2287510633.0,141.0,40.41,386559000.0,1.112,1.0,674180000.0,0.723,438184000.0,25939000.0,1114273000.0,1172833000.0,0.0,815122000.0,777818000.0,37304000.0,1696068000.0,822118000.0,873950000.0,2644889633.0,392345000.0,-27721000.0,21786000.0,0.0,0.0,34885000.0,-54334000.0,-12350000.0,411794000.0,11687000.0,-44460000.0,-44460000.0,-44460000.0,18184000.0,0.0,-0.048,731148000.0,-56968000.0,45135000.0,0.0,2.283,-59.489,-58.154,180537000.0,0.0,7.56,2.836,2.818,208318000.0,795984000.0,932499000.0,932499000.0,201420000.0,-0.016,-0.039,0.014,0.017,34316000.0,482780000.0,1.0,349853126.0,347552000,347552000.0,2.683,2416210000.0,14518000.0,34691000.0,47608000.0,6.952,1332218000.0
4,NOVL,MRY,2006-12-31,2006-10-31,2006-10-31,2019-05-23,14080000.0,2449723000.0,2472803750.0,1761125000.0,688598000.0,0.372,3.058,-1676000.0,675787000.0,675787000.0,281012000.0,18656000.0,2.569,1.209,600000000.0,0.0,600000000.0,600000000.0,426971000.0,46976000.0,0.0,0.0,0.0,49296000.0,96272000.0,0.105,96272000.0,49296000.0,41298000.0,0.05,0.05,0.05,1104650000.0,1184241500.0,1104650000.0,2091994628.0,42.0,21.73,97362000.0,0.27,1.0,638319000.0,0.694,465105000.0,7998000.0,1223286000.0,1310811000.0,0.0,792763000.0,790500000.0,2263000.0,1335723000.0,685545000.0,650178000.0,2034068628.0,-135451000.0,-36403000.0,-360056000.0,0.0,0.0,-344793000.0,110304000.0,139082000.0,99038000.0,0.0,18656000.0,18656000.0,18656000.0,-15015000.0,0.0,0.02,672240000.0,-33921000.0,44419000.0,0.0,1.841,109.03,120.0,184084000.0,0.0,6.0,2.213,2.357,233986000.0,840449000.0,919331000.0,919331000.0,180380000.0,0.008,0.016,0.038,0.054,35265000.0,480674000.0,1.0,339011438.0,361174000,365659000.0,2.545,1984618000.0,4770000.0,22642000.0,53786000.0,5.495,1075580000.0
5,NOVL,MRY,2005-12-31,2005-10-31,2005-10-31,2019-05-23,7444000.0,2761858000.0,2677583000.0,2009053000.0,752805000.0,0.368,3.653,-20360000.0,811238000.0,811238000.0,307240000.0,376722000.0,2.774,0.979,600000000.0,0.0,600000000.0,600000000.0,405751000.0,54513000.0,0.0,0.0,0.0,471985000.0,526498000.0,0.534,526498000.0,471985000.0,463334000.0,0.98,0.86,0.98,1386486000.0,1376989750.0,1386486000.0,2524942205.0,5.0,4.796,480054000.0,1.265,1.0,678909000.0,0.688,451930000.0,8651000.0,1374538000.0,1280273000.0,0.0,898006000.0,843666000.0,54340000.0,1357467000.0,724152000.0,633315000.0,2910772205.0,376834000.0,-41329000.0,22108000.0,0.0,0.0,21517000.0,-145097000.0,-74089000.0,500414000.0,0.0,376722000.0,376722000.0,376722000.0,-5911000.0,0.0,0.382,255298000.0,423611000.0,45445000.0,0.0,2.099,7.727,7.776,212377000.0,0.0,7.62,2.952,2.932,293627000.0,984107000.0,986149000.0,986149000.0,199971000.0,0.141,0.274,0.369,0.479,15547000.0,445932000.0,1.0,381991103.0,379499000,440585000.0,2.599,2309928000.0,1384000.0,86612000.0,61406000.0,6.087,1284901000.0
6,NOVL,MRY,2004-12-31,2004-10-31,2004-10-31,2019-05-23,16180000.0,2293358000.0,1948608000.0,1536744000.0,756614000.0,0.515,2.528,-22046000.0,434404000.0,434404000.0,321878000.0,57188000.0,2.218,1.346,600000000.0,0.0,600000000.0,600000000.0,374186000.0,48542000.0,0.0,0.0,0.0,76639000.0,125181000.0,0.125,125181000.0,76639000.0,68523000.0,0.08,0.08,0.08,963364000.0,970115250.0,963364000.0,2728936705.0,36.0,21.8,95367000.0,0.25,1.0,681976000.0,0.679,439704000.0,8116000.0,1326436000.0,602794500.0,0.0,833049000.0,777063000.0,55986000.0,1296669000.0,692814000.0,603855000.0,2702574705.0,67472000.0,-205620000.0,-66838000.0,585150000.0,0.0,568020000.0,-617961000.0,-401101000.0,117413000.0,0.0,57188000.0,57188000.0,57188000.0,-10592000.0,0.0,0.057,633915000.0,48061000.0,55956000.0,0.0,2.805,47.258,89.875,231468000.0,0.0,7.19,2.692,2.73,269431000.0,607851000.0,1003854000.0,1003854000.0,194607000.0,0.029,0.059,0.127,0.076,4940000.0,418382000.0,1.0,375879653.0,381100000,390879000.0,2.634,1853654000.0,0.0,11335000.0,40932000.0,4.864,843930000.0
7,NOVL,MRY,2003-12-31,2003-10-31,2003-10-31,2019-05-23,7068000.0,1567653000.0,1600709000.0,1030553000.0,537100000.0,0.691,2.522,85532000.0,366932000.0,366932000.0,438718000.0,-161904000.0,1.645,0.67,0.0,0.0,0.0,0.0,322470000.0,61058000.0,0.0,0.0,0.0,-49524000.0,11534000.0,0.01,11534000.0,-49524000.0,-55010000.0,-0.44,-0.44,-0.44,934470000.0,1013174000.0,934470000.0,1453236379.0,-29.0,125.996,140820000.0,0.38,1.0,666778000.0,0.603,224100000.0,5486000.0,350163000.0,217616000.0,0.0,435868000.0,384920000.0,50948000.0,626458000.0,626458000.0,0.0,2192013379.0,-97055000.0,-40046000.0,20130000.0,0.0,0.0,20130000.0,-172473000.0,-227136000.0,55288000.0,0.0,-161904000.0,-161904000.0,-161904000.0,0.0,0.0,-0.146,694600000.0,-27822000.0,50258000.0,0.0,2.346,-13.539,-13.341,255526000.0,0.0,5.87,1.983,1.968,232492000.0,576759000.0,1105496000.0,1105496000.0,180842000.0,-0.101,-0.16,-0.228,-0.045,0.0,494705000.0,1.0,373426470.0,370545000,370545000.0,2.983,1343553000.0,0.0,106894000.0,35493000.0,3.626,404095000.0
8,NOVL,MRY,2002-12-31,2002-10-31,2002-10-31,2019-05-23,57000.0,1665065000.0,1711500000.0,919538000.0,745527000.0,0.663,2.931,-11560000.0,635858000.0,635858000.0,449418000.0,-246823000.0,1.555,0.563,0.0,0.0,0.0,0.0,275344000.0,68785000.0,0.0,0.0,0.0,-235927000.0,-167142000.0,-0.147,-167142000.0,-235927000.0,-235927000.0,-0.68,-0.68,-0.68,1065542000.0,1151865250.0,1065542000.0,278213379.0,-1.0,-1.665,39914000.0,0.11,1.0,684902000.0,0.604,215885000.0,0.0,221815000.0,335492500.0,0.0,73452000.0,0.0,73452000.0,599523000.0,591507000.0,8016000.0,885523379.0,126060000.0,-102975000.0,13186000.0,0.0,0.0,13186000.0,61400000.0,161636000.0,51474000.0,0.0,-246823000.0,-246823000.0,-246823000.0,0.0,0.0,-0.218,753027000.0,-68125000.0,57241000.0,0.0,0.831,-3.588,-3.574,369189000.0,0.0,2.43,0.781,0.779,214827000.0,738663000.0,1134320000.0,1134320000.0,169247000.0,-0.144,-0.214,-0.703,-0.208,0.0,481330000.0,1.0,364412913.0,363569000,363569000.0,3.12,1449180000.0,21204000.0,10896000.0,36294000.0,3.986,328031000.0
9,NOVL,MRY,2001-12-31,2001-10-31,2001-10-31,2019-05-23,2455000.0,1904006000.0,1766553000.0,1027366000.0,876640000.0,0.595,3.821,-33289000.0,705243000.0,705243000.0,338634000.0,-272870000.0,1.682,0.498,0.0,0.0,0.0,0.0,243261000.0,86708000.0,0.0,0.0,0.0,-287814000.0,-201106000.0,-0.191,-201106000.0,-287814000.0,-287814000.0,-0.82,-0.82,-0.82,1270667000.0,1225601000.0,1270667000.0,595175715.0,-2.0,-2.96,58688000.0,0.176,1.0,712162000.0,0.678,192016000.0,0.0,395844000.0,527795750.0,947000.0,114971000.0,0.0,114971000.0,633339000.0,610903000.0,22436000.0,1282118715.0,48390000.0,98333000.0,-60657000.0,0.0,0.0,-60657000.0,17070000.0,-35740000.0,91977000.0,0.0,-272870000.0,-272870000.0,-272870000.0,0.0,0.0,-0.26,832975000.0,-120813000.0,77571000.0,0.0,1.009,-4.699,-4.317,496620000.0,0.0,3.54,1.22,1.12,227044000.0,985486000.0,1050796000.0,1050796000.0,191709000.0,-0.154,-0.223,-0.545,-0.274,0.0,561089000.0,1.0,362180428.0,332582000,332582000.0,3.16,1711990000.0,34595000.0,-14944000.0,38175000.0,5.148,416463000.0
10,NOVL,MRY,2000-12-31,2000-10-31,2000-10-31,2019-05-23,-84427000.0,1712346000.0,1824152250.0,1007359000.0,704987000.0,0.637,3.812,-4232000.0,698193000.0,698193000.0,327398000.0,49470000.0,2.214,0.375,0.0,0.0,0.0,0.0,203163000.0,81909000.0,0.0,0.0,0.0,70672000.0,152581000.0,0.131,152581000.0,70672000.0,70672000.0,0.15,0.15,0.15,1245085000.0,1406074750.0,1245085000.0,2277227111.0,32.0,14.925,337645000.0,1.034,1.0,834337000.0,0.718,8599000.0,0.0,550476000.0,673592500.0,2621000.0,383583000.0,0.0,383583000.0,467261000.0,455078000.0,12183000.0,2953869111.0,15268000.0,0.0,-230114000.0,0.0,0.0,-230114000.0,-96495000.0,-52743000.0,341877000.0,0.0,49470000.0,49470000.0,49470000.0,0.0,0.0,0.043,865919000.0,-31582000.0,85050000.0,0.0,2.372,59.71,60.0,290104000.0,0.0,9.0,2.543,2.53,196672000.0,1319853000.0,1161735000.0,1161735000.0,228002000.0,0.027,0.035,0.105,0.061,22918000.0,590025000.0,1.0,328207679.0,326621000,335034000.0,3.557,1703747000.0,60109000.0,21202000.0,39043000.0,5.216,552281000.0
11,NOVL,MRY,1999-12-31,1999-10-31,1999-10-31,2019-05-23,35189000.0,1942319000.0,1938916000.0,1335616000.0,606703000.0,0.656,4.462,-69181000.0,895404000.0,895404000.0,297841000.0,190747000.0,3.038,0.302,0.0,0.0,0.0,0.0,173150000.0,70156000.0,0.0,0.0,0.0,243836000.0,313992000.0,0.247,313992000.0,243836000.0,243836000.0,0.57,0.55,0.57,1492241000.0,1517281500.0,1492241000.0,5689945335.0,23.0,18.121,259539000.0,0.776,1.0,974979000.0,0.766,0.0,0.0,607283000.0,559679750.0,3753000.0,229114000.0,0.0,229114000.0,450078000.0,439632000.0,10446000.0,6682146335.0,118776000.0,0.0,-307367000.0,0.0,0.0,-307367000.0,97423000.0,255289000.0,328720000.0,0.0,190747000.0,190747000.0,190747000.0,0.0,0.0,0.15,751927000.0,223052000.0,85037000.0,0.0,4.478,35.031,35.197,347012000.0,0.0,20.063,5.25,5.272,284510000.0,1432624000.0,1272820000.0,1272820000.0,234032000.0,0.098,0.126,0.436,0.192,50659000.0,517895000.0,1.0,333066484.0,334460000,349393000.0,3.806,1942319000.0,60266000.0,53089000.0,57085000.0,5.807,895984000.0
12,NOVL,MRY,1998-12-31,1998-10-31,1998-10-31,2019-05-23,-26099000.0,1924112000.0,1937398000.0,1435700000.0,488412000.0,0.559,4.261,-57375000.0,1007167000.0,1007167000.0,257895000.0,101976000.0,3.462,0.288,0.0,0.0,0.0,0.0,141714000.0,76170000.0,0.0,0.0,0.0,141634000.0,217804000.0,0.201,217804000.0,141634000.0,141634000.0,0.29,0.29,0.29,1493498000.0,1578074250.0,1493498000.0,4089432418.0,29.0,18.776,236942000.0,0.676,1.0,825992000.0,0.762,0.0,0.0,502250000.0,524926500.0,3562000.0,114815000.0,0.0,114815000.0,430614000.0,414695000.0,15919000.0,5237357418.0,-53050000.0,0.0,-190314000.0,0.0,0.0,-190314000.0,-157053000.0,-34823000.0,294317000.0,0.0,101976000.0,101976000.0,101976000.0,0.0,0.0,0.094,727546000.0,98446000.0,77987000.0,0.0,3.507,51.359,51.293,346196000.0,0.0,14.875,4.832,4.811,246577000.0,1290337000.0,1083887000.0,1083887000.0,235744000.0,0.053,0.065,0.27,0.131,10261000.0,491802000.0,1.0,352091255.0,350525000,356437000.0,3.092,1924112000.0,95343000.0,39658000.0,64057000.0,5.489,1021005000.0
13,NOVL,MRY,1997-12-31,1997-10-31,1997-10-31,2019-05-23,-29431000.0,1910649000.0,1980057500.0,1470382000.0,440267000.0,0.509,4.496,-64796000.0,1033473000.0,1033473000.0,288617000.0,-78296000.0,4.567,0.221,0.0,0.0,0.0,0.0,74915000.0,91075000.0,0.0,0.0,0.0,-150570000.0,-59495000.0,-0.059,-59495000.0,-150570000.0,-150570000.0,-0.22,-0.22,-0.22,1565417000.0,1590463000.0,1565417000.0,,,,30758000.0,0.088,1.0,718694000.0,0.713,0.0,0.0,555220000.0,607579500.0,10656000.0,19107000.0,0.0,19107000.0,345232000.0,321956000.0,23276000.0,2962057663.0,63022000.0,0.0,23114000.0,0.0,0.0,4654000.0,-37186000.0,18166000.0,95554000.0,0.0,-78296000.0,-78296000.0,-78296000.0,0.0,0.0,-0.078,918698000.0,-200004000.0,82759000.0,0.0,1.892,-37.832,-38.352,373865000.0,0.0,8.438,2.941,2.916,211531000.0,1188361000.0,1007311000.0,1007311000.0,300599000.0,-0.04,-0.049,-0.248,-0.149,3927000.0,562764000.0,1.0,351058686.0,348149000,348149000.0,2.893,1910649000.0,134210000.0,-72274000.0,0.0,5.488,1148426000.0
14,NOVL,MRY,1996-12-31,1996-10-26,1996-10-26,2019-05-23,8556000.0,2049466000.0,,1590759000.0,458707000.0,,4.545,-101001000.0,1024755000.0,1024755000.0,306761000.0,125991000.0,4.361,0.269,0.0,0.0,0.0,0.0,46573000.0,104782000.0,0.0,0.0,0.0,179988000.0,284770000.0,0.207,284770000.0,179988000.0,179988000.0,0.35,0.35,0.35,1615509000.0,,1615509000.0,,,,90954000.0,0.256,1.0,1068095000.0,0.777,0.0,0.0,659939000.0,,16837000.0,0.0,0.0,0.0,433957000.0,364772000.0,69185000.0,,-166643000.0,0.0,-408022000.0,0.0,0.0,-401514000.0,-42916000.0,122844000.0,191955000.0,0.0,125991000.0,125991000.0,125991000.0,0.0,0.0,0.092,959151000.0,108944000.0,96933000.0,0.0,,,28.571,394684000.0,0.0,10.0,,2.586,452327000.0,1266657000.0,1374856000.0,1374856000.0,275627000.0,,,,0.131,14027000.0,665082000.0,1.0,,355478000,357919000.0,3.868,2049466000.0,48559000.0,53997000.0,0.0,5.765,1225987000.0
15,NOVL,MRY,1995-12-31,1995-10-28,1995-10-28,2019-05-23,,,,,,,,-84454000.0,,,489333000.0,338305000.0,,,,,,,,94190000.0,,0.0,0.0,508729000.0,602919000.0,0.295,602919000.0,508729000.0,508729000.0,0.9,0.9,0.9,,,,,,,365471000.0,0.976,1.0,1551841000.0,0.76,,0.0,,,,,,,,,,,83738000.0,0.0,64197000.0,0.0,0.0,64197000.0,-430384000.0,-352257000.0,449925000.0,0.0,338305000.0,338305000.0,338305000.0,0.0,0.0,0.166,1099732000.0,452109000.0,,0.0,,,16.528,,0.0,14.875,,2.73,,,2041174000.0,2041174000.0,367562000.0,,,,0.249,25128000.0,732170000.0,,,374584000,374584000.0,5.449,,,170424000.0,,,
0,NOVL,MRQ,2010-12-31,2011-01-31,2011-01-31,2019-05-23,4739000.0,2101003000.0,,1293443000.0,807560000.0,,3.746,-889000.0,981426000.0,981426000.0,41549000.0,-17942000.0,2.175,0.593,0.0,0.0,0.0,0.0,592809000.0,7347000.0,0.0,0.0,0.0,17254000.0,24601000.0,0.129,24601000.0,17254000.0,15509000.0,-0.05,-0.05,-0.05,1318742000.0,,1318742000.0,1430933035.0,15.0,11.626,8278000.0,0.024,1.0,149165000.0,0.782,380806000.0,1745000.0,144194000.0,,0.0,150009000.0,150009000.0,0.0,782261000.0,594577000.0,187684000.0,2116527035.0,295832000.0,0.0,1366000.0,0.0,0.0,1547000.0,283076000.0,284703000.0,9167000.0,2042000.0,-17942000.0,-17942000.0,-17942000.0,0.0,0.0,-0.094,137612000.0,11553000.0,30102000.0,0.0,1.605,6.228,6.206,151378000.0,0.0,6.02,2.645,2.648,89465000.0,919857000.0,190714000.0,190714000.0,38365000.0,,,,,6060000.0,99247000.0,1.0,351582564.0,352001000,352001000.0,0.542,1720197000.0,263500000.0,33451000.0,7622000.0,4.887,698866000.0
1,NOVL,MRQ,2010-09-30,2010-10-31,2010-10-31,2019-05-23,8824000.0,2225998000.0,,1397424000.0,828574000.0,,3.819,-2410000.0,685594000.0,685594000.0,45068000.0,322198000.0,2.044,0.667,0.0,0.0,0.0,0.0,650984000.0,7896000.0,0.0,0.0,0.0,26344000.0,34240000.0,0.166,34240000.0,26344000.0,25558000.0,0.92,0.92,0.92,1335548000.0,,1335548000.0,1460449105.0,14.0,10.751,49183000.0,0.141,1.0,161443000.0,0.782,382161000.0,786000.0,474464000.0,,0.0,441096000.0,441096000.0,0.0,890450000.0,683779000.0,206671000.0,2083222105.0,80544000.0,233000.0,1292000.0,0.0,0.0,3518000.0,20348000.0,-1718000.0,51593000.0,5085000.0,322198000.0,322198000.0,322198000.0,-610000.0,0.0,1.56,139436000.0,22007000.0,26785000.0,0.0,1.56,5.512,5.491,156033000.0,0.0,5.93,2.566,2.555,171607000.0,937799000.0,206511000.0,206511000.0,41718000.0,,,,,8232000.0,97718000.0,1.0,351302210.0,349741000,353447000.0,0.59,1843837000.0,292752000.0,-296640000.0,7622000.0,5.272,713645000.0
2,NOVL,MRQ,2010-06-30,2010-07-31,2010-07-31,2019-05-23,2878000.0,1846027000.0,,1253810000.0,592217000.0,,2.841,-1806000.0,622773000.0,622773000.0,43507000.0,15677000.0,1.978,0.853,0.0,0.0,0.0,0.0,623716000.0,7747000.0,0.0,0.0,0.0,24147000.0,31894000.0,0.16,31894000.0,24147000.0,23955000.0,0.04,0.04,0.04,996020000.0,,996020000.0,1478726729.0,-8.0,-10.283,24346000.0,0.069,1.0,155473000.0,0.781,383840000.0,192000.0,205562000.0,,0.0,437865000.0,437865000.0,0.0,850007000.0,633852000.0,216155000.0,2113203729.0,23625000.0,234000.0,2112000.0,0.0,0.0,2111000.0,-3235000.0,-37844000.0,26152000.0,-1403000.0,15677000.0,15677000.0,15677000.0,0.0,0.0,0.079,134375000.0,21098000.0,27184000.0,0.0,2.122,-10.571,-10.414,159820000.0,0.0,6.04,2.574,2.579,146059000.0,615601000.0,198980000.0,198980000.0,39400000.0,,,,,6083000.0,94975000.0,1.0,349868167.0,350617000,354826000.0,0.568,1462187000.0,19341000.0,8278000.0,7622000.0,4.17,619958000.0
3,NOVL,MRQ,2010-03-31,2010-04-30,2010-04-30,2019-05-23,2596000.0,1814758000.0,,1212074000.0,602684000.0,,2.789,-5304000.0,634477000.0,634477000.0,41312000.0,19912000.0,1.979,0.864,0.0,0.0,0.0,0.0,615036000.0,7218000.0,0.0,0.0,0.0,25132000.0,32350000.0,0.159,32350000.0,25132000.0,25089000.0,0.06,0.06,0.06,973788000.0,,973788000.0,1304588041.0,-7.0,-9.268,-12698000.0,-0.036,1.0,162702000.0,0.798,386222000.0,43000.0,181516000.0,,0.0,398161000.0,398161000.0,0.0,840970000.0,612543000.0,228427000.0,1964683041.0,-25625000.0,228000.0,4704000.0,0.0,0.0,4704000.0,-19265000.0,-13555000.0,-7394000.0,-3670000.0,19912000.0,19912000.0,19912000.0,0.0,0.0,0.098,142799000.0,19903000.0,31682000.0,0.0,2.018,-9.876,-9.895,163420000.0,0.0,5.64,2.344,2.35,131864000.0,599924000.0,204014000.0,204014000.0,39368000.0,,,,,8292000.0,103431000.0,1.0,348348057.0,349204000,352008000.0,0.584,1428536000.0,23633000.0,5177000.0,9373000.0,4.091,599531000.0
4,NOVL,MRQ,2009-12-31,2010-01-31,2010-01-31,2019-05-23,13725000.0,1819470000.0,,1203077000.0,616393000.0,,2.741,-8128000.0,660095000.0,660095000.0,43718000.0,20189000.0,1.913,0.909,0.0,0.0,0.0,0.0,645881000.0,7437000.0,0.0,0.0,0.0,29925000.0,37362000.0,0.185,37362000.0,29925000.0,28095000.0,0.06,0.06,0.06,953183000.0,,953183000.0,906950953.0,-5.0,-6.455,-2932000.0,-0.008,1.0,158648000.0,0.784,390717000.0,1830000.0,139762000.0,,0.0,386312000.0,384242000.0,2070000.0,866287000.0,628896000.0,237391000.0,1551639953.0,15394000.0,243000.0,832000.0,0.0,0.0,833000.0,12558000.0,19301000.0,5196000.0,-3193000.0,20189000.0,20189000.0,20189000.0,0.0,0.0,0.1,137219000.0,21429000.0,31859000.0,0.0,1.628,-7.635,-7.707,167009000.0,0.0,4.47,1.826,1.829,112279000.0,580012000.0,202366000.0,202366000.0,39702000.0,,,,,6450000.0,94743000.0,1.0,347123032.0,347691000,349144000.0,0.582,1428753000.0,27115000.0,7906000.0,9078000.0,4.109,574181000.0
5,NOVL,MRQ,2009-09-30,2009-10-31,2009-10-31,2019-05-23,20982000.0,1902908000.0,,1264372000.0,638536000.0,,2.693,3424000.0,644689000.0,644689000.0,47669000.0,-255689000.0,1.761,1.036,0.0,0.0,0.0,0.0,688771000.0,9657000.0,0.0,0.0,0.0,-255064000.0,-245407000.0,-1.138,-245407000.0,-255064000.0,-258318000.0,-0.74,-0.74,-0.74,934522000.0,,934522000.0,828527890.0,-4.0,-5.649,54842000.0,0.158,1.0,167966000.0,0.779,392654000.0,3254000.0,147610000.0,,0.0,402112000.0,391809000.0,10303000.0,968386000.0,717955000.0,250431000.0,1418399890.0,54792000.0,0.0,641000.0,-4087000.0,0.0,-3433000.0,-170000.0,-4899000.0,51418000.0,6977000.0,-255689000.0,-255689000.0,-255689000.0,0.0,0.0,-1.186,427100000.0,-259134000.0,37628000.0,0.0,1.518,-6.667,-6.597,170459000.0,0.0,4.09,1.645,1.639,177898000.0,559823000.0,215635000.0,215635000.0,45756000.0,,,,,5683000.0,95708000.0,1.0,346797039.0,347044000,343612000.0,0.621,1510254000.0,32238000.0,-2629000.0,8403000.0,4.352,546417000.0
6,NOVL,MRQ,2009-06-30,2009-07-31,2009-07-31,2019-05-23,9091000.0,2115358000.0,,1208349000.0,907009000.0,,3.389,-8181000.0,589872000.0,589872000.0,46983000.0,16659000.0,1.75,0.804,0.0,0.0,0.0,0.0,674324000.0,9545000.0,0.0,0.0,0.0,25390000.0,34935000.0,0.162,34935000.0,25390000.0,20810000.0,0.05,0.05,0.05,1172773000.0,,1172773000.0,1029727945.0,17.0,10.012,22268000.0,0.064,1.0,169101000.0,0.783,676920000.0,4580000.0,158086000.0,,0.0,393175000.0,384632000.0,8543000.0,942585000.0,690480000.0,252105000.0,1580968945.0,-83084000.0,0.0,1773000.0,-121861000.0,0.0,-120088000.0,-1751000.0,2052000.0,30449000.0,8306000.0,16659000.0,16659000.0,16659000.0,-302000.0,0.0,0.077,147727000.0,21374000.0,30695000.0,0.0,1.348,59.297,50.889,171266000.0,0.0,4.58,1.774,1.778,169638000.0,815512000.0,216084000.0,216084000.0,45683000.0,,,,,6476000.0,100817000.0,1.0,345189726.0,346070000,346660000.0,0.624,1438438000.0,34422000.0,4151000.0,17957000.0,4.156,517869000.0
7,NOVL,MRQ,2009-03-31,2009-04-30,2009-04-30,2019-05-23,-14907000.0,2155458000.0,,1255365000.0,900093000.0,,3.264,-3070000.0,672909000.0,672909000.0,45282000.0,15617000.0,1.638,0.915,121668000.0,121668000.0,0.0,121668000.0,659415000.0,10452000.0,0.0,0.0,0.0,22161000.0,32613000.0,0.151,32613000.0,22161000.0,18394000.0,0.05,0.05,0.05,1125670000.0,,1125670000.0,715664549.0,22.0,9.199,-28765000.0,-0.083,1.0,170313000.0,0.79,674136000.0,3767000.0,163735000.0,,0.0,394958000.0,384818000.0,10140000.0,1029788000.0,766346000.0,263442000.0,1294968549.0,-28145000.0,-5522000.0,169000.0,-186000.0,0.0,-2831000.0,227000.0,5078000.0,-25695000.0,154000.0,15617000.0,15617000.0,15617000.0,-566000.0,0.0,0.072,152505000.0,17808000.0,25588000.0,0.0,1.15,-252.825,,164852000.0,0.0,3.76,1.407,1.409,136190000.0,798853000.0,215595000.0,215595000.0,44552000.0,,,,,5691000.0,100729000.0,1.0,344406529.0,344881000,345839000.0,0.625,1481322000.0,34735000.0,2777000.0,16832000.0,4.295,489019000.0
8,NOVL,MRQ,2008-12-31,2009-01-31,2009-01-31,2019-05-23,-18158000.0,2177078000.0,,1263012000.0,914066000.0,,3.211,-3512000.0,700972000.0,700972000.0,46897000.0,10677000.0,1.584,0.971,121668000.0,121668000.0,0.0,121668000.0,704617000.0,11021000.0,0.0,0.0,0.0,20179000.0,31200000.0,0.145,31200000.0,20179000.0,17044000.0,0.03,0.03,0.03,1104609000.0,,1104609000.0,663694552.0,18.0,8.137,9086000.0,0.026,1.0,167974000.0,0.782,674618000.0,3135000.0,125889000.0,,0.0,400325000.0,387334000.0,12991000.0,1072469000.0,797267000.0,275202000.0,1270761552.0,-31941000.0,-41914000.0,983000.0,-4061000.0,0.0,-3052000.0,-40876000.0,7078000.0,12598000.0,-611000.0,10677000.0,10677000.0,10677000.0,-1036000.0,0.0,0.05,154530000.0,13444000.0,28544000.0,0.0,1.15,-85.441,-92.5,168126000.0,0.0,3.7,1.351,1.353,111775000.0,783236000.0,214871000.0,214871000.0,45392000.0,,,,,8031000.0,101089000.0,1.0,343449068.0,343978000,344281000.0,0.625,1502460000.0,41201000.0,6367000.0,16494000.0,4.368,465745000.0
9,NOVL,MRQ,2008-09-30,2008-10-31,2008-10-31,2019-05-23,-17129000.0,2269349000.0,,1385692000.0,883657000.0,,3.152,-9193000.0,732735000.0,732735000.0,57243000.0,-16291000.0,1.54,1.087,125668000.0,125668000.0,0.0,125668000.0,730050000.0,12065000.0,0.0,0.0,0.0,-7960000.0,4105000.0,0.017,4105000.0,-7960000.0,-13000000.0,-0.04,-0.04,-0.04,1087528000.0,,1087528000.0,1034032742.0,21.0,11.133,65507000.0,0.19,1.0,187493000.0,0.766,635437000.0,5040000.0,127212000.0,,0.0,402785000.0,387813000.0,14972000.0,1181821000.0,899633000.0,282188000.0,1608885742.0,-293803000.0,7729000.0,-21478000.0,-309248000.0,0.0,-329035000.0,-17231000.0,-318000.0,74700000.0,-22237000.0,-16291000.0,-16291000.0,-16291000.0,-1473000.0,0.0,-0.067,193953000.0,-6460000.0,36982000.0,0.0,1.479,-183.978,-233.0,174978000.0,0.0,4.66,1.682,1.706,193088000.0,772559000.0,244736000.0,244736000.0,50455000.0,,,,,8448000.0,118518000.0,1.0,345254451.0,345035000,340958000.0,0.709,1633912000.0,41929000.0,3291000.0,34288000.0,4.735,486059000.0
10,NOVL,MRQ,2008-06-30,2008-07-31,2008-07-31,2019-05-23,35113000.0,2656913000.0,,1724963000.0,931950000.0,,3.318,-12201000.0,1026247000.0,1026247000.0,59588000.0,-15125000.0,1.448,1.276,451394000.0,451394000.0,0.0,451394000.0,725641000.0,11980000.0,0.0,0.0,0.0,-2100000.0,9880000.0,0.04,9880000.0,-2100000.0,-7805000.0,-0.04,-0.04,-0.04,1167497000.0,,1167497000.0,1394918877.0,23.0,14.014,16410000.0,0.047,1.0,185597000.0,0.757,659491000.0,5705000.0,231168000.0,,0.0,420301000.0,390715000.0,29586000.0,1489416000.0,1191401000.0,298015000.0,1971046877.0,-29561000.0,-5507000.0,-42297000.0,-26868000.0,0.0,-76351000.0,18179000.0,41035000.0,28611000.0,0.0,-15125000.0,-15125000.0,-15125000.0,0.0,0.0,-0.062,180815000.0,4782000.0,39678000.0,0.0,1.688,-189.487,-185.667,187641000.0,0.0,5.57,2.06,2.049,212923000.0,792170000.0,245185000.0,245185000.0,50082000.0,,,,,7593000.0,124163000.0,1.0,353868380.0,351879000,352550000.0,0.697,1997422000.0,36502000.0,7320000.0,22475000.0,5.676,533562000.0
11,NOVL,MRQ,2008-03-31,2008-04-30,2008-04-30,2019-05-23,30259000.0,2679323000.0,,1743690000.0,935633000.0,,3.462,-10463000.0,1055522000.0,1055522000.0,60467000.0,5866000.0,2.541,1.194,479394000.0,0.0,479394000.0,479394000.0,701574000.0,9847000.0,0.0,0.0,0.0,26538000.0,36385000.0,0.154,36385000.0,26538000.0,19519000.0,0.01,0.01,0.01,1221210000.0,,1221210000.0,1721161616.0,24.0,15.535,-31618000.0,-0.09,1.0,175199000.0,0.743,655011000.0,7019000.0,761957000.0,,0.0,469410000.0,427322000.0,42088000.0,1458113000.0,686227000.0,771886000.0,2211277616.0,-35223000.0,-217965000.0,7670000.0,-115589000.0,0.0,-93604000.0,79536000.0,305445000.0,-21155000.0,0.0,5866000.0,5866000.0,5866000.0,0.0,0.0,0.025,173532000.0,1667000.0,40841000.0,0.0,1.811,2118.082,,183743000.0,0.0,6.28,2.332,2.336,176676000.0,817263000.0,235666000.0,235666000.0,46275000.0,,,,,7010000.0,124165000.0,1.0,352114270.0,352785000,354273000.0,0.668,2024312000.0,27321000.0,13653000.0,8605000.0,5.738,1057463000.0
12,NOVL,MRQ,2007-12-31,2008-01-31,2008-01-31,2019-05-23,38975000.0,2771538000.0,,2053515000.0,718023000.0,,3.414,-5859000.0,1090116000.0,1090116000.0,57941000.0,16805000.0,3.06,1.312,600000000.0,0.0,600000000.0,600000000.0,723142000.0,9000000.0,0.0,0.0,0.0,33508000.0,42508000.0,0.184,42508000.0,33508000.0,27758000.0,0.05,0.05,0.05,1198826000.0,,1198826000.0,1751097356.0,33.0,19.021,-32145000.0,-0.092,1.0,172985000.0,0.749,431611000.0,5750000.0,1178702000.0,,0.0,787431000.0,728788000.0,58643000.0,1572712000.0,671109000.0,901603000.0,2230916356.0,-41198000.0,-3417000.0,2582000.0,0.0,0.0,12262000.0,-27174000.0,34518000.0,-26286000.0,0.0,16805000.0,16805000.0,16805000.0,-2121000.0,0.0,0.073,164504000.0,8481000.0,34247000.0,0.0,1.861,-289.354,-318.0,177082000.0,0.0,6.36,2.361,2.363,133606000.0,811397000.0,230926000.0,230926000.0,44735000.0,,,,,10767000.0,115402000.0,1.0,350773012.0,351129000,353047000.0,0.658,2339927000.0,22027000.0,10953000.0,7567000.0,6.664,1382406000.0
13,NOVL,MRQ,2007-09-30,2007-10-31,2007-10-31,2019-05-23,37098000.0,2854394000.0,,2154336000.0,700058000.0,,3.309,-7756000.0,1079819000.0,1079819000.0,62779000.0,-17948000.0,2.62,1.464,600000000.0,0.0,600000000.0,600000000.0,767681000.0,9275000.0,0.0,0.0,0.0,1486000.0,10761000.0,0.044,10761000.0,1486000.0,-5139000.0,-0.05,-0.05,-0.05,1158326000.0,,1158326000.0,2287510633.0,141.0,40.41,60350000.0,0.172,1.0,182157000.0,0.744,438184000.0,6625000.0,1114273000.0,,0.0,815122000.0,777818000.0,37304000.0,1696068000.0,822118000.0,873950000.0,2644889633.0,110753000.0,-20743000.0,7416000.0,0.0,0.0,14158000.0,28489000.0,53281000.0,68106000.0,11687000.0,-17948000.0,-17948000.0,-17948000.0,8785000.0,0.0,-0.073,196648000.0,-14491000.0,45135000.0,0.0,2.283,-59.489,-58.154,180537000.0,0.0,7.56,2.836,2.818,208318000.0,795984000.0,244936000.0,244936000.0,48184000.0,,,,,8352000.0,123258000.0,1.0,349853126.0,350015000,350015000.0,0.7,2416210000.0,14518000.0,12809000.0,47608000.0,6.903,1332218000.0
14,NOVL,MRQ,2007-06-30,2007-07-31,2007-07-31,2019-05-23,26428000.0,2774140000.0,,2110993000.0,663147000.0,,3.309,-4971000.0,957379000.0,957379000.0,66523000.0,-3679000.0,2.839,1.418,600000000.0,0.0,600000000.0,600000000.0,733895000.0,9690000.0,0.0,0.0,0.0,11449000.0,21139000.0,0.089,21139000.0,11449000.0,5291000.0,-0.01,-0.01,-0.01,1147297000.0,,1147297000.0,1986026392.0,37.0,20.311,20444000.0,0.059,1.0,170267000.0,0.719,448084000.0,6158000.0,1225118000.0,,0.0,865259000.0,865259000.0,0.0,1626843000.0,743559000.0,883284000.0,2337018392.0,6387000.0,0.0,6248000.0,0.0,0.0,7882000.0,-26910000.0,-24913000.0,25415000.0,0.0,-3679000.0,-3679000.0,-3679000.0,47000.0,0.0,-0.016,180382000.0,-10115000.0,36131000.0,0.0,2.037,-351.855,-223.667,180520000.0,0.0,6.71,2.594,2.582,200831000.0,814887000.0,236790000.0,236790000.0,54207000.0,,,,,9532000.0,116300000.0,1.0,348288881.0,346731000,346731000.0,0.683,2326056000.0,4387000.0,8970000.0,54385000.0,6.709,1367434000.0
15,NOVL,MRQ,2007-03-31,2007-04-30,2007-04-30,2019-05-23,23907000.0,2711375000.0,,2038098000.0,673277000.0,,3.262,-7550000.0,950992000.0,950992000.0,64570000.0,-2888000.0,2.959,1.399,600000000.0,0.0,600000000.0,600000000.0,699501000.0,10309000.0,0.0,0.0,0.0,7344000.0,17653000.0,0.076,17653000.0,7344000.0,438000.0,-0.01,-0.01,-0.01,1130113000.0,,1130113000.0,2532709497.0,91.0,34.289,-36805000.0,-0.106,1.0,167817000.0,0.722,453850000.0,6906000.0,1217769000.0,,0.0,840721000.0,840721000.0,0.0,1581262000.0,688764000.0,892498000.0,2474783497.0,-74486000.0,2749000.0,737000.0,0.0,0.0,3479000.0,-48710000.0,-47552000.0,-29255000.0,0.0,-2888000.0,-2888000.0,-2888000.0,1576000.0,0.0,-0.012,179563000.0,-11746000.0,43386000.0,0.0,2.19,-263.724,-243.333,183491000.0,0.0,7.3,2.766,2.827,178269000.0,818307000.0,232387000.0,232387000.0,52562000.0,,,,,9933000.0,122478000.0,1.0,339011438.0,346492000,346492000.0,0.671,2257525000.0,4805000.0,3326000.0,49841000.0,6.515,1349334000.0
16,NOVL,MRQ,2006-12-31,2007-01-31,2007-01-31,2019-05-23,15688000.0,2706108000.0,,2027155000.0,678953000.0,,3.217,-4958000.0,1025478000.0,1025478000.0,64447000.0,-19945000.0,2.95,1.435,600000000.0,0.0,600000000.0,600000000.0,728364000.0,11164000.0,0.0,0.0,0.0,-4109000.0,7055000.0,0.032,7055000.0,-4109000.0,-10359000.0,-0.06,-0.06,-0.06,1111501000.0,,1111501000.0,2515758926.0,79.0,32.064,342570000.0,0.991,1.0,153939000.0,0.705,459255000.0,6250000.0,1134172000.0,,0.0,790033000.0,790033000.0,0.0,1594607000.0,687203000.0,907404000.0,2457832926.0,349691000.0,-9727000.0,7385000.0,0.0,0.0,9366000.0,-7203000.0,6834000.0,347528000.0,0.0,-19945000.0,-19945000.0,-19945000.0,7776000.0,0.0,-0.091,174555000.0,-20616000.0,41592000.0,0.0,2.211,-779.275,-725.0,182721000.0,0.0,7.25,2.745,2.798,146291000.0,820499000.0,218386000.0,218386000.0,46467000.0,,,,,6499000.0,120744000.0,1.0,339011438.0,345522000,345522000.0,0.632,2246853000.0,4586000.0,9586000.0,51679000.0,6.503,1339952000.0
17,NOVL,MRQ,2006-09-30,2006-10-31,2006-10-31,2019-05-23,14080000.0,2449723000.0,,1761125000.0,688598000.0,,3.245,-7128000.0,675787000.0,675787000.0,50252000.0,19870000.0,2.569,1.209,600000000.0,0.0,600000000.0,600000000.0,426971000.0,13068000.0,0.0,0.0,0.0,38868000.0,51936000.0,0.243,51936000.0,38868000.0,36985000.0,0.05,0.05,0.05,1104650000.0,,1104650000.0,2091994628.0,42.0,21.73,55133000.0,0.162,1.0,163118000.0,0.764,465105000.0,1883000.0,1223286000.0,,0.0,792763000.0,790500000.0,2263000.0,1335723000.0,685545000.0,650178000.0,2034068628.0,175071000.0,1450000.0,18270000.0,0.0,0.0,29416000.0,83394000.0,86383000.0,62261000.0,0.0,19870000.0,19870000.0,19870000.0,-2130000.0,0.0,0.093,152762000.0,10356000.0,44419000.0,0.0,1.841,109.03,120.0,184084000.0,0.0,6.0,2.213,2.357,233986000.0,840449000.0,213370000.0,213370000.0,43544000.0,,,,,6153000.0,101447000.0,1.0,339011438.0,340378000,358318000.0,0.627,1984618000.0,4770000.0,17115000.0,53786000.0,5.831,1075580000.0
18,NOVL,MRQ,2006-06-30,2006-07-31,2006-07-31,2019-05-23,7297000.0,2343827000.0,,1595298000.0,748529000.0,,2.832,12748000.0,500716000.0,500716000.0,72115000.0,-6421000.0,2.459,1.239,600000000.0,0.0,600000000.0,600000000.0,390799000.0,11530000.0,0.0,0.0,0.0,-14310000.0,-2780000.0,-0.012,-2780000.0,-14310000.0,-16502000.0,-0.01,-0.01,-0.01,1042410000.0,,1042410000.0,2258110233.0,108.0,33.067,48348000.0,0.131,1.0,158403000.0,0.687,472294000.0,2192000.0,1322162000.0,,0.0,853679000.0,798615000.0,55064000.0,1292067000.0,648655000.0,643412000.0,2200184233.0,-41358000.0,37922000.0,-128929000.0,0.0,0.0,-130051000.0,53093000.0,363000.0,35600000.0,0.0,-6421000.0,-6421000.0,-6421000.0,-13863000.0,0.0,-0.028,198578000.0,-40175000.0,40320000.0,0.0,2.111,-1219.614,-324.5,186752000.0,0.0,6.49,2.701,2.932,236112000.0,820625000.0,230518000.0,230518000.0,45993000.0,,,,,7687000.0,148090000.0,1.0,339011438.0,368106000,368106000.0,0.626,1871533000.0,1334000.0,-10081000.0,51874000.0,5.084,946643000.0
19,NOVL,MRQ,2006-03-31,2006-04-30,2006-04-30,2019-05-23,9122000.0,2422600000.0,,1625564000.0,797036000.0,,3.094,307000.0,542074000.0,542074000.0,77322000.0,3342000.0,2.558,1.059,600000000.0,0.0,600000000.0,600000000.0,345768000.0,10867000.0,0.0,0.0,0.0,11383000.0,22250000.0,0.095,22250000.0,11383000.0,8949000.0,0.01,0.01,0.01,1170732000.0,,1170732000.0,2956071291.0,61.0,31.045,-23639000.0,-0.062,1.0,155827000.0,0.668,501647000.0,2434000.0,1343401000.0,,0.0,853823000.0,796967000.0,56856000.0,1239544000.0,635478000.0,604066000.0,3201199291.0,-303054000.0,-71550000.0,-259273000.0,0.0,0.0,-258073000.0,-21035000.0,48118000.0,-23946000.0,0.0,3342000.0,3342000.0,3342000.0,-1387000.0,0.0,0.014,161182000.0,-5355000.0,46713000.0,0.0,2.734,473.76,,204274000.0,0.0,8.22,3.827,3.718,219242000.0,897571000.0,233149000.0,233149000.0,47119000.0,,,,,7730000.0,114143000.0,1.0,389440303.0,378403000,385320000.0,0.616,1920953000.0,1582000.0,5607000.0,61895000.0,5.076,990086000.0
20,NOVL,MRQ,2005-12-31,2006-01-31,2006-01-31,2019-05-23,9461000.0,2675065000.0,,1931569000.0,743496000.0,,3.679,-7603000.0,845128000.0,845128000.0,81323000.0,1865000.0,3.021,0.876,600000000.0,0.0,600000000.0,600000000.0,367451000.0,11511000.0,0.0,0.0,0.0,13355000.0,24866000.0,0.103,24866000.0,13355000.0,11866000.0,0.0,0.0,0.0,1419174000.0,,1419174000.0,3568910174.0,90.0,38.326,17520000.0,0.045,1.0,160971000.0,0.664,436175000.0,1489000.0,1354395000.0,,0.0,894683000.0,840462000.0,54221000.0,1243736000.0,639367000.0,604369000.0,3780148174.0,33890000.0,-4225000.0,9876000.0,0.0,0.0,13915000.0,-5148000.0,4218000.0,25123000.0,0.0,1865000.0,1865000.0,1865000.0,2365000.0,0.0,0.008,159718000.0,1253000.0,43602000.0,,2.664,-306.407,-194.8,209624000.0,0.0,9.74,4.198,4.173,185251000.0,985925000.0,242294000.0,242294000.0,43724000.0,,,,,13695000.0,116994000.0,1.0,388105562.0,385787000,394534000.0,0.628,2238890000.0,679000.0,10001000.0,63186000.0,5.803,1292202000.0
21,NOVL,MRQ,2005-09-30,2005-10-31,2005-10-31,2019-05-23,7444000.0,2761858000.0,,2009053000.0,752805000.0,,3.627,-10613000.0,811238000.0,811238000.0,-28161000.0,-4952000.0,2.774,0.979,600000000.0,0.0,600000000.0,600000000.0,405751000.0,13439000.0,0.0,0.0,0.0,10513000.0,23952000.0,0.22,23952000.0,10513000.0,1862000.0,-0.02,-0.02,-0.02,1386486000.0,,1386486000.0,2524942205.0,5.0,4.796,47640000.0,0.125,1.0,136917000.0,1.259,451930000.0,8651000.0,1374538000.0,,0.0,898006000.0,843666000.0,54340000.0,1357467000.0,724152000.0,633315000.0,2910772205.0,-174592000.0,-7500000.0,6073000.0,0.0,0.0,5857000.0,-238702000.0,-226529000.0,58253000.0,0.0,-590000.0,-590000.0,-590000.0,-5911000.0,-4362000.0,-0.005,157392000.0,-20475000.0,45445000.0,0.0,2.099,7.727,7.776,212377000.0,0.0,7.62,2.952,2.932,293627000.0,984107000.0,108756000.0,108756000.0,53139000.0,,,,,-1853000.0,67344000.0,1.0,381991103.0,382277000,454880000.0,0.284,2309928000.0,1384000.0,2452000.0,61406000.0,6.043,1284901000.0
22,NOVL,MRQ,2005-06-30,2005-07-31,2005-07-31,2019-05-23,7239000.0,2671252000.0,,1918211000.0,753041000.0,,3.607,-8484000.0,985830000.0,985830000.0,84646000.0,2140000.0,2.887,0.925,600000000.0,0.0,600000000.0,600000000.0,365365000.0,11284000.0,0.0,0.0,0.0,12868000.0,24152000.0,0.096,24152000.0,12868000.0,9009000.0,0.01,0.0,0.01,1371444000.0,,1371444000.0,1928974821.0,4.0,3.429,7014000.0,0.018,1.0,167736000.0,0.665,457094000.0,3859000.0,1163893000.0,,0.0,674951000.0,618461000.0,56490000.0,1268500000.0,664435000.0,604065000.0,2315853821.0,-1049000.0,0.0,3056000.0,0.0,0.0,2931000.0,-19478000.0,-6917000.0,15498000.0,0.0,2140000.0,2140000.0,2140000.0,-1580000.0,0.0,0.008,168657000.0,-921000.0,48660000.0,0.0,1.689,5.56,5.846,211729000.0,0.0,6.08,2.368,2.364,255426000.0,989150000.0,252382000.0,252382000.0,49040000.0,,,,,2729000.0,110174000.0,1.0,380897010.0,380242000,385377000.0,0.664,2214158000.0,630000.0,6869000.0,56920000.0,5.823,1253776000.0
23,NOVL,MRQ,2005-03-31,2005-04-30,2005-04-30,2019-05-23,21231000.0,2628913000.0,,1866947000.0,761966000.0,,3.643,-6035000.0,986879000.0,986879000.0,117341000.0,-15627000.0,3.031,0.886,600000000.0,0.0,600000000.0,600000000.0,321181000.0,17354000.0,0.0,0.0,0.0,2796000.0,20150000.0,0.068,20150000.0,2796000.0,928000.0,-0.04,-0.04,-0.04,1377877000.0,,1377877000.0,2067862075.0,4.0,3.572,-31019000.0,-0.082,1.0,179710000.0,0.605,457495000.0,1868000.0,1168517000.0,,0.0,668199000.0,610862000.0,57337000.0,1220118000.0,616022000.0,604096000.0,2239706075.0,215035000.0,-33829000.0,8512000.0,0.0,0.0,8512000.0,231507000.0,273310000.0,-24984000.0,0.0,-15752000.0,-15752000.0,-15752000.0,0.0,125000.0,-0.053,186112000.0,-6402000.0,48196000.0,0.0,1.625,5.118,5.422,218587000.0,0.0,5.91,2.174,2.169,209676000.0,987135000.0,297051000.0,297051000.0,51652000.0,,,,,9952000.0,128619000.0,1.0,378968879.0,378219000,378219000.0,0.785,2171418000.0,401000.0,16680000.0,56661000.0,5.741,1250925000.0
24,NOVL,MRQ,2004-12-31,2005-01-31,2005-01-31,2019-05-23,20790000.0,2648309000.0,,1920218000.0,728091000.0,,3.637,4772000.0,771844000.0,771844000.0,112051000.0,395161000.0,3.0,0.907,600000000.0,0.0,600000000.0,600000000.0,343104000.0,12436000.0,0.0,0.0,0.0,453735000.0,466171000.0,1.607,466171000.0,453735000.0,450330000.0,1.04,0.9,1.04,1372152000.0,,1372152000.0,2350718617.0,5.0,4.207,456419000.0,1.21,1.0,178077000.0,0.614,422168000.0,3405000.0,1414144000.0,,0.0,944069000.0,886558000.0,57511000.0,1244793000.0,640153000.0,604640000.0,2185122617.0,337440000.0,0.0,4467000.0,0.0,0.0,4217000.0,-118424000.0,-113953000.0,451647000.0,0.0,390891000.0,390891000.0,390891000.0,0.0,4270000.0,1.347,-271488000.0,449565000.0,45903000.0,0.0,1.592,4.99,5.294,219835000.0,0.0,5.77,2.128,2.12,201328000.0,1002887000.0,290128000.0,290128000.0,47758000.0,,,,,4719000.0,123484000.0,1.0,378704093.0,377257000,435467000.0,0.769,2226141000.0,0.0,59439000.0,61200000.0,5.901,1280065000.0
25,NOVL,MRQ,2004-09-30,2004-10-31,2004-10-31,2019-05-23,16180000.0,2293358000.0,,1536744000.0,756614000.0,,2.56,-4662000.0,434404000.0,434404000.0,16604000.0,13265000.0,2.218,1.346,600000000.0,0.0,600000000.0,600000000.0,374186000.0,9586000.0,0.0,0.0,0.0,42496000.0,52082000.0,0.376,52082000.0,42496000.0,34380000.0,0.03,0.03,0.03,963364000.0,,963364000.0,2728936705.0,36.0,21.8,45157000.0,0.12,1.0,121990000.0,0.88,439704000.0,8116000.0,1326436000.0,,0.0,833049000.0,777063000.0,55986000.0,1296669000.0,692814000.0,603855000.0,2702574705.0,-139234000.0,0.0,10179000.0,0.0,0.0,10178000.0,-199231000.0,-207587000.0,49819000.0,0.0,39236000.0,39236000.0,39236000.0,-10592000.0,-25971000.0,0.283,125009000.0,-3019000.0,55956000.0,0.0,2.805,47.258,89.875,231468000.0,0.0,7.19,2.692,2.73,269431000.0,607851000.0,138594000.0,138594000.0,45446000.0,,,,,4940000.0,70647000.0,1.0,375879653.0,376366000,382242000.0,0.368,1853654000.0,0.0,-4856000.0,40932000.0,4.925,843930000.0
26,NOVL,MRQ,2004-06-30,2004-07-31,2004-07-31,2019-05-23,9241000.0,2230643000.0,,1450607000.0,780036000.0,,2.421,-7348000.0,573638000.0,573638000.0,103956000.0,23405000.0,2.232,1.359,600000000.0,0.0,600000000.0,600000000.0,337461000.0,11864000.0,0.0,0.0,0.0,28605000.0,40469000.0,0.133,40469000.0,28605000.0,28605000.0,0.06,0.06,0.06,932040000.0,,932040000.0,2008771879.0,36.0,18.851,57509000.0,0.149,1.0,200641000.0,0.659,456761000.0,0.0,1150398000.0,,0.0,631871000.0,575749000.0,56122000.0,1266805000.0,649846000.0,616959000.0,2644905879.0,320166000.0,-5322000.0,-123637000.0,585150000.0,0.0,461324000.0,-206015000.0,-193567000.0,64857000.0,0.0,23216000.0,23216000.0,23216000.0,0.0,189000.0,0.076,178029000.0,22612000.0,52781000.0,0.0,2.838,-29.048,-27.36,246242000.0,0.0,6.84,2.296,2.286,245373000.0,594712000.0,304597000.0,304597000.0,46931000.0,,,,,0.0,121848000.0,1.0,386682146.0,384940000,418180000.0,0.791,1773882000.0,0.0,5389000.0,57463000.0,4.608,800761000.0
27,NOVL,MRQ,2004-03-31,2004-04-30,2004-04-30,2019-05-23,6745000.0,1667694000.0,,907986000.0,759708000.0,,2.61,-4570000.0,636134000.0,636134000.0,106442000.0,10383000.0,1.537,0.605,0.0,0.0,0.0,0.0,296115000.0,10940000.0,0.0,0.0,0.0,-10945000.0,-5000.0,0.0,-5000.0,-10945000.0,-10945000.0,-0.04,-0.04,-0.04,1003671000.0,,1003671000.0,3033734861.0,905.0,53.677,-32854000.0,-0.085,1.0,187114000.0,0.637,452026000.0,0.0,-11319000.0,,0.0,52936000.0,0.0,52936000.0,607311000.0,590853000.0,16458000.0,3638888861.0,-12369000.0,0.0,18127000.0,0.0,0.0,68025000.0,-52110000.0,-45213000.0,-28284000.0,0.0,-15399000.0,-15399000.0,-15399000.0,0.0,25782000.0,-0.052,172652000.0,14462000.0,53405000.0,0.0,3.626,-28.728,-27.882,248448000.0,0.0,9.48,3.22,3.225,214731000.0,571496000.0,293556000.0,293556000.0,52031000.0,,,,,0.0,117861000.0,1.0,383849036.0,384528000,371723000.0,0.763,1215668000.0,0.0,4454000.0,54369000.0,3.161,317133000.0
28,NOVL,MRQ,2003-12-31,2004-01-31,2004-01-31,2019-05-23,14244000.0,1602737000.0,,835631000.0,767106000.0,,2.592,-5466000.0,605154000.0,605154000.0,94876000.0,10135000.0,1.399,0.633,0.0,0.0,0.0,0.0,294343000.0,16152000.0,0.0,0.0,0.0,16483000.0,32635000.0,0.122,32635000.0,16483000.0,16483000.0,0.03,0.03,0.03,981386000.0,,981386000.0,4090982525.0,-198.0,104.173,25555000.0,0.068,1.0,172231000.0,0.645,454701000.0,0.0,-54337000.0,,0.0,51798000.0,0.0,51798000.0,621351000.0,597219000.0,24132000.0,4842834525.0,-101091000.0,-200298000.0,28493000.0,0.0,0.0,28493000.0,-160605000.0,45266000.0,31021000.0,0.0,10135000.0,10135000.0,10135000.0,0.0,0.0,0.038,158225000.0,14006000.0,57275000.0,0.0,4.935,-34.621,-33.368,254236000.0,0.0,12.68,4.353,4.314,176287000.0,586895000.0,267107000.0,267107000.0,50199000.0,,,,,0.0,108026000.0,1.0,381927013.0,378566000,391371000.0,0.706,1148036000.0,0.0,6348000.0,56787000.0,3.033,238412000.0
29,NOVL,MRQ,2003-09-30,2003-10-31,2003-10-31,2019-05-23,7068000.0,1567653000.0,,1030553000.0,537100000.0,,2.499,-8863000.0,366932000.0,366932000.0,101337000.0,-109004000.0,1.645,0.67,0.0,0.0,0.0,0.0,322470000.0,11884000.0,0.0,0.0,0.0,21576000.0,33460000.0,0.117,33460000.0,21576000.0,16090000.0,-0.3,-0.3,-0.3,934470000.0,,934470000.0,1453236379.0,-29.0,125.996,44415000.0,0.119,1.0,185412000.0,0.647,224100000.0,5486000.0,350163000.0,,0.0,435868000.0,384920000.0,50948000.0,626458000.0,626458000.0,0.0,2192013379.0,-83745000.0,-38996000.0,12276000.0,0.0,0.0,12276000.0,-149299000.0,-109896000.0,53278000.0,0.0,-109004000.0,-109004000.0,-109004000.0,0.0,0.0,-0.38,165880000.0,19532000.0,50258000.0,0.0,2.346,-13.539,-13.341,255526000.0,0.0,5.87,1.983,1.968,232492000.0,576759000.0,286749000.0,286749000.0,41388000.0,,,,,0.0,115530000.0,1.0,373426470.0,373875000,373875000.0,0.767,1343553000.0,0.0,125094000.0,35493000.0,3.594,404095000.0
30,NOVL,MRQ,2003-06-30,2003-07-31,2003-07-31,2019-05-23,4633000.0,1622741000.0,,1026100000.0,596641000.0,,2.782,115387000.0,738777000.0,738777000.0,131046000.0,-12400000.0,1.748,0.579,0.0,0.0,0.0,0.0,295786000.0,14190000.0,0.0,0.0,0.0,-23762000.0,-9572000.0,-0.034,-9572000.0,-23762000.0,-23762000.0,-0.03,-0.03,-0.03,1027785000.0,,1027785000.0,710473033.0,-4.0,-7.901,120884000.0,0.327,1.0,151763000.0,0.537,182657000.0,0.0,114367000.0,,0.0,51039000.0,0.0,51039000.0,594956000.0,586940000.0,8016000.0,1336870033.0,76153000.0,0.0,807000.0,0.0,0.0,807000.0,69849000.0,-44438000.0,5497000.0,0.0,-12400000.0,-12400000.0,-12400000.0,0.0,0.0,-0.044,170443000.0,-18680000.0,48263000.0,0.0,1.301,-9.247,-9.231,258908000.0,0.0,3.6,1.195,1.188,217230000.0,685763000.0,282809000.0,282809000.0,48178000.0,,,,,0.0,120849000.0,1.0,371352787.0,369435000,369435000.0,0.766,1440084000.0,115922000.0,-11362000.0,24980000.0,3.898,439160000.0
31,NOVL,MRQ,2003-03-31,2003-04-30,2003-04-30,2019-05-23,651000.0,1602581000.0,,886948000.0,715633000.0,,2.806,-7925000.0,626397000.0,626397000.0,108771000.0,-28612000.0,1.583,0.549,0.0,0.0,0.0,0.0,267546000.0,17732000.0,0.0,0.0,0.0,-34984000.0,-17252000.0,-0.063,-17252000.0,-34984000.0,-34984000.0,-0.08,-0.08,-0.08,1034588000.0,,1034588000.0,362214243.0,-3.0,-7.366,-34287000.0,-0.093,1.0,167196000.0,0.606,210671000.0,0.0,205361000.0,,0.0,55603000.0,0.0,55603000.0,567993000.0,560152000.0,7841000.0,1012969243.0,62702000.0,0.0,5900000.0,0.0,0.0,5900000.0,83164000.0,93849000.0,-26362000.0,0.0,-28612000.0,-28612000.0,-28612000.0,0.0,0.0,-0.104,189705000.0,-22509000.0,61007000.0,0.0,0.979,-8.288,-8.333,353183000.0,0.0,2.75,0.906,0.907,183672000.0,698164000.0,275967000.0,275967000.0,48354000.0,,,,,0.0,132676000.0,1.0,368352452.0,368746000,368746000.0,0.748,1391910000.0,103211000.0,-6372000.0,28764000.0,3.775,326796000.0
32,NOVL,MRQ,2002-12-31,2003-01-31,2003-01-31,2019-05-23,-13000.0,1609861000.0,,881609000.0,728252000.0,,2.869,-13067000.0,650755000.0,650755000.0,97564000.0,-11888000.0,1.614,0.525,0.0,0.0,0.0,0.0,265220000.0,17252000.0,0.0,0.0,0.0,-12354000.0,4898000.0,0.019,4898000.0,-12354000.0,-12354000.0,-0.03,-0.03,-0.03,1055853000.0,,1055853000.0,557267769.0,-2.0,-2.886,9808000.0,0.027,1.0,162407000.0,0.625,212317000.0,0.0,200573000.0,,0.0,65238000.0,0.0,65238000.0,554008000.0,546216000.0,7792000.0,1193125769.0,-152165000.0,-1050000.0,1147000.0,0.0,0.0,1147000.0,-176187000.0,-166651000.0,22875000.0,0.0,-11888000.0,-11888000.0,-11888000.0,0.0,0.0,-0.046,168572000.0,-6165000.0,53825000.0,0.0,1.13,-4.468,-4.438,360155000.0,0.0,3.24,1.069,1.068,159710000.0,726775000.0,259971000.0,259971000.0,42922000.0,,,,,0.0,125650000.0,1.0,368248694.0,368075000,368075000.0,0.706,1397544000.0,96101000.0,-466000.0,33704000.0,3.797,335393000.0
33,NOVL,MRQ,2002-09-30,2002-10-31,2002-10-31,2019-05-23,57000.0,1665065000.0,,919538000.0,745527000.0,,2.92,-8934000.0,635858000.0,635858000.0,109199000.0,-91672000.0,1.555,0.563,0.0,0.0,0.0,0.0,275344000.0,19610000.0,0.0,0.0,0.0,-87611000.0,-68001000.0,-0.226,-68001000.0,-87611000.0,-87611000.0,-0.25,-0.25,-0.25,1065542000.0,,1065542000.0,278213379.0,-1.0,-1.665,23938000.0,0.066,1.0,191136000.0,0.636,215885000.0,0.0,221815000.0,,0.0,73452000.0,0.0,73452000.0,599523000.0,591507000.0,8016000.0,885523379.0,75137000.0,-414000.0,6325000.0,0.0,0.0,6325000.0,35940000.0,28034000.0,32872000.0,0.0,-91672000.0,-91672000.0,-91672000.0,0.0,0.0,-0.305,255345000.0,-64209000.0,57241000.0,0.0,0.831,-3.588,-3.574,369189000.0,0.0,2.43,0.781,0.779,214827000.0,738663000.0,300335000.0,300335000.0,39719000.0,,,,,0.0,135276000.0,1.0,364412913.0,364883000,364883000.0,0.823,1449180000.0,21204000.0,4061000.0,36294000.0,3.972,328031000.0
34,NOVL,MRQ,2002-06-30,2002-07-31,2002-07-31,2019-05-23,-3389000.0,1717795000.0,,884061000.0,833734000.0,,3.155,-5515000.0,607310000.0,607310000.0,109822000.0,9949000.0,1.598,0.5,0.0,0.0,0.0,0.0,239929000.0,15680000.0,0.0,0.0,0.0,15498000.0,31178000.0,0.11,31178000.0,15498000.0,15498000.0,0.03,0.03,0.03,1145505000.0,,1145505000.0,129032688.0,-1.0,-0.703,30642000.0,0.084,1.0,172451000.0,0.611,206167000.0,0.0,351198000.0,,231000.0,94657000.0,0.0,94657000.0,572290000.0,553120000.0,19170000.0,812327688.0,78988000.0,-102561000.0,-315000.0,0.0,0.0,-315000.0,43146000.0,162305000.0,36157000.0,0.0,9949000.0,9949000.0,9949000.0,0.0,0.0,0.035,164183000.0,8268000.0,59063000.0,0.0,0.709,-3.254,-3.186,459687000.0,0.0,2.23,0.706,0.704,204811000.0,830335000.0,282273000.0,282273000.0,44130000.0,,,,,0.0,117053000.0,1.0,364272506.0,363131000,363131000.0,0.777,1511628000.0,22098000.0,5549000.0,26245000.0,4.163,330941000.0
35,NOVL,MRQ,2002-03-31,2002-04-30,2002-04-30,2019-05-23,-1874000.0,1631881000.0,,936454000.0,695427000.0,,3.067,-10644000.0,683295000.0,683295000.0,112828000.0,-173451000.0,1.878,0.467,0.0,0.0,0.0,0.0,212268000.0,14607000.0,0.0,0.0,0.0,-175744000.0,-161137000.0,-0.588,-161137000.0,-175744000.0,-175744000.0,-0.48,-0.48,-0.48,1112699000.0,,1112699000.0,606082974.0,-2.0,-2.851,-48865000.0,-0.135,1.0,161025000.0,0.588,55253000.0,0.0,394589000.0,,416000.0,93198000.0,0.0,93198000.0,519182000.0,498744000.0,20438000.0,1341601974.0,-66461000.0,0.0,5464000.0,0.0,0.0,5464000.0,-33704000.0,-29113000.0,-38221000.0,0.0,-173451000.0,-173451000.0,-173451000.0,0.0,0.0,-0.633,174685000.0,-13660000.0,55977000.0,0.0,1.206,-4.811,-4.684,461033000.0,0.0,3.7,1.201,1.202,173379000.0,820386000.0,273853000.0,273853000.0,42385000.0,,,,,0.0,113200000.0,1.0,362595128.0,362754000,362754000.0,0.755,1576628000.0,24930000.0,-2293000.0,26145000.0,4.346,437710000.0
36,NOVL,MRQ,2001-12-31,2002-01-31,2002-01-31,2019-05-23,3576000.0,1831259000.0,,979655000.0,851604000.0,,3.542,13533000.0,735519000.0,735519000.0,117569000.0,8351000.0,1.862,0.427,0.0,0.0,0.0,0.0,227039000.0,18888000.0,0.0,0.0,0.0,11930000.0,30818000.0,0.111,30818000.0,11930000.0,11930000.0,0.02,0.02,0.02,1283715000.0,,1283715000.0,1191106999.0,-4.0,-6.501,34199000.0,0.094,1.0,160290000.0,0.577,195223000.0,0.0,374368000.0,,1079000.0,112533000.0,0.0,112533000.0,547544000.0,526149000.0,21395000.0,1896349999.0,38396000.0,0.0,1712000.0,0.0,0.0,1712000.0,16018000.0,410000.0,20666000.0,0.0,8351000.0,8351000.0,8351000.0,0.0,0.0,0.03,158814000.0,1476000.0,57069000.0,0.0,1.477,-7.386,-6.62,470148000.0,0.0,5.23,1.75,1.749,159086000.0,993837000.0,277859000.0,277859000.0,43013000.0,,,,,0.0,115801000.0,1.0,362590822.0,362428000,362970000.0,0.767,1636036000.0,34316000.0,3579000.0,37734000.0,4.514,453506000.0
37,NOVL,MRQ,2001-09-30,2001-10-31,2001-10-31,2019-05-23,2455000.0,1904006000.0,,1027366000.0,876640000.0,,3.514,-8245000.0,705243000.0,705243000.0,128379000.0,-94511000.0,1.682,0.498,0.0,0.0,0.0,0.0,243261000.0,19713000.0,0.0,0.0,0.0,-104069000.0,-84356000.0,-0.267,-84356000.0,-104069000.0,-104069000.0,-0.27,-0.27,-0.27,1270667000.0,,1270667000.0,595175715.0,-2.0,-2.96,22153000.0,0.061,1.0,187543000.0,0.594,192016000.0,0.0,395844000.0,,947000.0,114971000.0,0.0,114971000.0,633339000.0,610903000.0,22436000.0,1282118715.0,15438000.0,0.0,-1231000.0,0.0,0.0,-1231000.0,-13729000.0,-7256000.0,30398000.0,0.0,-94511000.0,-94511000.0,-94511000.0,0.0,0.0,-0.299,269905000.0,-82362000.0,77571000.0,0.0,1.009,-4.699,-4.317,496620000.0,0.0,3.54,1.22,1.12,227044000.0,985486000.0,315922000.0,315922000.0,44321000.0,,,,,0.0,145407000.0,1.0,362180428.0,361589000,361589000.0,0.874,1711990000.0,34595000.0,-9558000.0,38175000.0,4.735,416463000.0
38,NOVL,MRQ,2001-06-30,2001-07-31,2001-07-31,2019-05-23,-12480000.0,1947729000.0,,1010506000.0,937223000.0,,4.104,-6706000.0,686943000.0,686943000.0,76176000.0,-19274000.0,1.761,0.444,0.0,0.0,0.0,0.0,220072000.0,25126000.0,0.0,0.0,0.0,-23068000.0,2058000.0,0.008,2058000.0,-23068000.0,-23068000.0,-0.06,-0.06,-0.06,1348811000.0,,1348811000.0,954272751.0,-4.0,-6.654,-11442000.0,-0.035,1.0,172908000.0,0.694,0.0,0.0,687030000.0,,1067000.0,366315000.0,0.0,366315000.0,598918000.0,573756000.0,25162000.0,1592879751.0,16100000.0,72358000.0,-2863000.0,0.0,0.0,-2863000.0,23699000.0,-43699000.0,-4736000.0,0.0,-19274000.0,-19274000.0,-19274000.0,0.0,0.0,-0.077,206482000.0,-33574000.0,79229000.0,0.0,1.181,-7.467,-7.448,291169000.0,0.0,4.99,1.58,1.627,230570000.0,1079997000.0,249084000.0,249084000.0,47976000.0,,,,,0.0,128114000.0,1.0,319214379.0,328683000,328683000.0,0.758,1947729000.0,22198000.0,-3794000.0,43992000.0,5.926,436750000.0
39,NOVL,MRQ,2001-03-31,2001-04-30,2001-04-30,2019-05-23,-8047000.0,1569023000.0,,881821000.0,687202000.0,,3.516,-11086000.0,638607000.0,638607000.0,67125000.0,-151311000.0,2.083,0.404,0.0,0.0,0.0,0.0,200282000.0,22448000.0,0.0,0.0,0.0,-154176000.0,-131728000.0,-0.547,-131728000.0,-154176000.0,-154176000.0,-0.48,-0.48,-0.48,1117649000.0,,1117649000.0,862568568.0,-4.0,-7.733,-12626000.0,-0.04,1.0,173630000.0,0.721,0.0,0.0,507024000.0,,1465000.0,362695000.0,0.0,362695000.0,451374000.0,423392000.0,27982000.0,1518017568.0,62979000.0,25975000.0,4033000.0,0.0,0.0,4033000.0,60486000.0,43144000.0,-1540000.0,0.0,-151311000.0,-151311000.0,-151311000.0,0.0,0.0,-0.628,195615000.0,-21985000.0,75837000.0,0.0,1.358,-8.185,-8.241,276291000.0,0.0,4.78,1.475,1.476,138882000.0,1099271000.0,240755000.0,240755000.0,52566000.0,,,,,0.0,143049000.0,1.0,317576897.0,317873000,317873000.0,0.757,1569023000.0,55473000.0,-2865000.0,15136000.0,4.936,458429000.0
40,NOVL,MRQ,2000-12-31,2001-01-31,2001-01-31,2019-05-23,-101797000.0,1645454000.0,,926075000.0,719379000.0,,3.617,-7252000.0,655449000.0,655449000.0,66954000.0,-7774000.0,1.976,0.412,0.0,0.0,0.0,0.0,220154000.0,19421000.0,0.0,0.0,0.0,-6501000.0,12920000.0,0.053,12920000.0,-6501000.0,-6501000.0,-0.02,-0.02,-0.02,1165277000.0,,1165277000.0,2042159535.0,1075.0,24.103,60603000.0,0.188,1.0,178081000.0,0.727,0.0,0.0,521285000.0,,1898000.0,397876000.0,0.0,397876000.0,480177000.0,468720000.0,11457000.0,2740352535.0,-46127000.0,0.0,-60596000.0,0.0,0.0,-60596000.0,-53386000.0,-27929000.0,67855000.0,0.0,-7774000.0,-7774000.0,-7774000.0,0.0,0.0,-0.032,191365000.0,-13284000.0,94286000.0,0.0,2.352,-873.002,-862.5,282937000.0,0.0,8.625,2.512,2.548,161095000.0,1250626000.0,245035000.0,245035000.0,46846000.0,,,,,0.0,144519000.0,1.0,317722033.0,322183000,322183000.0,0.761,1645454000.0,56996000.0,1273000.0,26145000.0,5.107,457355000.0
41,NOVL,MRQ,2000-09-30,2000-10-31,2000-10-31,2019-05-23,-84427000.0,1712346000.0,,1007359000.0,704987000.0,,3.802,6048000.0,698193000.0,698193000.0,79906000.0,-34957000.0,2.214,0.375,0.0,0.0,0.0,0.0,203163000.0,19927000.0,0.0,0.0,0.0,-46587000.0,-26660000.0,-0.098,-26660000.0,-46587000.0,-46587000.0,-0.11,-0.1,-0.11,1245085000.0,,1245085000.0,2277227111.0,32.0,14.925,56056000.0,0.171,1.0,193418000.0,0.708,8599000.0,0.0,550476000.0,,2621000.0,383583000.0,0.0,383583000.0,467261000.0,455078000.0,12183000.0,2953869111.0,-72019000.0,0.0,-3648000.0,0.0,0.0,-3648000.0,-118379000.0,-120937000.0,50008000.0,0.0,-34957000.0,-34957000.0,-34957000.0,0.0,0.0,-0.128,260886000.0,-67468000.0,85050000.0,0.0,2.372,59.71,60.0,290104000.0,0.0,9.0,2.543,2.53,196672000.0,1319853000.0,273324000.0,273324000.0,52796000.0,,,,,-38535000.0,160198000.0,1.0,328207679.0,327476000,329226000.0,0.835,1703747000.0,60109000.0,-11630000.0,39043000.0,5.203,552281000.0
42,NOVL,MRQ,2000-06-30,2000-07-31,2000-07-31,2019-05-23,-17174000.0,1792714000.0,,1013926000.0,778788000.0,,4.255,17860000.0,676642000.0,676642000.0,85023000.0,8572000.0,2.556,0.295,0.0,0.0,0.0,0.0,184677000.0,22021000.0,0.0,0.0,0.0,11904000.0,33925000.0,0.126,33925000.0,11904000.0,11904000.0,0.03,0.03,0.03,1384051000.0,,1384051000.0,2438736587.0,12.0,8.608,120090000.0,0.369,1.0,184996000.0,0.685,0.0,0.0,719318000.0,,3215000.0,413109000.0,0.0,413109000.0,408663000.0,396754000.0,11909000.0,3085445587.0,116604000.0,0.0,3937000.0,0.0,0.0,3937000.0,10437000.0,1834000.0,102230000.0,0.0,8572000.0,8572000.0,8572000.0,0.0,0.0,0.032,203879000.0,-18883000.0,81324000.0,0.0,2.229,19.499,19.792,309290000.0,0.0,9.5,2.502,2.507,214003000.0,1364558000.0,270019000.0,270019000.0,57021000.0,,,,,5055000.0,146858000.0,1.0,324783746.0,325314000,327258000.0,0.83,1792714000.0,53079000.0,3332000.0,0.0,5.511,617172000.0
43,NOVL,MRQ,2000-03-31,2000-04-30,2000-04-30,2019-05-23,15331000.0,1772540000.0,,996789000.0,775751000.0,,4.266,-17466000.0,646709000.0,646709000.0,83742000.0,31020000.0,2.721,0.271,0.0,0.0,0.0,0.0,168201000.0,21456000.0,0.0,0.0,0.0,43084000.0,64540000.0,0.213,64540000.0,43084000.0,43084000.0,0.09,0.09,0.09,1394151000.0,,1394151000.0,5517516506.0,22.0,16.579,31336000.0,0.096,1.0,218607000.0,0.723,0.0,0.0,759450000.0,,3591000.0,371319000.0,0.0,371319000.0,378389000.0,366381000.0,12008000.0,6465031506.0,-126077000.0,0.0,-178786000.0,0.0,0.0,-178786000.0,3907000.0,47111000.0,48802000.0,0.0,31020000.0,31020000.0,31020000.0,0.0,0.0,0.103,210368000.0,8239000.0,73933000.0,0.0,4.637,32.491,32.708,341912000.0,0.0,19.625,5.013,4.972,239202000.0,1355986000.0,302349000.0,302349000.0,60248000.0,,,,,26721000.0,150120000.0,1.0,329428357.0,326788000,341547000.0,0.925,1772540000.0,31353000.0,12064000.0,5039000.0,5.424,630408000.0
44,NOVL,MRQ,1999-12-31,2000-01-31,2000-01-31,2019-05-23,109285000.0,2019009000.0,,1265819000.0,753190000.0,,4.897,-10674000.0,947515000.0,947515000.0,78727000.0,44835000.0,3.115,0.261,0.0,0.0,0.0,0.0,180706000.0,18505000.0,0.0,0.0,0.0,62271000.0,80776000.0,0.256,80776000.0,62271000.0,62271000.0,0.14,0.13,0.14,1601012000.0,,1601012000.0,10002665847.0,38.0,29.621,130163000.0,0.398,1.0,237316000.0,0.751,0.0,0.0,665126000.0,,4028000.0,375752000.0,0.0,375752000.0,417997000.0,406368000.0,11629000.0,10898069847.0,96760000.0,0.0,-51617000.0,0.0,0.0,-51617000.0,7540000.0,19249000.0,140837000.0,0.0,44835000.0,44835000.0,44835000.0,0.0,0.0,0.142,190786000.0,46530000.0,57523000.0,0.0,6.807,52.728,52.976,341816000.0,0.0,33.375,8.363,8.373,236857000.0,1468646000.0,316043000.0,316043000.0,57937000.0,,,,,29677000.0,132849000.0,1.0,326533928.0,326906000,342105000.0,0.967,2019009000.0,0.0,17436000.0,47941000.0,6.176,859451000.0
45,NOVL,MRQ,1999-09-30,1999-10-31,1999-10-31,2019-05-23,35189000.0,1942319000.0,,1335616000.0,606703000.0,,4.513,-18193000.0,895404000.0,895404000.0,74618000.0,73812000.0,3.038,0.302,0.0,0.0,0.0,0.0,173150000.0,22639000.0,0.0,0.0,0.0,81425000.0,104064000.0,0.302,104064000.0,81425000.0,81425000.0,0.22,0.22,0.22,1492241000.0,,1492241000.0,5689945335.0,23.0,18.121,62517000.0,0.189,1.0,269936000.0,0.783,0.0,0.0,607283000.0,,3753000.0,229114000.0,0.0,229114000.0,450078000.0,439632000.0,10446000.0,6682146335.0,10640000.0,0.0,-183561000.0,0.0,0.0,-183561000.0,113491000.0,144782000.0,80710000.0,0.0,73812000.0,73812000.0,73812000.0,0.0,0.0,0.214,195110000.0,74826000.0,85037000.0,0.0,4.478,35.031,35.197,347012000.0,0.0,20.063,5.25,5.272,284510000.0,1432624000.0,344554000.0,344554000.0,59964000.0,,,,,3687000.0,135146000.0,1.0,333066484.0,330635000,343984000.0,1.042,1942319000.0,60266000.0,7613000.0,57085000.0,5.875,895984000.0
46,NOVL,MRQ,1999-06-30,1999-07-31,1999-07-31,2019-05-23,-4493000.0,1963581000.0,,1371315000.0,592266000.0,,4.643,-19311000.0,992201000.0,992201000.0,76089000.0,49311000.0,3.424,0.264,0.0,0.0,0.0,0.0,149338000.0,14932000.0,0.0,0.0,0.0,68488000.0,83420000.0,0.255,83420000.0,68488000.0,68488000.0,0.15,0.14,0.15,1552939000.0,,1552939000.0,7651777710.0,35.0,26.838,67381000.0,0.201,1.0,250719000.0,0.767,0.0,0.0,570846000.0,,2945000.0,210835000.0,0.0,210835000.0,410642000.0,400534000.0,10108000.0,8626217710.0,100174000.0,0.0,-28415000.0,0.0,0.0,-28415000.0,41897000.0,65043000.0,86692000.0,0.0,49311000.0,49311000.0,49311000.0,0.0,0.0,0.151,188280000.0,62439000.0,74636000.0,0.0,5.555,54.269,53.646,344750000.0,0.0,25.75,7.037,7.026,233302000.0,1407274000.0,326808000.0,326808000.0,58782000.0,,,,,21616000.0,129498000.0,1.0,334998746.0,334488000,350951000.0,0.977,1963581000.0,75958000.0,19177000.0,45083000.0,5.87,970781000.0
47,NOVL,MRQ,1999-03-31,1999-04-30,1999-04-30,2019-05-23,-5315000.0,1919093000.0,,1350196000.0,568897000.0,,4.506,-19462000.0,974440000.0,974440000.0,79367000.0,38726000.0,3.395,0.27,0.0,0.0,0.0,0.0,132854000.0,15645000.0,0.0,0.0,0.0,53787000.0,69432000.0,0.22,69432000.0,53787000.0,53787000.0,0.12,0.11,0.12,1510844000.0,,1510844000.0,6471009735.0,34.0,25.111,58708000.0,0.175,1.0,236285000.0,0.749,0.0,0.0,546977000.0,,3108000.0,200302000.0,0.0,200302000.0,408249000.0,397676000.0,10573000.0,7486431735.0,23925000.0,0.0,-45841000.0,0.0,0.0,-45841000.0,-8404000.0,44099000.0,78170000.0,0.0,38726000.0,38726000.0,38726000.0,0.0,0.0,0.123,186793000.0,49492000.0,61920000.0,0.0,4.955,54.967,54.268,344261000.0,0.0,22.25,6.393,6.37,209282000.0,1357961000.0,315652000.0,315652000.0,59682000.0,,,,,12009000.0,127111000.0,1.0,336468842.0,335276000,351116000.0,0.941,1919093000.0,88480000.0,15061000.0,61647000.0,5.724,952520000.0
48,NOVL,MRQ,1998-12-31,1999-01-31,1999-01-31,2019-05-23,1109000.0,1930671000.0,,1406928000.0,523743000.0,,4.484,-12215000.0,1015422000.0,1015422000.0,64126000.0,28898000.0,3.503,0.276,0.0,0.0,0.0,0.0,137421000.0,16940000.0,0.0,0.0,0.0,40136000.0,57076000.0,0.2,57076000.0,40136000.0,40136000.0,0.09,0.08,0.09,1513102000.0,,1513102000.0,5875313949.0,36.0,24.957,70933000.0,0.21,1.0,221680000.0,0.776,0.0,0.0,513613000.0,,2737000.0,156842000.0,0.0,156842000.0,417569000.0,401636000.0,15933000.0,6882480949.0,-15963000.0,0.0,-49550000.0,0.0,0.0,-49550000.0,-49561000.0,1365000.0,83148000.0,0.0,28898000.0,28898000.0,28898000.0,0.0,0.0,0.101,185385000.0,36295000.0,73644000.0,0.0,4.549,58.935,59.926,341172000.0,0.0,20.375,6.158,6.152,206227000.0,1319235000.0,285806000.0,285806000.0,55604000.0,,,,,13347000.0,129781000.0,1.0,337790476.0,337441000,351522000.0,0.847,1930671000.0,79839000.0,11238000.0,61158000.0,5.722,1005292000.0
49,NOVL,MRQ,1998-09-30,1998-10-31,1998-10-31,2019-05-23,-26099000.0,1924112000.0,,1435700000.0,488412000.0,,4.318,-14758000.0,1007167000.0,1007167000.0,78461000.0,42019000.0,3.462,0.288,0.0,0.0,0.0,0.0,141714000.0,16817000.0,0.0,0.0,0.0,58360000.0,75177000.0,0.253,75177000.0,58360000.0,58360000.0,0.12,0.12,0.12,1493498000.0,,1493498000.0,4089432418.0,29.0,18.776,84765000.0,0.245,1.0,219118000.0,0.736,0.0,0.0,502250000.0,,3562000.0,114815000.0,0.0,114815000.0,430614000.0,414695000.0,15919000.0,5237357418.0,-23261000.0,0.0,-204236000.0,0.0,0.0,-204236000.0,81452000.0,177838000.0,99523000.0,0.0,42019000.0,42019000.0,42019000.0,0.0,0.0,0.141,170038000.0,49080000.0,77987000.0,0.0,3.507,51.359,51.293,346196000.0,0.0,14.875,4.832,4.811,246577000.0,1290337000.0,297579000.0,297579000.0,57608000.0,,,,,6853000.0,112430000.0,1.0,352091255.0,345872000,354109000.0,0.86,1924112000.0,95343000.0,16341000.0,64057000.0,5.563,1021005000.0
50,NOVL,MRQ,1998-06-30,1998-07-31,1998-07-31,2019-05-23,-39139000.0,2007634000.0,,1551467000.0,456167000.0,,4.627,-25386000.0,1147925000.0,1147925000.0,63069000.0,26556000.0,4.365,0.228,0.0,0.0,0.0,0.0,102632000.0,19126000.0,0.0,0.0,0.0,36884000.0,56010000.0,0.206,56010000.0,36884000.0,36884000.0,0.08,0.07,0.08,1635191000.0,,1635191000.0,2935700228.0,30.0,16.227,100120000.0,0.283,1.0,208947000.0,0.768,0.0,0.0,504235000.0,,4274000.0,0.0,0.0,0.0,372443000.0,355474000.0,16969000.0,4020335228.0,21911000.0,0.0,-1000.0,0.0,0.0,-1000.0,-103594000.0,-106202000.0,125506000.0,0.0,26556000.0,26556000.0,26556000.0,0.0,0.0,0.098,178861000.0,30086000.0,66498000.0,0.0,2.459,59.891,56.875,347624000.0,0.0,11.375,3.809,3.809,231221000.0,1248318000.0,272016000.0,272016000.0,57048000.0,,,,,2258000.0,121813000.0,1.0,353436064.0,353436000,362083000.0,0.77,2007634000.0,99879000.0,10328000.0,52786000.0,5.68,1195993000.0
51,NOVL,MRQ,1998-03-31,1998-04-30,1998-04-30,2019-05-23,-32860000.0,1915185000.0,,1491080000.0,424105000.0,,4.583,-8537000.0,1084635000.0,1084635000.0,59278000.0,19307000.0,5.241,0.188,0.0,0.0,0.0,0.0,83251000.0,20338000.0,0.0,0.0,0.0,26815000.0,47153000.0,0.18,47153000.0,26815000.0,26815000.0,0.05,0.05,0.05,1612001000.0,,1612001000.0,2471132300.0,-16.0,-33.972,21594000.0,0.061,1.0,202972000.0,0.774,0.0,0.0,546047000.0,,6316000.0,0.0,0.0,0.0,303184000.0,284503000.0,18681000.0,3516276300.0,-77309000.0,0.0,12499000.0,0.0,0.0,12499000.0,-119939000.0,-109985000.0,30131000.0,0.0,19307000.0,19307000.0,19307000.0,0.0,0.0,0.074,188624000.0,14348000.0,60875000.0,0.0,2.181,-43.372,-43.478,340708000.0,0.0,10.0,4.025,4.026,220128000.0,1221762000.0,262250000.0,262250000.0,60850000.0,,,,,1018000.0,127774000.0,1.0,351627630.0,351762000,356586000.0,0.746,1915185000.0,117849000.0,7508000.0,3839000.0,5.445,1206577000.0
52,NOVL,MRQ,1997-12-31,1998-01-31,1998-01-31,2019-05-23,-39729000.0,1902661000.0,,1465399000.0,437262000.0,,4.477,-8694000.0,1045144000.0,1045144000.0,57087000.0,14094000.0,4.722,0.211,0.0,0.0,0.0,0.0,83586000.0,19889000.0,0.0,0.0,0.0,19575000.0,39464000.0,0.157,39464000.0,19575000.0,19575000.0,0.04,0.04,0.04,1571607000.0,,1571607000.0,1445878970.0,-7.0,-12.138,30463000.0,0.087,1.0,194955000.0,0.774,0.0,0.0,547174000.0,,9178000.0,0.0,0.0,0.0,331054000.0,310343000.0,20711000.0,2479351970.0,25609000.0,0.0,1424000.0,0.0,0.0,1424000.0,-14972000.0,3526000.0,39157000.0,0.0,14094000.0,14094000.0,14094000.0,0.0,0.0,0.056,190023000.0,4932000.0,66490000.0,0.0,1.578,-21.557,-22.07,363508000.0,0.0,7.063,2.803,2.803,225039000.0,1202455000.0,252042000.0,252042000.0,60238000.0,,,,,132000.0,129785000.0,1.0,351058686.0,351031000,352971000.0,0.718,1902661000.0,119833000.0,5481000.0,4831000.0,5.42,1155056000.0
53,NOVL,MRQ,1997-09-30,1997-10-31,1997-10-31,2019-05-23,-29431000.0,1910649000.0,,1470382000.0,440267000.0,,4.477,-11325000.0,1033473000.0,1033473000.0,73800000.0,7171000.0,4.567,0.221,0.0,0.0,0.0,0.0,74915000.0,24493000.0,0.0,0.0,0.0,13790000.0,38283000.0,0.142,38283000.0,13790000.0,13790000.0,0.03,0.03,0.03,1565417000.0,,1565417000.0,,,,-12958000.0,-0.037,1.0,195483000.0,0.726,0.0,0.0,555220000.0,,10656000.0,19107000.0,0.0,19107000.0,345232000.0,321956000.0,23276000.0,2962057663.0,26046000.0,0.0,13239000.0,0.0,0.0,13239000.0,14440000.0,38642000.0,-1633000.0,0.0,7171000.0,7171000.0,7171000.0,0.0,0.0,0.027,201052000.0,-5569000.0,82759000.0,0.0,1.892,-37.832,-38.352,373865000.0,0.0,8.438,2.941,2.916,211531000.0,1188361000.0,269283000.0,269283000.0,90974000.0,,,,,957000.0,110078000.0,1.0,351058686.0,349688000,348215000.0,0.77,1910649000.0,134210000.0,6619000.0,0.0,5.464,1148426000.0
54,NOVL,MRQ,1997-06-30,1997-07-31,1997-07-31,2019-05-23,,,,,,,,-5733000.0,,,61671000.0,-121645000.0,,,,,,,,20316000.0,,0.0,0.0,-217957000.0,-197641000.0,-2.194,-197641000.0,-217957000.0,-217957000.0,-0.35,-0.35,-0.35,,,,,,,-17302000.0,-0.05,1.0,28403000.0,0.315,,0.0,,,,,,,,,,,-7043000.0,0.0,2202000.0,0.0,0.0,-4064000.0,8590000.0,-4337000.0,-11569000.0,0.0,-121645000.0,-121645000.0,-121645000.0,0.0,0.0,-1.351,256243000.0,-227840000.0,,0.0,,,,,0.0,7.563,,,,,90074000.0,90074000.0,69428000.0,,,,,614000.0,131480000.0,1.0,,349082000,349381000.0,0.258,,,-96312000.0,,,
55,NOVL,MRQ,1997-03-31,1997-04-30,1997-04-30,2019-05-23,,,,,,,,-20195000.0,,,77175000.0,-14634000.0,,,,,,,,22450000.0,,0.0,0.0,-21680000.0,770000.0,0.003,770000.0,-21680000.0,-21680000.0,-0.04,-0.04,-0.04,,,,,,,-24535000.0,-0.071,1.0,195932000.0,0.717,,0.0,,,,,,,,,,,-1340000.0,0.0,4988000.0,0.0,0.0,-3256000.0,6256000.0,23797000.0,-4340000.0,0.0,-14634000.0,-14634000.0,-14634000.0,0.0,0.0,-0.054,224027000.0,-28095000.0,,0.0,,,,,0.0,7.5,,,,,273107000.0,273107000.0,68442000.0,,,,,553000.0,155585000.0,1.0,,347320000,347904000.0,0.786,,,-7046000.0,,,
56,NOVL,MRQ,1996-12-31,1997-01-31,1997-01-31,2019-05-23,,,,,,,,-27543000.0,,,75971000.0,50812000.0,,,,,,,,23816000.0,,0.0,0.0,75277000.0,99093000.0,0.264,99093000.0,75277000.0,75277000.0,0.15,0.15,0.15,,,,,,,85553000.0,0.247,1.0,298876000.0,0.797,,0.0,,,,,,,,,,,45359000.0,0.0,2685000.0,0.0,0.0,-1265000.0,-66472000.0,-39936000.0,113096000.0,0.0,50812000.0,50812000.0,50812000.0,0.0,0.0,0.136,237376000.0,61500000.0,,0.0,,,,,0.0,12.625,,,,,374847000.0,374847000.0,71755000.0,,,,,1803000.0,165621000.0,1.0,,346506000,347095000.0,1.082,,,24465000.0,,,
57,NOVL,MRQ,1996-09-30,1996-10-26,1996-10-26,2019-05-23,8556000.0,2049466000.0,,1590759000.0,458707000.0,,4.545,,1024755000.0,1024755000.0,,,4.361,0.269,0.0,0.0,0.0,0.0,46573000.0,,0.0,0.0,0.0,,,,,,,,,,1615509000.0,,1615509000.0,,,,,,1.0,,,0.0,,659939000.0,,16837000.0,0.0,0.0,0.0,433957000.0,364772000.0,69185000.0,,,,,,,,,,,,,,,,,,,,96933000.0,,,,28.571,394684000.0,,10.0,,2.586,452327000.0,1266657000.0,,,,,,,,,,1.0,,355478000,,,2049466000.0,48559000.0,,0.0,5.765,1225987000.0
0,NOVL,MRT,2010-12-31,2011-01-31,2011-01-31,2019-05-23,4739000.0,2101003000.0,1996946500.0,1293443000.0,807560000.0,0.401,3.746,-10409000.0,981426000.0,981426000.0,171436000.0,339845000.0,2.175,0.593,0.0,0.0,0.0,0.0,592809000.0,30208000.0,0.0,0.0,0.0,92877000.0,123085000.0,0.154,123085000.0,92877000.0,90111000.0,0.97,0.97,0.97,1318742000.0,1156024500.0,1318742000.0,1430933035.0,15.0,11.626,69109000.0,0.196,1.0,628783000.0,0.786,380806000.0,2766000.0,144194000.0,251434000.0,0.0,150009000.0,150009000.0,0.0,782261000.0,594577000.0,187684000.0,2116527035.0,374376000.0,695000.0,9474000.0,0.0,0.0,11880000.0,280924000.0,231586000.0,79518000.0,2054000.0,339845000.0,339845000.0,339845000.0,-610000.0,0.0,0.425,554222000.0,74561000.0,30102000.0,0.0,1.605,6.228,6.206,151378000.0,0.0,6.02,2.645,2.648,89465000.0,919857000.0,800219000.0,800219000.0,158851000.0,0.17,0.294,0.369,0.116,28667000.0,395371000.0,1.0,351582564.0,352001000,352001000.0,2.273,1720197000.0,263500000.0,-249734000.0,7622000.0,4.887,698866000.0
1,NOVL,MRT,2010-09-30,2010-10-31,2010-10-31,2019-05-23,8824000.0,2225998000.0,1926563250.0,1397424000.0,828574000.0,0.421,3.819,-17648000.0,685594000.0,685594000.0,173605000.0,377976000.0,2.044,0.667,0.0,0.0,0.0,0.0,650984000.0,30298000.0,0.0,0.0,0.0,105548000.0,135846000.0,0.167,135846000.0,105548000.0,102697000.0,1.08,1.08,1.08,1335548000.0,1064634750.0,1335548000.0,1460449105.0,14.0,10.751,57899000.0,0.166,1.0,638266000.0,0.786,382161000.0,2851000.0,474464000.0,250326000.0,0.0,441096000.0,441096000.0,0.0,890450000.0,683779000.0,206671000.0,2083222105.0,93938000.0,938000.0,8940000.0,0.0,0.0,11166000.0,10406000.0,-33816000.0,75547000.0,-3181000.0,377976000.0,377976000.0,377976000.0,-610000.0,0.0,0.466,553829000.0,84437000.0,26785000.0,0.0,1.56,5.512,5.491,156033000.0,0.0,5.93,2.566,2.555,171607000.0,937799000.0,811871000.0,811871000.0,160188000.0,0.196,0.355,0.422,0.13,29057000.0,390867000.0,1.0,351302210.0,349741000,353447000.0,2.321,1843837000.0,292752000.0,-275279000.0,7622000.0,5.272,713645000.0
2,NOVL,MRT,2010-06-30,2010-07-31,2010-07-31,2019-05-23,2878000.0,1846027000.0,1845790750.0,1253810000.0,592217000.0,0.445,2.841,-11814000.0,622773000.0,622773000.0,176206000.0,-199911000.0,1.978,0.853,0.0,0.0,0.0,0.0,623716000.0,32059000.0,0.0,0.0,0.0,-175860000.0,-143801000.0,-0.175,-143801000.0,-175860000.0,-181179000.0,-0.58,-0.58,-0.58,996020000.0,964378250.0,996020000.0,1478726729.0,-8.0,-10.283,63558000.0,0.181,1.0,644789000.0,0.785,383840000.0,5319000.0,205562000.0,168612500.0,0.0,437865000.0,437865000.0,0.0,850007000.0,633852000.0,216155000.0,2113203729.0,68186000.0,705000.0,8289000.0,-4087000.0,0.0,4215000.0,-10112000.0,-36997000.0,75372000.0,-1289000.0,-199911000.0,-199911000.0,-199911000.0,0.0,0.0,-0.243,841493000.0,-196704000.0,27184000.0,0.0,2.122,-10.571,-10.414,159820000.0,0.0,6.04,2.574,2.579,146059000.0,615601000.0,820995000.0,820995000.0,164226000.0,-0.108,-0.207,-1.043,-0.214,26508000.0,388857000.0,1.0,349868167.0,350617000,354826000.0,2.342,1462187000.0,19341000.0,18732000.0,7622000.0,4.17,619958000.0
3,NOVL,MRT,2010-03-31,2010-04-30,2010-04-30,2019-05-23,2596000.0,1814758000.0,1913123500.0,1212074000.0,602684000.0,0.438,2.789,-18189000.0,634477000.0,634477000.0,179682000.0,-198929000.0,1.979,0.864,0.0,0.0,0.0,0.0,615036000.0,33857000.0,0.0,0.0,0.0,-174617000.0,-140760000.0,-0.168,-140760000.0,-174617000.0,-184324000.0,-0.57,-0.57,-0.57,973788000.0,1008566500.0,973788000.0,1304588041.0,-7.0,-9.268,61480000.0,0.176,1.0,658417000.0,0.786,386222000.0,9707000.0,181516000.0,156743500.0,0.0,398161000.0,398161000.0,0.0,840970000.0,612543000.0,228427000.0,1964683041.0,-38523000.0,471000.0,7950000.0,-125948000.0,0.0,-117984000.0,-8628000.0,2899000.0,79669000.0,8420000.0,-198929000.0,-198929000.0,-198929000.0,-302000.0,0.0,-0.237,854845000.0,-196428000.0,31682000.0,0.0,2.018,-9.876,-9.895,163420000.0,0.0,5.64,2.344,2.35,131864000.0,599924000.0,838099000.0,838099000.0,170509000.0,-0.104,-0.197,-1.114,-0.208,26901000.0,394699000.0,1.0,348348057.0,349204000,352008000.0,2.4,1428536000.0,23633000.0,14605000.0,9373000.0,4.091,599531000.0
4,NOVL,MRT,2009-12-31,2010-01-31,2010-01-31,2019-05-23,13725000.0,1819470000.0,1998298500.0,1203077000.0,616393000.0,0.425,2.741,-15955000.0,660095000.0,660095000.0,183652000.0,-203224000.0,1.913,0.909,0.0,0.0,0.0,0.0,645881000.0,37091000.0,0.0,0.0,0.0,-177588000.0,-140497000.0,-0.165,-140497000.0,-177588000.0,-191019000.0,-0.58,-0.58,-0.58,953183000.0,1046537000.0,953183000.0,906950953.0,-5.0,-6.455,45413000.0,0.131,1.0,666028000.0,0.784,390717000.0,13431000.0,139762000.0,152298250.0,0.0,386312000.0,384242000.0,2070000.0,866287000.0,628896000.0,237391000.0,1551639953.0,-41043000.0,-5279000.0,3415000.0,-126134000.0,0.0,-125519000.0,10864000.0,21532000.0,61368000.0,12244000.0,-203224000.0,-203224000.0,-203224000.0,-868000.0,0.0,-0.239,864551000.0,-198523000.0,31859000.0,0.0,1.628,-7.635,-7.707,167009000.0,0.0,4.47,1.826,1.829,112279000.0,580012000.0,849680000.0,849680000.0,175693000.0,-0.102,-0.194,-1.166,-0.209,24300000.0,391997000.0,1.0,347123032.0,347691000,349144000.0,2.444,1428753000.0,27115000.0,12205000.0,9078000.0,4.109,574181000.0
5,NOVL,MRT,2009-09-30,2009-10-31,2009-10-31,2019-05-23,20982000.0,1902908000.0,2087700500.0,1264372000.0,638536000.0,0.413,2.705,-11339000.0,644689000.0,644689000.0,186831000.0,-212736000.0,1.761,1.036,0.0,0.0,0.0,0.0,688771000.0,40675000.0,0.0,0.0,0.0,-187334000.0,-146659000.0,-0.17,-146659000.0,-187334000.0,-202070000.0,-0.62,-0.62,-0.62,934522000.0,1084393500.0,934522000.0,828527890.0,-4.0,-5.649,57431000.0,0.166,1.0,675354000.0,0.783,392654000.0,14736000.0,147610000.0,148830000.0,0.0,402112000.0,391809000.0,10303000.0,968386000.0,717955000.0,250431000.0,1418399890.0,-88378000.0,-47436000.0,3566000.0,-130195000.0,0.0,-129404000.0,-42570000.0,9309000.0,68770000.0,14826000.0,-212736000.0,-212736000.0,-212736000.0,-1904000.0,0.0,-0.247,881862000.0,-206508000.0,37628000.0,0.0,1.518,-6.667,-6.597,170459000.0,0.0,4.09,1.645,1.639,177898000.0,559823000.0,862185000.0,862185000.0,181383000.0,-0.102,-0.196,-1.259,-0.217,25881000.0,398343000.0,1.0,346797039.0,345493000,345493000.0,2.496,1510254000.0,32238000.0,10666000.0,8403000.0,4.371,546417000.0
6,NOVL,MRT,2009-06-30,2009-07-31,2009-07-31,2019-05-23,9091000.0,2115358000.0,2179310750.0,1208349000.0,907009000.0,0.409,3.389,-23956000.0,589872000.0,589872000.0,196405000.0,26662000.0,1.75,0.804,0.0,0.0,0.0,0.0,674324000.0,43083000.0,0.0,0.0,0.0,59770000.0,102853000.0,0.115,102853000.0,59770000.0,43248000.0,0.09,0.09,0.09,1172773000.0,1122645000.0,1172773000.0,1029727945.0,17.0,10.012,68096000.0,0.197,1.0,694881000.0,0.78,676920000.0,16522000.0,158086000.0,143730500.0,0.0,393175000.0,384632000.0,8543000.0,942585000.0,690480000.0,252105000.0,1580968945.0,-436973000.0,-39707000.0,-18553000.0,-435356000.0,0.0,-455006000.0,-59631000.0,13890000.0,92052000.0,-14388000.0,26662000.0,26662000.0,26662000.0,-3377000.0,0.0,0.03,648715000.0,46166000.0,30695000.0,0.0,1.348,59.297,50.889,171266000.0,0.0,4.58,1.774,1.778,169638000.0,815512000.0,891286000.0,891286000.0,186082000.0,0.012,0.024,0.416,0.067,28646000.0,421153000.0,1.0,345189726.0,346070000,346660000.0,2.575,1438438000.0,34422000.0,16586000.0,17957000.0,4.156,517869000.0
7,NOVL,MRT,2009-03-31,2009-04-30,2009-04-30,2019-05-23,-14907000.0,2155458000.0,2314699500.0,1255365000.0,900093000.0,0.398,3.264,-27976000.0,672909000.0,672909000.0,209010000.0,-5122000.0,1.638,0.915,121668000.0,121668000.0,0.0,121668000.0,659415000.0,45518000.0,0.0,0.0,0.0,32280000.0,77798000.0,0.085,77798000.0,32280000.0,14633000.0,0.0,0.0,0.0,1125670000.0,1121326000.0,1125670000.0,715664549.0,22.0,9.199,62238000.0,0.18,1.0,711377000.0,0.773,674136000.0,17647000.0,163735000.0,162001000.0,0.0,394958000.0,384818000.0,10140000.0,1029788000.0,766346000.0,263442000.0,1294968549.0,-383450000.0,-45214000.0,-62623000.0,-340363000.0,0.0,-411269000.0,-39701000.0,52873000.0,90214000.0,-22694000.0,-5122000.0,-5122000.0,-5122000.0,-3075000.0,0.0,-0.006,681803000.0,29574000.0,25588000.0,,1.15,-252.825,,164852000.0,0.0,3.76,1.407,1.409,136190000.0,798853000.0,920387000.0,920387000.0,190481000.0,-0.002,-0.005,0.199,0.035,29763000.0,444499000.0,1.0,344406529.0,344881000,345839000.0,2.669,1481322000.0,34735000.0,19755000.0,16832000.0,4.295,489019000.0
8,NOVL,MRT,2008-12-31,2009-01-31,2009-01-31,2019-05-23,-18158000.0,2177078000.0,2445665750.0,1263012000.0,914066000.0,0.385,3.211,-35369000.0,700972000.0,700972000.0,224195000.0,-14873000.0,1.584,0.971,121668000.0,121668000.0,0.0,121668000.0,704617000.0,44913000.0,0.0,0.0,0.0,36657000.0,81570000.0,0.087,81570000.0,36657000.0,15758000.0,-0.04,-0.04,-0.04,1104609000.0,1145211000.0,1104609000.0,663694552.0,18.0,8.137,59385000.0,0.173,1.0,716263000.0,0.762,674618000.0,20899000.0,125889000.0,311556500.0,0.0,400325000.0,387334000.0,12991000.0,1072469000.0,797267000.0,275202000.0,1270761552.0,-390528000.0,-257657000.0,-55122000.0,-455766000.0,0.0,-502042000.0,39608000.0,353240000.0,94754000.0,-22848000.0,-14873000.0,-14873000.0,-14873000.0,-2509000.0,0.0,-0.016,702830000.0,13433000.0,28544000.0,0.0,1.15,-85.441,-92.5,168126000.0,0.0,3.7,1.351,1.353,111775000.0,783236000.0,940458000.0,940458000.0,192204000.0,-0.006,-0.013,0.118,0.039,31082000.0,467935000.0,1.0,343449068.0,343978000,344281000.0,2.734,1502460000.0,41201000.0,30631000.0,16494000.0,4.368,465745000.0
9,NOVL,MRT,2008-09-30,2008-10-31,2008-10-31,2019-05-23,-17129000.0,2269349000.0,2594280750.0,1385692000.0,883657000.0,0.369,3.105,-37716000.0,732735000.0,732735000.0,235239000.0,-8745000.0,1.54,1.087,125668000.0,125668000.0,0.0,125668000.0,730050000.0,42892000.0,0.0,0.0,0.0,49986000.0,92878000.0,0.097,92878000.0,49986000.0,26472000.0,-0.02,-0.02,-0.02,1087528000.0,1168765250.0,1087528000.0,1034032742.0,21.0,11.133,18154000.0,0.052,1.0,721274000.0,0.754,635437000.0,23514000.0,127212000.0,574759750.0,0.0,402785000.0,387813000.0,14972000.0,1181821000.0,899633000.0,282188000.0,1608885742.0,-399785000.0,-219160000.0,-53523000.0,-451705000.0,0.0,-486728000.0,53310000.0,380680000.0,55870000.0,-22237000.0,-8745000.0,-8745000.0,-8745000.0,-3594000.0,0.0,-0.009,712804000.0,8470000.0,36982000.0,0.0,1.479,-183.978,-233.0,174978000.0,0.0,4.66,1.682,1.706,193088000.0,772559000.0,956513000.0,956513000.0,191547000.0,-0.003,-0.007,0.087,0.052,33818000.0,482248000.0,1.0,345254451.0,350207000,350207000.0,2.731,1633912000.0,41929000.0,35217000.0,34288000.0,4.666,486059000.0
10,NOVL,MRT,2008-06-30,2008-07-31,2008-07-31,2019-05-23,35113000.0,2656913000.0,2740542000.0,1724963000.0,931950000.0,0.349,3.318,-36279000.0,1026247000.0,1026247000.0,240775000.0,-10402000.0,1.448,1.276,451394000.0,451394000.0,0.0,451394000.0,725641000.0,40102000.0,0.0,0.0,0.0,59432000.0,99534000.0,0.104,99534000.0,59432000.0,34333000.0,-0.03,-0.03,-0.03,1167497000.0,1186464750.0,1167497000.0,1394918877.0,23.0,14.014,12997000.0,0.037,1.0,715938000.0,0.748,659491000.0,25099000.0,231168000.0,821525000.0,0.0,420301000.0,390715000.0,29586000.0,1489416000.0,1191401000.0,298015000.0,1971046877.0,4771000.0,-247632000.0,-24629000.0,-142457000.0,0.0,-143535000.0,99030000.0,434279000.0,49276000.0,11687000.0,-10402000.0,-10402000.0,-10402000.0,6664000.0,0.0,-0.011,715499000.0,439000.0,39678000.0,0.0,1.688,-189.487,-185.667,187641000.0,0.0,5.57,2.06,2.049,212923000.0,792170000.0,956713000.0,956713000.0,189276000.0,-0.004,-0.009,0.072,0.062,33722000.0,486988000.0,1.0,353868380.0,351879000,352550000.0,2.719,1997422000.0,36502000.0,44735000.0,22475000.0,5.676,533562000.0
11,NOVL,MRT,2008-03-31,2008-04-30,2008-04-30,2019-05-23,30259000.0,2679323000.0,2769848750.0,1743690000.0,935633000.0,0.342,3.462,-29049000.0,1055522000.0,1055522000.0,247710000.0,1044000.0,2.541,1.194,479394000.0,0.0,479394000.0,479394000.0,701574000.0,37812000.0,0.0,0.0,0.0,72981000.0,110793000.0,0.117,110793000.0,72981000.0,47429000.0,0.0,0.0,0.0,1221210000.0,1181414750.0,1221210000.0,1721161616.0,24.0,15.535,17031000.0,0.048,1.0,700608000.0,0.739,655011000.0,25552000.0,761957000.0,1070012500.0,0.0,469410000.0,427322000.0,42088000.0,1458113000.0,686227000.0,771886000.0,2211277616.0,40719000.0,-242125000.0,23916000.0,-115589000.0,0.0,-59302000.0,53941000.0,368331000.0,46080000.0,11687000.0,1044000.0,1044000.0,1044000.0,6711000.0,0.0,0.001,715066000.0,-14458000.0,40841000.0,,1.811,2118.082,,183743000.0,0.0,6.28,2.332,2.336,176676000.0,817263000.0,948318000.0,948318000.0,193401000.0,0.0,0.001,0.068,0.077,35661000.0,479125000.0,1.0,352114270.0,352785000,354273000.0,2.688,2024312000.0,27321000.0,46385000.0,8605000.0,5.738,1057463000.0
12,NOVL,MRT,2007-12-31,2008-01-31,2008-01-31,2019-05-23,38975000.0,2771538000.0,2777861750.0,2053515000.0,718023000.0,0.34,3.414,-26136000.0,1090116000.0,1090116000.0,251813000.0,-7710000.0,3.06,1.312,600000000.0,0.0,600000000.0,600000000.0,723142000.0,38274000.0,0.0,0.0,0.0,53787000.0,92061000.0,0.097,92061000.0,53787000.0,28348000.0,-0.02,-0.02,-0.02,1198826000.0,1158640500.0,1198826000.0,1751097356.0,33.0,19.021,11844000.0,0.034,1.0,693226000.0,0.734,431611000.0,25439000.0,1178702000.0,1183965500.0,0.0,787431000.0,728788000.0,58643000.0,1572712000.0,671109000.0,901603000.0,2230916356.0,1456000.0,-21411000.0,16983000.0,0.0,0.0,37781000.0,-74305000.0,15334000.0,37980000.0,11687000.0,-7710000.0,-7710000.0,-7710000.0,8287000.0,0.0,-0.008,721097000.0,-27871000.0,34247000.0,0.0,1.861,-289.354,-318.0,177082000.0,0.0,6.36,2.361,2.363,133606000.0,811397000.0,945039000.0,945039000.0,199688000.0,-0.003,-0.007,0.045,0.057,38584000.0,477438000.0,1.0,350773012.0,351129000,353047000.0,2.691,2339927000.0,22027000.0,36058000.0,7567000.0,6.664,1382406000.0
13,NOVL,MRT,2007-09-30,2007-10-31,2007-10-31,2019-05-23,37098000.0,2854394000.0,2761504250.0,2154336000.0,700058000.0,0.338,3.333,-25235000.0,1079819000.0,1079819000.0,258319000.0,-44460000.0,2.62,1.464,600000000.0,0.0,600000000.0,600000000.0,767681000.0,40438000.0,0.0,0.0,0.0,16170000.0,56608000.0,0.061,56608000.0,16170000.0,-9769000.0,-0.13,-0.13,-0.13,1158326000.0,1136809250.0,1158326000.0,2287510633.0,141.0,40.41,386559000.0,1.112,1.0,674180000.0,0.723,438184000.0,25939000.0,1114273000.0,1172833000.0,0.0,815122000.0,777818000.0,37304000.0,1696068000.0,822118000.0,873950000.0,2644889633.0,392345000.0,-27721000.0,21786000.0,0.0,0.0,34885000.0,-54334000.0,-12350000.0,411794000.0,11687000.0,-44460000.0,-44460000.0,-44460000.0,18184000.0,0.0,-0.048,731148000.0,-56968000.0,45135000.0,0.0,2.283,-59.489,-58.154,180537000.0,0.0,7.56,2.836,2.818,208318000.0,795984000.0,932499000.0,932499000.0,201420000.0,-0.016,-0.039,0.014,0.017,34316000.0,482780000.0,1.0,349853126.0,347552000,347552000.0,2.683,2416210000.0,14518000.0,34691000.0,47608000.0,6.952,1332218000.0
14,NOVL,MRT,2007-06-30,2007-07-31,2007-07-31,2019-05-23,26428000.0,2774140000.0,2660336500.0,2110993000.0,663147000.0,0.339,3.309,-24607000.0,957379000.0,957379000.0,245792000.0,-6642000.0,2.839,1.418,600000000.0,0.0,600000000.0,600000000.0,733895000.0,44231000.0,0.0,0.0,0.0,53552000.0,97783000.0,0.109,97783000.0,53552000.0,32355000.0,-0.03,-0.03,-0.03,1147297000.0,1123390250.0,1147297000.0,1986026392.0,37.0,20.311,381342000.0,1.1,1.0,655141000.0,0.727,448084000.0,21197000.0,1225118000.0,1200086250.0,0.0,865259000.0,865259000.0,0.0,1626843000.0,743559000.0,883284000.0,2337018392.0,456663000.0,-5528000.0,32640000.0,0.0,0.0,50143000.0,571000.0,20752000.0,405949000.0,0.0,-6642000.0,-6642000.0,-6642000.0,7269000.0,0.0,-0.007,687262000.0,-32121000.0,36131000.0,0.0,2.037,-351.855,-223.667,180520000.0,0.0,6.71,2.594,2.582,200831000.0,814887000.0,900933000.0,900933000.0,196780000.0,-0.002,-0.006,0.045,0.059,32117000.0,460969000.0,1.0,348288881.0,346731000,346731000.0,2.598,2326056000.0,4387000.0,38997000.0,54385000.0,6.709,1367434000.0
15,NOVL,MRT,2007-03-31,2007-04-30,2007-04-30,2019-05-23,23907000.0,2711375000.0,2552758250.0,2038098000.0,673277000.0,0.35,3.262,-6888000.0,950992000.0,950992000.0,251384000.0,-9384000.0,2.959,1.399,600000000.0,0.0,600000000.0,600000000.0,699501000.0,46071000.0,0.0,0.0,0.0,27793000.0,73864000.0,0.083,73864000.0,27793000.0,10562000.0,-0.03,-0.03,-0.03,1130113000.0,1097168500.0,1130113000.0,2532709497.0,91.0,34.289,409246000.0,1.181,1.0,643277000.0,0.719,453850000.0,17231000.0,1217769000.0,1224347250.0,0.0,840721000.0,840721000.0,0.0,1581262000.0,688764000.0,892498000.0,2474783497.0,408918000.0,32394000.0,-102537000.0,0.0,0.0,-87790000.0,80574000.0,46028000.0,416134000.0,0.0,-9384000.0,-9384000.0,-9384000.0,-6641000.0,0.0,-0.01,705458000.0,-62181000.0,43386000.0,0.0,2.19,-263.724,-243.333,183491000.0,0.0,7.3,2.766,2.827,178269000.0,818307000.0,894661000.0,894661000.0,188566000.0,-0.004,-0.009,0.023,0.031,30272000.0,492759000.0,1.0,339011438.0,346492000,346492000.0,2.582,2257525000.0,4805000.0,19946000.0,49841000.0,6.515,1349334000.0
16,NOVL,MRT,2006-12-31,2007-01-31,2007-01-31,2019-05-23,15688000.0,2706108000.0,2480564500.0,2027155000.0,678953000.0,0.361,3.217,969000.0,1025478000.0,1025478000.0,264136000.0,-3154000.0,2.95,1.435,600000000.0,0.0,600000000.0,600000000.0,728364000.0,46629000.0,0.0,0.0,0.0,31832000.0,78461000.0,0.088,78461000.0,31832000.0,19073000.0,-0.01,-0.01,-0.01,1111501000.0,1107323250.0,1111501000.0,2515758926.0,79.0,32.064,422412000.0,1.223,1.0,631287000.0,0.705,459255000.0,12759000.0,1134172000.0,1255755250.0,0.0,790033000.0,790033000.0,0.0,1594607000.0,687203000.0,907404000.0,2457832926.0,180350000.0,-41905000.0,-362547000.0,0.0,0.0,-349342000.0,108249000.0,141698000.0,421443000.0,0.0,-3154000.0,-3154000.0,-3154000.0,-9604000.0,0.0,-0.004,687077000.0,-55790000.0,41592000.0,0.0,2.211,-779.275,-725.0,182721000.0,0.0,7.25,2.745,2.798,146291000.0,820499000.0,895423000.0,895423000.0,183123000.0,-0.001,-0.003,0.025,0.036,28069000.0,484424000.0,1.0,339011438.0,345522000,345522000.0,2.592,2246853000.0,4586000.0,22227000.0,51679000.0,6.503,1339952000.0
17,NOVL,MRT,2006-09-30,2006-10-31,2006-10-31,2019-05-23,14080000.0,2449723000.0,2472803750.0,1761125000.0,688598000.0,0.372,3.058,-1676000.0,675787000.0,675787000.0,281012000.0,18656000.0,2.569,1.209,600000000.0,0.0,600000000.0,600000000.0,426971000.0,46976000.0,0.0,0.0,0.0,49296000.0,96272000.0,0.105,96272000.0,49296000.0,41298000.0,0.05,0.05,0.05,1104650000.0,1184241500.0,1104650000.0,2091994628.0,42.0,21.73,97362000.0,0.27,1.0,638319000.0,0.694,465105000.0,7998000.0,1223286000.0,1310811000.0,0.0,792763000.0,790500000.0,2263000.0,1335723000.0,685545000.0,650178000.0,2034068628.0,-135451000.0,-36403000.0,-360056000.0,0.0,0.0,-344793000.0,110304000.0,139082000.0,99038000.0,0.0,18656000.0,18656000.0,18656000.0,-15015000.0,0.0,0.02,672240000.0,-33921000.0,44419000.0,0.0,1.841,109.03,120.0,184084000.0,0.0,6.0,2.213,2.357,233986000.0,840449000.0,919331000.0,919331000.0,180380000.0,0.008,0.016,0.038,0.054,35265000.0,480674000.0,1.0,339011438.0,361174000,365659000.0,2.545,1984618000.0,4770000.0,22642000.0,53786000.0,5.495,1075580000.0
18,NOVL,MRT,2006-06-30,2006-07-31,2006-07-31,2019-05-23,7297000.0,2343827000.0,2550837500.0,1595298000.0,748529000.0,0.319,2.832,-5161000.0,500716000.0,500716000.0,202599000.0,-6166000.0,2.459,1.239,600000000.0,0.0,600000000.0,600000000.0,390799000.0,47347000.0,0.0,0.0,0.0,20941000.0,68288000.0,0.084,68288000.0,20941000.0,6175000.0,-0.02,-0.02,-0.02,1042410000.0,1254700500.0,1042410000.0,2258110233.0,108.0,33.067,89869000.0,0.244,1.0,612118000.0,0.751,472294000.0,14766000.0,1322162000.0,1348624000.0,0.0,853679000.0,798615000.0,55064000.0,1292067000.0,648655000.0,643412000.0,2200184233.0,-485114000.0,-45353000.0,-372253000.0,0.0,0.0,-368352000.0,-211792000.0,-173830000.0,95030000.0,0.0,-1804000.0,-1804000.0,-1804000.0,-18796000.0,-4362000.0,-0.002,676870000.0,-64752000.0,40320000.0,0.0,2.111,-1219.614,-324.5,186752000.0,0.0,6.49,2.701,2.932,236112000.0,820625000.0,814717000.0,814717000.0,189975000.0,-0.001,-0.001,0.016,0.026,27259000.0,446571000.0,1.0,339011438.0,368106000,368106000.0,2.213,1871533000.0,1334000.0,7979000.0,51874000.0,5.084,946643000.0
19,NOVL,MRT,2006-03-31,2006-04-30,2006-04-30,2019-05-23,9122000.0,2422600000.0,2632693750.0,1625564000.0,797036000.0,0.318,3.094,-26393000.0,542074000.0,542074000.0,215130000.0,2395000.0,2.558,1.059,600000000.0,0.0,600000000.0,600000000.0,345768000.0,47101000.0,0.0,0.0,0.0,48119000.0,95220000.0,0.114,95220000.0,48119000.0,31686000.0,0.0,-0.01,0.0,1170732000.0,1336959000.0,1170732000.0,2956071291.0,61.0,31.045,48535000.0,0.128,1.0,621451000.0,0.743,501647000.0,16433000.0,1343401000.0,1309056750.0,0.0,853823000.0,796967000.0,56856000.0,1239544000.0,635478000.0,604066000.0,3201199291.0,-444805000.0,-83275000.0,-240268000.0,0.0,0.0,-235370000.0,-284363000.0,-181110000.0,74928000.0,0.0,6757000.0,6757000.0,6757000.0,-6513000.0,-4362000.0,0.008,646949000.0,-25498000.0,46713000.0,,2.734,473.76,,204274000.0,0.0,8.22,3.827,3.718,219242000.0,897571000.0,836581000.0,836581000.0,193022000.0,0.003,0.005,0.037,0.058,22301000.0,408655000.0,1.0,389440303.0,378403000,385320000.0,2.211,1920953000.0,1582000.0,24929000.0,61895000.0,5.076,990086000.0
20,NOVL,MRT,2005-12-31,2006-01-31,2006-01-31,2019-05-23,9461000.0,2675065000.0,2684272000.0,1931569000.0,743496000.0,0.335,3.679,-32735000.0,845128000.0,845128000.0,255149000.0,-16574000.0,3.021,0.876,600000000.0,0.0,600000000.0,600000000.0,367451000.0,53588000.0,0.0,0.0,0.0,39532000.0,93120000.0,0.103,93120000.0,39532000.0,23665000.0,-0.05,-0.06,-0.05,1419174000.0,1388745250.0,1419174000.0,3568910174.0,90.0,38.326,41155000.0,0.107,1.0,645334000.0,0.717,436175000.0,15867000.0,1354395000.0,1265335750.0,0.0,894683000.0,840462000.0,54221000.0,1243736000.0,639367000.0,604369000.0,3780148174.0,73284000.0,-45554000.0,27517000.0,0.0,0.0,31215000.0,-31821000.0,44082000.0,73890000.0,0.0,-12337000.0,-12337000.0,-12337000.0,-5126000.0,-4237000.0,-0.014,671879000.0,-26545000.0,43602000.0,0.0,2.664,-306.407,-194.8,209624000.0,0.0,9.74,4.198,4.173,185251000.0,985925000.0,900483000.0,900483000.0,197555000.0,-0.005,-0.009,0.031,0.044,24523000.0,423131000.0,1.0,388105562.0,385787000,394534000.0,2.334,2238890000.0,679000.0,36002000.0,63186000.0,5.803,1292202000.0
21,NOVL,MRT,2005-09-30,2005-10-31,2005-10-31,2019-05-23,7444000.0,2761858000.0,2677583000.0,2009053000.0,752805000.0,0.368,3.653,-20360000.0,811238000.0,811238000.0,307240000.0,376722000.0,2.774,0.979,600000000.0,0.0,600000000.0,600000000.0,405751000.0,54513000.0,0.0,0.0,0.0,471985000.0,526498000.0,0.534,526498000.0,471985000.0,463334000.0,0.98,0.86,0.98,1386486000.0,1376989750.0,1386486000.0,2524942205.0,5.0,4.796,480054000.0,1.265,1.0,678909000.0,0.688,451930000.0,8651000.0,1374538000.0,1280273000.0,0.0,898006000.0,843666000.0,54340000.0,1357467000.0,724152000.0,633315000.0,2910772205.0,376834000.0,-41329000.0,22108000.0,0.0,0.0,21517000.0,-145097000.0,-74089000.0,500414000.0,0.0,376722000.0,376722000.0,376722000.0,-5911000.0,0.0,0.382,255298000.0,423611000.0,45445000.0,0.0,2.099,7.727,7.776,212377000.0,0.0,7.62,2.952,2.932,293627000.0,984107000.0,986149000.0,986149000.0,199971000.0,0.141,0.274,0.369,0.479,15547000.0,445932000.0,1.0,381991103.0,379499000,440585000.0,2.599,2309928000.0,1384000.0,86612000.0,61406000.0,6.087,1284901000.0
22,NOVL,MRT,2005-06-30,2005-07-31,2005-07-31,2019-05-23,7239000.0,2671252000.0,2560458000.0,1918211000.0,753041000.0,0.382,3.607,-14409000.0,985830000.0,985830000.0,330642000.0,394939000.0,2.887,0.925,600000000.0,0.0,600000000.0,600000000.0,365365000.0,50660000.0,0.0,0.0,0.0,511895000.0,562555000.0,0.575,562555000.0,511895000.0,494647000.0,1.04,0.89,1.04,1371444000.0,1271209250.0,1371444000.0,1928974821.0,4.0,3.429,477571000.0,1.256,1.0,647513000.0,0.662,457094000.0,17248000.0,1163893000.0,1268247500.0,0.0,674951000.0,618461000.0,56490000.0,1268500000.0,664435000.0,604065000.0,2315853821.0,412192000.0,-33829000.0,26214000.0,0.0,0.0,25838000.0,-105626000.0,-55147000.0,491980000.0,0.0,416515000.0,416515000.0,416515000.0,-12172000.0,-21576000.0,0.426,208290000.0,439223000.0,48660000.0,0.0,1.689,5.56,5.846,211729000.0,0.0,6.08,2.368,2.364,255426000.0,989150000.0,978155000.0,978155000.0,193896000.0,0.163,0.328,0.404,0.523,22340000.0,432924000.0,1.0,380897010.0,380242000,385377000.0,2.572,2214158000.0,630000.0,78132000.0,56920000.0,5.823,1253776000.0
23,NOVL,MRT,2005-03-31,2005-04-30,2005-04-30,2019-05-23,21231000.0,2628913000.0,2450305750.0,1866947000.0,761966000.0,0.421,3.643,-13273000.0,986879000.0,986879000.0,349952000.0,416204000.0,3.031,0.886,600000000.0,0.0,600000000.0,600000000.0,321181000.0,51240000.0,0.0,0.0,0.0,527632000.0,578872000.0,0.562,578872000.0,527632000.0,514243000.0,1.09,0.95,1.09,1377877000.0,1161358250.0,1377877000.0,2067862075.0,4.0,3.572,528066000.0,1.396,1.0,680418000.0,0.66,457495000.0,13389000.0,1168517000.0,1264873750.0,0.0,668199000.0,610862000.0,57337000.0,1220118000.0,616022000.0,604096000.0,2239706075.0,733407000.0,-39151000.0,-100479000.0,585150000.0,0.0,484231000.0,-292163000.0,-241797000.0,541339000.0,0.0,437591000.0,437591000.0,437591000.0,-10592000.0,-21387000.0,0.425,217662000.0,462756000.0,48196000.0,0.0,1.625,5.118,5.422,218587000.0,0.0,5.91,2.174,2.169,209676000.0,987135000.0,1030370000.0,1030370000.0,191787000.0,0.179,0.377,0.417,0.512,19611000.0,444598000.0,1.0,378968879.0,378219000,378219000.0,2.724,2171418000.0,401000.0,76652000.0,56661000.0,5.741,1250925000.0
24,NOVL,MRT,2004-12-31,2005-01-31,2005-01-31,2019-05-23,20790000.0,2648309000.0,2210001000.0,1920218000.0,728091000.0,0.465,3.637,-11808000.0,771844000.0,771844000.0,339053000.0,442214000.0,3.0,0.907,600000000.0,0.0,600000000.0,600000000.0,343104000.0,44826000.0,0.0,0.0,0.0,513891000.0,558717000.0,0.544,558717000.0,513891000.0,502370000.0,1.09,0.95,1.09,1372152000.0,1067806750.0,1372152000.0,2350718617.0,5.0,4.207,526231000.0,1.395,1.0,687822000.0,0.67,422168000.0,11521000.0,1414144000.0,969914750.0,0.0,944069000.0,886558000.0,57511000.0,1244793000.0,640153000.0,604640000.0,2185122617.0,506003000.0,-5322000.0,-90864000.0,585150000.0,0.0,543744000.0,-575780000.0,-560320000.0,538039000.0,0.0,437944000.0,437944000.0,437944000.0,-10592000.0,4270000.0,0.426,204202000.0,483620000.0,45903000.0,0.0,1.592,4.99,5.294,219835000.0,0.0,5.77,2.128,2.12,201328000.0,1002887000.0,1026875000.0,1026875000.0,192166000.0,0.198,0.41,0.53,0.5,9659000.0,433840000.0,1.0,378704093.0,377257000,435467000.0,2.722,2226141000.0,0.0,64426000.0,61200000.0,5.901,1280065000.0
25,NOVL,MRT,2004-09-30,2004-10-31,2004-10-31,2019-05-23,16180000.0,2293358000.0,1948608000.0,1536744000.0,756614000.0,0.515,2.528,-22046000.0,434404000.0,434404000.0,321878000.0,57188000.0,2.218,1.346,600000000.0,0.0,600000000.0,600000000.0,374186000.0,48542000.0,0.0,0.0,0.0,76639000.0,125181000.0,0.125,125181000.0,76639000.0,68523000.0,0.08,0.08,0.08,963364000.0,970115250.0,963364000.0,2728936705.0,36.0,21.8,95367000.0,0.25,1.0,681976000.0,0.679,439704000.0,8116000.0,1326436000.0,602794500.0,0.0,833049000.0,777063000.0,55986000.0,1296669000.0,692814000.0,603855000.0,2702574705.0,67472000.0,-205620000.0,-66838000.0,585150000.0,0.0,568020000.0,-617961000.0,-401101000.0,117413000.0,0.0,57188000.0,57188000.0,57188000.0,-10592000.0,0.0,0.057,633915000.0,48061000.0,55956000.0,0.0,2.805,47.258,89.875,231468000.0,0.0,7.19,2.692,2.73,269431000.0,607851000.0,1003854000.0,1003854000.0,194607000.0,0.029,0.059,0.127,0.076,4940000.0,418382000.0,1.0,375879653.0,381100000,390879000.0,2.634,1853654000.0,0.0,11335000.0,40932000.0,4.864,843930000.0
26,NOVL,MRT,2004-06-30,2004-07-31,2004-07-31,2019-05-23,9241000.0,2230643000.0,1767181750.0,1450607000.0,780036000.0,0.652,2.421,-26247000.0,573638000.0,573638000.0,406611000.0,-65081000.0,2.232,1.359,600000000.0,0.0,600000000.0,600000000.0,337461000.0,50840000.0,0.0,0.0,0.0,55719000.0,106559000.0,0.092,106559000.0,55719000.0,50233000.0,-0.25,-0.25,-0.25,932040000.0,962891750.0,932040000.0,2008771879.0,36.0,18.851,94625000.0,0.246,1.0,745398000.0,0.647,456761000.0,5486000.0,1150398000.0,358726250.0,0.0,631871000.0,575749000.0,56122000.0,1266805000.0,649846000.0,616959000.0,2644905879.0,122961000.0,-244616000.0,-64741000.0,585150000.0,0.0,570118000.0,-568029000.0,-303410000.0,120872000.0,0.0,-91052000.0,-91052000.0,-91052000.0,0.0,25971000.0,-0.079,674786000.0,70612000.0,52781000.0,0.0,2.838,-29.048,-27.36,246242000.0,0.0,6.84,2.296,2.286,245373000.0,594712000.0,1152009000.0,1152009000.0,190549000.0,-0.052,-0.095,0.155,0.048,0.0,463265000.0,1.0,386682146.0,384940000,418180000.0,2.993,1773882000.0,0.0,141285000.0,57463000.0,4.608,800761000.0
27,NOVL,MRT,2004-03-31,2004-04-30,2004-04-30,2019-05-23,6745000.0,1667694000.0,1615206250.0,907986000.0,759708000.0,0.7,2.61,96488000.0,636134000.0,636134000.0,433701000.0,-100886000.0,1.537,0.605,0.0,0.0,0.0,0.0,296115000.0,53166000.0,0.0,0.0,0.0,3352000.0,56518000.0,0.05,56518000.0,3352000.0,-2134000.0,-0.34,-0.34,-0.34,1003671000.0,986828000.0,1003671000.0,3033734861.0,905.0,53.677,158000000.0,0.411,1.0,696520000.0,0.616,452026000.0,5486000.0,-11319000.0,99718500.0,0.0,52936000.0,0.0,52936000.0,607311000.0,590853000.0,16458000.0,3638888861.0,-121052000.0,-239294000.0,59703000.0,0.0,0.0,109601000.0,-292165000.0,-154281000.0,61512000.0,0.0,-126668000.0,-126668000.0,-126668000.0,0.0,25782000.0,-0.112,667200000.0,29320000.0,53405000.0,0.0,3.626,-28.728,-27.882,248448000.0,0.0,9.48,3.22,3.225,214731000.0,571496000.0,1130221000.0,1130221000.0,191796000.0,-0.078,-0.128,0.034,0.003,0.0,462266000.0,1.0,383849036.0,384528000,371723000.0,2.939,1215668000.0,0.0,124534000.0,54369000.0,3.161,317133000.0
28,NOVL,MRT,2003-12-31,2004-01-31,2004-01-31,2019-05-23,14244000.0,1602737000.0,1598928000.0,835631000.0,767106000.0,0.696,2.592,93133000.0,605154000.0,605154000.0,436030000.0,-139881000.0,1.399,0.633,0.0,0.0,0.0,0.0,294343000.0,59958000.0,0.0,0.0,0.0,-20687000.0,39271000.0,0.035,39271000.0,-20687000.0,-26173000.0,-0.38,-0.38,-0.38,981386000.0,994557250.0,981386000.0,4090982525.0,-198.0,104.173,156567000.0,0.414,1.0,676602000.0,0.608,454701000.0,5486000.0,-54337000.0,153888500.0,0.0,51798000.0,0.0,51798000.0,621351000.0,597219000.0,24132000.0,4842834525.0,-45981000.0,-239294000.0,47476000.0,0.0,0.0,47476000.0,-156891000.0,-15219000.0,63434000.0,0.0,-139881000.0,-139881000.0,-139881000.0,0.0,0.0,-0.126,684253000.0,-7651000.0,57275000.0,0.0,4.935,-34.621,-33.368,254236000.0,0.0,12.68,4.353,4.314,176287000.0,586895000.0,1112632000.0,1112632000.0,188119000.0,-0.087,-0.141,-0.134,-0.019,0.0,477081000.0,1.0,381927013.0,378566000,391371000.0,2.939,1148036000.0,0.0,113708000.0,56787000.0,3.033,238412000.0
29,NOVL,MRT,2003-09-30,2003-10-31,2003-10-31,2019-05-23,7068000.0,1567653000.0,1600709000.0,1030553000.0,537100000.0,0.691,2.522,85532000.0,366932000.0,366932000.0,438718000.0,-161904000.0,1.645,0.67,0.0,0.0,0.0,0.0,322470000.0,61058000.0,0.0,0.0,0.0,-49524000.0,11534000.0,0.01,11534000.0,-49524000.0,-55010000.0,-0.44,-0.44,-0.44,934470000.0,1013174000.0,934470000.0,1453236379.0,-29.0,125.996,140820000.0,0.38,1.0,666778000.0,0.603,224100000.0,5486000.0,350163000.0,217616000.0,0.0,435868000.0,384920000.0,50948000.0,626458000.0,626458000.0,0.0,2192013379.0,-97055000.0,-40046000.0,20130000.0,0.0,0.0,20130000.0,-172473000.0,-227136000.0,55288000.0,0.0,-161904000.0,-161904000.0,-161904000.0,0.0,0.0,-0.146,694600000.0,-27822000.0,50258000.0,0.0,2.346,-13.539,-13.341,255526000.0,0.0,5.87,1.983,1.968,232492000.0,576759000.0,1105496000.0,1105496000.0,180842000.0,-0.101,-0.16,-0.228,-0.045,0.0,494705000.0,1.0,373426470.0,370545000,370545000.0,2.983,1343553000.0,0.0,106894000.0,35493000.0,3.626,404095000.0
30,NOVL,MRT,2003-06-30,2003-07-31,2003-07-31,2019-05-23,4633000.0,1622741000.0,1625062000.0,1026100000.0,596641000.0,0.689,2.782,85461000.0,738777000.0,738777000.0,446580000.0,-144572000.0,1.748,0.579,0.0,0.0,0.0,0.0,295786000.0,68784000.0,0.0,0.0,0.0,-158711000.0,-89927000.0,-0.08,-89927000.0,-158711000.0,-158711000.0,-0.39,-0.39,-0.39,1027785000.0,1045942000.0,1027785000.0,710473033.0,-4.0,-7.901,120343000.0,0.326,1.0,672502000.0,0.601,182657000.0,0.0,114367000.0,185529000.0,0.0,51039000.0,0.0,51039000.0,594956000.0,586940000.0,8016000.0,1336870033.0,61827000.0,-1464000.0,14179000.0,0.0,0.0,14179000.0,12766000.0,-89206000.0,34882000.0,0.0,-144572000.0,-144572000.0,-144572000.0,0.0,0.0,-0.129,784065000.0,-111563000.0,48263000.0,0.0,1.301,-9.247,-9.231,258908000.0,0.0,3.6,1.195,1.188,217230000.0,685763000.0,1119082000.0,1119082000.0,179173000.0,-0.089,-0.138,-0.855,-0.142,0.0,514451000.0,1.0,371352787.0,369435000,369435000.0,3.029,1440084000.0,115922000.0,-14139000.0,24980000.0,3.898,439160000.0
31,NOVL,MRT,2003-03-31,2003-04-30,2003-04-30,2019-05-23,651000.0,1602581000.0,1648825500.0,886948000.0,715633000.0,0.678,2.806,-35441000.0,626397000.0,626397000.0,425356000.0,-122223000.0,1.583,0.549,0.0,0.0,0.0,0.0,267546000.0,70274000.0,0.0,0.0,0.0,-119451000.0,-49177000.0,-0.044,-49177000.0,-119451000.0,-119451000.0,-0.33,-0.33,-0.33,1034588000.0,1075372000.0,1034588000.0,362214243.0,-3.0,-7.366,30101000.0,0.082,1.0,693190000.0,0.62,210671000.0,0.0,205361000.0,244736750.0,0.0,55603000.0,0.0,55603000.0,567993000.0,560152000.0,7841000.0,1012969243.0,64662000.0,-104025000.0,13057000.0,0.0,0.0,13057000.0,-13937000.0,117537000.0,65542000.0,0.0,-122223000.0,-122223000.0,-122223000.0,0.0,0.0,-0.109,777805000.0,-84615000.0,61007000.0,0.0,0.979,-8.288,-8.333,353183000.0,0.0,2.75,0.906,0.907,183672000.0,698164000.0,1118546000.0,1118546000.0,175125000.0,-0.074,-0.114,-0.488,-0.107,0.0,510655000.0,1.0,368352452.0,368746000,368746000.0,3.033,1391910000.0,103211000.0,2772000.0,28764000.0,3.775,326796000.0
32,NOVL,MRT,2002-12-31,2003-01-31,2003-01-31,2019-05-23,-13000.0,1609861000.0,1656150500.0,881609000.0,728252000.0,0.674,2.869,-38160000.0,650755000.0,650755000.0,429413000.0,-267062000.0,1.614,0.525,0.0,0.0,0.0,0.0,265220000.0,67149000.0,0.0,0.0,0.0,-260211000.0,-193062000.0,-0.173,-193062000.0,-260211000.0,-260211000.0,-0.73,-0.73,-0.73,1055853000.0,1094899750.0,1055853000.0,557267769.0,-2.0,-2.886,15523000.0,0.042,1.0,687019000.0,0.615,212317000.0,0.0,200573000.0,292043750.0,0.0,65238000.0,0.0,65238000.0,554008000.0,546216000.0,7792000.0,1193125769.0,-64501000.0,-104025000.0,12621000.0,0.0,0.0,12621000.0,-130805000.0,-5425000.0,53683000.0,0.0,-267062000.0,-267062000.0,-267062000.0,0.0,0.0,-0.239,762785000.0,-75766000.0,53825000.0,0.0,1.13,-4.468,-4.438,360155000.0,0.0,3.24,1.069,1.068,159710000.0,726775000.0,1116432000.0,1116432000.0,169156000.0,-0.161,-0.244,-0.891,-0.233,0.0,491179000.0,1.0,368248694.0,368075000,368075000.0,3.033,1397544000.0,96101000.0,6851000.0,33704000.0,3.797,335393000.0
33,NOVL,MRT,2002-09-30,2002-10-31,2002-10-31,2019-05-23,57000.0,1665065000.0,1711500000.0,919538000.0,745527000.0,0.663,2.931,-11560000.0,635858000.0,635858000.0,449418000.0,-246823000.0,1.555,0.563,0.0,0.0,0.0,0.0,275344000.0,68785000.0,0.0,0.0,0.0,-235927000.0,-167142000.0,-0.147,-167142000.0,-235927000.0,-235927000.0,-0.68,-0.68,-0.68,1065542000.0,1151865250.0,1065542000.0,278213379.0,-1.0,-1.665,39914000.0,0.11,1.0,684902000.0,0.604,215885000.0,0.0,221815000.0,335492500.0,0.0,73452000.0,0.0,73452000.0,599523000.0,591507000.0,8016000.0,885523379.0,126060000.0,-102975000.0,13186000.0,0.0,0.0,13186000.0,61400000.0,161636000.0,51474000.0,0.0,-246823000.0,-246823000.0,-246823000.0,0.0,0.0,-0.218,753027000.0,-68125000.0,57241000.0,0.0,0.831,-3.588,-3.574,369189000.0,0.0,2.43,0.781,0.779,214827000.0,738663000.0,1134320000.0,1134320000.0,169247000.0,-0.144,-0.214,-0.703,-0.208,0.0,481330000.0,1.0,364412913.0,363569000,363569000.0,3.12,1449180000.0,21204000.0,10896000.0,36294000.0,3.986,328031000.0
34,NOVL,MRT,2002-06-30,2002-07-31,2002-07-31,2019-05-23,-3389000.0,1717795000.0,1771235250.0,884061000.0,833734000.0,0.649,3.155,-10871000.0,607310000.0,607310000.0,468598000.0,-249662000.0,1.598,0.5,0.0,0.0,0.0,0.0,239929000.0,68888000.0,0.0,0.0,0.0,-252385000.0,-183497000.0,-0.16,-183497000.0,-252385000.0,-252385000.0,-0.7,-0.7,-0.7,1145505000.0,1203146500.0,1145505000.0,129032688.0,-1.0,-0.703,38129000.0,0.105,1.0,681309000.0,0.592,206167000.0,0.0,351198000.0,378999750.0,231000.0,94657000.0,0.0,94657000.0,572290000.0,553120000.0,19170000.0,812327688.0,66361000.0,-102561000.0,5630000.0,0.0,0.0,5630000.0,11731000.0,126346000.0,49000000.0,0.0,-249662000.0,-249662000.0,-249662000.0,0.0,0.0,-0.217,767587000.0,-86278000.0,59063000.0,0.0,0.709,-3.254,-3.186,459687000.0,0.0,2.23,0.706,0.704,204811000.0,830335000.0,1149907000.0,1149907000.0,173849000.0,-0.141,-0.208,-0.666,-0.219,0.0,491461000.0,1.0,364272506.0,363131000,363131000.0,3.167,1511628000.0,22098000.0,-2723000.0,26245000.0,4.163,330941000.0
35,NOVL,MRT,2002-03-31,2002-04-30,2002-04-30,2019-05-23,-1874000.0,1631881000.0,1828718750.0,936454000.0,695427000.0,0.611,3.067,-12062000.0,683295000.0,683295000.0,434952000.0,-278885000.0,1.878,0.467,0.0,0.0,0.0,0.0,212268000.0,78334000.0,0.0,0.0,0.0,-290951000.0,-212617000.0,-0.19,-212617000.0,-290951000.0,-290951000.0,-0.79,-0.79,-0.79,1112699000.0,1253973000.0,1112699000.0,606082974.0,-2.0,-2.851,-3955000.0,-0.011,1.0,681766000.0,0.611,55253000.0,0.0,394589000.0,462957750.0,416000.0,93198000.0,0.0,93198000.0,519182000.0,498744000.0,20438000.0,1341601974.0,3473000.0,72358000.0,3082000.0,0.0,0.0,3082000.0,-7716000.0,-79658000.0,8107000.0,0.0,-278885000.0,-278885000.0,-278885000.0,0.0,0.0,-0.25,809886000.0,-128120000.0,55977000.0,0.0,1.206,-4.811,-4.684,461033000.0,0.0,3.7,1.201,1.202,173379000.0,820386000.0,1116718000.0,1116718000.0,177695000.0,-0.153,-0.222,-0.628,-0.261,0.0,502522000.0,1.0,362595128.0,362754000,362754000.0,3.078,1576628000.0,24930000.0,-12066000.0,26145000.0,4.346,437710000.0
36,NOVL,MRT,2001-12-31,2002-01-31,2002-01-31,2019-05-23,3576000.0,1831259000.0,1813004250.0,979655000.0,851604000.0,0.598,3.542,-12504000.0,735519000.0,735519000.0,389249000.0,-256745000.0,1.862,0.427,0.0,0.0,0.0,0.0,227039000.0,86175000.0,0.0,0.0,0.0,-269383000.0,-183208000.0,-0.169,-183208000.0,-269383000.0,-269383000.0,-0.79,-0.79,-0.79,1283715000.0,1255210500.0,1283715000.0,1191106999.0,-4.0,-6.501,32284000.0,0.089,1.0,694371000.0,0.641,195223000.0,0.0,374368000.0,491066500.0,1079000.0,112533000.0,0.0,112533000.0,547544000.0,526149000.0,21395000.0,1896349999.0,132913000.0,98333000.0,1651000.0,0.0,0.0,1651000.0,86474000.0,-7401000.0,44788000.0,0.0,-256745000.0,-256745000.0,-256745000.0,0.0,0.0,-0.237,830816000.0,-136445000.0,57069000.0,0.0,1.477,-7.386,-6.62,470148000.0,0.0,5.23,1.75,1.749,159086000.0,993837000.0,1083620000.0,1083620000.0,187876000.0,-0.142,-0.205,-0.549,-0.249,0.0,532371000.0,1.0,362590822.0,362428000,362970000.0,2.99,1636036000.0,34316000.0,-12638000.0,37734000.0,4.514,453506000.0
37,NOVL,MRT,2001-09-30,2001-10-31,2001-10-31,2019-05-23,2455000.0,1904006000.0,1766553000.0,1027366000.0,876640000.0,0.595,3.821,-33289000.0,705243000.0,705243000.0,338634000.0,-272870000.0,1.682,0.498,0.0,0.0,0.0,0.0,243261000.0,86708000.0,0.0,0.0,0.0,-287814000.0,-201106000.0,-0.191,-201106000.0,-287814000.0,-287814000.0,-0.82,-0.82,-0.82,1270667000.0,1225601000.0,1270667000.0,595175715.0,-2.0,-2.96,58688000.0,0.176,1.0,712162000.0,0.678,192016000.0,0.0,395844000.0,527795750.0,947000.0,114971000.0,0.0,114971000.0,633339000.0,610903000.0,22436000.0,1282118715.0,48390000.0,98333000.0,-60657000.0,0.0,0.0,-60657000.0,17070000.0,-35740000.0,91977000.0,0.0,-272870000.0,-272870000.0,-272870000.0,0.0,0.0,-0.26,832975000.0,-120813000.0,77571000.0,0.0,1.009,-4.699,-4.317,496620000.0,0.0,3.54,1.22,1.12,227044000.0,985486000.0,1050796000.0,1050796000.0,191709000.0,-0.154,-0.223,-0.545,-0.274,0.0,561089000.0,1.0,362180428.0,332582000,332582000.0,3.16,1711990000.0,34595000.0,-14944000.0,38175000.0,5.148,416463000.0
38,NOVL,MRT,2001-06-30,2001-07-31,2001-07-31,2019-05-23,-12480000.0,1947729000.0,1718638000.0,1010506000.0,937223000.0,0.587,4.104,-18996000.0,686943000.0,686943000.0,290161000.0,-213316000.0,1.761,0.444,0.0,0.0,0.0,0.0,220072000.0,86922000.0,0.0,0.0,0.0,-230332000.0,-143410000.0,-0.142,-143410000.0,-230332000.0,-230332000.0,-0.67,-0.66,-0.67,1348811000.0,1219205500.0,1348811000.0,954272751.0,-4.0,-6.654,92591000.0,0.282,1.0,718037000.0,0.712,0.0,0.0,687030000.0,566453750.0,1067000.0,366315000.0,0.0,366315000.0,598918000.0,573756000.0,25162000.0,1592879751.0,-39067000.0,98333000.0,-63074000.0,0.0,0.0,-63074000.0,-87580000.0,-149421000.0,111587000.0,0.0,-213316000.0,-213316000.0,-213316000.0,0.0,0.0,-0.212,854348000.0,-136311000.0,79229000.0,0.0,1.181,-7.467,-7.448,291169000.0,0.0,4.99,1.58,1.627,230570000.0,1079997000.0,1008198000.0,1008198000.0,200184000.0,-0.124,-0.175,-0.407,-0.228,-38535000.0,575880000.0,1.0,319214379.0,328683000,328683000.0,3.067,1947729000.0,22198000.0,-17016000.0,43992000.0,5.926,436750000.0
39,NOVL,MRT,2001-03-31,2001-04-30,2001-04-30,2019-05-23,-8047000.0,1569023000.0,1679884250.0,881821000.0,687202000.0,0.613,3.516,5570000.0,638607000.0,638607000.0,299008000.0,-185470000.0,2.083,0.404,0.0,0.0,0.0,0.0,200282000.0,83817000.0,0.0,0.0,0.0,-195360000.0,-111543000.0,-0.108,-111543000.0,-195360000.0,-195360000.0,-0.58,-0.57,-0.58,1117649000.0,1228015500.0,1117649000.0,862568568.0,-4.0,-7.733,224123000.0,0.705,1.0,730125000.0,0.709,0.0,0.0,507024000.0,574525750.0,1465000.0,362695000.0,0.0,362695000.0,451374000.0,423392000.0,27982000.0,1518017568.0,61437000.0,25975000.0,-56274000.0,0.0,0.0,-56274000.0,-100842000.0,-103888000.0,218553000.0,0.0,-185470000.0,-185470000.0,-185470000.0,0.0,0.0,-0.18,851745000.0,-121620000.0,75837000.0,0.0,1.358,-8.185,-8.241,276291000.0,0.0,4.78,1.475,1.476,138882000.0,1099271000.0,1029133000.0,1029133000.0,209229000.0,-0.11,-0.151,-0.34,-0.19,-33480000.0,594624000.0,1.0,317576897.0,317873000,317873000.0,3.238,1569023000.0,55473000.0,-9890000.0,15136000.0,4.936,458429000.0
40,NOVL,MRT,2000-12-31,2001-01-31,2001-01-31,2019-05-23,-101797000.0,1645454000.0,1730763500.0,926075000.0,719379000.0,0.63,3.617,-810000.0,655449000.0,655449000.0,315625000.0,-3139000.0,1.976,0.412,0.0,0.0,0.0,0.0,220154000.0,82825000.0,0.0,0.0,0.0,1900000.0,84725000.0,0.078,84725000.0,1900000.0,1900000.0,-0.01,0.0,-0.01,1165277000.0,1297141000.0,1165277000.0,2042159535.0,1075.0,24.103,268085000.0,0.832,1.0,775102000.0,0.711,0.0,0.0,521285000.0,637632250.0,1898000.0,397876000.0,0.0,397876000.0,480177000.0,468720000.0,11457000.0,2740352535.0,-127619000.0,0.0,-239093000.0,0.0,0.0,-239093000.0,-157421000.0,-99921000.0,268895000.0,0.0,-3139000.0,-3139000.0,-3139000.0,0.0,0.0,-0.003,866498000.0,-91396000.0,94286000.0,0.0,2.352,-873.002,-862.5,282937000.0,0.0,8.625,2.512,2.548,161095000.0,1250626000.0,1090727000.0,1090727000.0,216911000.0,-0.002,-0.002,0.003,0.002,-6759000.0,601695000.0,1.0,317722033.0,322183000,322183000.0,3.385,1645454000.0,56996000.0,5039000.0,26145000.0,5.107,457355000.0
41,NOVL,MRT,2000-09-30,2000-10-31,2000-10-31,2019-05-23,-84427000.0,1712346000.0,1824152250.0,1007359000.0,704987000.0,0.637,3.812,-4232000.0,698193000.0,698193000.0,327398000.0,49470000.0,2.214,0.375,0.0,0.0,0.0,0.0,203163000.0,81909000.0,0.0,0.0,0.0,70672000.0,152581000.0,0.131,152581000.0,70672000.0,70672000.0,0.15,0.15,0.15,1245085000.0,1406074750.0,1245085000.0,2277227111.0,32.0,14.925,337645000.0,1.034,1.0,834337000.0,0.718,8599000.0,0.0,550476000.0,673592500.0,2621000.0,383583000.0,0.0,383583000.0,467261000.0,455078000.0,12183000.0,2953869111.0,15268000.0,0.0,-230114000.0,0.0,0.0,-230114000.0,-96495000.0,-52743000.0,341877000.0,0.0,49470000.0,49470000.0,49470000.0,0.0,0.0,0.043,865919000.0,-31582000.0,85050000.0,0.0,2.372,59.71,60.0,290104000.0,0.0,9.0,2.543,2.53,196672000.0,1319853000.0,1161735000.0,1161735000.0,228002000.0,0.027,0.035,0.105,0.061,22918000.0,590025000.0,1.0,328207679.0,326621000,335034000.0,3.557,1703747000.0,60109000.0,21202000.0,39043000.0,5.216,552281000.0
42,NOVL,MRT,2000-06-30,2000-07-31,2000-07-31,2019-05-23,-17174000.0,1792714000.0,1881645500.0,1013926000.0,778788000.0,0.655,4.255,-28473000.0,676642000.0,676642000.0,322110000.0,158239000.0,2.556,0.295,0.0,0.0,0.0,0.0,184677000.0,84621000.0,0.0,0.0,0.0,198684000.0,283305000.0,0.23,283305000.0,198684000.0,198684000.0,0.48,0.47,0.48,1384051000.0,1467863750.0,1384051000.0,2438736587.0,12.0,8.608,344106000.0,1.058,1.0,910855000.0,0.739,0.0,0.0,719318000.0,687794250.0,3215000.0,413109000.0,0.0,413109000.0,408663000.0,396754000.0,11909000.0,3085445587.0,97927000.0,0.0,-410027000.0,0.0,0.0,-410027000.0,135375000.0,212976000.0,372579000.0,0.0,158239000.0,158239000.0,158239000.0,0.0,0.0,0.128,800143000.0,110712000.0,81324000.0,0.0,2.229,19.499,19.792,309290000.0,0.0,9.5,2.502,2.507,214003000.0,1364558000.0,1232965000.0,1232965000.0,235170000.0,0.084,0.108,0.289,0.161,65140000.0,564973000.0,1.0,324783746.0,325314000,327258000.0,3.79,1792714000.0,53079000.0,40445000.0,0.0,5.511,617172000.0
43,NOVL,MRT,2000-03-31,2000-04-30,2000-04-30,2019-05-23,15331000.0,1772540000.0,1924362250.0,996789000.0,775751000.0,0.67,4.266,-65644000.0,646709000.0,646709000.0,313176000.0,198978000.0,2.721,0.271,0.0,0.0,0.0,0.0,168201000.0,77532000.0,0.0,0.0,0.0,255268000.0,332800000.0,0.258,332800000.0,255268000.0,255268000.0,0.6,0.58,0.6,1394151000.0,1510085750.0,1394151000.0,5517516506.0,22.0,16.579,291397000.0,0.892,1.0,976578000.0,0.757,0.0,0.0,759450000.0,650676250.0,3591000.0,371319000.0,0.0,371319000.0,378389000.0,366381000.0,12008000.0,6465031506.0,81497000.0,0.0,-442379000.0,0.0,0.0,-442379000.0,166835000.0,276185000.0,357041000.0,0.0,198978000.0,198978000.0,198978000.0,0.0,0.0,0.154,784544000.0,192034000.0,73933000.0,0.0,4.637,32.491,32.708,341912000.0,0.0,19.625,5.013,4.972,239202000.0,1355986000.0,1289754000.0,1289754000.0,236931000.0,0.103,0.132,0.392,0.198,81701000.0,547613000.0,1.0,329428357.0,326788000,341547000.0,3.947,1772540000.0,31353000.0,56290000.0,5039000.0,5.424,630408000.0
44,NOVL,MRT,1999-12-31,2000-01-31,2000-01-31,2019-05-23,109285000.0,2019009000.0,1961000500.0,1265819000.0,753190000.0,0.664,4.897,-67640000.0,947515000.0,947515000.0,308801000.0,206684000.0,3.115,0.261,0.0,0.0,0.0,0.0,180706000.0,71721000.0,0.0,0.0,0.0,265971000.0,337692000.0,0.259,337692000.0,265971000.0,265971000.0,0.63,0.6,0.63,1601012000.0,1539259000.0,1601012000.0,10002665847.0,38.0,29.621,318769000.0,0.975,1.0,994256000.0,0.763,0.0,0.0,665126000.0,597558000.0,4028000.0,375752000.0,0.0,375752000.0,417997000.0,406368000.0,11629000.0,10898069847.0,231499000.0,0.0,-309434000.0,0.0,0.0,-309434000.0,154524000.0,273173000.0,386409000.0,0.0,206684000.0,206684000.0,206684000.0,0.0,0.0,0.159,760969000.0,233287000.0,57523000.0,0.0,6.807,52.728,52.976,341816000.0,0.0,33.375,8.363,8.373,236857000.0,1468646000.0,1303057000.0,1303057000.0,236365000.0,0.105,0.134,0.445,0.204,66989000.0,524604000.0,1.0,326533928.0,326906000,342105000.0,3.986,2019009000.0,0.0,59287000.0,47941000.0,6.176,859451000.0
45,NOVL,MRT,1999-09-30,1999-10-31,1999-10-31,2019-05-23,35189000.0,1942319000.0,1938916000.0,1335616000.0,606703000.0,0.656,4.462,-69181000.0,895404000.0,895404000.0,297841000.0,190747000.0,3.038,0.302,0.0,0.0,0.0,0.0,173150000.0,70156000.0,0.0,0.0,0.0,243836000.0,313992000.0,0.247,313992000.0,243836000.0,243836000.0,0.57,0.55,0.57,1492241000.0,1517281500.0,1492241000.0,5689945335.0,23.0,18.121,259539000.0,0.776,1.0,974979000.0,0.766,0.0,0.0,607283000.0,559679750.0,3753000.0,229114000.0,0.0,229114000.0,450078000.0,439632000.0,10446000.0,6682146335.0,118776000.0,0.0,-307367000.0,0.0,0.0,-307367000.0,97423000.0,255289000.0,328720000.0,0.0,190747000.0,190747000.0,190747000.0,0.0,0.0,0.15,751927000.0,223052000.0,85037000.0,0.0,4.478,35.031,35.197,347012000.0,0.0,20.063,5.25,5.272,284510000.0,1432624000.0,1272820000.0,1272820000.0,234032000.0,0.098,0.126,0.436,0.192,50659000.0,517895000.0,1.0,333066484.0,334460000,349393000.0,3.806,1942319000.0,60266000.0,53089000.0,57085000.0,5.807,895984000.0
46,NOVL,MRT,1999-06-30,1999-07-31,1999-07-31,2019-05-23,-4493000.0,1963581000.0,1934364250.0,1371315000.0,592266000.0,0.634,4.643,-65746000.0,992201000.0,992201000.0,298043000.0,158954000.0,3.424,0.264,0.0,0.0,0.0,0.0,149338000.0,64334000.0,0.0,0.0,0.0,220771000.0,285105000.0,0.233,285105000.0,220771000.0,220771000.0,0.48,0.45,0.48,1552939000.0,1517595750.0,1552939000.0,7651777710.0,35.0,26.838,281787000.0,0.842,1.0,927802000.0,0.757,0.0,0.0,570846000.0,533421500.0,2945000.0,210835000.0,0.0,210835000.0,410642000.0,400534000.0,10108000.0,8626217710.0,84875000.0,0.0,-328042000.0,0.0,0.0,-328042000.0,65384000.0,288345000.0,347533000.0,0.0,158954000.0,158954000.0,158954000.0,0.0,0.0,0.13,730496000.0,197306000.0,74636000.0,0.0,5.555,54.269,53.646,344750000.0,0.0,25.75,7.037,7.026,233302000.0,1407274000.0,1225845000.0,1225845000.0,231676000.0,0.082,0.105,0.414,0.18,53825000.0,498820000.0,1.0,334998746.0,334488000,350951000.0,3.665,1963581000.0,75958000.0,61817000.0,45083000.0,5.87,970781000.0
47,NOVL,MRT,1999-03-31,1999-04-30,1999-04-30,2019-05-23,-5315000.0,1919093000.0,1945377500.0,1350196000.0,568897000.0,0.602,4.506,-71821000.0,974440000.0,974440000.0,285023000.0,136199000.0,3.395,0.27,0.0,0.0,0.0,0.0,132854000.0,68528000.0,0.0,0.0,0.0,189167000.0,257695000.0,0.22,257695000.0,189167000.0,189167000.0,0.41,0.38,0.41,1510844000.0,1538158750.0,1510844000.0,6471009735.0,34.0,25.111,314526000.0,0.938,1.0,886030000.0,0.757,0.0,0.0,546977000.0,516768750.0,3108000.0,200302000.0,0.0,200302000.0,408249000.0,397676000.0,10573000.0,7486431735.0,6612000.0,0.0,-299628000.0,0.0,0.0,-299628000.0,-80107000.0,117100000.0,386347000.0,0.0,136199000.0,136199000.0,136199000.0,0.0,0.0,0.116,721077000.0,164953000.0,61920000.0,0.0,4.955,54.967,54.268,344261000.0,0.0,22.25,6.393,6.37,209282000.0,1357961000.0,1171053000.0,1171053000.0,229942000.0,0.07,0.089,0.366,0.162,34467000.0,491135000.0,1.0,336468842.0,335276000,351116000.0,3.493,1919093000.0,88480000.0,52968000.0,61647000.0,5.724,952520000.0
48,NOVL,MRT,1998-12-31,1999-01-31,1999-01-31,2019-05-23,1109000.0,1930671000.0,1944400500.0,1406928000.0,523743000.0,0.575,4.484,-60896000.0,1015422000.0,1015422000.0,264934000.0,116780000.0,3.503,0.276,0.0,0.0,0.0,0.0,137421000.0,73221000.0,0.0,0.0,0.0,162195000.0,235416000.0,0.211,235416000.0,162195000.0,162195000.0,0.34,0.32,0.34,1513102000.0,1563448000.0,1513102000.0,5875313949.0,36.0,24.957,277412000.0,0.822,1.0,852717000.0,0.763,0.0,0.0,513613000.0,516536250.0,2737000.0,156842000.0,0.0,156842000.0,417569000.0,401636000.0,15933000.0,6882480949.0,-94622000.0,0.0,-241288000.0,0.0,0.0,-241288000.0,-191642000.0,-36984000.0,338308000.0,0.0,116780000.0,116780000.0,116780000.0,0.0,0.0,0.104,722908000.0,129809000.0,73644000.0,0.0,4.549,58.935,59.926,341172000.0,0.0,20.375,6.158,6.152,206227000.0,1319235000.0,1117651000.0,1117651000.0,231110000.0,0.06,0.075,0.314,0.145,23476000.0,491798000.0,1.0,337790476.0,337441000,351522000.0,3.312,1930671000.0,79839000.0,45415000.0,61158000.0,5.722,1005292000.0
49,NOVL,MRT,1998-09-30,1998-10-31,1998-10-31,2019-05-23,-26099000.0,1924112000.0,1937398000.0,1435700000.0,488412000.0,0.559,4.261,-57375000.0,1007167000.0,1007167000.0,257895000.0,101976000.0,3.462,0.288,0.0,0.0,0.0,0.0,141714000.0,76170000.0,0.0,0.0,0.0,141634000.0,217804000.0,0.201,217804000.0,141634000.0,141634000.0,0.29,0.29,0.29,1493498000.0,1578074250.0,1493498000.0,4089432418.0,29.0,18.776,236942000.0,0.676,1.0,825992000.0,0.762,0.0,0.0,502250000.0,524926500.0,3562000.0,114815000.0,0.0,114815000.0,430614000.0,414695000.0,15919000.0,5237357418.0,-53050000.0,0.0,-190314000.0,0.0,0.0,-190314000.0,-157053000.0,-34823000.0,294317000.0,0.0,101976000.0,101976000.0,101976000.0,0.0,0.0,0.094,727546000.0,98446000.0,77987000.0,0.0,3.507,51.359,51.293,346196000.0,0.0,14.875,4.832,4.811,246577000.0,1290337000.0,1083887000.0,1083887000.0,235744000.0,0.053,0.065,0.27,0.131,10261000.0,491802000.0,1.0,352091255.0,350525000,356437000.0,3.092,1924112000.0,95343000.0,39658000.0,64057000.0,5.489,1021005000.0
50,NOVL,MRT,1998-06-30,1998-07-31,1998-07-31,2019-05-23,-39139000.0,2007634000.0,1934032250.0,1551467000.0,456167000.0,0.546,4.627,-53942000.0,1147925000.0,1147925000.0,253234000.0,67128000.0,4.365,0.228,0.0,0.0,0.0,0.0,102632000.0,83846000.0,0.0,0.0,0.0,97064000.0,180910000.0,0.171,180910000.0,97064000.0,97064000.0,0.2,0.19,0.2,1635191000.0,1596054000.0,1635191000.0,2935700228.0,30.0,16.227,139219000.0,0.394,1.0,802357000.0,0.76,0.0,0.0,504235000.0,538169000.0,4274000.0,0.0,0.0,0.0,372443000.0,355474000.0,16969000.0,4020335228.0,-3743000.0,0.0,27161000.0,0.0,0.0,27161000.0,-224065000.0,-174019000.0,193161000.0,0.0,67128000.0,67128000.0,67128000.0,0.0,0.0,0.064,758560000.0,43797000.0,66498000.0,0.0,2.459,59.891,56.875,347624000.0,0.0,11.375,3.809,3.809,231221000.0,1248318000.0,1055591000.0,1055591000.0,269110000.0,0.035,0.042,0.18,0.092,4365000.0,489450000.0,1.0,353436064.0,353436000,362083000.0,2.987,2007634000.0,99879000.0,29936000.0,52786000.0,5.68,1195993000.0
51,NOVL,MRT,1998-03-31,1998-04-30,1998-04-30,2019-05-23,-32860000.0,1915185000.0,,1491080000.0,424105000.0,,4.583,-34289000.0,1084635000.0,1084635000.0,251836000.0,-81073000.0,5.241,0.188,0.0,0.0,0.0,0.0,83251000.0,85036000.0,0.0,0.0,0.0,-157777000.0,-72741000.0,-0.083,-72741000.0,-157777000.0,-157777000.0,-0.23,-0.23,-0.23,1612001000.0,,1612001000.0,2471132300.0,-16.0,-33.972,21797000.0,0.062,1.0,621813000.0,0.712,0.0,0.0,546047000.0,,6316000.0,0.0,0.0,0.0,303184000.0,284503000.0,18681000.0,3516276300.0,-32697000.0,0.0,29364000.0,0.0,0.0,23098000.0,-111881000.0,-72154000.0,56086000.0,0.0,-81073000.0,-81073000.0,-81073000.0,0.0,0.0,-0.093,835942000.0,-214129000.0,60875000.0,0.0,2.181,-43.372,-43.478,340708000.0,0.0,10.0,4.025,4.026,220128000.0,1221762000.0,873649000.0,873649000.0,281490000.0,,,,-0.181,2721000.0,499117000.0,1.0,351627630.0,351762000,356586000.0,2.484,1915185000.0,117849000.0,-76704000.0,3839000.0,5.445,1206577000.0
52,NOVL,MRT,1997-12-31,1998-01-31,1998-01-31,2019-05-23,-39729000.0,1902661000.0,,1465399000.0,437262000.0,,4.477,-45947000.0,1045144000.0,1045144000.0,269733000.0,-115014000.0,4.722,0.211,0.0,0.0,0.0,0.0,83586000.0,87148000.0,0.0,0.0,0.0,-206272000.0,-119124000.0,-0.135,-119124000.0,-206272000.0,-206272000.0,-0.32,-0.32,-0.32,1571607000.0,,1571607000.0,1445878970.0,-7.0,-12.138,-24332000.0,-0.069,1.0,614773000.0,0.695,0.0,0.0,547174000.0,,9178000.0,0.0,0.0,0.0,331054000.0,310343000.0,20711000.0,2479351970.0,43272000.0,0.0,21853000.0,0.0,0.0,7343000.0,14314000.0,61628000.0,21615000.0,0.0,-115014000.0,-115014000.0,-115014000.0,0.0,0.0,-0.13,871345000.0,-256572000.0,66490000.0,0.0,1.578,-21.557,-22.07,363508000.0,0.0,7.063,2.803,2.803,225039000.0,1202455000.0,884506000.0,884506000.0,289082000.0,,,,-0.233,2256000.0,526928000.0,1.0,351058686.0,351031000,352971000.0,2.52,1902661000.0,119833000.0,-91258000.0,4831000.0,5.42,1155056000.0
53,NOVL,MRT,1997-09-30,1997-10-31,1997-10-31,2019-05-23,-29431000.0,1910649000.0,1980057500.0,1470382000.0,440267000.0,0.509,4.496,-64796000.0,1033473000.0,1033473000.0,288617000.0,-78296000.0,4.567,0.221,0.0,0.0,0.0,0.0,74915000.0,91075000.0,0.0,0.0,0.0,-150570000.0,-59495000.0,-0.059,-59495000.0,-150570000.0,-150570000.0,-0.22,-0.22,-0.22,1565417000.0,1590463000.0,1565417000.0,,,,30758000.0,0.088,1.0,718694000.0,0.713,0.0,0.0,555220000.0,607579500.0,10656000.0,19107000.0,0.0,19107000.0,345232000.0,321956000.0,23276000.0,2962057663.0,63022000.0,0.0,23114000.0,0.0,0.0,4654000.0,-37186000.0,18166000.0,95554000.0,0.0,-78296000.0,-78296000.0,-78296000.0,0.0,0.0,-0.078,918698000.0,-200004000.0,82759000.0,0.0,1.892,-37.832,-38.352,373865000.0,0.0,8.438,2.941,2.916,211531000.0,1188361000.0,1007311000.0,1007311000.0,300599000.0,-0.04,-0.049,-0.248,-0.149,3927000.0,562764000.0,1.0,351058686.0,348149000,348149000.0,2.893,1910649000.0,134210000.0,-72274000.0,0.0,5.488,1148426000.0
54,NOVL,MRT,1997-06-30,1997-07-31,1997-07-31,2019-05-23,,,,,,,,,,,,,,,,,,,,,,0.0,0.0,,,,,,,,,,,,,,,,,,1.0,,,,,,,,,,,,,,,,,,,,,,,,,,,,,,,,,,,,,,,,7.563,,,,,,,,,,,,,,1.0,,349082000,,,,,,,,
55,NOVL,MRT,1997-03-31,1997-04-30,1997-04-30,2019-05-23,,,,,,,,,,,,,,,,,,,,,,0.0,0.0,,,,,,,,,,,,,,,,,,1.0,,,,,,,,,,,,,,,,,,,,,,,,,,,,,,,,,,,,,,,,7.5,,,,,,,,,,,,,,1.0,,347320000,,,,,,,,
56,NOVL,MRT,1996-12-31,1997-01-31,1997-01-31,2019-05-23,,,,,,,,,,,,,,,,,,,,,,0.0,0.0,,,,,,,,,,,,,,,,,,1.0,,,,,,,,,,,,,,,,,,,,,,,,,,,,,,,,,,,,,,,,12.625,,,,,,,,,,,,,,1.0,,346506000,,,,,,,,
57,NOVL,MRT,1996-09-30,1996-10-26,1996-10-26,2019-05-23,8556000.0,2049466000.0,,1590759000.0,458707000.0,,4.545,-101001000.0,1024755000.0,1024755000.0,306761000.0,125991000.0,4.361,0.269,0.0,0.0,0.0,0.0,46573000.0,104782000.0,0.0,0.0,0.0,179988000.0,284770000.0,0.207,284770000.0,179988000.0,179988000.0,0.35,0.35,0.35,1615509000.0,,1615509000.0,,,,90954000.0,0.256,1.0,1068095000.0,0.777,0.0,0.0,659939000.0,,16837000.0,0.0,0.0,0.0,433957000.0,364772000.0,69185000.0,,-166643000.0,0.0,-408022000.0,0.0,0.0,-401514000.0,-42916000.0,122844000.0,191955000.0,0.0,125991000.0,125991000.0,125991000.0,0.0,0.0,0.092,959151000.0,108944000.0,96933000.0,0.0,,,28.571,394684000.0,0.0,10.0,,2.586,452327000.0,1266657000.0,1374856000.0,1374856000.0,275627000.0,,,,0.131,14027000.0,665082000.0,1.0,,355478000,357919000.0,3.868,2049466000.0,48559000.0,53997000.0,0.0,5.765,1225987000.0
58,NOVL,MRT,1995-09-30,1995-10-28,1995-10-28,2019-05-23,,,,,,,,-84454000.0,,,489333000.0,338305000.0,,,,,,,,94190000.0,,0.0,0.0,508729000.0,602919000.0,0.295,602919000.0,508729000.0,508729000.0,0.9,0.9,0.9,,,,,,,365471000.0,0.976,1.0,1551841000.0,0.76,,0.0,,,,,,,,,,,83738000.0,0.0,64197000.0,0.0,0.0,64197000.0,-430384000.0,-352257000.0,449925000.0,0.0,338305000.0,338305000.0,338305000.0,0.0,0.0,0.166,1099732000.0,452109000.0,,0.0,,,16.528,,0.0,14.875,,2.73,,,2041174000.0,2041174000.0,367562000.0,,,,0.249,25128000.0,732170000.0,,,374584000,374584000.0,5.449,,,170424000.0,,,
