None,ticker,dimension,calendardate,datekey,reportperiod,lastupdated,accoci,assets,assetsavg,assetsc,assetsnc,assetturnover,bvps,capex,cashneq,cashnequsd,cor,consolinc,currentratio,de,debt,debtc,debtnc,debtusd,deferredrev,depamor,deposits,divyield,dps,ebit,ebitda,ebitdamargin,ebitdausd,ebitusd,ebt,eps,epsdil,epsusd,equity,equityavg,equityusd,ev,evebit,evebitda,fcf,fcfps,fxusd,gp,grossmargin,intangibles,intexp,invcap,invcapavg,inventory,investments,investmentsc,investmentsnc,liabilities,liabilitiesc,liabilitiesnc,marketcap,ncf,ncfbus,ncfcommon,ncfdebt,ncfdiv,ncff,ncfi,ncfinv,ncfo,ncfx,netinc,netinccmn,netinccmnusd,netincdis,netincnci,netmargin,opex,opinc,payables,payoutratio,pb,pe,pe1,ppnenet,prefdivis,price,ps,ps1,receivables,retearn,revenue,revenueusd,rnd,roa,roe,roic,ros,sbcomp,sgna,sharefactor,sharesbas,shareswa,shareswadil,sps,tangibles,taxassets,taxexp,taxliabilities,tbvps,workingcapital
0,NOVL,ARY,2010-12-31,2010-12-13,2010-10-31,2019-05-23,8824000,2225998000,1926563250.0,1397424000,828574000,0.421,3.819,-17648000.0,685594000,685594000,173605000.0,377976000.0,2.044,0.667,0,0,0,0,650984000,30298000.0,0,0.0,0.0,105548000.0,135846000.0,0.167,135846000.0,105548000.0,102697000.0,1.08,1.08,1.08,1335548000,1064634750.0,1335548000,1420385558,13.0,10.456,57899000.0,0.166,1.0,638266000.0,0.786,382161000,2851000.0,474464000,250326000.0,0,441096000,441096000,0,890450000,683779000,206671000,2105979558,93938000.0,938000.0,8940000.0,0.0,0.0,11166000.0,10406000.0,-33816000.0,75547000.0,-3181000.0,377976000.0,377976000.0,377976000.0,-610000.0,0.0,0.466,553829000.0,84437000.0,26785000,0.0,1.577,5.572,5.546,156033000,0.0,5.99,2.594,2.58,171607000,937799000,811871000.0,811871000.0,160188000.0,0.196,0.355,0.422,0.13,29057000.0,390867000.0,1.0,351582564,349741000,353447000.0,2.321,1843837000,292752000,-275279000.0,7622000,5.272,713645000
1,NOVL,ARY,2009-12-31,2009-12-22,2009-10-31,2019-05-23,20982000,1902908000,2087700500.0,1280579000,622329000,0.413,2.705,-11339000.0,644689000,644689000,186831000.0,-212736000.0,1.752,1.036,0,0,0,0,688771000,40675000.0,0,0.0,0.0,-187334000.0,-146659000.0,-0.17,-146659000.0,-187334000.0,-202070000.0,-0.62,-0.62,-0.62,934522000,1084393500.0,934522000,806285274,-4.0,-5.498,57431000.0,0.166,1.0,675354000.0,0.783,392654000,14736000.0,134507000,145554250.0,0,402112000,391809000,10303000,968386000,731058000,237328000,1450974274,-103204000.0,-47436000.0,3566000.0,-130195000.0,0.0,-129404000.0,-42570000.0,9309000.0,68770000.0,14826000.0,-212736000.0,-212736000.0,-212736000.0,-1904000.0,0.0,-0.247,881862000.0,-206508000.0,37628000,0.0,1.553,-6.821,-6.742,170459000,0.0,4.18,1.683,1.675,177898000,559823000,862185000.0,862185000.0,181383000.0,-0.102,-0.196,-1.287,-0.217,25881000.0,398343000.0,1.0,347123032,345493000,345493000.0,2.496,1510254000,32238000,10666000.0,8403000,4.371,549521000
2,NOVL,ARY,2008-12-31,2008-12-23,2008-10-31,2019-05-23,-17129000,2269349000,2594280750.0,1385692000,883657000,0.369,3.105,-37716000.0,732735000,732735000,237624000.0,-8745000.0,1.54,1.087,125668000,125668000,0,125668000,730050000,42892000.0,0,0.0,0.0,49986000.0,92878000.0,0.097,92878000.0,49986000.0,26472000.0,-0.02,-0.02,-0.02,1087528000,1168765250.0,1087528000,608742701,12.0,6.554,15091000.0,0.043,1.0,718889000.0,0.752,635437000,23514000.0,127212000,574759750.0,0,402785000,387813000,14972000,1181821000,899633000,282188000,1215809701,-399785000.0,-219160000.0,-58721000.0,-451705000.0,0.0,-491926000.0,39334000.0,380680000.0,52807000.0,0.0,-8745000.0,-8745000.0,-8745000.0,-3594000.0,0.0,-0.009,710419000.0,8470000.0,36982000,0.0,1.118,-139.029,-177.0,174978000,0.0,3.54,1.271,1.296,193088000,772559000,956513000.0,956513000.0,198149000.0,-0.003,-0.007,0.087,0.052,33818000.0,473261000.0,1.0,343449068,350207000,350207000.0,2.731,1633912000,41929000,35217000.0,34288000,4.666,486059000
3,NOVL,ARY,2007-12-31,2007-12-21,2007-10-31,2019-05-23,37098000,2854394000,2761504250.0,2154336000,700058000,0.338,3.333,-25235000.0,1079819000,1079819000,260254000.0,-44460000.0,2.62,1.464,600000000,0,600000000,600000000,767681000,40438000.0,0,0.0,0.0,16170000.0,56608000.0,0.061,56608000.0,16170000.0,-9769000.0,-0.13,-0.13,-0.13,1158326000,1136809250.0,1158326000,1968576624,122.0,34.776,395347000.0,1.138,1.0,672245000.0,0.721,438184000,25939000.0,1114273000,1172833000.0,0,815122000,777818000,37304000,1696068000,822118000,873950000,2448395624,404032000.0,-25755000.0,18392000.0,0.0,0.0,31486000.0,-48036000.0,-12356000.0,420582000.0,0.0,-44460000.0,-44460000.0,-44460000.0,18184000.0,0.0,-0.048,728013000.0,-55768000.0,45135000,0.0,2.114,-55.07,-53.692,180537000,0.0,6.98,2.626,2.602,208318000,795984000,932499000.0,932499000.0,208370000.0,-0.016,-0.039,0.014,0.017,34316000.0,473895000.0,1.0,350773012,347552000,347552000.0,2.683,2416210000,14518000,34691000.0,47608000,6.952,1332218000
4,NOVL,ARY,2005-12-31,2006-01-10,2005-10-31,2019-05-23,7444000,2761858000,2677583000.0,2009053000,752805000,0.447,3.653,-20360000.0,811238000,811238000,443119000.0,376722000.0,2.668,0.979,600000000,0,600000000,600000000,405751000,56261000.0,0,0.0,0.0,471640000.0,527901000.0,0.441,527901000.0,471640000.0,462009000.0,0.98,0.86,0.98,1386486000,1376989750.0,1386486000,3246782557,7.0,6.15,480054000.0,1.265,1.0,754577000.0,0.63,451930000,9631000.0,1345760000,1273078500.0,0,898006000,843666000,54340000,1357467000,752930000,604537000,3458020557,376834000.0,-41329000.0,22108000.0,0.0,0.0,21517000.0,-145097000.0,-74089000.0,500414000.0,0.0,372589000.0,372589000.0,372589000.0,0.0,4133000.0,0.311,321939000.0,432638000.0,45445000,0.0,2.494,9.281,9.092,212377000,0.0,8.91,2.887,2.823,293627000,984107000,1197696000.0,1197696000.0,200630000.0,0.139,0.271,0.37,0.394,13799000.0,510872000.0,1.0,388105562,379499000,440585000.0,3.156,2309928000,1384000,89420000.0,61406000,6.087,1256123000
5,NOVL,ARY,2004-12-31,2005-01-13,2004-10-31,2019-05-23,16180000,2291548000,1948155500.0,1534934000,756614000,0.598,2.528,-22046000.0,434404000,434404000,415679000.0,57188000.0,2.216,1.346,600000000,0,600000000,600000000,374186000,53482000.0,0,0.0,0.0,74974000.0,128456000.0,0.11,128456000.0,74974000.0,74974000.0,0.08,0.08,0.08,963364000,970115250.0,963364000,2460542804,33.0,19.155,97051000.0,0.255,1.0,750238000.0,0.643,439704000,0.0,1324626000,602342000.0,0,833049000,777063000,55986000,1296669000,692814000,603855000,2294946804,67472000.0,-205620000.0,-66838000.0,585150000.0,0.0,568020000.0,-619645000.0,-404630000.0,119097000.0,0.0,57188000.0,31092000.0,31092000.0,0.0,0.0,0.027,684546000.0,65692000.0,55956000,0.0,2.382,73.811,75.75,231468000,26096000.0,6.06,1.968,1.981,269431000,607851000,1165917000.0,1165917000.0,198614000.0,0.016,0.032,0.124,0.064,0.0,465006000.0,1.0,378704093,381100000,390879000.0,3.059,1851844000,0,17786000.0,40932000,4.859,842120000
6,NOVL,ARY,2003-12-31,2004-01-29,2003-10-31,2019-05-23,7068000,1567653000,1600709000.0,1030553000,537100000,0.691,2.522,85532000.0,751852000,751852000,438718000.0,-161904000.0,1.645,0.678,0,0,0,0,322470000,61058000.0,0,0.0,0.0,-55010000.0,6048000.0,0.005,6048000.0,-55010000.0,-55010000.0,-0.44,-0.44,-0.44,934470000,1013174000.0,934470000,3915296099,-71.0,647.37,140538000.0,0.379,1.0,666778000.0,0.603,224100000,0.0,-34757000,121386000.0,0,50948000,0,50948000,633183000,626458000,6725000,4667148099,-97055000.0,-40046000.0,20130000.0,0.0,0.0,20130000.0,-172191000.0,-229242000.0,55006000.0,0.0,-161904000.0,-161904000.0,-161904000.0,0.0,0.0,-0.146,694600000.0,-27822000.0,50258000,0.0,4.994,-28.827,-27.773,255526000,0.0,12.22,4.222,4.096,232492000,576759000,1105496000.0,1105496000.0,183758000.0,-0.101,-0.16,-0.453,-0.05,0.0,491789000.0,1.0,381927013,370545000,370545000.0,2.983,1343553000,0,106894000.0,35493000,3.626,404095000
7,NOVL,ARY,2002-12-31,2003-01-28,2002-10-31,2019-05-23,57000,1665065000,1711500000.0,919538000,745527000,0.663,2.931,-11560000.0,635858000,635858000,449418000.0,-246823000.0,1.555,0.563,0,0,0,0,275344000,68785000.0,0,0.0,0.0,-235927000.0,-167142000.0,-0.147,-167142000.0,-235927000.0,-235927000.0,-0.68,-0.68,-0.68,1065542000,1151865250.0,1065542000,549902795,-2.0,-3.29,39914000.0,0.11,1.0,684902000.0,0.604,215885000,0.0,221815000,335492500.0,137000,73452000,0,73452000,599523000,591507000,8016000,1185760795,126060000.0,-102975000.0,13186000.0,0.0,0.0,13186000.0,61400000.0,161636000.0,51474000.0,0.0,-246823000.0,-246823000.0,-246823000.0,0.0,0.0,-0.218,753027000.0,-68125000.0,57241000,0.0,1.113,-4.804,-4.735,369189000,0.0,3.22,1.045,1.032,214827000,738663000,1134320000.0,1134320000.0,169247000.0,-0.144,-0.214,-0.703,-0.208,0.0,481330000.0,1.0,368248694,363569000,363569000.0,3.12,1449180000,21204000,10896000.0,36294000,3.986,328031000
8,NOVL,ARY,2001-12-31,2002-01-28,2001-10-31,2019-05-23,2455000,1904006000,1766553000.0,1027366000,876640000,0.589,3.821,-33289000.0,705243000,705243000,327935000.0,-272870000.0,1.682,0.498,0,0,0,0,243261000,86708000.0,0,0.0,0.0,-287814000.0,-201106000.0,-0.193,-201106000.0,-287814000.0,-287814000.0,-0.82,-0.82,-0.82,1270667000,1225601000.0,1270667000,1198358816,-4.0,-5.959,58688000.0,0.176,1.0,712162000.0,0.685,192016000,0.0,395844000,527795750.0,947000,114971000,0,114971000,633339000,610903000,22436000,1903601816,48390000.0,98333000.0,-60657000.0,0.0,0.0,-60657000.0,17070000.0,-35740000.0,91977000.0,0.0,-272870000.0,-272870000.0,-272870000.0,0.0,0.0,-0.262,832975000.0,-120813000.0,77571000,0.0,1.498,-6.976,-6.402,496620000,0.0,5.25,1.83,1.679,227044000,985486000,1040097000.0,1040097000.0,191709000.0,-0.154,-0.223,-0.545,-0.277,0.0,561089000.0,1.0,362590822,332582000,332582000.0,3.127,1711990000,34595000,-14944000.0,38175000,5.148,416463000
9,NOVL,ARY,2000-12-31,2001-01-26,2000-10-31,2019-05-23,-84427000,1712346000,1824152250.0,1007359000,704987000,0.637,3.812,-4232000.0,698193000,698193000,327398000.0,49470000.0,2.214,0.375,0,0,0,0,203163000,81909000.0,0,0.0,0.0,70672000.0,152581000.0,0.131,152581000.0,70672000.0,70672000.0,0.15,0.15,0.15,1245085000,1406074750.0,1245085000,1982586653,28.0,12.994,337645000.0,1.034,1.0,834337000.0,0.718,0,0.0,559075000,675742250.0,2621000,383583000,0,383583000,467261000,455078000,12183000,2680779653,15268000.0,0.0,-230114000.0,0.0,0.0,-230114000.0,-96495000.0,-52743000.0,341877000.0,0.0,49470000.0,49470000.0,49470000.0,0.0,0.0,0.043,865919000.0,-31582000.0,85050000,0.0,2.153,54.19,56.25,290104000,0.0,8.438,2.308,2.372,196672000,1319853000,1161735000.0,1161735000.0,234571000.0,0.027,0.035,0.105,0.061,22918000.0,583456000.0,1.0,317722033,326621000,335034000.0,3.557,1712346000,60109000,21202000.0,39043000,5.243,552281000
10,NOVL,ARY,1999-12-31,2000-01-27,1999-10-31,2019-05-23,35189000,1942319000,1938916000.0,1335616000,606703000,0.656,4.462,-69181000.0,895404000,895404000,286021000.0,190747000.0,3.038,0.302,0,0,0,0,173150000,70156000.0,0,0.0,0.0,243836000.0,313992000.0,0.247,313992000.0,243836000.0,243836000.0,0.57,0.55,0.57,1492241000,1517281500.0,1492241000,9900623995,41.0,31.531,259539000.0,0.776,1.0,986799000.0,0.775,0,0.0,607283000,559679750.0,3753000,229114000,0,229114000,450078000,439632000,10446000,10796027995,118776000.0,0.0,-307367000.0,0.0,0.0,-307367000.0,97423000.0,292647000.0,328720000.0,0.0,190747000.0,190747000.0,190747000.0,0.0,0.0,0.15,763747000.0,223052000.0,85037000,0.0,7.235,56.599,58.004,347012000,0.0,33.063,8.482,8.688,305195000,1432624000,1272820000.0,1272820000.0,227636000.0,0.098,0.126,0.436,0.192,50657000.0,536111000.0,1.0,326533928,334460000,349393000.0,3.806,1942319000,60266000,53089000.0,57085000,5.807,895984000
11,NOVL,ARY,1998-12-31,1999-01-29,1998-10-31,2019-05-23,-26099000,1924112000,1937398000.0,1435700000,488412000,0.559,4.261,-57375000.0,1007167000,1007167000,238649000.0,101976000.0,3.462,0.288,0,0,0,0,141714000,76170000.0,0,0.0,0.0,141634000.0,217804000.0,0.201,217804000.0,141634000.0,141634000.0,0.29,0.29,0.29,1493498000,1578074250.0,1493498000,5875313949,41.0,26.975,236942000.0,0.676,1.0,845238000.0,0.78,0,0.0,502250000,524926500.0,3562000,114815000,0,114815000,430614000,414695000,15919000,6882480949,31460000.0,0.0,-190314000.0,0.0,0.0,-190314000.0,-135463000.0,-735000.0,294317000.0,0.0,101976000.0,101976000.0,101976000.0,0.0,0.0,0.094,746792000.0,98446000.0,77987000,0.0,4.608,67.491,70.259,346196000,0.0,20.375,6.35,6.589,246577000,1290337000,1083887000.0,1083887000.0,225247000.0,0.053,0.065,0.27,0.131,10261000.0,521545000.0,1.0,337790476,350525000,356437000.0,3.092,1924112000,95343000,39658000.0,64057000,5.489,1021005000
12,NOVL,ARY,1997-12-31,1998-01-29,1997-10-31,2019-05-23,-29431000,1910649000,,1470382000,440267000,,4.48,-64796000.0,1033473000,1033473000,277446000.0,-78296000.0,4.567,0.221,0,0,0,0,74915000,91075000.0,0,0.0,0.0,-150570000.0,-59495000.0,-0.059,-59495000.0,-150570000.0,-150570000.0,-0.22,-0.22,-0.22,1565417000,,1565417000,1511702474,-10.0,-25.409,30758000.0,0.088,1.0,729865000.0,0.725,0,0.0,555220000,,10656000,0,0,0,345232000,321956000,23276000,2545175474,63022000.0,0.0,23114000.0,0.0,0.0,4654000.0,-37186000.0,18166000.0,95554000.0,0.0,-78296000.0,-78296000.0,-78296000.0,0.0,0.0,-0.078,929869000.0,-200004000.0,82759000,0.0,1.626,-32.507,-32.955,373865000,0.0,7.25,2.527,2.515,234358000,1188361000,1007311000.0,1007311000.0,282680000.0,,,,-0.149,3927000.0,591854000.0,1.0,351058686,349429000,349429000.0,2.883,1910649000,134210000,-72274000.0,0,5.468,1148426000
0,NOVL,ARQ,2010-12-31,2011-03-14,2011-01-31,2019-05-23,4739000,2101003000,,1293443000,807560000,,3.746,-889000.0,981426000,981426000,41549000.0,-17942000.0,2.175,0.593,0,0,0,0,592809000,7347000.0,0,0.0,0.0,17254000.0,24601000.0,0.129,24601000.0,17254000.0,15509000.0,-0.05,-0.05,-0.05,1318742000,,1318742000,1066282572,11.0,8.663,8278000.0,0.024,1.0,149165000.0,0.782,380806000,1745000.0,144194000,,0,150009000,150009000,0,782261000,594577000,187684000,2047708572,295832000.0,0.0,1366000.0,0.0,0.0,1547000.0,283076000.0,284703000.0,9167000.0,2042000.0,-17942000.0,-17942000.0,-17942000.0,0.0,0.0,-0.094,137612000.0,11553000.0,30102000,0.0,1.553,6.025,5.979,151378000,0.0,5.8,2.559,2.551,89465000,919857000,190714000.0,190714000.0,38365000.0,,,,,6060000.0,99247000.0,1.0,353053202,352001000,352001000.0,0.542,1720197000,263500000,33451000.0,7622000,4.887,698866000
1,NOVL,ARQ,2010-09-30,2010-12-13,2010-10-31,2019-05-23,8824000,2225998000,,1397424000,828574000,,3.819,-2410000.0,685594000,685594000,45068000.0,322198000.0,2.044,0.667,0,0,0,0,650984000,7896000.0,0,0.0,0.0,26344000.0,34240000.0,0.166,34240000.0,26344000.0,25558000.0,0.92,0.92,0.92,1335548000,,1335548000,1420385558,13.0,10.456,49183000.0,0.141,1.0,161443000.0,0.782,382161000,786000.0,474464000,,0,441096000,441096000,0,890450000,683779000,206671000,2105979558,80544000.0,233000.0,1292000.0,0.0,0.0,3518000.0,20348000.0,-1718000.0,51593000.0,5085000.0,322198000.0,322198000.0,322198000.0,-610000.0,0.0,1.56,139436000.0,22007000.0,26785000,0.0,1.577,5.572,5.546,156033000,0.0,5.99,2.594,2.58,171607000,937799000,206511000.0,206511000.0,41718000.0,,,,,8232000.0,97718000.0,1.0,351582564,349741000,353447000.0,0.59,1843837000,292752000,-296640000.0,7622000,5.272,713645000
2,NOVL,ARQ,2010-06-30,2010-09-09,2010-07-31,2019-05-23,2878000,1846027000,,1253810000,592217000,,2.841,-1806000.0,622773000,622773000,43507000.0,15677000.0,1.978,0.853,0,0,0,0,623716000,7747000.0,0,0.0,0.0,24147000.0,31894000.0,0.16,31894000.0,24147000.0,23955000.0,0.04,0.04,0.04,996020000,,996020000,1376136575,-8.0,-9.57,24346000.0,0.069,1.0,155473000.0,0.781,383840000,192000.0,205562000,,0,437865000,437865000,0,850007000,633852000,216155000,1998909575,23625000.0,234000.0,2112000.0,0.0,0.0,2111000.0,-3235000.0,-37844000.0,26152000.0,-1403000.0,15677000.0,15677000.0,15677000.0,0.0,0.0,0.079,134375000.0,21098000.0,27184000,0.0,2.007,-9.999,-9.81,159820000,0.0,5.69,2.435,2.43,146059000,615601000,198980000.0,198980000.0,39400000.0,,,,,6083000.0,94975000.0,1.0,351302210,350617000,354826000.0,0.568,1462187000,19341000,8278000.0,7622000,4.17,619958000
3,NOVL,ARQ,2010-03-31,2010-06-08,2010-04-30,2019-05-23,2596000,1814758000,,1212074000,602684000,,2.789,-5304000.0,634477000,634477000,41312000.0,19912000.0,1.979,0.864,0,0,0,0,615036000,7218000.0,0,0.0,0.0,25132000.0,32350000.0,0.159,32350000.0,25132000.0,25089000.0,0.06,0.06,0.06,973788000,,973788000,1457734639,-8.0,-10.356,-12698000.0,-0.036,1.0,162702000.0,0.798,386222000,43000.0,181516000,,0,398161000,398161000,0,840970000,612543000,228427000,2092211639,-25625000.0,228000.0,4704000.0,0.0,0.0,4704000.0,-19265000.0,-13555000.0,-7394000.0,-3670000.0,19912000.0,19912000.0,19912000.0,0.0,0.0,0.098,142799000.0,19903000.0,31682000,0.0,2.149,-10.517,-10.31,163420000,0.0,5.98,2.496,2.492,131864000,599924000,204014000.0,204014000.0,39368000.0,,,,,8292000.0,103431000.0,1.0,349868167,349204000,352008000.0,0.584,1428536000,23633000,5177000.0,9373000,4.091,599531000
4,NOVL,ARQ,2009-12-31,2010-03-11,2010-01-31,2019-05-23,13725000,1819470000,,1203077000,616393000,,2.741,-8128000.0,660095000,660095000,43718000.0,20189000.0,1.913,0.909,0,0,0,0,645881000,7437000.0,0,0.0,0.0,29925000.0,37362000.0,0.185,37362000.0,29925000.0,28095000.0,0.06,0.06,0.06,953183000,,953183000,1360323731,-8.0,-9.682,-2932000.0,-0.008,1.0,158648000.0,0.784,390717000,1830000.0,139762000,,0,386312000,384242000,2070000,866287000,628896000,237391000,2020418731,15394000.0,243000.0,832000.0,0.0,0.0,833000.0,12558000.0,19301000.0,5196000.0,-3193000.0,20189000.0,20189000.0,20189000.0,0.0,0.0,0.1,137219000.0,21429000.0,31859000,0.0,2.12,-9.942,-9.831,167009000,0.0,5.8,2.378,2.373,112279000,580012000,202366000.0,202366000.0,39702000.0,,,,,6450000.0,94743000.0,1.0,348348057,347691000,349144000.0,0.582,1428753000,27115000,7906000.0,9078000,4.109,574181000
5,NOVL,ARQ,2009-09-30,2009-12-22,2009-10-31,2019-05-23,20982000,1902908000,,1280579000,622329000,,2.693,3424000.0,644689000,644689000,47669000.0,-255689000.0,1.752,1.036,0,0,0,0,688771000,9657000.0,0,0.0,0.0,-255064000.0,-245407000.0,-1.138,-245407000.0,-255064000.0,-258318000.0,-0.74,-0.74,-0.74,934522000,,934522000,806285274,-4.0,-5.498,51126000.0,0.147,1.0,167966000.0,0.779,392654000,3254000.0,134507000,,0,402112000,391809000,10303000,968386000,731058000,237328000,1450974274,39966000.0,0.0,641000.0,-4087000.0,0.0,-3433000.0,-4303000.0,-4899000.0,47702000.0,14826000.0,-255689000.0,-255689000.0,-255689000.0,0.0,0.0,-1.186,427100000.0,-259134000.0,37628000,0.0,1.553,-6.821,-6.742,170459000,0.0,4.18,1.683,1.675,177898000,559823000,215635000.0,215635000.0,45756000.0,,,,,5683000.0,95708000.0,1.0,347123032,347044000,343612000.0,0.621,1510254000,32238000,-2629000.0,8403000,4.352,549521000
6,NOVL,ARQ,2009-06-30,2009-09-04,2009-07-31,2019-05-23,9091000,2115358000,,1208349000,907009000,,3.389,-8181000.0,589872000,589872000,46983000.0,16659000.0,1.75,0.804,0,0,0,0,674324000,9545000.0,0,0.0,0.0,25390000.0,34935000.0,0.162,34935000.0,25390000.0,20810000.0,0.04,0.04,0.04,1172773000,,1172773000,908291208,15.0,8.831,26342000.0,0.076,1.0,169101000.0,0.783,676920000,4580000.0,158086000,,0,393175000,384632000,8543000,942585000,690480000,252105000,1498163208,-83084000.0,0.0,1773000.0,-121861000.0,0.0,-120088000.0,2481000.0,2052000.0,34523000.0,0.0,16659000.0,16659000.0,16659000.0,-302000.0,0.0,0.077,147727000.0,21374000.0,30695000,0.0,1.277,56.191,54.0,171266000,0.0,4.32,1.681,1.677,169638000,815512000,216084000.0,216084000.0,45683000.0,,,,,6476000.0,100817000.0,1.0,346797039,346070000,347274000.0,0.624,1438438000,34422000,4151000.0,17957000,4.156,517869000
7,NOVL,ARQ,2009-03-31,2009-06-09,2009-04-30,2019-05-23,-14907000,2155458000,,1255365000,900093000,,3.264,-3070000.0,672909000,672909000,45282000.0,15617000.0,1.638,0.915,121668000,121668000,0,121668000,659415000,10452000.0,0,0.0,0.0,22161000.0,32613000.0,0.151,32613000.0,22161000.0,18394000.0,0.05,0.05,0.05,1125670000,,1125670000,884748260,27.0,11.372,-30658000.0,-0.089,1.0,170313000.0,0.79,674136000,3767000.0,163735000,,0,394958000,384818000,10140000,1029788000,766346000,263442000,1435989260,-28145000.0,-5522000.0,1650000.0,-186000.0,0.0,-1350000.0,793000.0,5078000.0,-27588000.0,0.0,15617000.0,15617000.0,15617000.0,-566000.0,0.0,0.072,152505000.0,17808000.0,25588000,0.0,1.276,-280.357,-416.0,164852000,0.0,4.16,1.56,1.559,136190000,798853000,215595000.0,215595000.0,44552000.0,,,,,5691000.0,100729000.0,1.0,345189726,344880000,346805000.0,0.625,1481322000,34735000,2777000.0,16832000,4.295,489019000
8,NOVL,ARQ,2008-12-31,2009-03-11,2009-01-31,2019-05-23,-18158000,2177078000,,1263012000,914066000,,3.211,-3512000.0,700972000,700972000,46897000.0,10677000.0,1.584,0.971,121668000,121668000,0,121668000,704617000,11021000.0,0,0.0,0.0,20179000.0,31200000.0,0.145,31200000.0,20179000.0,17044000.0,0.03,0.03,0.03,1104609000,,1104609000,577901937,16.0,7.085,10621000.0,0.031,1.0,167974000.0,0.782,674618000,3135000.0,125889000,,0,400325000,387334000,12991000,1072469000,797267000,275202000,1157205937,-31941000.0,-41914000.0,-498000.0,-4061000.0,0.0,-4533000.0,-41541000.0,7078000.0,14133000.0,0.0,10677000.0,10677000.0,10677000.0,-1036000.0,0.0,0.05,154530000.0,13444000.0,28544000,0.0,1.048,-77.806,-84.0,168126000,0.0,3.36,1.23,1.229,111775000,783236000,214871000.0,214871000.0,45392000.0,,,,,8031000.0,101089000.0,1.0,344406529,343978000,344281000.0,0.625,1502460000,41201000,6367000.0,16494000,4.368,465745000
9,NOVL,ARQ,2008-09-30,2008-12-23,2008-10-31,2019-05-23,-17129000,2269349000,,1385692000,883657000,,3.152,-9193000.0,732735000,732735000,57847000.0,-16291000.0,1.54,1.087,125668000,125668000,0,125668000,730050000,12065000.0,0,0.0,0.0,-7960000.0,4105000.0,0.017,4105000.0,-7960000.0,-13000000.0,-0.04,-0.04,-0.04,1087528000,,1087528000,608742701,12.0,6.554,57472000.0,0.167,1.0,186889000.0,0.764,635437000,5040000.0,127212000,,0,402785000,387813000,14972000,1181821000,899633000,282188000,1215809701,-293803000.0,7729000.0,-21704000.0,-309248000.0,0.0,-329261000.0,-31207000.0,-318000.0,66665000.0,0.0,-16291000.0,-16291000.0,-16291000.0,-1473000.0,0.0,-0.067,193349000.0,-6460000.0,36982000,0.0,1.118,-139.029,-177.0,174978000,0.0,3.54,1.271,1.296,193088000,772559000,244736000.0,244736000.0,52303000.0,,,,,8448000.0,116066000.0,1.0,343449068,345035000,340958000.0,0.709,1633912000,41929000,3291000.0,34288000,4.735,486059000
10,NOVL,ARQ,2008-06-30,2008-09-08,2008-07-31,2019-05-23,35113000,2656913000,,1724963000,931950000,,3.317,-12201000.0,1026247000,1026247000,60170000.0,-15125000.0,1.448,1.276,451394000,451394000,0,451394000,725641000,11980000.0,0,0.0,0.0,-2100000.0,9880000.0,0.04,9880000.0,-2100000.0,-7805000.0,-0.05,-0.05,-0.05,1167497000,,1167497000,1444885538,24.0,14.519,17908000.0,0.051,1.0,185015000.0,0.755,659491000,5705000.0,231168000,,0,420301000,390715000,29586000,1489416000,1191401000,298015000,2019738538,-29561000.0,-5507000.0,-43795000.0,-26868000.0,0.0,-77849000.0,18179000.0,41035000.0,30109000.0,0.0,-15125000.0,-15125000.0,-15125000.0,0.0,0.0,-0.062,180233000.0,4782000.0,39678000,0.0,1.73,-177.841,-146.25,187641000,0.0,5.85,2.155,2.196,212923000,792170000,245185000.0,245185000.0,51759000.0,,,,,7593000.0,121904000.0,1.0,345254451,351931000,353290000.0,0.697,1997422000,36502000,7320000.0,22475000,5.676,533562000
11,NOVL,ARQ,2008-03-31,2008-06-06,2008-04-30,2019-05-23,30259000,2679323000,,1743690000,935633000,,3.462,-10463000.0,1055522000,1055522000,61068000.0,5866000.0,2.541,1.194,479394000,0,479394000,479394000,701574000,9847000.0,0,0.0,0.0,26538000.0,36385000.0,0.154,36385000.0,26538000.0,19519000.0,0.02,0.02,0.02,1221210000,,1221210000,1762941992,23.0,15.531,-28144000.0,-0.08,1.0,174598000.0,0.741,655011000,7019000.0,761957000,,0,469410000,427322000,42088000,1458113000,686227000,771886000,2339069992,-35223000.0,-217965000.0,4196000.0,-115589000.0,0.0,-97078000.0,79536000.0,305445000.0,-17681000.0,0.0,5866000.0,5866000.0,5866000.0,0.0,0.0,0.025,172931000.0,1667000.0,40841000,0.0,1.915,6721.465,661.0,183743000,0.0,6.61,2.514,2.506,176676000,817263000,235666000.0,235666000.0,48029000.0,,,,,7010000.0,121810000.0,1.0,353868380,352785000,354287000.0,0.668,2024312000,27321000,13653000.0,8605000,5.738,1057463000
12,NOVL,ARQ,2007-12-31,2008-03-10,2008-01-31,2019-05-23,38975000,2771538000,,2053515000,718023000,,3.414,-5859000.0,1090116000,1090116000,58539000.0,16805000.0,3.06,1.312,600000000,0,600000000,600000000,723142000,9000000.0,0,0.0,0.0,33508000.0,42508000.0,0.184,42508000.0,33508000.0,27758000.0,0.05,0.05,0.05,1198826000,,1198826000,1685950189,30.0,17.751,-32145000.0,-0.092,1.0,172387000.0,0.747,431611000,5750000.0,1178702000,,0,787431000,728788000,58643000,1572712000,671109000,901603000,2176066189,-41198000.0,-3417000.0,2582000.0,0.0,0.0,12262000.0,-27174000.0,34518000.0,-26286000.0,0.0,16805000.0,16805000.0,16805000.0,-2121000.0,0.0,0.073,163906000.0,8481000.0,34247000,0.0,1.815,-282.239,-309.0,177082000,0.0,6.18,2.33,2.324,133606000,811397000,230926000.0,230926000.0,46058000.0,,,,,10767000.0,113481000.0,1.0,352114270,351129000,353047000.0,0.658,2339927000,22027000,10953000.0,7567000,6.664,1382406000
13,NOVL,ARQ,2007-09-30,2007-12-21,2007-10-31,2019-05-23,37098000,2854394000,,2154336000,700058000,,3.309,-7756000.0,1079819000,1079819000,48085000.0,-18903000.0,2.62,1.464,600000000,0,600000000,600000000,767681000,9275000.0,0,0.0,0.0,1466000.0,10741000.0,0.048,10741000.0,1466000.0,-5139000.0,-0.06,-0.06,-0.06,1158326000,,1158326000,1968576624,122.0,34.776,68233000.0,0.195,1.0,177527000.0,0.787,438184000,6605000.0,1114273000,,0,815122000,777818000,37304000,1696068000,822118000,873950000,2448395624,122440000.0,-18777000.0,4017000.0,0.0,0.0,11664000.0,34787000.0,53275000.0,75989000.0,0.0,-18903000.0,-18903000.0,-18903000.0,8116000.0,0.0,-0.084,191487000.0,-13960000.0,45135000,0.0,2.114,-55.07,-53.692,180537000,0.0,6.98,2.626,2.602,208318000,795984000,225612000.0,225612000.0,55134000.0,,,,,8352000.0,112354000.0,1.0,350773012,350015000,350015000.0,0.645,2416210000,14518000,13764000.0,47608000,6.903,1332218000
14,NOVL,ARQ,2007-06-30,2007-09-07,2007-07-31,2019-05-23,26428000,2774140000,,2110993000,663147000,,3.309,-4971000.0,957379000,957379000,67911000.0,-3420000.0,2.839,1.418,600000000,0,600000000,600000000,733895000,9690000.0,0,0.0,0.0,14187000.0,23877000.0,0.1,23877000.0,14187000.0,8016000.0,0.0,0.0,0.0,1147297000,,1147297000,2151067913,43.0,22.719,20689000.0,0.06,1.0,170244000.0,0.715,448084000,6171000.0,1225118000,,0,865259000,865259000,0,1626843000,743559000,883284000,2508446913,6387000.0,0.0,6248000.0,0.0,0.0,7637000.0,-26910000.0,-24913000.0,25660000.0,0.0,-3420000.0,-3420000.0,-3420000.0,7986000.0,0.0,-0.014,169674000.0,570000.0,36131000,,2.186,-445.788,-717.0,180520000,0.0,7.17,2.75,2.725,200831000,814887000,238155000.0,238155000.0,54207000.0,,,,,9532000.0,116440000.0,1.0,349853126,346731000,346731000.0,0.687,2326056000,4387000,11436000.0,54385000,6.709,1367434000
15,NOVL,ARQ,2007-03-31,2007-06-08,2007-04-30,2019-05-23,23907000,2711375000,,2038098000,673277000,,3.262,-7550000.0,950992000,950992000,70045000.0,-2192000.0,2.959,1.399,600000000,0,600000000,600000000,699501000,10309000.0,0,0.0,0.0,7541000.0,17850000.0,0.075,17850000.0,7541000.0,627000.0,-0.01,-0.01,-0.01,1130113000,,1130113000,2456216381,102.0,35.017,-36145000.0,-0.104,1.0,169111000.0,0.707,453850000,6914000.0,1217769000,,0,840721000,840721000,0,1581262000,688764000,892498000,2807208381,-74486000.0,2749000.0,742000.0,0.0,0.0,2819000.0,-48710000.0,-47552000.0,-28595000.0,0.0,-2192000.0,-2192000.0,-2192000.0,2082000.0,0.0,-0.009,180157000.0,-11046000.0,43386000,0.0,2.484,-325.36,-268.667,183491000,0.0,8.06,3.067,3.051,178269000,818307000,239156000.0,239156000.0,52562000.0,,,,,9933000.0,123072000.0,1.0,348288881,346492000,346492000.0,0.69,2257525000,4805000,2819000.0,49841000,6.515,1349334000
16,NOVL,ARQ,2006-12-31,2007-05-25,2007-01-31,2019-05-23,15688000,2706108000,,2027155000,678953000,,3.217,-4958000.0,1025478000,1025478000,74213000.0,-19945000.0,2.95,1.435,600000000,0,600000000,600000000,728364000,11164000.0,0,0.0,0.0,-7024000.0,4140000.0,0.018,4140000.0,-7024000.0,-13273000.0,-0.06,-0.06,-0.06,1111501000,,1111501000,2209764377,75.0,29.017,342570000.0,0.991,1.0,155363000.0,0.677,459255000,6249000.0,1134172000,,0,790033000,790033000,0,1594607000,687203000,907404000,2635242377,349691000.0,-9727000.0,7385000.0,0.0,0.0,9366000.0,-7203000.0,6834000.0,347528000.0,0.0,-19945000.0,-19945000.0,-19945000.0,0.0,0.0,-0.087,186695000.0,-31332000.0,41592000,0.0,2.371,-835.524,-760.0,182721000,0.0,7.6,2.761,2.751,146291000,820499000,229576000.0,229576000.0,46467000.0,,,,,6499000.0,122029000.0,1.0,346742418,345522000,345522000.0,0.664,2246853000,4586000,6672000.0,51679000,6.503,1339952000
17,NOVL,ARQ,2006-03-31,2006-06-08,2006-04-30,2019-05-23,9122000,2422600000,,1625564000,797036000,,3.094,307000.0,542074000,542074000,104449000.0,3342000.0,2.558,1.059,600000000,0,600000000,600000000,345768000,10867000.0,0,0.0,0.0,12994000.0,23861000.0,0.086,23861000.0,12994000.0,10781000.0,0.01,0.01,0.01,1170732000,,1170732000,2105555086,44.0,22.009,-23639000.0,-0.062,1.0,173867000.0,0.625,501647000,2213000.0,1343401000,,0,853823000,796967000,56856000,1239544000,635478000,604066000,2047629086,-303054000.0,-71550000.0,-259273000.0,0.0,0.0,-258073000.0,-21035000.0,48118000.0,-23946000.0,0.0,3282000.0,3282000.0,3282000.0,0.0,60000.0,0.012,176403000.0,-2536000.0,46713000,0.0,1.749,863.25,,204274000,0.0,6.04,1.76,1.965,219242000,897571000,278316000.0,278316000.0,48328000.0,,,,,7730000.0,129380000.0,1.0,339011438,378403000,385320000.0,0.736,1920953000,1582000,7499000.0,61895000,5.076,990086000
18,NOVL,ARQ,2005-12-31,2006-03-10,2006-01-31,2019-05-23,9461000,2675065000,,1931569000,743496000,,3.679,-7603000.0,845128000,845128000,101262000.0,1865000.0,3.021,0.876,600000000,0,600000000,600000000,367451000,11511000.0,0,0.0,0.0,15024000.0,26535000.0,0.097,26535000.0,15024000.0,13134000.0,0.0,0.0,0.0,1419174000,,1419174000,2574419794,71.0,28.225,17520000.0,0.045,1.0,173146000.0,0.631,436175000,1890000.0,1354395000,,0,894683000,840462000,54221000,1243736000,639367000,604369000,2819547794,33890000.0,-4225000.0,9876000.0,0.0,0.0,13915000.0,-5148000.0,4218000.0,25123000.0,0.0,1811000.0,1811000.0,1811000.0,0.0,54000.0,0.007,172660000.0,486000.0,43602000,,1.987,-170.975,-120.667,209624000,0.0,7.24,2.385,2.363,185251000,985925000,274408000.0,274408000.0,44117000.0,,,,,13695000.0,129607000.0,1.0,389440303,385787000,394534000.0,0.711,2238890000,679000,11323000.0,63186000,5.803,1292202000
19,NOVL,ARQ,2005-09-30,2006-01-10,2005-10-31,2019-05-23,7444000,2761858000,,2009053000,752805000,,3.627,-10613000.0,811238000,811238000,107718000.0,-4952000.0,2.668,0.979,600000000,0,600000000,600000000,405751000,13953000.0,0,0.0,0.0,10168000.0,24121000.0,0.075,24121000.0,10168000.0,537000.0,-0.02,-0.02,-0.02,1386486000,,1386486000,3246782557,7.0,6.15,47653000.0,0.125,1.0,212585000.0,0.664,451930000,9631000.0,1345760000,,0,898006000,843666000,54340000,1357467000,752930000,604537000,3458020557,-174592000.0,-7500000.0,6073000.0,0.0,0.0,5857000.0,-238715000.0,-230286000.0,58266000.0,0.0,-4723000.0,-4723000.0,-4723000.0,0.0,-229000.0,-0.015,224033000.0,-11448000.0,45445000,0.0,2.494,9.281,9.092,212377000,0.0,8.91,2.887,2.823,293627000,984107000,320303000.0,320303000.0,53798000.0,,,,,-2367000.0,132284000.0,1.0,388105562,382277000,454880000.0,0.838,2309928000,1384000,5260000.0,61406000,6.043,1256123000
20,NOVL,ARQ,2005-06-30,2005-09-08,2005-07-31,2019-05-23,7239000,2671252000,,1918211000,753041000,,3.607,-8484000.0,985830000,985830000,106009000.0,2140000.0,2.887,0.925,600000000,0,600000000,600000000,365365000,11107000.0,0,0.0,0.0,10043000.0,21150000.0,0.073,21150000.0,10043000.0,10043000.0,0.01,0.01,0.01,1371444000,,1371444000,2280467899,5.0,4.277,6811000.0,0.018,1.0,184205000.0,0.635,457094000,0.0,1163893000,,0,674951000,618461000,56490000,1268500000,664435000,604065000,2666297899,-1049000.0,0.0,3056000.0,0.0,0.0,2931000.0,-19275000.0,-6178000.0,15295000.0,0.0,2002000.0,2002000.0,2002000.0,0.0,138000.0,0.007,183282000.0,923000.0,48660000,0.0,1.944,6.829,6.777,211729000,0.0,6.98,2.263,2.253,255426000,989150000,290214000.0,290214000.0,46187000.0,,,,,2906000.0,127720000.0,1.0,381991103,380243000,437536000.0,0.763,2214158000,630000,8041000.0,56920000,5.823,1253776000
21,NOVL,ARQ,2005-03-31,2005-06-08,2005-04-30,2019-05-23,21231000,2628913000,,1866947000,761966000,,3.643,-6035000.0,986879000,986879000,117341000.0,-15627000.0,3.031,0.886,600000000,0,600000000,600000000,321181000,18306000.0,0,0.0,0.0,1099000.0,19405000.0,0.065,19405000.0,1099000.0,1099000.0,-0.05,-0.03,-0.05,1377877000,,1377877000,2008963193,4.0,3.635,-30829000.0,-0.082,1.0,179710000.0,0.605,457495000,0.0,1168517000,,0,668199000,610862000,57337000,1220118000,616022000,604096000,2395842193,215035000.0,-33829000.0,8512000.0,0.0,0.0,8512000.0,231317000.0,274081000.0,-24794000.0,0.0,-15581000.0,-15581000.0,-15581000.0,0.0,-46000.0,-0.052,186112000.0,-6402000.0,48196000,0.0,1.739,5.82,5.824,218587000,0.0,6.29,2.009,1.995,209676000,987135000,297051000.0,297051000.0,51652000.0,,,,,9000000.0,128619000.0,1.0,380897010,378219000,434457000.0,0.785,2171418000,401000,16680000.0,56661000,5.741,1250925000
22,NOVL,ARQ,2004-12-31,2005-03-11,2005-01-31,2019-05-23,20790000,2648309000,,1920218000,728091000,,3.637,4772000.0,771844000,771844000,112051000.0,395161000.0,3.0,0.907,600000000,0,600000000,600000000,343104000,12895000.0,0,0.0,0.0,450330000.0,463225000.0,1.597,463225000.0,450330000.0,450330000.0,1.04,0.9,1.04,1372152000,,1372152000,1832901370,4.0,3.279,456419000.0,1.21,1.0,178077000.0,0.614,422168000,0.0,1414144000,,0,944069000,886558000,57511000,1244793000,640153000,604640000,2004745370,337440000.0,0.0,4467000.0,0.0,0.0,4217000.0,-118424000.0,-111706000.0,451647000.0,0.0,390891000.0,390891000.0,390891000.0,0.0,4270000.0,1.347,-271488000.0,449565000.0,45903000,0.0,1.461,4.868,4.853,219835000,0.0,5.29,1.686,1.679,201328000,1002887000,290128000.0,290128000.0,48993000.0,,,,,4260000.0,122249000.0,1.0,378968879,377257000,435467000.0,0.769,2226141000,0,59439000.0,61200000,5.901,1280065000
23,NOVL,ARQ,2004-09-30,2005-01-13,2004-10-31,2019-05-23,16180000,2291548000,,1534934000,756614000,,2.56,-4662000.0,434404000,434404000,110405000.0,13265000.0,2.216,1.346,600000000,0,600000000,600000000,374186000,14526000.0,0,0.0,0.0,14860000.0,29386000.0,0.098,29386000.0,14860000.0,14860000.0,0.03,0.03,0.03,963364000,,963364000,2460542804,33.0,19.155,46841000.0,0.124,1.0,190252000.0,0.633,439704000,0.0,1324626000,,0,833049000,777063000,55986000,1296669000,692814000,603855000,2294946804,-139234000.0,0.0,10179000.0,0.0,0.0,10178000.0,-200915000.0,-211116000.0,51503000.0,0.0,13265000.0,13140000.0,13140000.0,0.0,0.0,0.044,175640000.0,14612000.0,55956000,0.0,2.382,73.811,75.75,231468000,125000.0,6.06,1.968,1.981,269431000,607851000,300657000.0,300657000.0,47332000.0,,,,,0.0,119392000.0,1.0,378704093,376366000,372687000.0,0.799,1851844000,0,1595000.0,40932000,4.92,842120000
24,NOVL,ARQ,2004-06-30,2004-09-14,2004-07-31,2019-05-23,9241000,2230643000,,1450607000,780036000,,2.436,-7348000.0,573638000,573638000,103956000.0,23405000.0,2.232,1.359,600000000,0,600000000,600000000,337461000,11864000.0,0,0.0,0.0,28794000.0,40658000.0,0.133,40658000.0,28794000.0,28794000.0,0.06,0.06,0.06,932040000,,932040000,2657519571,35.0,20.918,57509000.0,0.15,1.0,200641000.0,0.659,456761000,0.0,1150398000,,0,631871000,575749000,56122000,1266805000,649846000,616959000,2631157571,320166000.0,-5322000.0,-126068000.0,585150000.0,0.0,458893000.0,-203584000.0,-193567000.0,64857000.0,0.0,23405000.0,23216000.0,23216000.0,0.0,0.0,0.076,178029000.0,22612000.0,52781000,0.0,2.823,-28.897,-28.0,246242000,189000.0,7.0,2.284,2.325,245373000,594712000,304597000.0,304597000.0,49052000.0,,,,,0.0,119727000.0,1.0,375879653,382678000,396943000.0,0.796,1773882000,0,5389000.0,57463000,4.635,800761000
25,NOVL,ARQ,2004-03-31,2004-06-14,2004-04-30,2019-05-23,6745000,1667694000,,907986000,759708000,,2.61,1937000.0,636134000,636134000,106442000.0,10383000.0,1.537,0.605,0,0,0,0,296115000,10940000.0,0,0.0,0.0,14837000.0,25777000.0,0.088,25777000.0,14837000.0,14837000.0,-0.04,-0.04,-0.04,1003671000,,1003671000,2507591847,106.0,32.645,-26347000.0,-0.069,1.0,187114000.0,0.637,452026000,0.0,-11319000,,0,52936000,0,52936000,607311000,590853000,16458000,3143725847,-12369000.0,0.0,20558000.0,0.0,0.0,70456000.0,-54541000.0,-45213000.0,-28284000.0,0.0,10383000.0,-15399000.0,-15399000.0,0.0,0.0,-0.052,172652000.0,14462000.0,53405000,0.0,3.132,-24.819,-23.912,248448000,25782000.0,8.13,2.782,2.766,214731000,571496000,293556000.0,293556000.0,52031000.0,,,,,0.0,117861000.0,1.0,386682146,384528000,384528000.0,0.763,1215668000,0,4454000.0,54369000,3.161,317133000
26,NOVL,ARQ,2003-12-31,2004-03-15,2004-01-31,2019-05-23,14244000,1602737000,,835631000,767106000,,2.582,-11973000.0,605154000,605154000,94876000.0,10135000.0,1.399,0.633,0,0,0,0,294343000,16152000.0,0,0.0,0.0,16483000.0,32635000.0,0.122,32635000.0,16483000.0,16483000.0,0.03,0.03,0.03,981386000,,981386000,3003026938,-115.0,96.325,19048000.0,0.05,1.0,172231000.0,0.645,454701000,0.0,-54337000,,0,51798000,0,51798000,621351000,597219000,24132000,3608180938,-101091000.0,-200298000.0,28493000.0,0.0,0.0,28493000.0,-160605000.0,45266000.0,31021000.0,0.0,10135000.0,10135000.0,10135000.0,0.0,0.0,0.038,158225000.0,14006000.0,57275000,0.0,3.677,-25.795,-24.737,254236000,0.0,9.4,3.243,3.211,176287000,586895000,267107000.0,267107000.0,50199000.0,,,,,0.0,108026000.0,1.0,383849036,380106000,392111000.0,0.703,1148036000,0,6348000.0,56787000,3.02,238412000
27,NOVL,ARQ,2003-09-30,2004-01-29,2003-10-31,2019-05-23,7068000,1567653000,,1030553000,537100000,,2.499,-8863000.0,751852000,751852000,124906000.0,-109004000.0,1.645,0.678,0,0,0,0,322470000,11884000.0,0,0.0,0.0,16090000.0,27974000.0,0.098,27974000.0,16090000.0,16090000.0,-0.3,-0.3,-0.3,934470000,,934470000,3915296099,-71.0,647.37,44133000.0,0.118,1.0,161843000.0,0.564,224100000,0.0,-34757000,,0,50948000,0,50948000,633183000,626458000,6725000,4667148099,-83745000.0,-38996000.0,12325000.0,0.0,0.0,12325000.0,-149066000.0,-100717000.0,52996000.0,0.0,-109004000.0,-109004000.0,-109004000.0,0.0,0.0,-0.38,140946000.0,20897000.0,50258000,0.0,4.994,-28.827,-27.773,255526000,0.0,12.22,4.222,4.096,232492000,576759000,286749000.0,286749000.0,44304000.0,,,,,0.0,112614000.0,1.0,381927013,373875000,373875000.0,0.767,1343553000,0,125094000.0,35493000,3.594,404095000
28,NOVL,ARQ,2003-06-30,2003-09-12,2003-07-31,2019-05-23,4633000,1622741000,,1026100000,596641000,,2.782,115387000.0,738777000,738777000,107477000.0,-12400000.0,1.748,0.579,0,0,0,0,295786000,14190000.0,0,0.0,0.0,-23762000.0,-9572000.0,-0.034,-9572000.0,-23762000.0,-23762000.0,-0.03,-0.03,-0.03,1027785000,,1027785000,1270257409,-8.0,-14.125,120884000.0,0.327,1.0,175332000.0,0.62,182657000,0.0,114367000,,0,51039000,0,51039000,594956000,586940000,8016000,2009034409,76153000.0,0.0,807000.0,0.0,0.0,807000.0,69849000.0,-47917000.0,5497000.0,0.0,-12400000.0,-12400000.0,-12400000.0,0.0,0.0,-0.044,195377000.0,-20045000.0,48263000,0.0,1.955,-13.896,-13.795,258908000,0.0,5.38,1.795,1.776,217230000,685763000,282809000.0,282809000.0,48178000.0,,,,,0.0,120849000.0,1.0,373426470,369435000,369435000.0,0.766,1440084000,115922000,-11362000.0,24980000,3.898,439160000
29,NOVL,ARQ,2003-03-31,2003-06-16,2003-04-30,2019-05-23,651000,1602581000,,886948000,715633000,,2.806,-4902000.0,626397000,626397000,108771000.0,-28612000.0,1.583,0.549,0,0,0,0,267546000,15123000.0,0,0.0,0.0,-34984000.0,-19861000.0,-0.072,-19861000.0,-34984000.0,-34984000.0,-0.08,-0.08,-0.08,1034588000,,1034588000,755035368,-6.0,-15.353,-33873000.0,-0.092,1.0,167196000.0,0.606,210671000,0.0,205361000,,0,55603000,0,55603000,567993000,560152000,7841000,1381432368,62702000.0,0.0,5900000.0,0.0,0.0,5900000.0,85773000.0,89147000.0,-28971000.0,0.0,-28612000.0,-28612000.0,-28612000.0,0.0,0.0,-0.104,189705000.0,-22509000.0,61007000,0.0,1.335,-11.303,-11.273,353183000,0.0,3.72,1.235,1.226,183672000,698164000,275967000.0,275967000.0,48354000.0,,,,,0.0,132676000.0,1.0,371352787,368746000,368746000.0,0.748,1391910000,103211000,-6372000.0,28764000,3.775,326796000
30,NOVL,ARQ,2002-12-31,2003-03-17,2003-01-31,2019-05-23,-13000,1609861000,,881609000,728252000,,2.869,-16090000.0,650755000,650755000,97564000.0,-11888000.0,1.614,0.525,0,0,0,0,265220000,19861000.0,0,0.0,0.0,-12354000.0,7507000.0,0.029,7507000.0,-12354000.0,-12354000.0,-0.03,-0.03,-0.03,1055853000,,1055853000,281176704,-1.0,-1.476,9394000.0,0.026,1.0,162407000.0,0.625,212317000,0.0,200573000,,0,65238000,0,65238000,554008000,546216000,7792000,931931704,-152165000.0,-1050000.0,1098000.0,0.0,0.0,1098000.0,-178747000.0,-169755000.0,25484000.0,0.0,-11888000.0,-11888000.0,-11888000.0,0.0,0.0,-0.046,168572000.0,-6165000.0,53825000,0.0,0.883,-3.49,-3.466,360155000,0.0,2.53,0.835,0.834,159710000,726775000,259971000.0,259971000.0,42922000.0,,,,,0.0,125650000.0,1.0,368352452,368075000,368075000.0,0.706,1397544000,96101000,-466000.0,33704000,3.797,335393000
31,NOVL,ARQ,2002-09-30,2003-01-28,2002-10-31,2019-05-23,57000,1665065000,,919538000,745527000,,2.92,-8934000.0,635858000,635858000,109199000.0,-91672000.0,1.555,0.563,0,0,0,0,275344000,19610000.0,0,0.0,0.0,-87611000.0,-68001000.0,-0.226,-68001000.0,-87611000.0,-87611000.0,-0.25,-0.25,-0.25,1065542000,,1065542000,549902795,-2.0,-3.29,23938000.0,0.066,1.0,191136000.0,0.636,215885000,0.0,221815000,,137000,73452000,0,73452000,599523000,591507000,8016000,1185760795,75137000.0,-414000.0,6325000.0,0.0,0.0,6325000.0,35940000.0,28034000.0,32872000.0,0.0,-91672000.0,-91672000.0,-91672000.0,0.0,0.0,-0.305,277445000.0,-86309000.0,57241000,0.0,1.113,-4.804,-4.735,369189000,0.0,3.22,1.045,1.032,214827000,738663000,300335000.0,300335000.0,46271000.0,,,,,0.0,128724000.0,1.0,368248694,364883000,364883000.0,0.823,1449180000,21204000,4061000.0,36294000,3.972,328031000
32,NOVL,ARQ,2002-06-30,2002-09-16,2002-07-31,2019-05-23,-3389000,1717795000,,884061000,833734000,,3.145,-5515000.0,607310000,607310000,109822000.0,9949000.0,1.598,0.5,0,0,0,0,239929000,15680000.0,0,0.0,0.0,15498000.0,31178000.0,0.11,31178000.0,15498000.0,15498000.0,0.03,0.03,0.03,1145505000,,1145505000,227195571,-1.0,-1.238,30642000.0,0.084,1.0,172451000.0,0.611,206167000,0.0,351198000,,231000,94657000,0,94657000,572290000,553120000,19170000,834505571,78988000.0,-102561000.0,-315000.0,0.0,0.0,-315000.0,43146000.0,162305000.0,36157000.0,0.0,9949000.0,9949000.0,9949000.0,0.0,0.0,0.035,164183000.0,8268000.0,59063000,0.0,0.729,-3.343,-3.271,459687000,0.0,2.29,0.735,0.735,204811000,830335000,282273000.0,282273000.0,41492000.0,,,,,0.0,119691000.0,1.0,364412913,364211000,364247000.0,0.775,1511628000,22098000,5549000.0,26245000,4.15,330941000
33,NOVL,ARQ,2002-03-31,2002-06-14,2002-04-30,2019-05-23,-1874000,1631881000,,936454000,695427000,,3.067,-10644000.0,683295000,683295000,112828000.0,-173451000.0,1.878,0.467,0,0,0,0,212268000,14607000.0,0,0.0,0.0,-175744000.0,-161137000.0,-0.588,-161137000.0,-175744000.0,-175744000.0,-0.48,-0.48,-0.48,1112699000,,1112699000,456877944,-2.0,-2.168,-48955000.0,-0.135,1.0,161025000.0,0.588,55253000,0.0,394589000,,416000,93198000,0,93198000,519182000,498744000,20438000,1140172944,-66461000.0,0.0,5464000.0,0.0,0.0,5464000.0,-33614000.0,-29113000.0,-38311000.0,0.0,-173451000.0,-173451000.0,-173451000.0,0.0,0.0,-0.633,174685000.0,-13660000.0,55977000,0.0,1.025,-4.088,-4.013,461033000,0.0,3.13,1.037,1.033,173379000,820386000,273853000.0,273853000.0,40361000.0,,,,,0.0,115224000.0,1.0,364272506,362754000,362754000.0,0.755,1576628000,24930000,-2293000.0,26145000,4.346,437710000
34,NOVL,ARQ,2001-12-31,2002-03-15,2002-01-31,2019-05-23,3576000,1831259000,,979655000,851604000,,3.542,13533000.0,735519000,735519000,110773000.0,8351000.0,1.862,0.427,0,0,0,0,227039000,18888000.0,0,0.0,0.0,11930000.0,30818000.0,0.114,30818000.0,11930000.0,11930000.0,0.02,0.02,0.02,1283715000,,1283715000,714861512,-3.0,-3.922,34289000.0,0.095,1.0,160290000.0,0.591,195223000,0.0,374368000,,1079000,112533000,0,112533000,547544000,526149000,21395000,1450380512,38396000.0,0.0,1712000.0,0.0,0.0,1712000.0,15928000.0,410000.0,20756000.0,0.0,8351000.0,8351000.0,8351000.0,0.0,0.0,0.031,158814000.0,1476000.0,57069000,0.0,1.13,-5.649,-5.128,470148000,0.0,4.0,1.36,1.36,159086000,993837000,271063000.0,271063000.0,41123000.0,,,,,0.0,117691000.0,1.0,362595128,362428000,362970000.0,0.748,1636036000,34316000,3579000.0,37734000,4.514,453506000
35,NOVL,ARQ,2001-09-30,2002-01-28,2001-10-31,2019-05-23,2455000,1904006000,,1027366000,876640000,,3.514,-8245000.0,705243000,705243000,122092000.0,-94511000.0,1.682,0.498,0,0,0,0,243261000,19713000.0,0,0.0,0.0,-104069000.0,-84356000.0,-0.274,-84356000.0,-104069000.0,-104069000.0,-0.27,-0.27,-0.27,1270667000,,1270667000,1198358816,-4.0,-5.959,22153000.0,0.061,1.0,185518000.0,0.603,192016000,0.0,395844000,,947000,114971000,0,114971000,633339000,610903000,22436000,1903601816,15438000.0,0.0,-1231000.0,0.0,0.0,-1231000.0,-13729000.0,-7256000.0,30398000.0,0.0,-94511000.0,-94511000.0,-94511000.0,0.0,0.0,-0.307,237488000.0,-51970000.0,77571000,0.0,1.498,-6.976,-6.402,496620000,0.0,5.25,1.83,1.679,227044000,985486000,307610000.0,307610000.0,43674000.0,,,,,0.0,144029000.0,1.0,362590822,361589000,361589000.0,0.851,1711990000,34595000,-9558000.0,38175000,4.735,416463000
36,NOVL,ARQ,2001-06-30,2001-09-14,2001-07-31,2019-05-23,-12480000,1947729000,,1010506000,937223000,,4.104,3096000.0,686943000,686943000,73789000.0,-19274000.0,1.761,0.444,0,0,0,0,220072000,27034000.0,0,0.0,0.0,-23068000.0,3966000.0,0.016,3966000.0,-23068000.0,-23068000.0,-0.05,-0.05,-0.05,1348811000,,1348811000,758156908,-3.0,-5.287,-124964000.0,-0.38,1.0,172908000.0,0.701,0,0.0,687030000,,1067000,366315000,0,366315000,598918000,573756000,25162000,1445099908,-31862000.0,98333000.0,170977000.0,0.0,0.0,170977000.0,-74779000.0,-188975000.0,-128060000.0,0.0,-19274000.0,-19274000.0,-19274000.0,0.0,0.0,-0.078,206482000.0,-33574000.0,79229000,0.0,1.071,-6.774,-6.045,291169000,0.0,3.99,1.437,1.304,230570000,1079997000,246697000.0,246697000.0,43984000.0,,,,,-56398000.0,132106000.0,1.0,362180428,328683000,328683000.0,0.751,1947729000,22198000,-3794000.0,43992000,5.926,436750000
37,NOVL,ARQ,2001-03-31,2001-06-14,2001-04-30,2019-05-23,-8047000,1569023000,,881821000,687202000,,3.516,-17466000.0,638607000,638607000,66192000.0,-151311000.0,2.083,0.404,0,0,0,0,200282000,21456000.0,0,0.0,0.0,-154176000.0,-132720000.0,-0.551,-132720000.0,-154176000.0,-154176000.0,-0.48,-0.48,-0.48,1117649000,,1117649000,797857706,-4.0,-7.033,31336000.0,0.099,1.0,174563000.0,0.725,0,0.0,507024000,,1465000,362695000,0,362695000,451374000,423392000,27982000,1436464706,-31946000.0,0.0,-178786000.0,0.0,0.0,-178786000.0,98038000.0,141242000.0,48802000.0,0.0,-151311000.0,-151311000.0,-151311000.0,0.0,0.0,-0.628,196548000.0,-21985000.0,75837000,0.0,1.285,-7.745,-7.759,276291000,0.0,4.5,1.396,1.39,138882000,1099271000,240755000.0,240755000.0,54563000.0,,,,,26721000.0,141985000.0,1.0,319214379,317873000,317873000.0,0.757,1569023000,55473000,-2865000.0,15136000,4.936,458429000
38,NOVL,ARQ,2000-12-31,2001-03-15,2001-01-31,2019-05-23,-101797000,1645454000,,926075000,719379000,,3.617,-10674000.0,655449000,655449000,65862000.0,-7774000.0,1.976,0.412,0,0,0,0,220154000,18505000.0,0,0.0,0.0,-6501000.0,12004000.0,0.049,12004000.0,-6501000.0,-6501000.0,-0.02,-0.02,-0.02,1165277000,,1165277000,1031678265,543.0,12.31,130163000.0,0.404,1.0,179173000.0,0.731,0,0.0,521285000,,1898000,397876000,0,397876000,480177000,468720000,11457000,1687127265,96760000.0,0.0,-51617000.0,0.0,0.0,-51617000.0,7540000.0,19249000.0,140837000.0,0.0,-7774000.0,-7774000.0,-7774000.0,0.0,0.0,-0.032,192457000.0,-13284000.0,94286000,0.0,1.448,-537.473,-531.25,282937000,0.0,5.313,1.547,1.569,161095000,1250626000,245035000.0,245035000.0,49488000.0,,,,,29677000.0,142969000.0,1.0,317576897,322183000,322183000.0,0.761,1645454000,56996000,1273000.0,26145000,5.107,457355000
39,NOVL,ARQ,2000-09-30,2001-01-26,2000-10-31,2019-05-23,-84427000,1712346000,,1007359000,704987000,,3.802,6048000.0,698193000,698193000,78253000.0,-34957000.0,2.214,0.375,0,0,0,0,203163000,19927000.0,0,0.0,0.0,-46587000.0,-26660000.0,-0.098,-26660000.0,-46587000.0,-46587000.0,-0.11,-0.1,-0.11,1245085000,,1245085000,1982586653,28.0,12.994,56056000.0,0.171,1.0,195071000.0,0.714,0,0.0,559075000,,2621000,383583000,0,383583000,467261000,455078000,12183000,2680779653,-72019000.0,0.0,-3648000.0,0.0,0.0,-3648000.0,-118379000.0,-120937000.0,50008000.0,0.0,-34957000.0,-34957000.0,-34957000.0,0.0,0.0,-0.128,262539000.0,-67468000.0,85050000,0.0,2.153,54.19,56.25,290104000,0.0,8.438,2.308,2.372,196672000,1319853000,273324000.0,273324000.0,53960000.0,,,,,-38535000.0,160687000.0,1.0,317722033,327476000,329226000.0,0.835,1712346000,60109000,-11630000.0,39043000,5.229,552281000
40,NOVL,ARQ,2000-06-30,2000-09-13,2000-07-31,2019-05-23,-17174000,1792714000,,1013926000,778788000,,4.254,17860000.0,676642000,676642000,85547000.0,8572000.0,2.556,0.295,0,0,0,0,184677000,22021000.0,0,0.0,0.0,11904000.0,33925000.0,0.126,33925000.0,11904000.0,11904000.0,0.03,0.03,0.03,1384051000,,1384051000,2605434790,13.0,9.197,120090000.0,0.369,1.0,184472000.0,0.683,0,0.0,719318000,,3215000,413109000,0,413109000,408663000,396754000,11909000,3282076790,116604000.0,0.0,3937000.0,0.0,0.0,3937000.0,10437000.0,1834000.0,102230000.0,0.0,8572000.0,8572000.0,8572000.0,0.0,0.0,0.032,203355000.0,-18883000.0,81324000,0.0,2.371,20.741,20.833,309290000,0.0,10.0,2.662,2.638,214003000,1364558000,270019000.0,270019000.0,60574000.0,,,,,5055000.0,142781000.0,1.0,328207679,325315000,327259000.0,0.83,1792714000,53079000,3332000.0,0,5.511,617172000
41,NOVL,ARQ,2000-03-31,2000-06-14,2000-04-30,2019-05-23,15331000,1772540000,,996789000,775751000,,4.266,-17466000.0,646709000,646709000,84384000.0,31020000.0,2.721,0.271,0,0,0,0,168201000,21456000.0,0,0.0,0.0,43084000.0,64540000.0,0.213,64540000.0,43084000.0,43084000.0,0.09,0.09,0.09,1394151000,,1394151000,2316942682,9.0,7.126,31336000.0,0.096,1.0,217965000.0,0.721,0,0.0,759450000,,3591000,371319000,0,371319000,378389000,366381000,12008000,2963651682,-126077000.0,0.0,-178786000.0,0.0,0.0,-178786000.0,3907000.0,47111000.0,48802000.0,0.0,31020000.0,31020000.0,31020000.0,0.0,0.0,0.103,209726000.0,8239000.0,73933000,0.0,2.126,14.894,15.208,341912000,0.0,9.125,2.298,2.312,239202000,1355986000,302349000.0,302349000.0,61360000.0,,,,,26721000.0,148366000.0,1.0,324783746,326788000,341546000.0,0.925,1772540000,31353000,12064000.0,5039000,5.424,630408000
42,NOVL,ARQ,1999-12-31,2000-03-15,2000-01-31,2019-05-23,109285000,2019009000,,1265819000,753190000,,4.897,-10674000.0,947515000,947515000,76921000.0,44835000.0,3.115,0.261,0,0,0,0,180706000,18505000.0,0,0.0,0.0,62271000.0,80776000.0,0.256,80776000.0,62271000.0,62271000.0,0.14,0.13,0.14,1601012000,,1601012000,8523550264,32.0,25.463,130163000.0,0.398,1.0,239122000.0,0.757,0,0.0,665126000,,4028000,375752000,0,375752000,417997000,406368000,11629000,9471065264,96760000.0,0.0,-51617000.0,0.0,0.0,-51617000.0,7540000.0,19249000.0,140837000.0,0.0,44835000.0,44835000.0,44835000.0,0.0,0.0,0.142,192592000.0,46530000.0,57523000,0.0,5.916,45.824,45.635,341816000,0.0,28.75,7.268,7.213,236857000,1468646000,316043000.0,316043000.0,58677000.0,,,,,29677000.0,133915000.0,1.0,329428357,326906000,342105000.0,0.967,2019009000,0,17436000.0,47941000,6.176,859451000
43,NOVL,ARQ,1999-09-30,2000-01-27,1999-10-31,2019-05-23,35189000,1942319000,,1335616000,606703000,,4.513,-18193000.0,895404000,895404000,72176000.0,73812000.0,3.038,0.302,0,0,0,0,173150000,22637000.0,0,0.0,0.0,81425000.0,104062000.0,0.302,104062000.0,81425000.0,81425000.0,0.22,0.22,0.22,1492241000,,1492241000,9900623995,41.0,31.531,62517000.0,0.189,1.0,272378000.0,0.791,0,0.0,607283000,,3753000,229114000,0,229114000,450078000,439632000,10446000,10796027995,-5270000.0,0.0,-183561000.0,0.0,0.0,-183561000.0,97581000.0,227229000.0,80710000.0,0.0,73812000.0,73812000.0,73812000.0,0.0,0.0,0.214,197607000.0,74771000.0,85037000,0.0,7.235,56.599,58.004,347012000,0.0,33.063,8.482,8.688,305195000,1432624000,344554000.0,344554000.0,58365000.0,,,,,3685000.0,139242000.0,1.0,326533928,330635000,343984000.0,1.042,1942319000,60266000,7613000.0,57085000,5.875,895984000
44,NOVL,ARQ,1999-06-30,1999-09-14,1999-07-31,2019-05-23,-4493000,1963581000,,1371315000,592266000,,4.643,-33757000.0,992201000,992201000,73514000.0,49311000.0,3.424,0.264,0,0,0,0,149338000,7292000.0,0,0.0,0.0,68488000.0,75780000.0,0.232,75780000.0,68488000.0,68488000.0,0.15,0.14,0.15,1552939000,,1552939000,6689144787,30.0,23.462,144965000.0,0.433,1.0,253294000.0,0.775,0,0.0,570846000,,2945000,210835000,0,210835000,410642000,400534000,10108000,7681345787,175746000.0,0.0,-137729000.0,0.0,0.0,-137729000.0,134753000.0,171877000.0,178722000.0,0.0,49311000.0,49311000.0,49311000.0,0.0,0.0,0.151,190855000.0,62439000.0,74636000,0.0,4.946,48.324,48.047,344750000,0.0,23.063,6.266,6.293,233302000,1407274000,326808000.0,326808000.0,57183000.0,,,,,45822000.0,133672000.0,1.0,333066484,334488000,350951000.0,0.977,1963581000,75958000,19177000.0,45083000,5.87,970781000
45,NOVL,ARQ,1999-03-31,1999-06-14,1999-04-30,2019-05-23,-5315000,1919093000,,1350196000,568897000,,4.506,-8537000.0,974440000,974440000,76211000.0,38726000.0,3.395,0.27,0,0,0,0,132854000,20338000.0,0,0.0,0.0,53787000.0,74125000.0,0.235,74125000.0,53787000.0,53787000.0,0.12,0.11,0.12,1510844000,,1510844000,6856155688,36.0,25.839,21594000.0,0.064,1.0,239441000.0,0.759,0,0.0,546977000,,3108000,200302000,0,200302000,408249000,397676000,10573000,7830595688,-77309000.0,0.0,12499000.0,0.0,0.0,12499000.0,-119939000.0,-109985000.0,30131000.0,0.0,38726000.0,38726000.0,38726000.0,0.0,0.0,0.123,189949000.0,49492000.0,61920000,0.0,5.183,57.494,57.012,344261000,0.0,23.375,6.687,6.692,209282000,1357961000,315652000.0,315652000.0,58083000.0,,,,,1018000.0,131866000.0,1.0,334998746,335276000,351116000.0,0.941,1919093000,88480000,15061000.0,61647000,5.724,952520000
46,NOVL,ARQ,1998-12-31,1999-03-17,1999-01-31,2019-05-23,1109000,1930671000,,1406928000,523743000,,4.484,-8694000.0,1015422000,1015422000,64120000.0,28898000.0,3.503,0.276,0,0,0,0,137421000,19889000.0,0,0.0,0.0,40136000.0,60025000.0,0.21,60025000.0,40136000.0,40136000.0,0.09,0.08,0.09,1513102000,,1513102000,7732767892,48.0,32.441,30463000.0,0.09,1.0,221686000.0,0.776,0,0.0,513613000,,2737000,156842000,0,156842000,417569000,401636000,15933000,8748189892,25609000.0,0.0,1424000.0,0.0,0.0,1424000.0,-14972000.0,3526000.0,39157000.0,0.0,28898000.0,28898000.0,28898000.0,0.0,0.0,0.101,185336000.0,36350000.0,73644000,0.0,5.782,74.912,76.471,341172000,0.0,26.0,7.827,7.85,206227000,1319235000,285806000.0,285806000.0,54005000.0,,,,,132000.0,131331000.0,1.0,336468842,337441000,351522000.0,0.847,1930671000,79839000,11238000.0,61158000,5.722,1005292000
47,NOVL,ARQ,1998-09-30,1999-01-29,1998-10-31,2019-05-23,-26099000,1924112000,,1435700000,488412000,,4.318,-14758000.0,1007167000,1007167000,65650000.0,42019000.0,3.462,0.288,0,0,0,0,141714000,16817000.0,0,0.0,0.0,58360000.0,75177000.0,0.253,75177000.0,58360000.0,58360000.0,0.12,0.12,0.12,1493498000,,1493498000,5875313949,41.0,26.975,84765000.0,0.245,1.0,231929000.0,0.779,0,0.0,502250000,,3562000,114815000,0,114815000,430614000,414695000,15919000,6882480949,61249000.0,0.0,-204236000.0,0.0,0.0,-204236000.0,103042000.0,152539000.0,99523000.0,0.0,42019000.0,42019000.0,42019000.0,0.0,0.0,0.141,182849000.0,49080000.0,77987000,0.0,4.608,67.491,70.259,346196000,0.0,20.375,6.35,6.589,246577000,1290337000,297579000.0,297579000.0,54963000.0,,,,,6853000.0,127886000.0,1.0,337790476,345872000,354109000.0,0.86,1924112000,95343000,16341000.0,64057000,5.563,1021005000
48,NOVL,ARQ,1998-06-30,1998-09-14,1998-07-31,2019-05-23,-39139000,2007634000,,1551467000,456167000,,4.627,-25386000.0,1147925000,1147925000,60839000.0,26556000.0,4.365,0.228,0,0,0,0,102632000,19126000.0,0,0.0,0.0,36884000.0,56010000.0,0.206,56010000.0,36884000.0,36884000.0,0.08,0.07,0.08,1635191000,,1635191000,3099175763,,,100120000.0,0.283,1.0,211177000.0,0.776,0,0.0,504235000,,4274000,0,0,0,372443000,355474000,16969000,4247100763,21911000.0,0.0,-1000.0,0.0,0.0,-1000.0,-103594000.0,-46815000.0,125506000.0,0.0,26556000.0,26556000.0,26556000.0,0.0,0.0,0.098,181091000.0,30086000.0,66498000,0.0,2.597,,,347624000,0.0,12.063,,,231221000,1248318000,272016000.0,272016000.0,54452000.0,,,,,2258000.0,126639000.0,1.0,352091255,353436000,362083000.0,0.77,2007634000,99879000,10328000.0,52786000,5.68,1195993000
49,NOVL,ARQ,1998-03-31,1998-06-12,1998-04-30,2019-05-23,-32860000,1915185000,,1491080000,424105000,,4.583,-8537000.0,1084635000,1084635000,57021000.0,19307000.0,5.241,0.188,0,0,0,0,83251000,20338000.0,0,0.0,0.0,26815000.0,47153000.0,0.18,47153000.0,26815000.0,26815000.0,0.05,0.05,0.05,1612001000,,1612001000,3156597768,,,21594000.0,0.061,1.0,205229000.0,0.783,0,0.0,546047000,,6316000,0,0,0,303184000,284503000,18681000,4241232768,-77309000.0,0.0,12499000.0,0.0,0.0,12499000.0,-119939000.0,-109985000.0,30131000.0,0.0,19307000.0,19307000.0,19307000.0,0.0,0.0,0.074,190881000.0,14348000.0,60875000,0.0,2.631,,,340708000,0.0,12.0,,,220128000,1221762000,262250000.0,262250000.0,58046000.0,,,,,1018000.0,132835000.0,1.0,353436064,351762000,356586000.0,0.746,1915185000,117849000,7508000.0,3839000,5.445,1206577000
50,NOVL,ARQ,1997-12-31,1998-03-17,1998-01-31,2019-05-23,-39729000,1902661000,,1465399000,437262000,,4.477,-8694000.0,1045144000,1045144000,55139000.0,14094000.0,4.722,0.211,0,0,0,0,83586000,19889000.0,0,0.0,0.0,19575000.0,39464000.0,0.157,39464000.0,19575000.0,19575000.0,0.04,0.04,0.04,1571607000,,1571607000,2646946115,,,30463000.0,0.087,1.0,196903000.0,0.781,0,0.0,547174000,,9178000,0,0,0,331054000,310343000,20711000,3692090115,25609000.0,0.0,1424000.0,0.0,0.0,1424000.0,-14972000.0,3526000.0,39157000.0,0.0,14094000.0,14094000.0,14094000.0,0.0,0.0,0.056,191971000.0,4932000.0,66490000,0.0,2.349,,,363508000,0.0,10.5,,,225039000,1202455000,252042000.0,252042000.0,57786000.0,,,,,132000.0,134185000.0,1.0,351627630,351031000,352971000.0,0.718,1902661000,119833000,5481000.0,4831000,5.42,1155056000
51,NOVL,ARQ,1997-09-30,1998-01-29,1997-10-31,2019-05-23,-29431000,1910649000,,1470382000,440267000,,4.48,,1033473000,1033473000,,,4.567,0.221,0,0,0,0,74915000,,0,0.0,0.0,,,,,,,,,,1565417000,,1565417000,1511702474,-10.0,-25.409,,,1.0,,,0,,555220000,,10656000,0,0,0,345232000,321956000,23276000,2545175474,,,,,,,,,,,,,,,,,,,82759000,,1.626,-32.507,-32.955,373865000,,7.25,2.527,2.515,234358000,1188361000,,,,,,,,,,1.0,351058686,349429000,,,1910649000,134210000,,0,5.468,1148426000
0,NOVL,ART,2010-12-31,2011-03-14,2011-01-31,2019-05-23,4739000,2101003000,1996946500.0,1293443000,807560000,0.401,3.746,-10409000.0,981426000,981426000,171436000.0,339845000.0,2.175,0.593,0,0,0,0,592809000,30208000.0,0,0.0,0.0,92877000.0,123085000.0,0.154,123085000.0,92877000.0,90111000.0,0.97,0.97,0.97,1318742000,1156024500.0,1318742000,1066282572,11.0,8.663,69109000.0,0.196,1.0,628783000.0,0.786,380806000,2766000.0,144194000,251434000.0,0,150009000,150009000,0,782261000,594577000,187684000,2047708572,374376000.0,695000.0,9474000.0,0.0,0.0,11880000.0,280924000.0,231586000.0,79518000.0,2054000.0,339845000.0,339845000.0,339845000.0,-610000.0,0.0,0.425,554222000.0,74561000.0,30102000,0.0,1.553,6.025,5.979,151378000,0.0,5.8,2.559,2.551,89465000,919857000,800219000.0,800219000.0,158851000.0,0.17,0.294,0.369,0.116,28667000.0,395371000.0,1.0,353053202,352001000,352001000.0,2.273,1720197000,263500000,-249734000.0,7622000,4.887,698866000
1,NOVL,ART,2010-09-30,2010-12-13,2010-10-31,2019-05-23,8824000,2225998000,1926563250.0,1397424000,828574000,0.421,3.819,-17648000.0,685594000,685594000,173605000.0,377976000.0,2.044,0.667,0,0,0,0,650984000,30298000.0,0,0.0,0.0,105548000.0,135846000.0,0.167,135846000.0,105548000.0,102697000.0,1.08,1.08,1.08,1335548000,1064634750.0,1335548000,1420385558,13.0,10.456,57899000.0,0.166,1.0,638266000.0,0.786,382161000,2851000.0,474464000,250326000.0,0,441096000,441096000,0,890450000,683779000,206671000,2105979558,93938000.0,938000.0,8940000.0,0.0,0.0,11166000.0,10406000.0,-33816000.0,75547000.0,-3181000.0,377976000.0,377976000.0,377976000.0,-610000.0,0.0,0.466,553829000.0,84437000.0,26785000,0.0,1.577,5.572,5.546,156033000,0.0,5.99,2.594,2.58,171607000,937799000,811871000.0,811871000.0,160188000.0,0.196,0.355,0.422,0.13,29057000.0,390867000.0,1.0,351582564,349741000,353447000.0,2.321,1843837000,292752000,-275279000.0,7622000,5.272,713645000
2,NOVL,ART,2010-06-30,2010-09-09,2010-07-31,2019-05-23,2878000,1846027000,1845790750.0,1253810000,592217000,0.445,2.841,-11814000.0,622773000,622773000,176206000.0,-199911000.0,1.978,0.853,0,0,0,0,623716000,32059000.0,0,0.0,0.0,-175860000.0,-143801000.0,-0.175,-143801000.0,-175860000.0,-181179000.0,-0.58,-0.58,-0.58,996020000,964378250.0,996020000,1376136575,-8.0,-9.57,59842000.0,0.171,1.0,644789000.0,0.785,383840000,5319000.0,205562000,165336750.0,0,437865000,437865000,0,850007000,633852000,216155000,1998909575,53360000.0,705000.0,8289000.0,-4087000.0,0.0,4215000.0,-14245000.0,-36997000.0,71656000.0,6560000.0,-199911000.0,-199911000.0,-199911000.0,0.0,0.0,-0.243,841493000.0,-196704000.0,27184000,0.0,2.007,-9.999,-9.81,159820000,0.0,5.69,2.435,2.43,146059000,615601000,820995000.0,820995000.0,164226000.0,-0.108,-0.207,-1.064,-0.214,26508000.0,388857000.0,1.0,351302210,350617000,354826000.0,2.342,1462187000,19341000,18732000.0,7622000,4.17,619958000
3,NOVL,ART,2010-03-31,2010-06-08,2010-04-30,2019-05-23,2596000,1814758000,1913123500.0,1212074000,602684000,0.438,2.789,-18189000.0,634477000,634477000,179682000.0,-198929000.0,1.979,0.864,0,0,0,0,615036000,33857000.0,0,0.0,0.0,-174617000.0,-140760000.0,-0.168,-140760000.0,-174617000.0,-184324000.0,-0.58,-0.58,-0.58,973788000,1008566500.0,973788000,1457734639,-8.0,-10.356,61838000.0,0.177,1.0,658417000.0,0.786,386222000,9707000.0,181516000,153467750.0,0,398161000,398161000,0,840970000,612543000,228427000,2092211639,-53349000.0,471000.0,7950000.0,-125948000.0,0.0,-117984000.0,-8529000.0,2899000.0,80027000.0,7963000.0,-198929000.0,-198929000.0,-198929000.0,-302000.0,0.0,-0.237,854845000.0,-196428000.0,31682000,0.0,2.149,-10.517,-10.31,163420000,0.0,5.98,2.496,2.492,131864000,599924000,838099000.0,838099000.0,170509000.0,-0.104,-0.197,-1.138,-0.208,26901000.0,394699000.0,1.0,349868167,349204000,352008000.0,2.4,1428536000,23633000,14605000.0,9373000,4.091,599531000
4,NOVL,ART,2009-12-31,2010-03-11,2010-01-31,2019-05-23,13725000,1819470000,1998298500.0,1203077000,616393000,0.425,2.741,-15955000.0,660095000,660095000,183652000.0,-203224000.0,1.913,0.909,0,0,0,0,645881000,37091000.0,0,0.0,0.0,-177588000.0,-140497000.0,-0.165,-140497000.0,-177588000.0,-191019000.0,-0.59,-0.59,-0.59,953183000,1046537000.0,953183000,1360323731,-8.0,-9.682,43878000.0,0.126,1.0,666028000.0,0.784,390717000,13431000.0,139762000,149022500.0,0,386312000,384242000,2070000,866287000,628896000,237391000,2020418731,-55869000.0,-5279000.0,4896000.0,-126134000.0,0.0,-124038000.0,11529000.0,21532000.0,59833000.0,11633000.0,-203224000.0,-203224000.0,-203224000.0,-868000.0,0.0,-0.239,864551000.0,-198523000.0,31859000,0.0,2.12,-9.942,-9.831,167009000,0.0,5.8,2.378,2.373,112279000,580012000,849680000.0,849680000.0,175693000.0,-0.102,-0.194,-1.192,-0.209,24300000.0,391997000.0,1.0,348348057,347691000,349144000.0,2.444,1428753000,27115000,12205000.0,9078000,4.109,574181000
5,NOVL,ART,2009-09-30,2009-12-22,2009-10-31,2019-05-23,20982000,1902908000,2087700500.0,1280579000,622329000,0.413,2.705,-11339000.0,644689000,644689000,186831000.0,-212736000.0,1.752,1.036,0,0,0,0,688771000,40675000.0,0,0.0,0.0,-187334000.0,-146659000.0,-0.17,-146659000.0,-187334000.0,-202070000.0,-0.62,-0.62,-0.62,934522000,1084393500.0,934522000,806285274,-4.0,-5.498,57431000.0,0.166,1.0,675354000.0,0.783,392654000,14736000.0,134507000,145554250.0,0,402112000,391809000,10303000,968386000,731058000,237328000,1450974274,-103204000.0,-47436000.0,3566000.0,-130195000.0,0.0,-129404000.0,-42570000.0,9309000.0,68770000.0,14826000.0,-212736000.0,-212736000.0,-212736000.0,-1904000.0,0.0,-0.247,881862000.0,-206508000.0,37628000,0.0,1.553,-6.821,-6.742,170459000,0.0,4.18,1.683,1.675,177898000,559823000,862185000.0,862185000.0,181383000.0,-0.102,-0.196,-1.287,-0.217,25881000.0,398343000.0,1.0,347123032,345493000,345493000.0,2.496,1510254000,32238000,10666000.0,8403000,4.371,549521000
6,NOVL,ART,2009-06-30,2009-09-04,2009-07-31,2019-05-23,9091000,2115358000,2179310750.0,1208349000,907009000,0.409,3.389,-23956000.0,589872000,589872000,197009000.0,26662000.0,1.75,0.804,0,0,0,0,674324000,43083000.0,0,0.0,0.0,59770000.0,102853000.0,0.115,102853000.0,59770000.0,43248000.0,0.08,0.08,0.08,1172773000,1122645000.0,1172773000,908291208,15.0,8.831,63777000.0,0.184,1.0,694277000.0,0.779,676920000,16522000.0,158086000,143730500.0,0,393175000,384632000,8543000,942585000,690480000,252105000,1498163208,-436973000.0,-39707000.0,-18779000.0,-435356000.0,0.0,-455232000.0,-69474000.0,13890000.0,87733000.0,0.0,26662000.0,26662000.0,26662000.0,-3377000.0,0.0,0.03,648111000.0,46166000.0,30695000,0.0,1.277,56.191,54.0,171266000,0.0,4.32,1.681,1.677,169638000,815512000,891286000.0,891286000.0,187930000.0,0.012,0.024,0.416,0.067,28646000.0,418701000.0,1.0,346797039,346070000,347274000.0,2.575,1438438000,34422000,16586000.0,17957000,4.156,517869000
7,NOVL,ART,2009-03-31,2009-06-09,2009-04-30,2019-05-23,-14907000,2155458000,2314699500.0,1255365000,900093000,0.398,3.264,-27976000.0,672909000,672909000,210196000.0,-5122000.0,1.638,0.915,121668000,121668000,0,121668000,659415000,45518000.0,0,0.0,0.0,32280000.0,77798000.0,0.085,77798000.0,32280000.0,14633000.0,-0.01,-0.01,-0.01,1125670000,1121326000.0,1125670000,884748260,27.0,11.372,55343000.0,0.16,1.0,710191000.0,0.772,674136000,17647000.0,163735000,162001000.0,0,394958000,384818000,10140000,1029788000,766346000,263442000,1435989260,-383450000.0,-45214000.0,-64347000.0,-340363000.0,0.0,-412993000.0,-53776000.0,52873000.0,83319000.0,0.0,-5122000.0,-5122000.0,-5122000.0,-3075000.0,0.0,-0.006,680617000.0,29574000.0,25588000,0.0,1.276,-280.357,-416.0,164852000,0.0,4.16,1.56,1.559,136190000,798853000,920387000.0,920387000.0,194006000.0,-0.002,-0.005,0.199,0.035,29763000.0,439788000.0,1.0,345189726,344880000,346805000.0,2.669,1481322000,34735000,19755000.0,16832000,4.295,489019000
8,NOVL,ART,2008-12-31,2009-03-11,2009-01-31,2019-05-23,-18158000,2177078000,2445665750.0,1263012000,914066000,0.385,3.211,-35369000.0,700972000,700972000,225982000.0,-14873000.0,1.584,0.971,121668000,121668000,0,121668000,704617000,44913000.0,0,0.0,0.0,36657000.0,81570000.0,0.087,81570000.0,36657000.0,15758000.0,-0.04,-0.04,-0.04,1104609000,1145211000.0,1104609000,577901937,16.0,7.085,57857000.0,0.168,1.0,714476000.0,0.76,674618000,20899000.0,125889000,311556500.0,0,400325000,387334000,12991000,1072469000,797267000,275202000,1157205937,-390528000.0,-257657000.0,-61801000.0,-455766000.0,0.0,-508721000.0,24967000.0,353240000.0,93226000.0,0.0,-14873000.0,-14873000.0,-14873000.0,-2509000.0,0.0,-0.016,701043000.0,13433000.0,28544000,0.0,1.048,-77.806,-84.0,168126000,0.0,3.36,1.23,1.229,111775000,783236000,940458000.0,940458000.0,197483000.0,-0.006,-0.013,0.118,0.039,31082000.0,460869000.0,1.0,344406529,343978000,344281000.0,2.734,1502460000,41201000,30631000.0,16494000,4.368,465745000
9,NOVL,ART,2008-09-30,2008-12-23,2008-10-31,2019-05-23,-17129000,2269349000,2594280750.0,1385692000,883657000,0.369,3.105,-37716000.0,732735000,732735000,237624000.0,-8745000.0,1.54,1.087,125668000,125668000,0,125668000,730050000,42892000.0,0,0.0,0.0,49986000.0,92878000.0,0.097,92878000.0,49986000.0,26472000.0,-0.02,-0.02,-0.02,1087528000,1168765250.0,1087528000,608742701,12.0,6.554,15091000.0,0.043,1.0,718889000.0,0.752,635437000,23514000.0,127212000,574759750.0,0,402785000,387813000,14972000,1181821000,899633000,282188000,1215809701,-399785000.0,-219160000.0,-58721000.0,-451705000.0,0.0,-491926000.0,39334000.0,380680000.0,52807000.0,0.0,-8745000.0,-8745000.0,-8745000.0,-3594000.0,0.0,-0.009,710419000.0,8470000.0,36982000,0.0,1.118,-139.029,-177.0,174978000,0.0,3.54,1.271,1.296,193088000,772559000,956513000.0,956513000.0,198149000.0,-0.003,-0.007,0.087,0.052,33818000.0,473261000.0,1.0,343449068,350207000,350207000.0,2.731,1633912000,41929000,35217000.0,34288000,4.666,486059000
10,NOVL,ART,2008-06-30,2008-09-08,2008-07-31,2019-05-23,35113000,2656913000,2740542000.0,1724963000,931950000,0.342,3.317,-36279000.0,1026247000,1026247000,227862000.0,-11357000.0,1.448,1.276,451394000,451394000,0,451394000,725641000,40102000.0,0,0.0,0.0,59412000.0,99514000.0,0.106,99514000.0,59412000.0,34333000.0,-0.04,-0.04,-0.04,1167497000,1186464750.0,1167497000,1444885538,24.0,14.519,25852000.0,0.073,1.0,709527000.0,0.757,659491000,25079000.0,231168000,821525000.0,0,420301000,390715000,29586000,1489416000,1191401000,298015000,2019738538,16458000.0,-245666000.0,-33000000.0,-142457000.0,0.0,-151001000.0,105328000.0,434273000.0,62131000.0,0.0,-11357000.0,-11357000.0,-11357000.0,5995000.0,0.0,-0.012,708557000.0,970000.0,39678000,0.0,1.73,-177.841,-146.25,187641000,0.0,5.85,2.155,2.196,212923000,792170000,937389000.0,937389000.0,200980000.0,-0.004,-0.01,0.072,0.063,33722000.0,469549000.0,1.0,345254451,351931000,353290000.0,2.664,1997422000,36502000,45690000.0,22475000,5.676,533562000
11,NOVL,ART,2008-03-31,2008-06-06,2008-04-30,2019-05-23,30259000,2679323000,2769848750.0,1743690000,935633000,0.336,3.462,-29049000.0,1055522000,1055522000,235603000.0,348000.0,2.541,1.194,479394000,0,479394000,479394000,701574000,37812000.0,0,0.0,0.0,75699000.0,113511000.0,0.122,113511000.0,75699000.0,50154000.0,0.01,0.01,0.01,1221210000,1181414750.0,1221210000,1762941992,23.0,15.531,28633000.0,0.081,1.0,694756000.0,0.747,655011000,25545000.0,761957000,1070012500.0,0,469410000,427322000,42088000,1458113000,686227000,771886000,2339069992,52406000.0,-240159000.0,17043000.0,-115589000.0,0.0,-65515000.0,60239000.0,368325000.0,57682000.0,0.0,348000.0,348000.0,348000.0,13981000.0,0.0,0.0,697998000.0,-3242000.0,40841000,0.0,1.915,6721.465,661.0,183743000,0.0,6.61,2.514,2.506,176676000,817263000,930359000.0,930359000.0,203428000.0,0.0,0.0,0.071,0.081,35661000.0,464085000.0,1.0,353868380,352785000,354287000.0,2.637,2024312000,27321000,49806000.0,8605000,5.738,1057463000
12,NOVL,ART,2007-12-31,2008-03-10,2008-01-31,2019-05-23,38975000,2771538000,2777861750.0,2053515000,718023000,0.336,3.414,-26136000.0,1090116000,1090116000,244580000.0,-7710000.0,3.06,1.312,600000000,0,600000000,600000000,723142000,38274000.0,0,0.0,0.0,56702000.0,94976000.0,0.102,94976000.0,56702000.0,31262000.0,-0.02,-0.02,-0.02,1198826000,1158640500.0,1198826000,1685950189,30.0,17.751,20632000.0,0.059,1.0,689269000.0,0.738,431611000,25440000.0,1178702000,1183965500.0,0,787431000,728788000,58643000,1572712000,671109000,901603000,2176066189,13143000.0,-19445000.0,13589000.0,0.0,0.0,34382000.0,-68007000.0,15328000.0,46768000.0,0.0,-7710000.0,-7710000.0,-7710000.0,16063000.0,0.0,-0.008,705224000.0,-15955000.0,34247000,0.0,1.815,-282.239,-309.0,177082000,0.0,6.18,2.33,2.324,133606000,811397000,933849000.0,933849000.0,207961000.0,-0.003,-0.007,0.048,0.061,38584000.0,465347000.0,1.0,352114270,351129000,353047000.0,2.66,2339927000,22027000,38972000.0,7567000,6.664,1382406000
13,NOVL,ART,2007-09-30,2007-12-21,2007-10-31,2019-05-23,37098000,2854394000,2761504250.0,2154336000,700058000,0.338,3.333,-25235000.0,1079819000,1079819000,260254000.0,-44460000.0,2.62,1.464,600000000,0,600000000,600000000,767681000,40438000.0,0,0.0,0.0,16170000.0,56608000.0,0.061,56608000.0,16170000.0,-9769000.0,-0.13,-0.13,-0.13,1158326000,1136809250.0,1158326000,1968576624,122.0,34.776,395347000.0,1.138,1.0,672245000.0,0.721,438184000,25939000.0,1114273000,1172833000.0,0,815122000,777818000,37304000,1696068000,822118000,873950000,2448395624,404032000.0,-25755000.0,18392000.0,0.0,0.0,31486000.0,-48036000.0,-12356000.0,420582000.0,0.0,-44460000.0,-44460000.0,-44460000.0,18184000.0,0.0,-0.048,728013000.0,-55768000.0,45135000,0.0,2.114,-55.07,-53.692,180537000,0.0,6.98,2.626,2.602,208318000,795984000,932499000.0,932499000.0,208370000.0,-0.016,-0.039,0.014,0.017,34316000.0,473895000.0,1.0,350773012,347552000,347552000.0,2.683,2416210000,14518000,34691000.0,47608000,6.952,1332218000
14,NOVL,ART,2007-06-30,2007-09-07,2007-07-31,2019-05-23,26428000,2774140000,,2110993000,663147000,,3.309,-24607000.0,957379000,957379000,265806000.0,-5687000.0,2.839,1.418,600000000,0,600000000,600000000,733895000,44231000.0,0,0.0,0.0,50452000.0,94683000.0,0.104,94683000.0,50452000.0,28994000.0,-0.01,-0.01,-0.01,1147297000,,1147297000,2151067913,43.0,22.719,382247000.0,1.102,1.0,646396000.0,0.709,448084000,21458000.0,1225118000,,0,865259000,865259000,0,1626843000,743559000,883284000,2508446913,456663000.0,-5528000.0,32832000.0,0.0,0.0,49238000.0,571000.0,20752000.0,406854000.0,0.0,-5627000.0,-5627000.0,-5627000.0,10811000.0,-60000.0,-0.006,686272000.0,-39876000.0,36131000,0.0,2.186,-445.788,-717.0,180520000,0.0,7.17,2.75,2.725,200831000,814887000,912202000.0,912202000.0,195571000.0,,,,0.055,32117000.0,461092000.0,1.0,349853126,346731000,346731000.0,2.631,2326056000,4387000,34621000.0,54385000,6.709,1367434000
15,NOVL,ART,2007-03-31,2007-06-08,2007-04-30,2019-05-23,23907000,2711375000,2566987500.0,2038098000,673277000,0.357,3.262,-6888000.0,950992000,950992000,278571000.0,-8688000.0,2.959,1.399,600000000,0,600000000,600000000,699501000,46071000.0,0,0.0,0.0,24073000.0,70144000.0,0.077,70144000.0,24073000.0,6594000.0,-0.03,-0.03,-0.03,1130113000,1150422500.0,1130113000,2456216381,102.0,35.017,409906000.0,1.183,1.0,636828000.0,0.696,453850000,17479000.0,1217769000,1280585000.0,0,840721000,840721000,0,1581262000,688764000,892498000,2807208381,408918000.0,32394000.0,-102345000.0,0.0,0.0,-88450000.0,80574000.0,46028000.0,416794000.0,0.0,-8628000.0,-8628000.0,-8628000.0,-12211000.0,-60000.0,-0.009,716608000.0,-79780000.0,43386000,0.0,2.484,-325.36,-268.667,183491000,0.0,8.06,3.067,3.051,178269000,818307000,915399000.0,915399000.0,187357000.0,-0.003,-0.007,0.019,0.026,30272000.0,484765000.0,1.0,348288881,346492000,346492000.0,2.642,2257525000,4805000,15222000.0,49841000,6.515,1349334000
16,NOVL,ART,2006-12-31,2007-05-25,2007-01-31,2019-05-23,15688000,2706108000,2690586500.0,2027155000,678953000,0.355,3.217,969000.0,1025478000,1025478000,312975000.0,-3154000.0,2.95,1.435,600000000,0,600000000,600000000,728364000,46629000.0,0,0.0,0.0,29526000.0,76155000.0,0.08,76155000.0,29526000.0,16748000.0,-0.01,-0.01,-0.01,1111501000,1265337500.0,1111501000,2209764377,75.0,29.017,422412000.0,1.223,1.0,641584000.0,0.672,459255000,12778000.0,1134172000,1244283500.0,0,790033000,790033000,0,1594607000,687203000,907404000,2635242377,180350000.0,-41905000.0,-362360000.0,0.0,0.0,-349342000.0,108249000.0,141698000.0,421443000.0,0.0,-3154000.0,-3154000.0,-3154000.0,-14293000.0,0.0,-0.003,712854000.0,-71270000.0,41592000,0.0,2.371,-835.524,-760.0,182721000,0.0,7.6,2.761,2.751,146291000,820499000,954559000.0,954559000.0,183123000.0,-0.001,-0.002,0.024,0.031,28069000.0,491073000.0,1.0,346742418,345522000,345522000.0,2.763,2246853000,4586000,19902000.0,51679000,6.503,1339952000
17,NOVL,ART,2006-03-31,2006-06-08,2006-04-30,2019-05-23,9122000,2422600000,2632693750.0,1625564000,797036000,0.442,3.094,-26393000.0,542074000,542074000,419438000.0,2395000.0,2.558,1.059,600000000,0,600000000,600000000,345768000,47438000.0,0,0.0,0.0,48229000.0,95667000.0,0.082,95667000.0,48229000.0,34495000.0,0.0,0.0,0.0,1170732000,1336959000.0,1170732000,2105555086,44.0,22.009,48345000.0,0.128,1.0,743803000.0,0.639,501647000,13734000.0,1343401000,1301862250.0,0,853823000,796967000,56856000,1239544000,635478000,604066000,2047629086,-444805000.0,-83275000.0,-240268000.0,0.0,0.0,-235370000.0,-284173000.0,-184128000.0,74738000.0,0.0,2372000.0,2372000.0,2372000.0,0.0,23000.0,0.002,756378000.0,-12575000.0,46713000,,1.749,863.25,,204274000,0.0,6.04,1.76,1.965,219242000,897571000,1163241000.0,1163241000.0,192430000.0,0.001,0.002,0.037,0.041,21964000.0,518991000.0,1.0,339011438,378403000,385320000.0,3.074,1920953000,1582000,32123000.0,61895000,5.076,990086000
18,NOVL,ART,2005-12-31,2006-03-10,2006-01-31,2019-05-23,9461000,2675065000,2684272000.0,1931569000,743496000,0.44,3.679,-32735000.0,845128000,845128000,432330000.0,-16574000.0,3.021,0.876,600000000,0,600000000,600000000,367451000,54877000.0,0,0.0,0.0,36334000.0,91211000.0,0.077,91211000.0,36334000.0,24813000.0,-0.06,-0.04,-0.06,1419174000,1388745250.0,1419174000,2574419794,71.0,28.225,41155000.0,0.107,1.0,749646000.0,0.634,436175000,11521000.0,1354395000,1258141250.0,0,894683000,840462000,54221000,1243736000,639367000,604369000,2819547794,73284000.0,-45554000.0,27517000.0,0.0,0.0,31215000.0,-31821000.0,41835000.0,73890000.0,0.0,-16491000.0,-16491000.0,-16491000.0,0.0,-83000.0,-0.014,766087000.0,-16441000.0,43602000,0.0,1.987,-170.975,-120.667,209624000,0.0,7.24,2.385,2.363,185251000,985925000,1181976000.0,1181976000.0,195754000.0,-0.006,-0.012,0.029,0.031,23234000.0,518230000.0,1.0,389440303,385787000,394534000.0,3.064,2238890000,679000,41304000.0,63186000,5.803,1292202000
19,NOVL,ART,2005-09-30,2006-01-10,2005-10-31,2019-05-23,7444000,2761858000,2677583000.0,2009053000,752805000,0.447,3.653,-20360000.0,811238000,811238000,443119000.0,376722000.0,2.668,0.979,600000000,0,600000000,600000000,405751000,56261000.0,0,0.0,0.0,471640000.0,527901000.0,0.441,527901000.0,471640000.0,462009000.0,0.98,0.86,0.98,1386486000,1376989750.0,1386486000,3246782557,7.0,6.15,480054000.0,1.265,1.0,754577000.0,0.63,451930000,9631000.0,1345760000,1273078500.0,0,898006000,843666000,54340000,1357467000,752930000,604537000,3458020557,376834000.0,-41329000.0,22108000.0,0.0,0.0,21517000.0,-145097000.0,-74089000.0,500414000.0,0.0,372589000.0,372589000.0,372589000.0,0.0,4133000.0,0.311,321939000.0,432638000.0,45445000,0.0,2.494,9.281,9.092,212377000,0.0,8.91,2.887,2.823,293627000,984107000,1197696000.0,1197696000.0,200630000.0,0.139,0.271,0.37,0.394,13799000.0,510872000.0,1.0,388105562,379499000,440585000.0,3.156,2309928000,1384000,89420000.0,61406000,6.087,1256123000
20,NOVL,ART,2005-06-30,2005-09-08,2005-07-31,2019-05-23,7239000,2671252000,2560005500.0,1918211000,753041000,0.46,3.607,-14409000.0,985830000,985830000,445806000.0,394939000.0,2.887,0.925,600000000,0,600000000,600000000,365365000,56834000.0,0,0.0,0.0,476332000.0,533166000.0,0.453,533166000.0,476332000.0,476332000.0,1.03,0.91,1.03,1371444000,1271209250.0,1371444000,2280467899,5.0,4.277,479242000.0,1.26,1.0,732244000.0,0.622,457094000,0.0,1163893000,1267795000.0,0,674951000,618461000,56490000,1268500000,664435000,604065000,2666297899,412192000.0,-33829000.0,26214000.0,0.0,0.0,25838000.0,-107297000.0,-54919000.0,493651000.0,0.0,390577000.0,390452000.0,390452000.0,0.0,4362000.0,0.331,273546000.0,458698000.0,48660000,0.0,1.944,6.829,6.777,211729000,125000.0,6.98,2.263,2.253,255426000,989150000,1178050000.0,1178050000.0,194164000.0,0.153,0.307,0.376,0.404,16166000.0,497980000.0,1.0,381991103,380243000,437536000.0,3.098,2214158000,630000,85755000.0,56920000,5.823,1253776000
21,NOVL,ART,2005-03-31,2005-06-08,2005-04-30,2019-05-23,21231000,2628913000,2449853250.0,1866947000,761966000,0.487,3.643,-13273000.0,986879000,986879000,443753000.0,416204000.0,3.031,0.886,600000000,0,600000000,600000000,321181000,57591000.0,0,0.0,0.0,495083000.0,552674000.0,0.463,552674000.0,495083000.0,495083000.0,1.08,0.96,1.08,1377877000,1161358250.0,1377877000,2008963193,4.0,3.635,529940000.0,1.401,1.0,748680000.0,0.628,457495000,0.0,1168517000,1264421250.0,0,668199000,610862000,57337000,1220118000,616022000,604096000,2395842193,733407000.0,-39151000.0,-102910000.0,585150000.0,0.0,481800000.0,-291606000.0,-242308000.0,543213000.0,0.0,411980000.0,411666000.0,411666000.0,0.0,4224000.0,0.345,268293000.0,480387000.0,48196000,0.0,1.739,5.82,5.824,218587000,314000.0,6.29,2.009,1.995,209676000,987135000,1192433000.0,1192433000.0,197029000.0,0.168,0.354,0.392,0.415,13260000.0,489987000.0,1.0,380897010,378219000,434457000.0,3.153,2171418000,401000,83103000.0,56661000,5.741,1250925000
22,NOVL,ART,2004-12-31,2005-03-11,2005-01-31,2019-05-23,20790000,2648309000,2209548500.0,1920218000,728091000,0.538,3.637,-5301000.0,771844000,771844000,432854000.0,442214000.0,3.0,0.907,600000000,0,600000000,600000000,343104000,50225000.0,0,0.0,0.0,508821000.0,559046000.0,0.47,559046000.0,508821000.0,508821000.0,1.09,0.95,1.09,1372152000,1067806750.0,1372152000,1832901370,4.0,3.279,534422000.0,1.417,1.0,756084000.0,0.636,422168000,0.0,1414144000,969462250.0,0,944069000,886558000,57511000,1244793000,640153000,604640000,2004745370,506003000.0,-5322000.0,-90864000.0,585150000.0,0.0,543744000.0,-577464000.0,-561602000.0,539723000.0,0.0,437944000.0,411848000.0,411848000.0,0.0,4270000.0,0.346,254833000.0,501251000.0,45903000,0.0,1.461,4.868,4.853,219835000,26096000.0,5.29,1.686,1.679,201328000,1002887000,1188938000.0,1188938000.0,197408000.0,0.186,0.386,0.525,0.428,4260000.0,479229000.0,1.0,378968879,377257000,435467000.0,3.152,2226141000,0,70877000.0,61200000,5.901,1280065000
23,NOVL,ART,2004-09-30,2005-01-13,2004-10-31,2019-05-23,16180000,2291548000,1948155500.0,1534934000,756614000,0.598,2.528,-22046000.0,434404000,434404000,415679000.0,57188000.0,2.216,1.346,600000000,0,600000000,600000000,374186000,53482000.0,0,0.0,0.0,74974000.0,128456000.0,0.11,128456000.0,74974000.0,74974000.0,0.08,0.08,0.08,963364000,970115250.0,963364000,2460542804,33.0,19.155,97051000.0,0.255,1.0,750238000.0,0.643,439704000,0.0,1324626000,602342000.0,0,833049000,777063000,55986000,1296669000,692814000,603855000,2294946804,67472000.0,-205620000.0,-66838000.0,585150000.0,0.0,568020000.0,-619645000.0,-404630000.0,119097000.0,0.0,57188000.0,31092000.0,31092000.0,0.0,0.0,0.027,684546000.0,65692000.0,55956000,0.0,2.382,73.811,75.75,231468000,26096000.0,6.06,1.968,1.981,269431000,607851000,1165917000.0,1165917000.0,198614000.0,0.016,0.032,0.124,0.064,0.0,465006000.0,1.0,378704093,381100000,390879000.0,3.059,1851844000,0,17786000.0,40932000,4.859,842120000
24,NOVL,ART,2004-06-30,2004-09-14,2004-07-31,2019-05-23,9241000,2230643000,1767181750.0,1450607000,780036000,0.652,2.436,-26247000.0,573638000,573638000,430180000.0,-65081000.0,2.232,1.359,600000000,0,600000000,600000000,337461000,50840000.0,0,0.0,0.0,76204000.0,127044000.0,0.11,127044000.0,76204000.0,76204000.0,-0.25,-0.25,-0.25,932040000,962891750.0,932040000,2657519571,35.0,20.918,94343000.0,0.247,1.0,721829000.0,0.627,456761000,0.0,1150398000,262496250.0,0,631871000,575749000,56122000,1266805000,649846000,616959000,2631157571,122961000.0,-244616000.0,-64692000.0,585150000.0,0.0,570167000.0,-567796000.0,-294231000.0,120590000.0,0.0,-65081000.0,-91052000.0,-91052000.0,0.0,0.0,-0.079,649852000.0,71977000.0,52781000,0.0,2.823,-28.897,-28.0,246242000,25971000.0,7.0,2.284,2.325,245373000,594712000,1152009000.0,1152009000.0,195586000.0,-0.052,-0.095,0.29,0.066,0.0,458228000.0,1.0,375879653,382678000,396943000.0,3.01,1773882000,0,141285000.0,57463000,4.635,800761000
25,NOVL,ART,2004-03-31,2004-06-14,2004-04-30,2019-05-23,6745000,1667694000,1615206250.0,907986000,759708000,0.7,2.61,96488000.0,636134000,636134000,433701000.0,-100886000.0,1.537,0.605,0,0,0,0,296115000,53166000.0,0,0.0,0.0,23648000.0,76814000.0,0.068,76814000.0,23648000.0,23648000.0,-0.34,-0.34,-0.34,1003671000,986828000.0,1003671000,2507591847,106.0,32.645,157718000.0,0.41,1.0,696520000.0,0.616,452026000,0.0,-11319000,3488500.0,0,52936000,0,52936000,607311000,590853000,16458000,3143725847,-121052000.0,-239294000.0,62183000.0,0.0,0.0,112081000.0,-294363000.0,-148581000.0,61230000.0,0.0,-100886000.0,-126668000.0,-126668000.0,0.0,0.0,-0.112,667200000.0,29320000.0,53405000,0.0,3.132,-24.819,-23.912,248448000,25782000.0,8.13,2.782,2.766,214731000,571496000,1130221000.0,1130221000.0,194712000.0,-0.078,-0.128,6.779,0.021,0.0,459350000.0,1.0,386682146,384528000,384528000.0,2.939,1215668000,0,124534000.0,54369000,3.161,317133000
26,NOVL,ART,2003-12-31,2004-03-15,2004-01-31,2019-05-23,14244000,1602737000,1598928000.0,835631000,767106000,0.696,2.582,89649000.0,605154000,605154000,436030000.0,-139881000.0,1.399,0.633,0,0,0,0,294343000,57349000.0,0,0.0,0.0,-26173000.0,31176000.0,0.028,31176000.0,-26173000.0,-26173000.0,-0.38,-0.38,-0.38,981386000,994557250.0,981386000,3003026938,-115.0,96.325,150192000.0,0.395,1.0,676602000.0,0.608,454701000,0.0,-54337000,57658500.0,0,51798000,0,51798000,621351000,597219000,24132000,3608180938,-45981000.0,-239294000.0,47525000.0,0.0,0.0,47525000.0,-154049000.0,-14221000.0,60543000.0,0.0,-139881000.0,-139881000.0,-139881000.0,0.0,0.0,-0.126,684253000.0,-7651000.0,57275000,0.0,3.677,-25.795,-24.737,254236000,0.0,9.4,3.243,3.211,176287000,586895000,1112632000.0,1112632000.0,191035000.0,-0.087,-0.141,-0.454,-0.024,0.0,474165000.0,1.0,383849036,380106000,392111000.0,2.927,1148036000,0,113708000.0,56787000,3.02,238412000
27,NOVL,ART,2003-09-30,2004-01-29,2003-10-31,2019-05-23,7068000,1567653000,1600709000.0,1030553000,537100000,0.691,2.522,85532000.0,751852000,751852000,438718000.0,-161904000.0,1.645,0.678,0,0,0,0,322470000,61058000.0,0,0.0,0.0,-55010000.0,6048000.0,0.005,6048000.0,-55010000.0,-55010000.0,-0.44,-0.44,-0.44,934470000,1013174000.0,934470000,3915296099,-71.0,647.37,140538000.0,0.379,1.0,666778000.0,0.603,224100000,0.0,-34757000,121386000.0,0,50948000,0,50948000,633183000,626458000,6725000,4667148099,-97055000.0,-40046000.0,20130000.0,0.0,0.0,20130000.0,-172191000.0,-229242000.0,55006000.0,0.0,-161904000.0,-161904000.0,-161904000.0,0.0,0.0,-0.146,694600000.0,-27822000.0,50258000,0.0,4.994,-28.827,-27.773,255526000,0.0,12.22,4.222,4.096,232492000,576759000,1105496000.0,1105496000.0,183758000.0,-0.101,-0.16,-0.453,-0.05,0.0,491789000.0,1.0,381927013,370545000,370545000.0,2.983,1343553000,0,106894000.0,35493000,3.626,404095000
28,NOVL,ART,2003-06-30,2003-09-12,2003-07-31,2019-05-23,4633000,1622741000,1625062000.0,1026100000,596641000,0.689,2.782,85461000.0,738777000,738777000,423011000.0,-144572000.0,1.748,0.579,0,0,0,0,295786000,68784000.0,0,0.0,0.0,-158711000.0,-89927000.0,-0.08,-89927000.0,-158711000.0,-158711000.0,-0.39,-0.39,-0.39,1027785000,1045942000.0,1027785000,1270257409,-8.0,-14.125,120343000.0,0.326,1.0,696071000.0,0.622,182657000,0.0,114367000,185529000.0,0,51039000,0,51039000,594956000,586940000,8016000,2009034409,61827000.0,-1464000.0,14130000.0,0.0,0.0,14130000.0,12815000.0,-100491000.0,34882000.0,0.0,-144572000.0,-144572000.0,-144572000.0,0.0,0.0,-0.129,831099000.0,-135028000.0,48263000,0.0,1.955,-13.896,-13.795,258908000,0.0,5.38,1.795,1.776,217230000,685763000,1119082000.0,1119082000.0,185725000.0,-0.089,-0.138,-0.855,-0.142,0.0,507899000.0,1.0,373426470,369435000,369435000.0,3.029,1440084000,115922000,-14139000.0,24980000,3.898,439160000
29,NOVL,ART,2003-03-31,2003-06-16,2003-04-30,2019-05-23,651000,1602581000,1648825500.0,886948000,715633000,0.678,2.806,-35441000.0,626397000,626397000,425356000.0,-122223000.0,1.583,0.549,0,0,0,0,267546000,70274000.0,0,0.0,0.0,-119451000.0,-49177000.0,-0.044,-49177000.0,-119451000.0,-119451000.0,-0.33,-0.33,-0.33,1034588000,1075372000.0,1034588000,755035368,-6.0,-15.353,30101000.0,0.082,1.0,693190000.0,0.62,210671000,0.0,205361000,244736750.0,0,55603000,0,55603000,567993000,560152000,7841000,1381432368,64662000.0,-104025000.0,13008000.0,0.0,0.0,13008000.0,-13888000.0,109731000.0,65542000.0,0.0,-122223000.0,-122223000.0,-122223000.0,0.0,0.0,-0.109,799905000.0,-106715000.0,61007000,0.0,1.335,-11.303,-11.273,353183000,0.0,3.72,1.235,1.226,183672000,698164000,1118546000.0,1118546000.0,179039000.0,-0.074,-0.114,-0.488,-0.107,0.0,506741000.0,1.0,371352787,368746000,368746000.0,3.033,1391910000,103211000,2772000.0,28764000,3.775,326796000
30,NOVL,ART,2002-12-31,2003-03-17,2003-01-31,2019-05-23,-13000,1609861000,1656150500.0,881609000,728252000,0.674,2.869,-41183000.0,650755000,650755000,429413000.0,-267062000.0,1.614,0.525,0,0,0,0,265220000,69758000.0,0,0.0,0.0,-260211000.0,-190453000.0,-0.171,-190453000.0,-260211000.0,-260211000.0,-0.73,-0.73,-0.73,1055853000,1094899750.0,1055853000,281176704,-1.0,-1.476,15019000.0,0.041,1.0,687019000.0,0.615,212317000,0.0,200573000,292043750.0,0,65238000,0,65238000,554008000,546216000,7792000,931931704,-64501000.0,-104025000.0,12572000.0,0.0,0.0,12572000.0,-133275000.0,-8529000.0,56202000.0,0.0,-267062000.0,-267062000.0,-267062000.0,0.0,0.0,-0.239,784885000.0,-97866000.0,53825000,0.0,0.883,-3.49,-3.466,360155000,0.0,2.53,0.835,0.834,159710000,726775000,1116432000.0,1116432000.0,171046000.0,-0.161,-0.244,-0.891,-0.233,0.0,489289000.0,1.0,368352452,368075000,368075000.0,3.033,1397544000,96101000,6851000.0,33704000,3.797,335393000
31,NOVL,ART,2002-09-30,2003-01-28,2002-10-31,2019-05-23,57000,1665065000,1711500000.0,919538000,745527000,0.663,2.931,-11560000.0,635858000,635858000,449418000.0,-246823000.0,1.555,0.563,0,0,0,0,275344000,68785000.0,0,0.0,0.0,-235927000.0,-167142000.0,-0.147,-167142000.0,-235927000.0,-235927000.0,-0.68,-0.68,-0.68,1065542000,1151865250.0,1065542000,549902795,-2.0,-3.29,39914000.0,0.11,1.0,684902000.0,0.604,215885000,0.0,221815000,335492500.0,137000,73452000,0,73452000,599523000,591507000,8016000,1185760795,126060000.0,-102975000.0,13186000.0,0.0,0.0,13186000.0,61400000.0,161636000.0,51474000.0,0.0,-246823000.0,-246823000.0,-246823000.0,0.0,0.0,-0.218,753027000.0,-68125000.0,57241000,0.0,1.113,-4.804,-4.735,369189000,0.0,3.22,1.045,1.032,214827000,738663000,1134320000.0,1134320000.0,169247000.0,-0.144,-0.214,-0.703,-0.208,0.0,481330000.0,1.0,368248694,363569000,363569000.0,3.12,1449180000,21204000,10896000.0,36294000,3.986,328031000
32,NOVL,ART,2002-06-30,2002-09-16,2002-07-31,2019-05-23,-3389000,1717795000,1771235250.0,884061000,833734000,0.641,3.145,-10871000.0,607310000,607310000,455515000.0,-249662000.0,1.598,0.5,0,0,0,0,239929000,68888000.0,0,0.0,0.0,-252385000.0,-183497000.0,-0.162,-183497000.0,-252385000.0,-252385000.0,-0.7,-0.7,-0.7,1145505000,1203146500.0,1145505000,227195571,-1.0,-1.238,38129000.0,0.105,1.0,679284000.0,0.599,206167000,0.0,351198000,378999750.0,231000,94657000,0,94657000,572290000,553120000,19170000,834505571,66361000.0,-102561000.0,5630000.0,0.0,0.0,5630000.0,11731000.0,126346000.0,49000000.0,0.0,-249662000.0,-249662000.0,-249662000.0,0.0,0.0,-0.22,735170000.0,-55886000.0,59063000,0.0,0.729,-3.343,-3.271,459687000,0.0,2.29,0.735,0.735,204811000,830335000,1134799000.0,1134799000.0,166650000.0,-0.141,-0.208,-0.666,-0.222,0.0,496635000.0,1.0,364412913,364211000,364247000.0,3.116,1511628000,22098000,-2723000.0,26245000,4.15,330941000
33,NOVL,ART,2002-03-31,2002-06-14,2002-04-30,2019-05-23,-1874000,1631881000,1828718750.0,936454000,695427000,0.601,3.067,-2260000.0,683295000,683295000,419482000.0,-278885000.0,1.878,0.467,0,0,0,0,212268000,80242000.0,0,0.0,0.0,-290951000.0,-210709000.0,-0.192,-210709000.0,-290951000.0,-290951000.0,-0.78,-0.78,-0.78,1112699000,1253973000.0,1112699000,456877944,-2.0,-2.168,-117477000.0,-0.324,1.0,679741000.0,0.618,55253000,0.0,394589000,462957750.0,416000,93198000,0,93198000,519182000,498744000,20438000,1140172944,-44489000.0,98333000.0,176922000.0,0.0,0.0,176922000.0,-106194000.0,-224934000.0,-115217000.0,0.0,-278885000.0,-278885000.0,-278885000.0,0.0,0.0,-0.254,777469000.0,-97728000.0,55977000,0.0,1.025,-4.088,-4.013,461033000,0.0,3.13,1.037,1.033,173379000,820386000,1099223000.0,1099223000.0,169142000.0,-0.153,-0.222,-0.628,-0.265,-56398000.0,509050000.0,1.0,364272506,362754000,362754000.0,3.03,1576628000,24930000,-12066000.0,26145000,4.346,437710000
34,NOVL,ART,2001-12-31,2002-03-15,2002-01-31,2019-05-23,3576000,1831259000,1813004250.0,979655000,851604000,0.588,3.542,-9082000.0,735519000,735519000,372846000.0,-256745000.0,1.862,0.427,0,0,0,0,227039000,87091000.0,0,0.0,0.0,-269383000.0,-182292000.0,-0.171,-182292000.0,-269383000.0,-269383000.0,-0.78,-0.78,-0.78,1283715000,1255210500.0,1283715000,714861512,-3.0,-3.922,-37186000.0,-0.103,1.0,693279000.0,0.65,195223000,0.0,374368000,491066500.0,1079000,112533000,0,112533000,547544000,526149000,21395000,1450380512,-9974000.0,98333000.0,-7328000.0,0.0,0.0,-7328000.0,25458000.0,-54579000.0,-28104000.0,0.0,-256745000.0,-256745000.0,-256745000.0,0.0,0.0,-0.241,799332000.0,-106053000.0,57069000,0.0,1.13,-5.649,-5.128,470148000,0.0,4.0,1.36,1.36,159086000,993837000,1066125000.0,1066125000.0,183344000.0,-0.142,-0.205,-0.549,-0.253,-29677000.0,535811000.0,1.0,362595128,362428000,362970000.0,2.942,1636036000,34316000,-12638000.0,37734000,4.514,453506000
35,NOVL,ART,2001-09-30,2002-01-28,2001-10-31,2019-05-23,2455000,1904006000,1766553000.0,1027366000,876640000,0.589,3.821,-33289000.0,705243000,705243000,327935000.0,-272870000.0,1.682,0.498,0,0,0,0,243261000,86708000.0,0,0.0,0.0,-287814000.0,-201106000.0,-0.193,-201106000.0,-287814000.0,-287814000.0,-0.82,-0.82,-0.82,1270667000,1225601000.0,1270667000,1198358816,-4.0,-5.959,58688000.0,0.176,1.0,712162000.0,0.685,192016000,0.0,395844000,527795750.0,947000,114971000,0,114971000,633339000,610903000,22436000,1903601816,48390000.0,98333000.0,-60657000.0,0.0,0.0,-60657000.0,17070000.0,-35740000.0,91977000.0,0.0,-272870000.0,-272870000.0,-272870000.0,0.0,0.0,-0.262,832975000.0,-120813000.0,77571000,0.0,1.498,-6.976,-6.402,496620000,0.0,5.25,1.83,1.679,227044000,985486000,1040097000.0,1040097000.0,191709000.0,-0.154,-0.223,-0.545,-0.277,0.0,561089000.0,1.0,362590822,332582000,332582000.0,3.127,1711990000,34595000,-14944000.0,38175000,5.148,416463000
36,NOVL,ART,2001-06-30,2001-09-14,2001-07-31,2019-05-23,-12480000,1947729000,1718638000.0,1010506000,937223000,0.585,4.104,-18996000.0,686943000,686943000,284096000.0,-213316000.0,1.761,0.444,0,0,0,0,220072000,86922000.0,0,0.0,0.0,-230332000.0,-143410000.0,-0.143,-143410000.0,-230332000.0,-230332000.0,-0.66,-0.65,-0.66,1348811000,1219205500.0,1348811000,758156908,-3.0,-5.287,92591000.0,0.282,1.0,721715000.0,0.718,0,0.0,687030000,568603500.0,1067000,366315000,0,366315000,598918000,573756000,25162000,1445099908,-39067000.0,98333000.0,-63074000.0,0.0,0.0,-63074000.0,-87580000.0,-149421000.0,111587000.0,0.0,-213316000.0,-213316000.0,-213316000.0,0.0,0.0,-0.212,858026000.0,-136311000.0,79229000,0.0,1.071,-6.774,-6.045,291169000,0.0,3.99,1.437,1.304,230570000,1079997000,1005811000.0,1005811000.0,201995000.0,-0.124,-0.175,-0.405,-0.229,-38535000.0,577747000.0,1.0,362180428,328683000,328683000.0,3.06,1947729000,22198000,-17016000.0,43992000,5.926,436750000
37,NOVL,ART,2001-03-31,2001-06-14,2001-04-30,2019-05-23,-8047000,1569023000,1679884250.0,881821000,687202000,0.613,3.516,-4232000.0,638607000,638607000,295854000.0,-185470000.0,2.083,0.404,0,0,0,0,200282000,81909000.0,0,0.0,0.0,-195360000.0,-113451000.0,-0.11,-113451000.0,-195360000.0,-195360000.0,-0.58,-0.57,-0.58,1117649000,1228015500.0,1117649000,797857706,-4.0,-7.033,337645000.0,1.062,1.0,733279000.0,0.713,0,0.0,507024000,576675500.0,1465000,362695000,0,362695000,451374000,423392000,27982000,1436464706,109399000.0,0.0,-230114000.0,0.0,0.0,-230114000.0,-2364000.0,41388000.0,341877000.0,0.0,-185470000.0,-185470000.0,-185470000.0,0.0,0.0,-0.18,854899000.0,-121620000.0,75837000,0.0,1.285,-7.745,-7.759,276291000,0.0,4.5,1.396,1.39,138882000,1099271000,1029133000.0,1029133000.0,218585000.0,-0.11,-0.151,-0.339,-0.19,22918000.0,588422000.0,1.0,319214379,317873000,317873000.0,3.238,1569023000,55473000,-9890000.0,15136000,4.936,458429000
38,NOVL,ART,2000-12-31,2001-03-15,2001-01-31,2019-05-23,-101797000,1645454000,1730763500.0,926075000,719379000,0.63,3.617,-4232000.0,655449000,655449000,314046000.0,-3139000.0,1.976,0.412,0,0,0,0,220154000,81909000.0,0,0.0,0.0,1900000.0,83809000.0,0.077,83809000.0,1900000.0,1900000.0,-0.01,0.0,-0.01,1165277000,1297141000.0,1165277000,1031678265,543.0,12.31,337645000.0,1.048,1.0,776681000.0,0.712,0,0.0,521285000,639782000.0,1898000,397876000,0,397876000,480177000,468720000,11457000,1687127265,15268000.0,0.0,-230114000.0,0.0,0.0,-230114000.0,-96495000.0,-52743000.0,341877000.0,0.0,-3139000.0,-3139000.0,-3139000.0,0.0,0.0,-0.003,868077000.0,-91396000.0,94286000,0.0,1.448,-537.473,-531.25,282937000,0.0,5.313,1.547,1.569,161095000,1250626000,1090727000.0,1090727000.0,225382000.0,-0.002,-0.002,0.003,0.002,22918000.0,594803000.0,1.0,317576897,322183000,322183000.0,3.385,1645454000,56996000,5039000.0,26145000,5.107,457355000
39,NOVL,ART,2000-09-30,2001-01-26,2000-10-31,2019-05-23,-84427000,1712346000,1824152250.0,1007359000,704987000,0.637,3.812,-4232000.0,698193000,698193000,327398000.0,49470000.0,2.214,0.375,0,0,0,0,203163000,81909000.0,0,0.0,0.0,70672000.0,152581000.0,0.131,152581000.0,70672000.0,70672000.0,0.15,0.15,0.15,1245085000,1406074750.0,1245085000,1982586653,28.0,12.994,337645000.0,1.034,1.0,834337000.0,0.718,0,0.0,559075000,675742250.0,2621000,383583000,0,383583000,467261000,455078000,12183000,2680779653,15268000.0,0.0,-230114000.0,0.0,0.0,-230114000.0,-96495000.0,-52743000.0,341877000.0,0.0,49470000.0,49470000.0,49470000.0,0.0,0.0,0.043,865919000.0,-31582000.0,85050000,0.0,2.153,54.19,56.25,290104000,0.0,8.438,2.308,2.372,196672000,1319853000,1161735000.0,1161735000.0,234571000.0,0.027,0.035,0.105,0.061,22918000.0,583456000.0,1.0,317722033,326621000,335034000.0,3.557,1712346000,60109000,21202000.0,39043000,5.243,552281000
40,NOVL,ART,2000-06-30,2000-09-13,2000-07-31,2019-05-23,-17174000,1792714000,1881645500.0,1013926000,778788000,0.655,4.254,-28473000.0,676642000,676642000,319028000.0,158239000.0,2.556,0.295,0,0,0,0,184677000,84619000.0,0,0.0,0.0,198684000.0,283303000.0,0.23,283303000.0,198684000.0,198684000.0,0.48,0.47,0.48,1384051000,1467863750.0,1384051000,2605434790,13.0,9.197,344106000.0,1.058,1.0,913937000.0,0.741,0,0.0,719318000,687794250.0,3215000,413109000,0,413109000,408663000,396754000,11909000,3282076790,82017000.0,0.0,-410027000.0,0.0,0.0,-410027000.0,119465000.0,295423000.0,372579000.0,0.0,158239000.0,158239000.0,158239000.0,0.0,0.0,0.128,803280000.0,110657000.0,81324000,0.0,2.371,20.741,20.833,309290000,0.0,10.0,2.662,2.638,214003000,1364558000,1232965000.0,1232965000.0,238976000.0,0.084,0.108,0.289,0.161,65138000.0,564304000.0,1.0,328207679,325315000,327259000.0,3.79,1792714000,53079000,40445000.0,0,5.511,617172000
41,NOVL,ART,2000-03-31,2000-06-14,2000-04-30,2019-05-23,15331000,1772540000,1924362250.0,996789000,775751000,0.67,4.266,-80090000.0,646709000,646709000,306995000.0,198978000.0,2.721,0.271,0,0,0,0,168201000,69890000.0,0,0.0,0.0,255268000.0,325158000.0,0.252,325158000.0,255268000.0,255268000.0,0.6,0.58,0.6,1394151000,1510085750.0,1394151000,2316942682,9.0,7.126,368981000.0,1.129,1.0,982759000.0,0.762,0,0.0,759450000,650676250.0,3591000,371319000,0,371319000,378389000,366381000,12008000,2963651682,141159000.0,0.0,-551693000.0,0.0,0.0,-551693000.0,243781000.0,465466000.0,449071000.0,0.0,198978000.0,198978000.0,198978000.0,0.0,0.0,0.154,790780000.0,191979000.0,73933000,0.0,2.126,14.894,15.208,341912000,0.0,9.125,2.298,2.312,239202000,1355986000,1289754000.0,1289754000.0,235585000.0,0.103,0.132,0.392,0.198,105905000.0,555195000.0,1.0,324783746,326788000,341546000.0,3.947,1772540000,31353000,56290000.0,5039000,5.424,630408000
42,NOVL,ART,1999-12-31,2000-03-15,2000-01-31,2019-05-23,109285000,2019009000,1961000500.0,1265819000,753190000,0.664,4.897,-71161000.0,947515000,947515000,298822000.0,206684000.0,3.115,0.261,0,0,0,0,180706000,68772000.0,0,0.0,0.0,265971000.0,334743000.0,0.257,334743000.0,265971000.0,265971000.0,0.63,0.6,0.63,1601012000,1539259000.0,1601012000,8523550264,32.0,25.463,359239000.0,1.099,1.0,1004235000.0,0.771,0,0.0,665126000,597558000.0,4028000,375752000,0,375752000,417997000,406368000,11629000,9471065264,189927000.0,0.0,-360408000.0,0.0,0.0,-360408000.0,119935000.0,308370000.0,430400000.0,0.0,206684000.0,206684000.0,206684000.0,0.0,0.0,0.159,771003000.0,233232000.0,57523000,0.0,5.916,45.824,45.635,341816000,0.0,28.75,7.268,7.213,236857000,1468646000,1303057000.0,1303057000.0,232308000.0,0.105,0.134,0.445,0.204,80202000.0,538695000.0,1.0,329428357,326906000,342105000.0,3.986,2019009000,0,59287000.0,47941000,6.176,859451000
43,NOVL,ART,1999-09-30,2000-01-27,1999-10-31,2019-05-23,35189000,1942319000,1938916000.0,1335616000,606703000,0.656,4.462,-69181000.0,895404000,895404000,286021000.0,190747000.0,3.038,0.302,0,0,0,0,173150000,70156000.0,0,0.0,0.0,243836000.0,313992000.0,0.247,313992000.0,243836000.0,243836000.0,0.57,0.55,0.57,1492241000,1517281500.0,1492241000,9900623995,41.0,31.531,259539000.0,0.776,1.0,986799000.0,0.775,0,0.0,607283000,559679750.0,3753000,229114000,0,229114000,450078000,439632000,10446000,10796027995,118776000.0,0.0,-307367000.0,0.0,0.0,-307367000.0,97423000.0,292647000.0,328720000.0,0.0,190747000.0,190747000.0,190747000.0,0.0,0.0,0.15,763747000.0,223052000.0,85037000,0.0,7.235,56.599,58.004,347012000,0.0,33.063,8.482,8.688,305195000,1432624000,1272820000.0,1272820000.0,227636000.0,0.098,0.126,0.436,0.192,50657000.0,536111000.0,1.0,326533928,334460000,349393000.0,3.806,1942319000,60266000,53089000.0,57085000,5.807,895984000
44,NOVL,ART,1999-06-30,1999-09-14,1999-07-31,2019-05-23,-4493000,1963581000,1934364250.0,1371315000,592266000,0.634,4.643,-65746000.0,992201000,992201000,279495000.0,158954000.0,3.424,0.264,0,0,0,0,149338000,64336000.0,0,0.0,0.0,220771000.0,285107000.0,0.233,285107000.0,220771000.0,220771000.0,0.48,0.45,0.48,1552939000,1517595750.0,1552939000,6689144787,30.0,23.462,281787000.0,0.842,1.0,946350000.0,0.772,0,0.0,570846000,533421500.0,2945000,210835000,0,210835000,410642000,400534000,10108000,7681345787,185295000.0,0.0,-328042000.0,0.0,0.0,-328042000.0,102884000.0,217957000.0,347533000.0,0.0,158954000.0,158954000.0,158954000.0,0.0,0.0,0.13,748989000.0,197361000.0,74636000,0.0,4.946,48.324,48.047,344750000,0.0,23.063,6.266,6.293,233302000,1407274000,1225845000.0,1225845000.0,224234000.0,0.082,0.105,0.414,0.18,53825000.0,524755000.0,1.0,333066484,334488000,350951000.0,3.665,1963581000,75958000,61817000.0,45083000,5.87,970781000
45,NOVL,ART,1999-03-31,1999-06-14,1999-04-30,2019-05-23,-5315000,1919093000,1945377500.0,1350196000,568897000,0.602,4.506,-57375000.0,974440000,974440000,266820000.0,136199000.0,3.395,0.27,0,0,0,0,132854000,76170000.0,0,0.0,0.0,189167000.0,265337000.0,0.227,265337000.0,189167000.0,189167000.0,0.41,0.38,0.41,1510844000,1538158750.0,1510844000,6856155688,36.0,25.839,236942000.0,0.707,1.0,904233000.0,0.772,0,0.0,546977000,516768750.0,3108000,200302000,0,200302000,408249000,397676000,10573000,7830595688,31460000.0,0.0,-190314000.0,0.0,0.0,-190314000.0,-135463000.0,-735000.0,294317000.0,0.0,136199000.0,136199000.0,136199000.0,0.0,0.0,0.116,739225000.0,165008000.0,61920000,0.0,5.183,57.494,57.012,344261000,0.0,23.375,6.687,6.692,209282000,1357961000,1171053000.0,1171053000.0,221503000.0,0.07,0.089,0.366,0.162,10261000.0,517722000.0,1.0,334998746,335276000,351116000.0,3.493,1919093000,88480000,52968000.0,61647000,5.724,952520000
46,NOVL,ART,1998-12-31,1999-03-17,1999-01-31,2019-05-23,1109000,1930671000,1944400500.0,1406928000,523743000,0.575,4.484,-57375000.0,1015422000,1015422000,247630000.0,116780000.0,3.503,0.276,0,0,0,0,137421000,76170000.0,0,0.0,0.0,162195000.0,238365000.0,0.213,238365000.0,162195000.0,162195000.0,0.34,0.32,0.34,1513102000,1563448000.0,1513102000,7732767892,48.0,32.441,236942000.0,0.702,1.0,870021000.0,0.778,0,0.0,513613000,516536250.0,2737000,156842000,0,156842000,417569000,401636000,15933000,8748189892,31460000.0,0.0,-190314000.0,0.0,0.0,-190314000.0,-135463000.0,-735000.0,294317000.0,0.0,116780000.0,116780000.0,116780000.0,0.0,0.0,0.104,740157000.0,129864000.0,73644000,0.0,5.782,74.912,76.471,341172000,0.0,26.0,7.827,7.85,206227000,1319235000,1117651000.0,1117651000.0,221466000.0,0.06,0.075,0.314,0.145,10261000.0,518691000.0,1.0,336468842,337441000,351522000.0,3.312,1930671000,79839000,45415000.0,61158000,5.722,1005292000
47,NOVL,ART,1998-09-30,1999-01-29,1998-10-31,2019-05-23,-26099000,1924112000,1937398000.0,1435700000,488412000,0.559,4.261,-57375000.0,1007167000,1007167000,238649000.0,101976000.0,3.462,0.288,0,0,0,0,141714000,76170000.0,0,0.0,0.0,141634000.0,217804000.0,0.201,217804000.0,141634000.0,141634000.0,0.29,0.29,0.29,1493498000,1578074250.0,1493498000,5875313949,41.0,26.975,236942000.0,0.676,1.0,845238000.0,0.78,0,0.0,502250000,524926500.0,3562000,114815000,0,114815000,430614000,414695000,15919000,6882480949,31460000.0,0.0,-190314000.0,0.0,0.0,-190314000.0,-135463000.0,-735000.0,294317000.0,0.0,101976000.0,101976000.0,101976000.0,0.0,0.0,0.094,746792000.0,98446000.0,77987000,0.0,4.608,67.491,70.259,346196000,0.0,20.375,6.35,6.589,246577000,1290337000,1083887000.0,1083887000.0,225247000.0,0.053,0.065,0.27,0.131,10261000.0,521545000.0,1.0,337790476,350525000,356437000.0,3.092,1924112000,95343000,39658000.0,64057000,5.489,1021005000
48,NOVL,ART,1998-06-30,1998-09-14,1998-07-31,2019-05-23,-39139000,2007634000,1934032250.0,1551467000,456167000,,4.627,,1147925000,1147925000,,,4.365,0.228,0,0,0,0,102632000,,0,0.0,0.0,,,,,,,,,,1635191000,1596054000.0,1635191000,3099175763,,,,,1.0,,,0,,504235000,538169000.0,4274000,0,0,0,372443000,355474000,16969000,4247100763,,,,,,,,,,,,,,,,,,,66498000,,2.597,,,347624000,,12.063,,,231221000,1248318000,,,,,,,,,,1.0,352091255,353436000,,,2007634000,99879000,,52786000,5.68,1195993000
49,NOVL,ART,1998-03-31,1998-06-12,1998-04-30,2019-05-23,-32860000,1915185000,,1491080000,424105000,,4.583,,1084635000,1084635000,,,5.241,0.188,0,0,0,0,83251000,,0,0.0,0.0,,,,,,,,,,1612001000,,1612001000,3156597768,,,,,1.0,,,0,,546047000,,6316000,0,0,0,303184000,284503000,18681000,4241232768,,,,,,,,,,,,,,,,,,,60875000,,2.631,,,340708000,,12.0,,,220128000,1221762000,,,,,,,,,,1.0,353436064,351762000,,,1915185000,117849000,,3839000,5.445,1206577000
50,NOVL,ART,1997-12-31,1998-03-17,1998-01-31,2019-05-23,-39729000,1902661000,,1465399000,437262000,,4.477,,1045144000,1045144000,,,4.722,0.211,0,0,0,0,83586000,,0,0.0,0.0,,,,,,,,,,1571607000,,1571607000,2646946115,,,,,1.0,,,0,,547174000,,9178000,0,0,0,331054000,310343000,20711000,3692090115,,,,,,,,,,,,,,,,,,,66490000,,2.349,,,363508000,,10.5,,,225039000,1202455000,,,,,,,,,,1.0,351627630,351031000,,,1902661000,119833000,,4831000,5.42,1155056000
51,NOVL,ART,1997-09-30,1998-01-29,1997-10-31,2019-05-23,-29431000,1910649000,,1470382000,440267000,,4.48,-64796000.0,1033473000,1033473000,277446000.0,-78296000.0,4.567,0.221,0,0,0,0,74915000,91075000.0,0,0.0,0.0,-150570000.0,-59495000.0,-0.059,-59495000.0,-150570000.0,-150570000.0,-0.22,-0.22,-0.22,1565417000,,1565417000,1511702474,-10.0,-25.409,30758000.0,0.088,1.0,729865000.0,0.725,0,0.0,555220000,,10656000,0,0,0,345232000,321956000,23276000,2545175474,63022000.0,0.0,23114000.0,0.0,0.0,4654000.0,-37186000.0,18166000.0,95554000.0,0.0,-78296000.0,-78296000.0,-78296000.0,0.0,0.0,-0.078,929869000.0,-200004000.0,82759000,0.0,1.626,-32.507,-32.955,373865000,0.0,7.25,2.527,2.515,234358000,1188361000,1007311000.0,1007311000.0,282680000.0,,,,-0.149,3927000.0,591854000.0,1.0,351058686,349429000,349429000.0,2.883,1910649000,134210000,-72274000.0,0,5.468,1148426000
