None,ticker,dimension,calendardate,datekey,reportperiod,lastupdated,accoci,assets,assetsavg,assetsc,assetsnc,assetturnover,bvps,capex,cashneq,cashnequsd,cor,consolinc,currentratio,de,debt,debtc,debtnc,debtusd,deferredrev,depamor,deposits,divyield,dps,ebit,ebitda,ebitdamargin,ebitdausd,ebitusd,ebt,eps,epsdil,epsusd,equity,equityavg,equityusd,ev,evebit,evebitda,fcf,fcfps,fxusd,gp,grossmargin,intangibles,intexp,invcap,invcapavg,inventory,investments,investmentsc,investmentsnc,liabilities,liabilitiesc,liabilitiesnc,marketcap,ncf,ncfbus,ncfcommon,ncfdebt,ncfdiv,ncff,ncfi,ncfinv,ncfo,ncfx,netinc,netinccmn,netinccmnusd,netincdis,netincnci,netmargin,opex,opinc,payables,payoutratio,pb,pe,pe1,ppnenet,prefdivis,price,ps,ps1,receivables,retearn,revenue,revenueusd,rnd,roa,roe,roic,ros,sbcomp,sgna,sharefactor,sharesbas,shareswa,shareswadil,sps,tangibles,taxassets,taxexp,taxliabilities,tbvps,workingcapital
0,DVN,MRY,2020-12-31,2020-12-31,2020-12-31,2021-08-04,-127000000.0,9912000000.0,10434750000.0,3260000000.0,6652000000.0,0.463,7.542,-1127.0,2237000000.0,2237000000.0,3136000000.0,-2671000000.0,2.264,2.389,4544000000.0,0.0,4544000000.0,4544000000.0,0.0,1300.0,0.0,0.043,0.68,-2957000000.0,-2956998700.0,-0.612,-2956998700.0,-2957000000.0,-3227000000.0,-7.12,-7.12,-7.12,2885000000.0,3263500000.0,2885000000.0,8692325000.0,-3.0,-2.94,227.0,0.0,1.0,1692000000.0,0.35,753000000.0,270000000.0,10026000000.0,10802250000.0,0.0,12000000.0,0.0,12000000.0,6893000000.0,1440000000.0,5453000000.0,6047325000.0,393.0,0.0,-38.0,0.0,-257.0,-306.0,-646.0,0.0,1354.0,-9.0,-2680000000.0,-2680000000.0,-2680000000.0,128000000.0,9000000.0,-0.555,4546000000.0,-2854000000.0,904000000.0,-0.096,2.096,-2.256,-2.221,5616000000.0,0.0,15.81,1.253,1.253,601000000.0,208000000.0,4828000000.0,4828000000.0,167000000.0,-0.257,-0.821,-0.274,-0.612,88.0,338000000.0,1.0,382500000.0,382500000.0,,12.622,9159000000.0,174000000.0,-547000000.0,0.0,23.945,1820000000.0
1,DVN,MRY,2019-12-31,2019-12-31,2019-12-31,2021-08-04,-119000000.0,13717000000.0,15709250000.0,3851000000.0,9866000000.0,0.396,15.105,-1551.0,1844000000.0,1844000000.0,4009000000.0,-353000000.0,1.998,1.344,4538000000.0,0.0,4538000000.0,4538000000.0,0.0,1497.0,0.0,0.013,0.35,-135000000.0,-134998503.0,-0.022,-134998503.0,-135000000.0,-385000000.0,-0.89,-0.89,-0.89,5802000000.0,6798750000.0,5802000000.0,12859077000.0,-95.0,-95.253,520.0,0.0,1.0,2211000000.0,0.355,753000000.0,250000000.0,13731000000.0,15398250000.0,0.0,0.0,0.0,0.0,7797000000.0,1927000000.0,5870000000.0,9975077000.0,-602.0,0.0,-1849.0,-162.0,-140.0,-3639.0,921.0,0.0,2071.0,45.0,-355000000.0,-355000000.0,-355000000.0,274000000.0,2000000.0,-0.057,2066000000.0,145000000.0,1158000000.0,-0.393,1.719,-28.099,-29.18,8836000000.0,0.0,25.97,1.604,1.604,832000000.0,3148000000.0,6220000000.0,6220000000.0,58000000.0,-0.023,-0.052,-0.009,-0.022,115.0,475000000.0,1.0,384100000.0,384100000.0,,16.194,12964000000.0,47000000.0,-30000000.0,341000000.0,33.752,1924000000.0
2,DVN,MRY,2018-12-31,2018-12-31,2018-12-31,2021-08-04,1027000000.0,19566000000.0,24553250000.0,4437000000.0,15129000000.0,0.362,19.62,-1671.0,2414000000.0,2414000000.0,5474000000.0,3224000000.0,1.993,1.13,4454000000.0,162000000.0,4292000000.0,4454000000.0,0.0,1228.0,0.0,0.013,0.3,3874000000.0,3874001228.0,0.435,3874001228.0,3874000000.0,3294000000.0,6.14,6.1,6.14,9186000000.0,8750750000.0,9186000000.0,13499228000.0,3.0,3.485,1033.0,0.0,1.0,3422000000.0,0.385,753000000.0,580000000.0,18627000000.0,23559250000.0,0.0,0.0,0.0,0.0,10380000000.0,2226000000.0,8154000000.0,10553228000.0,-238.0,0.0,-2956.0,-1226.0,-149.0,-4203.0,1055.0,0.0,2704.0,206.0,3064000000.0,3064000000.0,3064000000.0,-2510000000.0,160000000.0,0.344,1905000000.0,1517000000.0,1252000000.0,0.049,1.149,3.444,3.671,8462000000.0,0.0,22.54,1.186,1.186,812000000.0,3650000000.0,8896000000.0,8896000000.0,128000000.0,0.125,0.35,0.164,0.435,137.0,574000000.0,1.0,468200000.0,468200000.0,,19.0,18813000000.0,0.0,230000000.0,529000000.0,40.182,2211000000.0
3,DVN,MRY,2017-12-31,2017-12-31,2017-12-31,2021-08-04,1166000000.0,30241000000.0,27687000000.0,4791000000.0,25450000000.0,0.235,17.61,-1233.0,2642000000.0,2642000000.0,4350000000.0,1078000000.0,1.445,1.744,6864000000.0,115000000.0,6749000000.0,6864000000.0,0.0,1008.0,0.0,0.006,0.24,1226000000.0,1226001008.0,0.189,1226001008.0,1226000000.0,905000000.0,1.71,1.7,1.71,9254000000.0,7437000000.0,9254000000.0,29377700000.0,24.0,23.962,1676.0,0.0,1.0,2151000000.0,0.331,841000000.0,321000000.0,30307000000.0,28790250000.0,0.0,0.0,0.0,0.0,16137000000.0,3315000000.0,12822000000.0,21755700000.0,725.0,0.0,0.0,0.0,-127.0,9.0,-2199.0,0.0,2909.0,6.0,898000000.0,898000000.0,898000000.0,-1045000000.0,180000000.0,0.138,1790000000.0,361000000.0,1381000000.0,0.14,2.351,24.227,24.211,14584000000.0,0.0,41.4,3.347,3.347,989000000.0,702000000.0,6501000000.0,6501000000.0,346000000.0,0.032,0.121,0.043,0.189,126.0,645000000.0,1.0,525500000.0,525500000.0,,12.371,29400000000.0,0.0,7000000.0,489000000.0,55.947,1476000000.0
4,DVN,MRY,2016-12-31,2016-12-31,2016-12-31,2021-08-04,1054000000.0,28675000000.0,27842250000.0,3772000000.0,24903000000.0,0.243,15.802,787000000.0,1959000000.0,1959000000.0,4626000000.0,-1458000000.0,1.442,1.928,10154000000.0,0.0,10154000000.0,10154000000.0,0.0,1592000000.0,0.0,0.009,0.42,-198000000.0,1394000000.0,0.206,1394000000.0,-198000000.0,-915000000.0,-2.09,-2.09,-2.09,8274000000.0,6342750000.0,8274000000.0,32881812000.0,-166.0,23.588,2287000000.0,4.368,1.0,2127000000.0,0.315,2383000000.0,717000000.0,31871000000.0,31191750000.0,0.0,0.0,0.0,0.0,15953000000.0,2616000000.0,13337000000.0,23912812000.0,-351000000.0,0.0,1469000000.0,-3383000000.0,-221000000.0,-1196000000.0,-594000000.0,0.0,1500000000.0,-61000000.0,-1056000000.0,-1056000000.0,-1056000000.0,884000000.0,-402000000.0,-0.156,1843000000.0,284000000.0,1550000000.0,-0.201,2.89,-22.645,-21.852,20533000000.0,0.0,45.67,3.541,3.541,1356000000.0,-69000000.0,6753000000.0,6753000000.0,215000000.0,-0.038,-0.166,-0.006,-0.029,203000000.0,733000000.0,1.0,523600000.0,523600000.0,,12.897,26292000000.0,0.0,141000000.0,1063000000.0,50.214,1156000000.0
5,DVN,MRY,2015-12-31,2015-12-31,2015-12-31,2021-08-04,230000000.0,29451000000.0,37437500000.0,4021000000.0,25430000000.0,0.351,17.151,-4680000000.0,2310000000.0,2310000000.0,8900000000.0,-13645000000.0,1.22,2.619,13032000000.0,976000000.0,12056000000.0,13032000000.0,0.0,4022000000.0,0.0,0.03,0.96,-18590000000.0,-14568000000.0,-1.108,-14568000000.0,-18590000000.0,-19109000000.0,-31.72,-31.72,-31.72,7049000000.0,12979250000.0,7049000000.0,23265000000.0,-1.0,-1.597,218000000.0,0.53,1.0,4245000000.0,0.323,5032000000.0,519000000.0,31846000000.0,37739500000.0,0.0,0.0,0.0,0.0,18462000000.0,3295000000.0,15167000000.0,13152000000.0,830000000.0,-1107000000.0,0.0,1831000000.0,-396000000.0,1812000000.0,-5803000000.0,0.0,4898000000.0,-77000000.0,-12896000000.0,-12896000000.0,-12896000000.0,0.0,-749000000.0,-0.981,23584000000.0,-19339000000.0,1669000000.0,-0.03,1.866,-1.02,-1.009,19068000000.0,0.0,32.0,1.001,1.001,1105000000.0,1781000000.0,13145000000.0,13145000000.0,451000000.0,-0.344,-0.994,-0.493,-1.414,244000000.0,1193000000.0,1.0,411000000.0,411000000.0,,31.983,24419000000.0,0.0,-6213000000.0,888000000.0,59.414,726000000.0
6,DVN,MRY,2014-12-31,2014-12-31,2014-12-31,2021-08-04,779000000.0,50637000000.0,51339000000.0,6498000000.0,44139000000.0,0.402,52.65,-1868000000.0,1480000000.0,1480000000.0,9682000000.0,1691000000.0,1.095,1.128,11262000000.0,1432000000.0,9830000000.0,11262000000.0,0.0,3319000000.0,0.0,0.015,0.94,4501000000.0,7820000000.0,0.379,7820000000.0,4501000000.0,3975000000.0,3.93,3.91,3.93,21539000000.0,21420750000.0,21539000000.0,33692011000.0,7.0,4.308,4153000000.0,10.152,1.0,10956000000.0,0.531,6303000000.0,526000000.0,48181000000.0,47889750000.0,0.0,0.0,0.0,0.0,24296000000.0,5935000000.0,18361000000.0,25041011000.0,-4586000000.0,-6462000000.0,0.0,-2274000000.0,-386000000.0,-2394000000.0,-8184000000.0,57000000.0,6021000000.0,-29000000.0,1607000000.0,1607000000.0,1607000000.0,0.0,84000000.0,0.078,6258000000.0,4698000000.0,2593000000.0,0.239,1.163,15.582,15.575,36296000000.0,0.0,61.21,1.213,1.213,1959000000.0,16631000000.0,20638000000.0,20638000000.0,0.0,0.031,0.075,0.094,0.218,163000000.0,847000000.0,1.0,409100000.0,409100000.0,,50.447,44334000000.0,522000000.0,2368000000.0,6974000000.0,108.37,563000000.0
7,DVN,MRY,2013-12-31,2013-12-31,2013-12-31,2021-08-04,1268000000.0,42877000000.0,41331250000.0,8005000000.0,34872000000.0,0.252,50.49,-6083000000.0,6066000000.0,6066000000.0,4282000000.0,-20000000.0,1.203,1.092,12022000000.0,4066000000.0,7956000000.0,12022000000.0,0.0,2780000000.0,0.0,0.014,0.86,566000000.0,3346000000.0,0.322,3346000000.0,566000000.0,149000000.0,-0.06,-0.06,-0.06,20499000000.0,20221250000.0,20499000000.0,30867220000.0,55.0,9.225,-647000000.0,-1.594,1.0,6115000000.0,0.588,5858000000.0,417000000.0,36320000000.0,35961250000.0,0.0,0.0,0.0,0.0,22378000000.0,6655000000.0,15723000000.0,25119220000.0,1429000000.0,-256000000.0,0.0,361000000.0,-348000000.0,20000000.0,-3999000000.0,2343000000.0,5436000000.0,-28000000.0,-20000000.0,-20000000.0,-20000000.0,0.0,0.0,-0.002,5548000000.0,567000000.0,2015000000.0,-14.333,1.225,-1255.961,-1031.167,28447000000.0,0.0,61.87,2.416,2.416,1520000000.0,15410000000.0,10397000000.0,10397000000.0,0.0,0.0,-0.001,0.016,0.054,0.0,617000000.0,1.0,406000000.0,406000000.0,,25.608,37019000000.0,89000000.0,169000000.0,4812000000.0,91.18,1350000000.0
8,DVN,MRY,2012-12-31,2012-12-31,2012-12-31,2021-08-04,1771000000.0,43326000000.0,43237250000.0,8971000000.0,34355000000.0,0.22,52.538,-6757000000.0,4637000000.0,4637000000.0,3734000000.0,-206000000.0,1.494,1.036,11644000000.0,3189000000.0,8455000000.0,11644000000.0,0.0,2811000000.0,0.0,0.015,0.8,32000000.0,2843000000.0,0.299,2843000000.0,32000000.0,-338000000.0,-0.52,-0.52,-0.52,21278000000.0,21810000000.0,21278000000.0,26973200000.0,843.0,9.488,-1801000000.0,-4.447,1.0,5767000000.0,0.607,6079000000.0,370000000.0,38251000000.0,37094250000.0,0.0,2343000000.0,2343000000.0,0.0,22048000000.0,6003000000.0,16045000000.0,21076200000.0,-918000000.0,0.0,27000000.0,1921000000.0,-324000000.0,1629000000.0,-7526000000.0,-840000000.0,4956000000.0,23000000.0,-206000000.0,-206000000.0,-206000000.0,21000000.0,0.0,-0.022,5693000000.0,74000000.0,2201000000.0,-1.538,0.991,-102.312,-100.077,27316000000.0,0.0,52.04,2.218,2.218,1245000000.0,15778000000.0,9501000000.0,9501000000.0,0.0,-0.005,-0.009,0.001,0.003,0.0,692000000.0,1.0,405000000.0,405000000.0,,23.459,37247000000.0,0.0,-132000000.0,4693000000.0,91.968,2968000000.0
9,DVN,MRY,2011-12-31,2011-12-31,2011-12-31,2021-08-04,1575000000.0,41117000000.0,38517500000.0,9305000000.0,31812000000.0,0.297,53.058,-7405000000.0,5555000000.0,5555000000.0,3991000000.0,4704000000.0,1.381,0.919,9780000000.0,3811000000.0,5969000000.0,9780000000.0,0.0,2248000000.0,0.0,0.011,0.67,7191000000.0,9439000000.0,0.825,9439000000.0,7191000000.0,6860000000.0,11.29,11.25,11.29,21430000000.0,20797250000.0,21430000000.0,28680800000.0,4.0,3.039,-1181000000.0,-2.924,1.0,7454000000.0,0.651,6013000000.0,331000000.0,32591000000.0,31176750000.0,0.0,1503000000.0,1503000000.0,0.0,19687000000.0,6738000000.0,12949000000.0,25041800000.0,2265000000.0,0.0,-2231000000.0,4187000000.0,-278000000.0,1691000000.0,-5646000000.0,-1358000000.0,6224000000.0,-4000000.0,4704000000.0,4704000000.0,4704000000.0,-2570000000.0,0.0,0.411,2820000000.0,4634000000.0,2149000000.0,0.059,1.169,5.324,5.492,24774000000.0,0.0,62.0,2.188,2.188,1379000000.0,16308000000.0,11445000000.0,11445000000.0,0.0,0.122,0.226,0.231,0.628,0.0,585000000.0,1.0,403900000.0,403900000.0,,28.336,35104000000.0,0.0,2156000000.0,4763000000.0,86.913,2567000000.0
10,DVN,MRY,2010-12-31,2010-12-31,2010-12-31,2021-08-04,1760000000.0,32927000000.0,31359500000.0,5555000000.0,27372000000.0,0.317,44.577,-2166000000.0,2866000000.0,2866000000.0,3426000000.0,4550000000.0,1.212,0.71,5630000000.0,1811000000.0,3819000000.0,5630000000.0,0.0,1930000000.0,0.0,0.008,0.64,6148000000.0,8078000000.0,0.813,8078000000.0,6148000000.0,5785000000.0,10.35,10.31,10.35,19253000000.0,17922500000.0,19253000000.0,35929469000.0,6.0,4.448,3312000000.0,7.668,1.0,6514000000.0,0.655,6080000000.0,363000000.0,25028000000.0,24881000000.0,0.0,145000000.0,145000000.0,0.0,13674000000.0,4583000000.0,9091000000.0,33908469000.0,2279000000.0,0.0,-1057000000.0,-1782000000.0,-281000000.0,-3104000000.0,-112000000.0,-145000000.0,5478000000.0,17000000.0,4550000000.0,4550000000.0,4550000000.0,-2217000000.0,0.0,0.458,2550000000.0,3964000000.0,1949000000.0,0.062,1.761,7.452,7.586,19652000000.0,0.0,78.51,3.411,3.411,1202000000.0,11882000000.0,9940000000.0,9940000000.0,0.0,0.145,0.254,0.247,0.619,0.0,563000000.0,1.0,431900000.0,431900000.0,,23.015,26847000000.0,0.0,1235000000.0,2756000000.0,62.16,972000000.0
11,DVN,MRY,2009-12-31,2009-12-31,2009-12-31,2021-08-04,1385000000.0,29686000000.0,27651750000.0,2992000000.0,26694000000.0,0.29,35.06,-4845000000.0,646000000.0,646000000.0,3006000000.0,-2479000000.0,0.787,0.907,7279000000.0,1432000000.0,5847000000.0,7279000000.0,0.0,2108000000.0,0.0,0.009,0.64,-3903000000.0,-1795000000.0,-0.224,-1795000000.0,-3903000000.0,-4252000000.0,-5.58,-5.58,-5.58,15570000000.0,14211750000.0,15570000000.0,39129350000.0,-10.0,-21.799,-108000000.0,-0.243,1.0,5009000000.0,0.625,5930000000.0,349000000.0,26587000000.0,24978750000.0,0.0,0.0,0.0,0.0,14116000000.0,3802000000.0,10314000000.0,32641350000.0,627000000.0,0.0,42000000.0,1435000000.0,-284000000.0,1201000000.0,-5354000000.0,7000000.0,4737000000.0,43000000.0,-2479000000.0,-2479000000.0,-2479000000.0,-274000000.0,0.0,-0.309,9269000000.0,-4260000000.0,1137000000.0,-0.115,2.096,-13.167,-13.172,18767000000.0,0.0,73.5,4.073,4.073,1208000000.0,7613000000.0,8015000000.0,8015000000.0,0.0,-0.09,-0.174,-0.156,-0.487,0.0,648000000.0,1.0,444100000.0,444100000.0,,18.048,23756000000.0,0.0,-1773000000.0,1899000000.0,53.492,-810000000.0
12,DVN,MRY,2008-12-31,2008-12-31,2008-12-31,2021-08-04,383000000.0,31908000000.0,40332000000.0,2684000000.0,29224000000.0,0.344,38.423,-8726000000.0,195000000.0,195000000.0,3938000000.0,-2148000000.0,0.856,0.87,5841000000.0,180000000.0,5661000000.0,5841000000.0,0.0,3203000000.0,0.0,0.01,0.64,-2940000000.0,263000000.0,0.019,263000000.0,-2940000000.0,-3269000000.0,-4.85,-4.85,-4.85,17060000000.0,22045250000.0,17060000000.0,32654965000.0,-11.0,124.163,682000000.0,1.536,1.0,9920000000.0,0.716,5511000000.0,329000000.0,28908000000.0,34835000000.0,0.0,0.0,0.0,0.0,14848000000.0,3135000000.0,11713000000.0,29010965000.0,-989000000.0,280000000.0,-549000000.0,-2480000000.0,-289000000.0,-3408000000.0,-6873000000.0,250000000.0,9408000000.0,-116000000.0,-2148000000.0,-2153000000.0,-2153000000.0,-891000000.0,0.0,-0.155,13819000000.0,-3899000000.0,1612000000.0,-0.132,1.701,-13.475,-13.548,22031000000.0,5000000.0,65.71,2.093,2.105,1300000000.0,10376000000.0,13858000000.0,13858000000.0,0.0,-0.053,-0.098,-0.084,-0.212,0.0,645000000.0,1.0,441500000.0,444000000.0,444000000.0,31.212,26397000000.0,0.0,-1121000000.0,3614000000.0,59.453,-451000000.0
13,DVN,MRY,2007-12-31,2007-12-31,2007-12-31,2021-08-04,2405000000.0,41456000000.0,38934000000.0,3914000000.0,37542000000.0,0.256,49.452,-5634000000.0,1364000000.0,1364000000.0,3107000000.0,3606000000.0,1.07,0.884,7928000000.0,1004000000.0,6924000000.0,7928000000.0,0.0,2613000000.0,0.0,0.006,0.56,4878000000.0,7491000000.0,0.751,7491000000.0,4878000000.0,4448000000.0,8.08,8.0,8.08,22006000000.0,20170000000.0,22006000000.0,46613393600.0,10.0,6.223,1017000000.0,2.285,1.0,6868000000.0,0.689,6172000000.0,430000000.0,38191000000.0,35542500000.0,0.0,1696000000.0,372000000.0,1324000000.0,19450000000.0,3657000000.0,15793000000.0,39561393600.0,617000000.0,0.0,-235000000.0,79000000.0,-259000000.0,-371000000.0,-5714000000.0,202000000.0,6651000000.0,51000000.0,3606000000.0,3596000000.0,3596000000.0,-1121000000.0,0.0,0.361,3145000000.0,3723000000.0,1360000000.0,0.069,1.798,11.001,11.004,28079000000.0,10000000.0,88.91,3.966,3.966,1779000000.0,12813000000.0,9975000000.0,9975000000.0,0.0,0.092,0.178,0.137,0.489,0.0,513000000.0,1.0,444960000.0,445000000.0,450000000.0,22.416,35284000000.0,30000000.0,842000000.0,6139000000.0,79.29,257000000.0
14,DVN,MRY,2006-12-31,2006-12-31,2006-12-31,2021-08-04,1444000000.0,35063000000.0,33394500000.0,3212000000.0,31851000000.0,0.292,39.462,-7306000000.0,692000000.0,692000000.0,3002000000.0,2846000000.0,0.691,1.01,8075000000.0,2205000000.0,5870000000.0,8075000000.0,0.0,2231000000.0,0.0,0.007,0.45,4203000000.0,6434000000.0,0.659,6434000000.0,4203000000.0,3782000000.0,6.42,6.34,6.42,17442000000.0,16613500000.0,17442000000.0,35854427080.0,9.0,5.573,-1313000000.0,-2.971,1.0,6765000000.0,0.693,5706000000.0,421000000.0,32095000000.0,30166500000.0,0.0,1617000000.0,574000000.0,1043000000.0,17621000000.0,4645000000.0,12976000000.0,29649427080.0,-850000000.0,0.0,-180000000.0,946000000.0,-209000000.0,593000000.0,-7449000000.0,106000000.0,5993000000.0,13000000.0,2846000000.0,2836000000.0,2836000000.0,-212000000.0,0.0,0.29,2596000000.0,4169000000.0,1154000000.0,0.07,1.7,10.455,10.449,23156000000.0,10000000.0,67.08,3.036,3.036,1324000000.0,9114000000.0,9767000000.0,9767000000.0,0.0,0.085,0.171,0.139,0.43,0.0,397000000.0,1.0,442001000.0,442000000.0,448000000.0,22.097,29357000000.0,102000000.0,936000000.0,5372000000.0,66.419,-1433000000.0
15,DVN,MRY,2005-12-31,2005-12-31,2005-12-31,2021-08-04,1414000000.0,30273000000.0,29935500000.0,4206000000.0,26067000000.0,0.335,32.45,-1662000000.0,1593000000.0,1593000000.0,2921000000.0,2930000000.0,1.434,1.037,6619000000.0,662000000.0,5957000000.0,6619000000.0,0.0,1924000000.0,0.0,0.005,0.3,4944000000.0,6868000000.0,0.685,6868000000.0,4944000000.0,4411000000.0,6.38,6.26,6.38,14862000000.0,13934750000.0,14862000000.0,33548522000.0,7.0,4.885,3950000000.0,8.624,1.0,7106000000.0,0.709,5705000000.0,533000000.0,26660000000.0,26665000000.0,0.0,1485000000.0,680000000.0,805000000.0,15411000000.0,2934000000.0,12477000000.0,27786522000.0,454000000.0,0.0,-2139000000.0,-1258000000.0,-146000000.0,-3543000000.0,-1652000000.0,287000000.0,5612000000.0,37000000.0,2930000000.0,2920000000.0,2920000000.0,-33000000.0,0.0,0.291,2101000000.0,5005000000.0,928000000.0,0.047,1.87,9.516,9.803,18911000000.0,10000000.0,62.54,2.771,2.857,1565000000.0,6477000000.0,10027000000.0,10027000000.0,0.0,0.098,0.21,0.185,0.493,0.0,291000000.0,1.0,444300000.0,458000000.0,470000000.0,21.893,24568000000.0,158000000.0,1481000000.0,5667000000.0,53.642,1272000000.0
16,DVN,MRY,2004-12-31,2004-12-31,2004-12-31,2021-08-04,930000000.0,30025000000.0,28374000000.0,3872000000.0,26153000000.0,0.32,28.369,-2963000000.0,1152000000.0,1152000000.0,2853000000.0,2186000000.0,1.249,1.196,7964000000.0,933000000.0,7031000000.0,7964000000.0,0.0,2225000000.0,0.0,0.005,0.2,3756000000.0,5981000000.0,0.658,5981000000.0,3756000000.0,3281000000.0,4.51,4.38,4.51,13674000000.0,12455500000.0,13674000000.0,25109976240.0,7.0,4.198,1853000000.0,3.844,1.0,6233000000.0,0.686,5637000000.0,475000000.0,28100000000.0,26842750000.0,0.0,1712000000.0,967000000.0,745000000.0,16351000000.0,3100000000.0,13251000000.0,18915976240.0,220000000.0,0.0,79000000.0,-973000000.0,-97000000.0,-1001000000.0,-3634000000.0,-626000000.0,4816000000.0,39000000.0,2186000000.0,2176000000.0,2176000000.0,-5000000.0,0.0,0.239,2420000000.0,3813000000.0,715000000.0,0.044,1.383,8.693,8.63,19346000000.0,10000000.0,38.92,2.082,2.065,1320000000.0,3693000000.0,9086000000.0,9086000000.0,0.0,0.077,0.175,0.14,0.413,0.0,277000000.0,1.0,486022000.0,482000000.0,499000000.0,18.851,24388000000.0,289000000.0,1095000000.0,5312000000.0,50.598,772000000.0
17,DVN,MRY,2003-12-31,2003-12-31,2003-12-31,2021-08-04,569000000.0,27162000000.0,24142000000.0,2364000000.0,24798000000.0,0.305,26.513,-2408000000.0,932000000.0,932000000.0,2456000000.0,1747000000.0,1.141,1.457,8918000000.0,338000000.0,8580000000.0,8918000000.0,0.0,1793000000.0,0.0,0.003,0.1,2763000000.0,4556000000.0,0.62,4556000000.0,2763000000.0,2261000000.0,4.16,4.04,4.16,11056000000.0,9059000000.0,11056000000.0,21397213820.0,8.0,4.696,1360000000.0,3.261,1.0,4896000000.0,0.666,5477000000.0,502000000.0,27600000000.0,25163250000.0,0.0,954000000.0,341000000.0,613000000.0,16106000000.0,2071000000.0,14035000000.0,13316213820.0,640000000.0,0.0,155000000.0,-521000000.0,-39000000.0,-414000000.0,-2773000000.0,-341000000.0,3768000000.0,59000000.0,1747000000.0,1737000000.0,1737000000.0,0.0,0.0,0.236,2219000000.0,2677000000.0,859000000.0,0.024,1.204,7.666,6.882,18334000000.0,10000000.0,28.63,1.811,1.624,946000000.0,1614000000.0,7352000000.0,7352000000.0,0.0,0.072,0.192,0.11,0.376,0.0,307000000.0,1.0,465114000.0,417000000.0,433000000.0,17.631,21685000000.0,0.0,514000000.0,4385000000.0,52.002,293000000.0
18,DVN,MRY,2002-12-31,2002-12-31,2002-12-31,2021-08-04,-267000000.0,16225000000.0,16773000000.0,1064000000.0,15161000000.0,0.257,15.058,-2359000000.0,292000000.0,292000000.0,1694000000.0,104000000.0,1.021,2.487,7562000000.0,0.0,7562000000.0,7562000000.0,0.0,1211000000.0,0.0,0.004,0.1,444000000.0,1655000000.0,0.383,1655000000.0,444000000.0,-89000000.0,0.31,0.3,0.31,4653000000.0,4665250000.0,4653000000.0,14748969400.0,33.0,8.912,-605000000.0,-1.958,1.0,2622000000.0,0.608,3555000000.0,533000000.0,18898000000.0,19876750000.0,26000000.0,512000000.0,40000000.0,472000000.0,11572000000.0,1042000000.0,10530000000.0,7190969400.0,109000000.0,316000000.0,32000000.0,410000000.0,-31000000.0,401000000.0,-2046000000.0,0.0,1754000000.0,0.0,104000000.0,94000000.0,94000000.0,-45000000.0,0.0,0.022,2081000000.0,541000000.0,376000000.0,0.323,1.545,76.5,74.032,10852000000.0,10000000.0,22.95,1.666,1.643,639000000.0,-84000000.0,4316000000.0,4316000000.0,0.0,0.006,0.02,0.022,0.103,0.0,219000000.0,1.0,313332000.0,309000000.0,313000000.0,13.968,12670000000.0,56000000.0,-193000000.0,2636000000.0,41.003,22000000.0
19,DVN,MRY,2001-12-31,2001-12-31,2001-12-31,2021-08-04,-28000000.0,13184000000.0,9011820000.0,1354000000.0,11830000000.0,0.318,12.73,-5194000000.0,183000000.0,183000000.0,713000000.0,103000000.0,1.473,3.045,6589000000.0,0.0,6589000000.0,6589000000.0,51000000.0,865000000.0,0.0,0.004,0.075,328000000.0,1193000000.0,0.417,1193000000.0,328000000.0,108000000.0,0.365,0.36,0.365,3259000000.0,3637448750.0,3259000000.0,6692393100.0,20.0,5.61,-3284000000.0,-12.828,1.0,2151000000.0,0.751,2206000000.0,220000000.0,16465000000.0,10360248000.0,20000000.0,681000000.0,45000000.0,636000000.0,9925000000.0,919000000.0,9006000000.0,4870441100.0,-11000000.0,-91000000.0,-156000000.0,3561000000.0,-25000000.0,3370000000.0,-5285000000.0,0.0,1910000000.0,-6000000.0,103000000.0,93000000.0,93000000.0,-31000000.0,0.0,0.032,1959000000.0,192000000.0,470000000.0,0.205,1.494,52.37,52.945,8762000000.0,10000000.0,19.325,1.701,1.727,489000000.0,-147000000.0,2864000000.0,2864000000.0,0.0,0.01,0.026,0.032,0.115,0.0,114000000.0,1.0,252028000.0,256000000.0,260000000.0,11.188,10978000000.0,68000000.0,5000000.0,2222000000.0,42.883,435000000.0
20,DVN,MRY,2000-12-31,2000-12-31,2000-12-31,2021-08-04,-85000000.0,6860000000.0,5704902250.0,828000000.0,6032000000.0,0.453,12.902,-1047000000.0,194000000.0,194000000.0,572000000.0,730000000.0,1.435,1.093,2049000000.0,0.0,2049000000.0,2049000000.0,114000000.0,703000000.0,0.0,0.003,0.1,1262000000.0,1965000000.0,0.76,1965000000.0,1262000000.0,1107000000.0,2.83,2.75,2.83,3277000000.0,2633534000.0,3277000000.0,9848440770.0,8.0,5.012,542000000.0,2.134,1.0,2015000000.0,0.779,289000000.0,155000000.0,7849000000.0,6707078250.0,23000000.0,639000000.0,40000000.0,599000000.0,3583000000.0,577000000.0,3006000000.0,7824950770.0,25000000.0,-132000000.0,66000000.0,-372000000.0,-22000000.0,-390000000.0,-1173000000.0,13000000.0,1589000000.0,-1000000.0,730000000.0,720000000.0,720000000.0,-69000000.0,0.0,0.278,859000000.0,1156000000.0,273000000.0,0.035,2.388,10.868,10.772,4662000000.0,10000000.0,30.485,3.025,2.993,562000000.0,-215000000.0,2587000000.0,2587000000.0,0.0,0.126,0.273,0.188,0.488,0.0,96000000.0,1.0,256682000.0,254000000.0,264000000.0,10.185,6571000000.0,9000000.0,377000000.0,698000000.0,25.87,251000000.0
21,DVN,MRY,1999-12-31,1999-12-31,1999-12-31,2021-08-04,-65000000.0,6096000000.0,3460984500.0,590000000.0,5506000000.0,0.369,13.41,-769000000.0,173000000.0,173000000.0,378000000.0,-154000000.0,1.263,1.418,2416000000.0,0.0,2416000000.0,2416000000.0,105000000.0,422000000.0,0.0,0.006,0.1,-94000000.0,328000000.0,0.257,328000000.0,-94000000.0,-203000000.0,-0.84,-0.84,-0.84,2521000000.0,1356156500.0,2521000000.0,4412043840.0,-47.0,13.451,-237000000.0,-1.261,1.0,900000000.0,0.704,323000000.0,109000000.0,7549000000.0,4370227000.0,39000000.0,671000000.0,57000000.0,614000000.0,3575000000.0,467000000.0,3108000000.0,2659761840.0,142000000.0,0.0,524000000.0,-144000000.0,-13000000.0,377000000.0,-768000000.0,0.0,532000000.0,1000000.0,-154000000.0,-158000000.0,-158000000.0,0.0,0.0,-0.124,996000000.0,-96000000.0,267000000.0,-0.119,1.055,-16.834,-19.571,4424000000.0,4000000.0,16.44,2.081,2.418,316000000.0,-909000000.0,1278000000.0,1278000000.0,0.0,-0.046,-0.117,-0.022,-0.074,0.0,81000000.0,1.0,161786000.0,188000000.0,198000000.0,6.798,5773000000.0,5000000.0,-49000000.0,337000000.0,30.707,123000000.0
22,DVN,MRY,1998-12-31,1998-12-31,1998-12-31,2021-08-04,-35962000.0,1930537000.0,1098218316.0,226648000.0,1703889000.0,0.643,5.284,-647815000.0,31254000.0,31254000.0,274618000.0,-235885000.0,1.031,1.575,885371000.0,0.0,885371000.0,885371000.0,3600000.0,243144000.0,0.0,0.007,0.1,-318460000.0,-75316000.0,-0.107,-75316000.0,-318460000.0,-361992000.0,-1.66,-1.66,-1.66,749763000.0,582049395.0,749763000.0,1134247271.0,-4.0,-15.06,-313344000.0,-2.208,1.0,431608000.0,0.611,0.0,43532000.0,2564798000.0,1330675684.0,21750000.0,35981000.0,35981000.0,0.0,1180774000.0,219856000.0,960918000.0,991897639.0,-16411000.0,0.0,-7171000.0,264207000.0,-7278000.0,256518000.0,-607260000.0,42584000.0,334471000.0,-140000.0,-235885000.0,-235885000.0,-235885000.0,0.0,0.0,-0.334,724247000.0,-292639000.0,155377000.0,-0.06,1.323,-4.205,-9.244,1623528000.0,0.0,15.345,1.405,3.083,137058000.0,-737009000.0,706226000.0,706226000.0,0.0,-0.215,-0.405,-0.239,-0.451,0.0,45454000.0,1.0,64639794.0,141896000.0,153864000.0,4.977,1930537000.0,54986000.0,-126107000.0,1200000.0,13.605,6792000.0
23,DVN,MRY,1997-12-31,1997-12-31,1997-12-31,2021-08-04,-27113000.0,1248986000.0,1216138000.0,213257000.0,1035729000.0,0.411,6.341,-107695000.0,42065000.0,42065000.0,120124000.0,-299991000.0,1.564,1.094,503816000.0,48979000.0,454837000.0,503816000.0,0.0,169108000.0,0.0,0.005,0.1,-455045000.0,-285937000.0,-0.572,-285937000.0,-455045000.0,-473833000.0,-3.19,-3.19,-3.19,596546000.0,637659000.0,596546000.0,,,,145361000.0,1.545,1.0,379535000.0,0.76,0.0,18788000.0,1574423000.0,1459412000.0,4012000.0,26370000.0,26370000.0,0.0,652440000.0,136314000.0,516126000.0,1244277458.0,28648000.0,0.0,-204122000.0,127158000.0,-6445000.0,-77141000.0,-147583000.0,-32428000.0,253056000.0,316000.0,-299991000.0,-299991000.0,-299991000.0,0.0,0.0,-0.6,819003000.0,-439468000.0,46003000.0,-0.031,2.086,-4.148,-6.034,995283000.0,0.0,19.25,2.49,3.625,96828000.0,-175346000.0,499659000.0,499659000.0,0.0,-0.247,-0.47,-0.312,-0.911,0.0,24381000.0,1.0,64637790.0,94080000.0,94080000.0,5.311,1248986000.0,434000.0,-173842000.0,36854000.0,13.276,76943000.0
24,DVN,MRY,1996-12-31,1996-12-31,1996-12-31,2021-08-04,-12655000.0,1183290000.0,802427058.0,233643000.0,949647000.0,0.363,10.343,-253618000.0,13417000.0,13417000.0,69614000.0,67603000.0,1.591,0.743,321335000.0,88835000.0,232500000.0,321335000.0,0.0,70307000.0,0.0,0.004,0.07,131351000.0,201658000.0,0.692,201658000.0,131351000.0,118689000.0,1.03,0.995,1.03,678772000.0,448906499.0,678772000.0,,,,-109370000.0,-1.667,1.0,221721000.0,0.761,0.0,12662000.0,1344401000.0,942254168.0,4310000.0,136000.0,136000.0,0.0,504518000.0,146807000.0,357711000.0,,-2721000.0,0.0,3278000.0,-47905000.0,-4995000.0,96420000.0,-243451000.0,16951000.0,144248000.0,62000.0,67603000.0,67603000.0,67603000.0,0.0,0.0,0.232,85418000.0,136303000.0,33796000.0,0.068,,,16.869,919547000.0,0.0,17.375,,3.914,63942000.0,131090000.0,291335000.0,291335000.0,0.0,0.084,0.151,0.139,0.451,0.0,15111000.0,1.0,,65624000.0,65624000.0,4.439,1183290000.0,1600000.0,51086000.0,112019000.0,18.031,86836000.0
25,DVN,MRY,1995-12-31,1995-12-31,1995-12-31,2021-08-04,0.0,421564117.0,,24874584.0,396689533.0,,4.962,-108166496.0,8897891.0,8897891.0,34121262.0,14501899.0,1.599,0.925,143000000.0,0.0,143000000.0,143000000.0,0.0,38089783.0,0.0,0.005,0.06,32673041.0,70762824.0,0.625,70762824.0,32673041.0,25621899.0,0.33,0.325,0.33,219040998.0,,219040998.0,,,,-46890651.0,-1.062,1.0,79181563.0,0.699,0.0,7051142.0,540107337.0,,605263.0,0.0,0.0,0.0,202523119.0,15558889.0,186964230.0,,561520.0,-2391484.0,782132.0,45000000.0,-2648898.0,49843655.0,-110557980.0,0.0,61275845.0,0.0,14501899.0,14501899.0,14501899.0,0.0,0.0,0.128,46508522.0,32673041.0,3868458.0,0.182,,,38.636,391818737.0,0.0,12.75,,4.968,14400295.0,49399461.0,113302825.0,113302825.0,0.0,,,,0.288,0.0,8418739.0,1.0,,44147100.0,44147100.0,2.566,421564117.0,749000.0,11120000.0,35816070.0,9.549,9315695.0
0,DVN,MRQ,2021-06-30,2021-06-30,2021-06-30,2021-08-04,-101000000.0,20065000000.0,,3076000000.0,16989000000.0,,12.408,-460.0,1539000000.0,1539000000.0,1478000000.0,261000000.0,1.001,1.373,6760000000.0,0.0,6760000000.0,6760000000.0,0.0,536.0,0.0,0.035,0.34,379000000.0,379000536.0,0.157,379000536.0,379000000.0,299000000.0,0.38,0.38,0.38,8399000000.0,,8399000000.0,25408711000.0,108.0,107.663,633.0,0.0,1.0,939000000.0,0.388,753000000.0,80000000.0,21461000000.0,,0.0,398000000.0,0.0,398000000.0,11530000000.0,3072000000.0,8458000000.0,19758711000.0,-339.0,0.0,0.0,-742.0,-229.0,-982.0,-452.0,8.0,1093.0,0.0,256000000.0,256000000.0,256000000.0,0.0,5000000.0,0.106,569000000.0,370000000.0,1517000000.0,0.895,2.353,71.85,153.632,15441000000.0,0.0,29.19,3.028,3.028,1185000000.0,243000000.0,2417000000.0,2417000000.0,3000000.0,,,,,20.0,94000000.0,1.0,676900000.0,676900000.0,,3.571,19312000000.0,40000000.0,43000000.0,0.0,28.53,4000000.0
1,DVN,MRQ,2021-03-31,2021-03-31,2021-03-31,2021-08-04,-104000000.0,20457000000.0,,3467000000.0,16990000000.0,,12.41,-484.0,1878000000.0,1878000000.0,1012000000.0,216000000.0,1.177,1.433,7528000000.0,226000000.0,7302000000.0,7528000000.0,0.0,467.0,0.0,0.036,0.19,42000000.0,42000467.0,0.024,42000467.0,42000000.0,-35000000.0,0.33,0.32,0.33,8353000000.0,,8353000000.0,17014235000.0,-23.0,-22.777,108.0,0.0,1.0,750000000.0,0.426,753000000.0,77000000.0,22409000000.0,,0.0,402000000.0,0.0,402000000.0,11971000000.0,2945000000.0,9026000000.0,14707235000.0,-359.0,344.0,0.0,-560.0,-203.0,-824.0,-130.0,10.0,592.0,0.0,213000000.0,213000000.0,213000000.0,0.0,3000000.0,0.121,734000000.0,16000000.0,1473000000.0,0.576,1.761,-22.592,-11.091,15529000000.0,0.0,21.85,3.266,3.266,1089000000.0,218000000.0,1762000000.0,1762000000.0,3000000.0,,,,,41.0,107000000.0,1.0,673100000.0,673100000.0,,2.618,19704000000.0,166000000.0,-248000000.0,0.0,29.274,522000000.0
2,DVN,MRQ,2020-12-31,2020-12-31,2020-12-31,2021-08-04,-127000000.0,9912000000.0,,3260000000.0,6652000000.0,,7.542,-215.0,2237000000.0,2237000000.0,889000000.0,-98000000.0,2.264,2.389,4544000000.0,0.0,4544000000.0,4544000000.0,0.0,301.0,0.0,0.043,0.11,-69000000.0,-68999699.0,-0.054,-68999699.0,-69000000.0,-139000000.0,-0.27,-0.27,-0.27,2885000000.0,,2885000000.0,8692325000.0,-3.0,-2.94,162.0,0.0,1.0,391000000.0,0.305,753000000.0,70000000.0,10026000000.0,,0.0,12000000.0,0.0,12000000.0,6893000000.0,1440000000.0,5453000000.0,6047325000.0,340.0,0.0,0.0,0.0,-138.0,-134.0,95.0,0.0,377.0,2.0,-102000000.0,-102000000.0,-102000000.0,25000000.0,4000000.0,-0.08,465000000.0,-74000000.0,904000000.0,-0.407,2.096,-2.256,-2.221,5616000000.0,0.0,15.81,1.253,1.253,601000000.0,208000000.0,1280000000.0,1280000000.0,4000000.0,,,,,18.0,82000000.0,1.0,382500000.0,382500000.0,,3.346,9159000000.0,174000000.0,-37000000.0,0.0,23.945,1820000000.0
3,DVN,MRQ,2020-09-30,2020-09-30,2020-09-30,2021-08-04,-116000000.0,10326000000.0,,3477000000.0,6849000000.0,,7.897,-203.0,1897000000.0,1897000000.0,749000000.0,-90000000.0,2.035,2.374,4542000000.0,0.0,4542000000.0,4542000000.0,0.0,299.0,0.0,0.07,0.37,-116000000.0,-115999701.0,-0.109,-115999701.0,-116000000.0,-182000000.0,-0.25,-0.25,-0.25,3023000000.0,,3023000000.0,6493288000.0,-2.0,-1.856,269.0,0.0,1.0,318000000.0,0.298,753000000.0,66000000.0,10509000000.0,,0.0,0.0,0.0,0.0,7178000000.0,1709000000.0,5469000000.0,3621288000.0,228.0,0.0,0.0,0.0,-43.0,-46.0,-202.0,0.0,472.0,4.0,-92000000.0,-92000000.0,-92000000.0,-13000000.0,2000000.0,-0.086,445000000.0,-127000000.0,977000000.0,-1.48,1.198,-1.125,-1.122,5782000000.0,0.0,9.46,0.705,0.705,493000000.0,351000000.0,1067000000.0,1067000000.0,39000000.0,,,,,31.0,75000000.0,1.0,382800000.0,382800000.0,,2.787,9573000000.0,0.0,-90000000.0,0.0,25.008,1768000000.0
4,DVN,MRQ,2020-06-30,2020-06-30,2020-06-30,2021-08-04,-117000000.0,10357000000.0,,3378000000.0,6979000000.0,,8.432,-305.0,1669000000.0,1669000000.0,602000000.0,-668000000.0,2.326,2.17,4541000000.0,0.0,4541000000.0,4541000000.0,0.0,299.0,0.0,0.034,0.11,-604000000.0,-603999701.0,-1.533,-603999701.0,-604000000.0,-673000000.0,-1.78,-1.78,-1.78,3227000000.0,,3227000000.0,7152818000.0,-2.0,-2.264,-198.0,0.0,1.0,-208000000.0,-0.528,753000000.0,69000000.0,11024000000.0,,0.0,0.0,0.0,0.0,7004000000.0,1452000000.0,5552000000.0,4339818000.0,-58.0,0.0,0.0,0.0,-42.0,-39.0,-134.0,0.0,107.0,8.0,-670000000.0,-670000000.0,-670000000.0,-9000000.0,2000000.0,-1.701,390000000.0,-598000000.0,782000000.0,-0.062,1.345,-1.438,-1.434,5917000000.0,0.0,11.34,0.746,0.746,515000000.0,586000000.0,394000000.0,394000000.0,12000000.0,,,,,19.0,79000000.0,1.0,382700000.0,382700000.0,,1.03,9604000000.0,0.0,-3000000.0,0.0,25.095,1926000000.0
5,DVN,MRQ,2020-03-31,2020-03-31,2020-03-31,2021-08-04,-118000000.0,11144000000.0,,4055000000.0,7089000000.0,,10.235,-404.0,1727000000.0,1727000000.0,896000000.0,-1815000000.0,2.609,1.813,4540000000.0,0.0,4540000000.0,4540000000.0,0.0,401.0,0.0,0.052,0.09,-2168000000.0,-2167999599.0,-1.039,-2167999599.0,-2168000000.0,-2233000000.0,-4.82,-4.82,-4.82,3919000000.0,,3919000000.0,5339839000.0,-3.0,-2.771,-6.0,0.0,1.0,1191000000.0,0.571,753000000.0,65000000.0,11650000000.0,,0.0,0.0,0.0,0.0,7104000000.0,1554000000.0,5550000000.0,2645839000.0,-117.0,0.0,-38.0,0.0,-34.0,-87.0,-405.0,0.0,398.0,-23.0,-1816000000.0,-1816000000.0,-1816000000.0,125000000.0,1000000.0,-0.87,3281000000.0,-2090000000.0,1061000000.0,-0.019,0.675,-1.427,-1.402,6017000000.0,0.0,6.91,0.366,0.366,594000000.0,1298000000.0,2087000000.0,2087000000.0,112000000.0,,,,,20.0,102000000.0,1.0,382900000.0,382900000.0,,5.451,10391000000.0,0.0,-417000000.0,0.0,27.138,2501000000.0
6,DVN,MRQ,2019-12-31,2019-12-31,2019-12-31,2021-08-04,-119000000.0,13717000000.0,,3851000000.0,9866000000.0,,15.105,-368.0,1844000000.0,1844000000.0,989000000.0,-640000000.0,1.998,1.344,4538000000.0,0.0,4538000000.0,4538000000.0,0.0,382.0,0.0,0.013,0.09,-611000000.0,-610999618.0,-0.385,-610999618.0,-611000000.0,-675000000.0,-1.58,-1.58,-1.58,5802000000.0,,5802000000.0,12859077000.0,-95.0,-95.253,202.0,0.0,1.0,600000000.0,0.378,753000000.0,64000000.0,13731000000.0,,0.0,0.0,0.0,0.0,7797000000.0,1927000000.0,5870000000.0,9975077000.0,188.0,0.0,-103.0,0.0,-34.0,-23.0,-368.0,0.0,570.0,9.0,-642000000.0,-642000000.0,-642000000.0,652000000.0,2000000.0,-0.404,553000000.0,47000000.0,1158000000.0,-0.057,1.719,-28.099,-29.18,8836000000.0,0.0,25.97,1.604,1.604,832000000.0,3148000000.0,1589000000.0,1589000000.0,29000000.0,,,,,23.0,119000000.0,1.0,384100000.0,384100000.0,,4.137,12964000000.0,47000000.0,-33000000.0,341000000.0,33.752,1924000000.0
7,DVN,MRQ,2019-09-30,2019-09-30,2019-09-30,2021-08-04,-116000000.0,14394000000.0,,2846000000.0,11548000000.0,,16.185,-522.0,1655000000.0,1655000000.0,978000000.0,109000000.0,1.717,1.2,4539000000.0,0.0,4539000000.0,4539000000.0,0.0,381.0,0.0,0.014,0.09,223000000.0,223000381.0,0.128,223000381.0,223000000.0,163000000.0,0.27,0.27,0.27,6542000000.0,,6542000000.0,10442052000.0,5.0,5.032,-21.0,0.0,1.0,768000000.0,0.44,841000000.0,60000000.0,14779000000.0,,0.0,0.0,0.0,0.0,7852000000.0,1658000000.0,6194000000.0,9725052000.0,-2197.0,0.0,-561.0,0.0,-35.0,-2168.0,-527.0,0.0,501.0,-3.0,109000000.0,109000000.0,109000000.0,27000000.0,0.0,0.062,518000000.0,250000000.0,1213000000.0,0.333,1.487,6.772,7.687,10396000000.0,0.0,24.06,1.285,1.285,787000000.0,3812000000.0,1746000000.0,1746000000.0,18000000.0,,,,,23.0,107000000.0,1.0,404200000.0,404200000.0,,4.32,13553000000.0,0.0,54000000.0,523000000.0,33.53,1188000000.0
8,DVN,MRQ,2019-06-30,2019-06-30,2019-06-30,2021-08-04,-117000000.0,16649000000.0,,5167000000.0,11482000000.0,,16.845,-471.0,3840000000.0,3840000000.0,1009000000.0,495000000.0,1.49,1.38,4557000000.0,0.0,4557000000.0,4557000000.0,0.0,374.0,0.0,0.012,0.09,629000000.0,629000374.0,0.348,629000374.0,629000000.0,563000000.0,1.2,1.19,1.2,6994000000.0,,6994000000.0,16598504000.0,4.0,3.873,152.0,0.0,1.0,797000000.0,0.441,841000000.0,66000000.0,13058000000.0,,0.0,0.0,0.0,0.0,9655000000.0,3467000000.0,6188000000.0,11841504000.0,2498.0,0.0,-187.0,0.0,-37.0,-227.0,2065.0,0.0,623.0,37.0,495000000.0,495000000.0,495000000.0,-344000000.0,0.0,0.274,512000000.0,285000000.0,1294000000.0,0.075,1.693,3.065,3.552,10310000000.0,0.0,28.52,1.484,1.484,842000000.0,3738000000.0,1806000000.0,1806000000.0,7000000.0,,,,,25.0,114000000.0,1.0,415200000.0,415200000.0,,4.35,15808000000.0,0.0,68000000.0,483000000.0,38.073,1700000000.0
9,DVN,MRQ,2019-03-31,2019-03-31,2019-03-31,2021-08-04,1064000000.0,18077000000.0,,2703000000.0,15374000000.0,,17.926,-190.0,1327000000.0,1327000000.0,1033000000.0,-317000000.0,1.373,1.301,6084000000.0,0.0,6084000000.0,6084000000.0,0.0,360.0,0.0,0.01,0.08,-376000000.0,-375999640.0,-0.348,-375999640.0,-376000000.0,-436000000.0,-0.74,-0.74,-0.74,7857000000.0,,7857000000.0,17365748000.0,5.0,4.756,188.0,0.0,1.0,46000000.0,0.043,841000000.0,60000000.0,20025000000.0,,0.0,0.0,0.0,0.0,10220000000.0,1968000000.0,8252000000.0,13832748000.0,-1091.0,0.0,-999.0,-162.0,-34.0,-1221.0,-249.0,0.0,378.0,1.0,-317000000.0,-317000000.0,-317000000.0,-61000000.0,0.0,-0.294,483000000.0,-437000000.0,1453000000.0,-0.108,1.761,4.699,5.26,14229000000.0,0.0,31.56,1.709,1.709,1038000000.0,3280000000.0,1079000000.0,1079000000.0,4000000.0,,,,,44.0,135000000.0,1.0,438300000.0,438300000.0,,2.462,17236000000.0,0.0,-119000000.0,772000000.0,39.325,735000000.0
10,DVN,MRQ,2018-12-31,2018-12-31,2018-12-31,2021-08-04,1027000000.0,19566000000.0,,4437000000.0,15129000000.0,,19.62,-679.0,2414000000.0,2414000000.0,1040000000.0,1149000000.0,1.993,1.13,4454000000.0,162000000.0,4292000000.0,4454000000.0,0.0,239.0,0.0,0.013,0.08,1599000000.0,1599000239.0,0.544,1599000239.0,1599000000.0,1540000000.0,2.4,2.36,2.4,9186000000.0,,9186000000.0,13499228000.0,3.0,3.485,-137.0,0.0,1.0,1899000000.0,0.646,753000000.0,59000000.0,18627000000.0,,0.0,0.0,0.0,0.0,10380000000.0,2226000000.0,8154000000.0,10553228000.0,-675.0,0.0,-759.0,-94.0,-37.0,-898.0,-303.0,0.0,542.0,-16.0,1149000000.0,1149000000.0,1149000000.0,113000000.0,0.0,0.391,194000000.0,1705000000.0,1252000000.0,0.033,1.149,3.444,3.671,8462000000.0,0.0,22.54,1.186,1.186,812000000.0,3650000000.0,2939000000.0,2939000000.0,23000000.0,,,,,25.0,136000000.0,1.0,468200000.0,468200000.0,,6.277,18813000000.0,0.0,391000000.0,529000000.0,40.182,2211000000.0
11,DVN,MRQ,2018-09-30,2018-09-30,2018-09-30,2021-08-04,1164000000.0,20172000000.0,,4757000000.0,15415000000.0,,17.488,-478.0,3102000000.0,3102000000.0,1618000000.0,2563000000.0,1.475,1.267,6048000000.0,257000000.0,5791000000.0,6048000000.0,0.0,342.0,0.0,0.007,0.08,2434000000.0,2434000342.0,1.129,2434000342.0,2434000000.0,2366000000.0,5.17,5.14,5.17,8898000000.0,,8898000000.0,24928472000.0,10.0,11.848,375.0,0.0,1.0,538000000.0,0.25,841000000.0,68000000.0,19053000000.0,,0.0,0.0,0.0,0.0,11274000000.0,3224000000.0,8050000000.0,20321472000.0,1596.0,0.0,-1698.0,-21.0,-38.0,-1689.0,2422.0,0.0,853.0,10.0,2537000000.0,2537000000.0,2537000000.0,-2407000000.0,26000000.0,1.177,485000000.0,53000000.0,1724000000.0,0.015,2.284,9.686,9.267,14202000000.0,0.0,39.94,3.236,3.236,1226000000.0,2505000000.0,2156000000.0,2156000000.0,22000000.0,,,,,25.0,128000000.0,1.0,508800000.0,508800000.0,,4.237,19331000000.0,0.0,-171000000.0,543000000.0,37.993,1533000000.0
12,DVN,MRQ,2018-06-30,2018-06-30,2018-06-30,2021-08-04,1091000000.0,29159000000.0,,13820000000.0,15339000000.0,,15.311,7000000.0,1460000000.0,1460000000.0,1555000000.0,-335000000.0,1.65,2.035,6067000000.0,277000000.0,5790000000.0,6067000000.0,0.0,342000000.0,0.0,0.006,0.08,-348000000.0,-6000000.0,-0.003,-6000000.0,-348000000.0,-412000000.0,-0.83,-0.83,-0.83,8014000000.0,,8014000000.0,31566664000.0,90.0,97.428,512000000.0,0.978,1.0,367000000.0,0.191,841000000.0,64000000.0,24548000000.0,,0.0,0.0,0.0,0.0,16311000000.0,8377000000.0,7934000000.0,23008664000.0,55000000.0,0.0,-428000000.0,0.0,-42000000.0,-403000000.0,-274000000.0,0.0,505000000.0,227000000.0,-425000000.0,-425000000.0,-425000000.0,-161000000.0,90000000.0,-0.221,786000000.0,-419000000.0,1730000000.0,-0.096,2.871,-93.531,-89.714,14121000000.0,0.0,43.96,3.799,3.799,1141000000.0,6000000.0,1922000000.0,1922000000.0,62000000.0,,,,,53000000.0,135000000.0,1.0,523400000.0,523400000.0,,3.672,28318000000.0,0.0,13000000.0,432000000.0,54.104,5443000000.0
13,DVN,MRQ,2018-03-31,2018-03-31,2018-03-31,2021-08-04,1122000000.0,29316000000.0,,3635000000.0,25681000000.0,,16.926,-610000000.0,1424000000.0,1424000000.0,1416000000.0,-153000000.0,1.044,1.751,9982000000.0,354000000.0,9628000000.0,9982000000.0,0.0,399000000.0,0.0,0.008,0.06,156000000.0,555000000.0,0.253,555000000.0,156000000.0,-231000000.0,-0.38,-0.38,-0.38,8905000000.0,,8905000000.0,24457719000.0,25.0,24.705,194000000.0,0.369,1.0,782000000.0,0.356,2383000000.0,387000000.0,32009000000.0,,0.0,0.0,0.0,0.0,15591000000.0,3482000000.0,12109000000.0,16724719000.0,-1214000000.0,0.0,-71000000.0,-1111000000.0,-32000000.0,-1213000000.0,-790000000.0,0.0,804000000.0,-15000000.0,-197000000.0,-197000000.0,-197000000.0,-58000000.0,44000000.0,-0.09,640000000.0,142000000.0,2131000000.0,-0.158,1.878,42.022,42.387,21383000000.0,0.0,31.79,2.655,2.655,1695000000.0,473000000.0,2198000000.0,2198000000.0,33000000.0,,,,,38000000.0,199000000.0,1.0,526100000.0,526100000.0,,4.178,26933000000.0,0.0,-34000000.0,773000000.0,51.194,153000000.0
14,DVN,MRQ,2017-12-31,2017-12-31,2017-12-31,2021-08-04,1166000000.0,30241000000.0,,4791000000.0,25450000000.0,,17.61,949998767.0,2642000000.0,2642000000.0,419000000.0,304000000.0,1.445,1.744,6864000000.0,115000000.0,6749000000.0,6864000000.0,0.0,-1138998992.0,0.0,0.006,0.06,260000000.0,-878998992.0,-293.0,-878998992.0,260000000.0,177000000.0,0.35,0.35,0.35,9254000000.0,,9254000000.0,29377700000.0,24.0,23.962,-1233998324.0,-2.348,1.0,-416000000.0,-138.667,841000000.0,83000000.0,30307000000.0,,0.0,0.0,0.0,0.0,16137000000.0,3315000000.0,12822000000.0,21755700000.0,-894999275.0,0.0,0.0,0.0,94999873.0,-123999991.0,1424997801.0,0.0,-2183997091.0,-11999994.0,183000000.0,183000000.0,183000000.0,-985000000.0,121000000.0,61.0,188000000.0,-604000000.0,1381000000.0,0.171,2.351,24.227,24.211,14584000000.0,0.0,41.4,3.347,3.347,989000000.0,702000000.0,3000000.0,3000000.0,137000000.0,,,,,-113999874.0,99000000.0,1.0,525500000.0,525500000.0,,0.006,29400000000.0,0.0,-6000000.0,489000000.0,55.947,1476000000.0
15,DVN,MRQ,2017-09-30,2017-09-30,2017-09-30,2021-08-04,297000000.0,27559000000.0,,4622000000.0,22937000000.0,,13.564,-193000000.0,2781000000.0,2781000000.0,1291000000.0,212000000.0,1.632,2.192,10403000000.0,20000000.0,10383000000.0,10403000000.0,0.0,370000000.0,0.0,0.007,0.06,284000000.0,654000000.0,0.338,654000000.0,284000000.0,206000000.0,0.37,0.37,0.37,7129000000.0,,7129000000.0,27483776000.0,7.0,4.956,508000000.0,0.967,1.0,642000000.0,0.332,3964000000.0,78000000.0,28385000000.0,,0.0,0.0,0.0,0.0,15625000000.0,2832000000.0,12793000000.0,19294776000.0,485000000.0,0.0,0.0,0.0,-30000000.0,156000000.0,-384000000.0,0.0,701000000.0,12000000.0,193000000.0,193000000.0,193000000.0,-18000000.0,19000000.0,0.1,357000000.0,285000000.0,1809000000.0,0.162,2.707,5.861,5.656,17082000000.0,0.0,36.71,3.473,3.473,1462000000.0,-428000000.0,1933000000.0,1933000000.0,57000000.0,,,,,33000000.0,170000000.0,1.0,525600000.0,525600000.0,,3.678,23595000000.0,0.0,13000000.0,665000000.0,44.892,1790000000.0
16,DVN,MRQ,2017-06-30,2017-06-30,2017-06-30,2021-08-04,291000000.0,26814000000.0,,4086000000.0,22728000000.0,,13.123,-372000000.0,2369000000.0,2369000000.0,1304000000.0,245000000.0,1.614,2.244,10558000000.0,0.0,10558000000.0,10558000000.0,0.0,369000000.0,0.0,0.008,0.06,291000000.0,660000000.0,0.305,660000000.0,291000000.0,214000000.0,0.41,0.41,0.41,6899000000.0,,6899000000.0,25068629000.0,5.0,3.745,365000000.0,0.694,1.0,861000000.0,0.398,3964000000.0,77000000.0,28507000000.0,,0.0,0.0,0.0,0.0,15484000000.0,2532000000.0,12952000000.0,16806629000.0,250000000.0,0.0,0.0,0.0,-33000000.0,92000000.0,-587000000.0,0.0,737000000.0,8000000.0,219000000.0,219000000.0,219000000.0,-33000000.0,26000000.0,0.101,577000000.0,284000000.0,1641000000.0,0.146,2.436,4.107,3.986,16822000000.0,0.0,31.97,2.14,2.14,1248000000.0,-656000000.0,2165000000.0,2165000000.0,57000000.0,,,,,45000000.0,181000000.0,1.0,525700000.0,525700000.0,,4.118,22850000000.0,0.0,-5000000.0,659000000.0,43.466,1554000000.0
17,DVN,MRQ,2017-03-31,2017-03-31,2017-03-31,2021-08-04,287000000.0,26134000000.0,,3775000000.0,22359000000.0,,12.326,-641000000.0,2119000000.0,2119000000.0,2271000000.0,317000000.0,1.528,2.353,10381000000.0,0.0,10381000000.0,10381000000.0,0.0,528000000.0,0.0,0.006,0.06,439000000.0,967000000.0,0.272,967000000.0,439000000.0,311000000.0,0.58,0.58,0.58,6466000000.0,,6466000000.0,30081312000.0,9.0,6.104,105000000.0,0.2,1.0,1280000000.0,0.36,3964000000.0,128000000.0,27962000000.0,,0.0,0.0,0.0,0.0,15212000000.0,2470000000.0,12742000000.0,21886312000.0,160000000.0,0.0,0.0,-24000000.0,-32000000.0,-124000000.0,-454000000.0,190000000.0,746000000.0,-8000000.0,303000000.0,303000000.0,303000000.0,0.0,14000000.0,0.085,827000000.0,453000000.0,1629000000.0,0.103,3.385,9.503,9.129,16421000000.0,0.0,41.72,2.676,2.676,1320000000.0,-1081000000.0,3551000000.0,3551000000.0,95000000.0,,,,,55000000.0,231000000.0,1.0,524600000.0,524600000.0,,6.769,22170000000.0,0.0,8000000.0,651000000.0,42.261,1305000000.0
18,DVN,MRQ,2016-12-31,2016-12-31,2016-12-31,2021-08-04,1054000000.0,28675000000.0,,3772000000.0,24903000000.0,,15.802,557000000.0,1959000000.0,1959000000.0,-693000000.0,2566000000.0,1.442,1.928,10154000000.0,0.0,10154000000.0,10154000000.0,0.0,172000000.0,0.0,0.009,0.06,3093000000.0,3265000000.0,-1.559,3265000000.0,3093000000.0,2946000000.0,5.13,5.13,5.13,8274000000.0,,8274000000.0,32881812000.0,-166.0,23.588,820000000.0,1.566,1.0,-1401000000.0,0.669,2383000000.0,147000000.0,31871000000.0,,0.0,0.0,0.0,0.0,15953000000.0,2616000000.0,13337000000.0,23912812000.0,-426000000.0,1641000000.0,0.0,-1615000000.0,-31000000.0,-1433000000.0,810000000.0,0.0,263000000.0,-66000000.0,2577000000.0,2577000000.0,2577000000.0,884000000.0,-11000000.0,-1.231,-5217000000.0,3816000000.0,1550000000.0,0.012,2.89,-22.645,-21.852,20533000000.0,0.0,45.67,3.541,3.541,1356000000.0,-69000000.0,-2094000000.0,-2094000000.0,215000000.0,,,,,40000000.0,251000000.0,1.0,523600000.0,523600000.0,,-3.999,26292000000.0,0.0,369000000.0,1063000000.0,50.214,1156000000.0
19,DVN,MRQ,2016-09-30,2016-09-30,2016-09-30,2021-08-04,278000000.0,26813000000.0,,4451000000.0,22362000000.0,,11.154,1259000000.0,2385000000.0,2385000000.0,1902000000.0,1007000000.0,1.561,2.868,11354000000.0,350000000.0,11004000000.0,11354000000.0,0.0,394000000.0,0.0,0.014,0.06,1407000000.0,1801000000.0,0.425,1801000000.0,1407000000.0,1164000000.0,1.9,1.89,1.9,5840000000.0,,5840000000.0,34079996000.0,-5.0,-8.632,1986000000.0,3.793,1.0,2331000000.0,0.551,3963000000.0,243000000.0,28968000000.0,,0.0,0.0,0.0,0.0,16752000000.0,2851000000.0,13901000000.0,23095996000.0,662000000.0,-3000000.0,0.0,-1439000000.0,-32000000.0,-1346000000.0,1290000000.0,0.0,727000000.0,-9000000.0,993000000.0,993000000.0,993000000.0,0.0,14000000.0,0.235,866000000.0,1465000000.0,1389000000.0,0.032,3.955,-3.496,-2.97,16169000000.0,0.0,44.11,1.968,1.968,1092000000.0,-1977000000.0,4233000000.0,4233000000.0,0.0,,,,,23000000.0,141000000.0,1.0,523600000.0,523600000.0,,8.084,22850000000.0,0.0,171000000.0,631000000.0,43.64,1600000000.0
20,DVN,MRQ,2016-06-30,2016-06-30,2016-06-30,2021-08-04,265000000.0,27244000000.0,,3982000000.0,23262000000.0,,9.25,-298000000.0,1723000000.0,1723000000.0,1829000000.0,-1563000000.0,1.36,3.781,12707000000.0,350000000.0,12357000000.0,12707000000.0,0.0,484000000.0,0.0,0.022,0.06,-1589000000.0,-1105000000.0,-0.444,-1105000000.0,-1589000000.0,-1752000000.0,-3.04,-3.04,-3.04,4847000000.0,,4847000000.0,29905000000.0,-2.0,-2.964,47000000.0,0.09,1.0,659000000.0,0.265,4159000000.0,163000000.0,31140000000.0,,0.0,0.0,0.0,0.0,18325000000.0,2929000000.0,15396000000.0,18995000000.0,88000000.0,-11000000.0,0.0,160000000.0,-33000000.0,90000000.0,-335000000.0,0.0,345000000.0,-12000000.0,-1570000000.0,-1570000000.0,-1570000000.0,0.0,7000000.0,-0.631,2156000000.0,-1497000000.0,1364000000.0,-0.02,3.919,-1.71,-1.428,16815000000.0,0.0,36.25,1.711,1.711,1167000000.0,-2970000000.0,2488000000.0,2488000000.0,0.0,,,,,32000000.0,147000000.0,1.0,524000000.0,524000000.0,,4.748,23085000000.0,0.0,-182000000.0,555000000.0,44.055,1053000000.0
21,DVN,MRQ,2016-03-31,2016-03-31,2016-03-31,2021-08-04,257000000.0,28637000000.0,,2950000000.0,25687000000.0,,14.525,-731000000.0,1635000000.0,1635000000.0,1588000000.0,-3468000000.0,1.135,2.828,12545000000.0,350000000.0,12195000000.0,12545000000.0,0.0,542000000.0,0.0,0.035,0.24,-3109000000.0,-2567000000.0,-1.207,-2567000000.0,-3109000000.0,-3273000000.0,-6.44,-6.44,-6.44,6410000000.0,,6410000000.0,22912272000.0,-1.0,-1.826,-566000000.0,-1.283,1.0,538000000.0,0.253,4159000000.0,164000000.0,32788000000.0,,0.0,0.0,0.0,0.0,18129000000.0,2600000000.0,15529000000.0,12109272000.0,-675000000.0,-1627000000.0,1469000000.0,-489000000.0,-125000000.0,1493000000.0,-2359000000.0,0.0,165000000.0,26000000.0,-3056000000.0,-3056000000.0,-3056000000.0,0.0,-412000000.0,-1.437,4038000000.0,-3500000000.0,1345000000.0,-0.037,1.889,-0.98,-0.937,19264000000.0,0.0,27.44,1.009,1.009,1023000000.0,-1400000000.0,2126000000.0,2126000000.0,0.0,,,,,108000000.0,194000000.0,1.0,441300000.0,441300000.0,,4.818,24478000000.0,24000000.0,-217000000.0,731000000.0,55.468,350000000.0
22,DVN,MRQ,2015-12-31,2015-12-31,2015-12-31,2021-08-04,230000000.0,29451000000.0,,4021000000.0,25430000000.0,,17.151,-486000000.0,2310000000.0,2310000000.0,2021000000.0,-3354000000.0,1.22,2.619,13032000000.0,976000000.0,12056000000.0,13032000000.0,0.0,1534000000.0,0.0,0.03,0.24,-3611000000.0,-2077000000.0,-0.72,-2077000000.0,-3611000000.0,-3752000000.0,-7.27,-7.27,-7.27,7049000000.0,,7049000000.0,23265000000.0,-1.0,-1.597,110000000.0,0.268,1.0,865000000.0,0.3,5032000000.0,141000000.0,31846000000.0,,0.0,0.0,0.0,0.0,18462000000.0,3295000000.0,15167000000.0,13152000000.0,523000000.0,-577000000.0,0.0,1208000000.0,-100000000.0,1010000000.0,-1071000000.0,0.0,596000000.0,-12000000.0,-2974000000.0,-2974000000.0,-2974000000.0,0.0,-380000000.0,-1.03,4902000000.0,-4037000000.0,1669000000.0,-0.033,1.866,-1.02,-1.009,19068000000.0,0.0,32.0,1.001,1.001,1105000000.0,1781000000.0,2886000000.0,2886000000.0,451000000.0,,,,,244000000.0,532000000.0,1.0,411000000.0,411000000.0,,7.022,24419000000.0,0.0,-778000000.0,888000000.0,59.414,726000000.0
23,DVN,MRQ,2015-09-30,2015-09-30,2015-09-30,2021-08-04,321000000.0,34351000000.0,,4298000000.0,30053000000.0,,28.097,-1053000000.0,1787000000.0,1787000000.0,2238000000.0,-3909000000.0,1.228,1.596,11900000000.0,500000000.0,11400000000.0,11900000000.0,0.0,744000000.0,0.0,0.026,0.24,-5085000000.0,-4341000000.0,-1.205,-4341000000.0,-5085000000.0,-5221000000.0,-8.64,-8.64,-8.64,11548000000.0,,11548000000.0,25563990000.0,-2.0,-2.292,500000000.0,1.217,1.0,1363000000.0,0.379,5775000000.0,136000000.0,35188000000.0,,0.0,0.0,0.0,0.0,18429000000.0,3501000000.0,14928000000.0,15243990000.0,62000000.0,-113000000.0,0.0,-144000000.0,-99000000.0,-300000000.0,-1169000000.0,0.0,1553000000.0,-22000000.0,-3507000000.0,-3507000000.0,-3507000000.0,0.0,-402000000.0,-0.974,6807000000.0,-5444000000.0,1925000000.0,-0.028,1.32,-1.476,-1.456,22775000000.0,0.0,37.09,0.88,0.88,1318000000.0,6413000000.0,3601000000.0,3601000000.0,0.0,,,,,0.0,198000000.0,1.0,411000000.0,411000000.0,,8.762,28576000000.0,8000000.0,-1714000000.0,1594000000.0,69.528,797000000.0
24,DVN,MRQ,2015-06-30,2015-06-30,2015-06-30,2021-08-04,528000000.0,40606000000.0,,4730000000.0,35876000000.0,,37.273,-1426000000.0,1725000000.0,1725000000.0,2541000000.0,-2793000000.0,1.183,1.335,12045000000.0,670000000.0,11375000000.0,12045000000.0,0.0,814000000.0,0.0,0.016,0.24,-4377000000.0,-3563000000.0,-1.05,-3563000000.0,-4377000000.0,-4502000000.0,-6.94,-6.94,-6.94,15323000000.0,,15323000000.0,34347339000.0,-4.0,-8.131,-325000000.0,-0.791,1.0,852000000.0,0.251,6349000000.0,125000000.0,40579000000.0,,0.0,0.0,0.0,0.0,20455000000.0,3998000000.0,16457000000.0,24456339000.0,-133000000.0,-13000000.0,0.0,282000000.0,-98000000.0,210000000.0,-1447000000.0,0.0,1101000000.0,3000000.0,-2816000000.0,-2816000000.0,-2816000000.0,0.0,23000000.0,-0.83,5215000000.0,-4363000000.0,2130000000.0,-0.035,1.596,-4.212,-4.146,27824000000.0,0.0,59.49,1.283,1.283,1602000000.0,10018000000.0,3393000000.0,3393000000.0,0.0,,,,,0.0,212000000.0,1.0,411100000.0,411100000.0,,8.253,34257000000.0,9000000.0,-1686000000.0,3255000000.0,83.33,732000000.0
25,DVN,MRQ,2015-03-31,2015-03-31,2015-03-31,2021-08-04,481000000.0,45342000000.0,,5806000000.0,39536000000.0,,43.778,-1715000000.0,1858000000.0,1858000000.0,2100000000.0,-3589000000.0,1.044,1.24,11749000000.0,1448000000.0,10301000000.0,11749000000.0,0.0,930000000.0,0.0,0.016,0.24,-5517000000.0,-4587000000.0,-1.405,-4587000000.0,-5517000000.0,-5634000000.0,-8.88,-8.88,-8.88,17997000000.0,,17997000000.0,34575441000.0,-21.0,18.925,-67000000.0,-0.163,1.0,1165000000.0,0.357,6328000000.0,117000000.0,43345000000.0,,0.0,0.0,0.0,0.0,22323000000.0,5560000000.0,16763000000.0,24793441000.0,378000000.0,-404000000.0,0.0,485000000.0,-99000000.0,892000000.0,-2116000000.0,0.0,1648000000.0,-46000000.0,-3599000000.0,-3599000000.0,-3599000000.0,0.0,10000000.0,-1.102,6660000000.0,-5495000000.0,2389000000.0,-0.027,1.378,-10.705,-10.47,31455000000.0,0.0,60.31,1.229,1.229,1663000000.0,12933000000.0,3265000000.0,3265000000.0,0.0,,,,,0.0,251000000.0,1.0,411100000.0,411100000.0,,7.942,39014000000.0,0.0,-2035000000.0,4805000000.0,94.901,246000000.0
26,DVN,MRQ,2014-12-31,2014-12-31,2014-12-31,2021-08-04,779000000.0,50637000000.0,,6498000000.0,44139000000.0,,52.65,-2057000000.0,1480000000.0,1480000000.0,2399000000.0,-379000000.0,1.095,1.128,11262000000.0,1432000000.0,9830000000.0,11262000000.0,0.0,910000000.0,0.0,0.015,0.24,429000000.0,1339000000.0,0.189,1339000000.0,429000000.0,262000000.0,-1.01,-1.0,-1.01,21539000000.0,,21539000000.0,33692011000.0,7.0,4.308,-1054000000.0,-2.576,1.0,4668000000.0,0.661,6303000000.0,167000000.0,48181000000.0,,0.0,0.0,0.0,0.0,24296000000.0,5935000000.0,18361000000.0,25041011000.0,-1928000000.0,-207000000.0,0.0,-849000000.0,-99000000.0,-655000000.0,-2262000000.0,0.0,1003000000.0,-14000000.0,-408000000.0,-408000000.0,-408000000.0,0.0,29000000.0,-0.058,4208000000.0,460000000.0,2593000000.0,-0.238,1.163,15.582,15.575,36296000000.0,0.0,61.21,1.213,1.213,1959000000.0,16631000000.0,7067000000.0,7067000000.0,0.0,,,,,163000000.0,252000000.0,1.0,409100000.0,409100000.0,,17.275,44334000000.0,522000000.0,670000000.0,6974000000.0,108.37,563000000.0
27,DVN,MRQ,2014-09-30,2014-09-30,2014-09-30,2021-08-04,993000000.0,50839000000.0,,5973000000.0,44866000000.0,,54.207,588000000.0,3408000000.0,3408000000.0,2505000000.0,1041000000.0,0.996,1.085,12059000000.0,1898000000.0,10161000000.0,12059000000.0,0.0,842000000.0,0.0,0.013,0.24,1745000000.0,2587000000.0,0.485,2587000000.0,1745000000.0,1629000000.0,2.48,2.47,2.48,22176000000.0,,22176000000.0,38541438000.0,8.0,4.955,2147000000.0,5.248,1.0,2831000000.0,0.531,8310000000.0,116000000.0,45186000000.0,,0.0,0.0,0.0,0.0,24071000000.0,5994000000.0,18077000000.0,27892438000.0,1702000000.0,-31000000.0,0.0,-293000000.0,-98000000.0,-389000000.0,560000000.0,0.0,1559000000.0,-28000000.0,1016000000.0,1016000000.0,1016000000.0,0.0,25000000.0,0.19,1057000000.0,1774000000.0,2799000000.0,0.097,1.258,12.553,12.533,35169000000.0,0.0,68.18,1.722,1.722,2009000000.0,17138000000.0,5336000000.0,5336000000.0,0.0,,,,,0.0,195000000.0,1.0,409100000.0,409100000.0,,13.043,42529000000.0,0.0,613000000.0,6293000000.0,103.957,-21000000.0
28,DVN,MRQ,2014-06-30,2014-06-30,2014-06-30,2021-08-04,1270000000.0,51115000000.0,,4392000000.0,46723000000.0,,52.645,1042000000.0,1706000000.0,1706000000.0,2738000000.0,700000000.0,0.939,1.167,12355000000.0,475000000.0,11880000000.0,12355000000.0,0.0,828000000.0,0.0,0.011,0.24,1660000000.0,2488000000.0,0.552,2488000000.0,1660000000.0,1529000000.0,1.65,1.64,1.65,21474000000.0,,21474000000.0,45872260000.0,13.0,6.928,3091000000.0,7.578,1.0,1772000000.0,0.393,8408000000.0,131000000.0,48677000000.0,,0.0,0.0,0.0,0.0,25056000000.0,4679000000.0,20377000000.0,32387260000.0,-321000000.0,-289000000.0,0.0,-3158000000.0,-99000000.0,-3194000000.0,800000000.0,0.0,2049000000.0,24000000.0,675000000.0,675000000.0,675000000.0,0.0,25000000.0,0.15,-2000000.0,1774000000.0,3110000000.0,0.145,1.508,19.809,19.751,36999000000.0,0.0,79.4,2.386,2.386,2301000000.0,16220000000.0,4510000000.0,4510000000.0,0.0,,,,,0.0,189000000.0,1.0,407900000.0,407900000.0,,11.057,42707000000.0,0.0,854000000.0,5927000000.0,104.7,-287000000.0
29,DVN,MRQ,2014-03-31,2014-03-31,2014-03-31,2021-08-04,973000000.0,52765000000.0,,5020000000.0,47745000000.0,,50.304,-1441000000.0,2027000000.0,2027000000.0,2040000000.0,329000000.0,0.662,1.353,15512000000.0,3773000000.0,11739000000.0,15512000000.0,0.0,739000000.0,0.0,0.013,0.22,667000000.0,1406000000.0,0.377,1406000000.0,667000000.0,555000000.0,0.8,0.79,0.8,20494000000.0,,20494000000.0,33223282000.0,11.0,5.624,-31000000.0,-0.076,1.0,1685000000.0,0.452,9155000000.0,112000000.0,49515000000.0,,0.0,0.0,0.0,0.0,27719000000.0,7580000000.0,20139000000.0,27267282000.0,-4039000000.0,-5935000000.0,0.0,2026000000.0,-90000000.0,1844000000.0,-7282000000.0,57000000.0,1410000000.0,-11000000.0,324000000.0,324000000.0,324000000.0,0.0,5000000.0,0.087,995000000.0,690000000.0,3110000000.0,0.275,1.331,16.596,16.485,37429000000.0,0.0,66.93,2.244,2.244,2580000000.0,15644000000.0,3725000000.0,3725000000.0,0.0,,,,,0.0,211000000.0,1.0,407400000.0,407400000.0,,9.143,43610000000.0,0.0,231000000.0,5249000000.0,107.045,-2560000000.0
30,DVN,MRQ,2013-12-31,2013-12-31,2013-12-31,2021-08-04,1268000000.0,42877000000.0,,8005000000.0,34872000000.0,,50.49,-1180000000.0,6066000000.0,6066000000.0,1117000000.0,207000000.0,1.203,1.092,12022000000.0,4066000000.0,7956000000.0,12022000000.0,0.0,711000000.0,0.0,0.014,0.22,586000000.0,1297000000.0,0.494,1297000000.0,586000000.0,475000000.0,0.51,0.51,0.51,20499000000.0,,20499000000.0,30867220000.0,55.0,9.225,257000000.0,0.633,1.0,1507000000.0,0.574,5858000000.0,111000000.0,36320000000.0,,0.0,0.0,0.0,0.0,22378000000.0,6655000000.0,15723000000.0,25119220000.0,1746000000.0,-256000000.0,-1000000.0,1938000000.0,-89000000.0,1850000000.0,-1522000000.0,0.0,1437000000.0,-19000000.0,207000000.0,207000000.0,207000000.0,0.0,0.0,0.079,916000000.0,591000000.0,2015000000.0,0.431,1.225,-1255.961,-1031.167,28447000000.0,0.0,61.87,2.416,2.416,1520000000.0,15410000000.0,2624000000.0,2624000000.0,0.0,,,,,0.0,157000000.0,1.0,406000000.0,406000000.0,,6.463,37019000000.0,89000000.0,268000000.0,4812000000.0,91.18,1350000000.0
31,DVN,MRQ,2013-09-30,2013-09-30,2013-09-30,2021-08-04,1502000000.0,40846000000.0,,6315000000.0,34531000000.0,,50.768,-1368000000.0,4320000000.0,4320000000.0,1098000000.0,429000000.0,1.321,0.982,10068000000.0,2112000000.0,7956000000.0,10068000000.0,0.0,691000000.0,0.0,0.015,0.22,739000000.0,1430000000.0,0.527,1430000000.0,739000000.0,639000000.0,1.06,1.05,1.06,20612000000.0,,20612000000.0,30237560000.0,-68.0,12.851,233000000.0,0.574,1.0,1616000000.0,0.595,5954000000.0,100000000.0,35858000000.0,,0.0,0.0,0.0,0.0,20234000000.0,4782000000.0,15452000000.0,23450560000.0,957000000.0,0.0,0.0,-82000000.0,-89000000.0,-171000000.0,-498000000.0,869000000.0,1601000000.0,25000000.0,429000000.0,429000000.0,429000000.0,0.0,0.0,0.158,883000000.0,733000000.0,2076000000.0,0.208,1.138,-40.155,-39.027,27962000000.0,0.0,57.76,2.265,2.265,1520000000.0,15292000000.0,2714000000.0,2714000000.0,0.0,,,,,0.0,143000000.0,1.0,406000000.0,406000000.0,,6.685,34892000000.0,0.0,210000000.0,4505000000.0,85.941,1533000000.0
32,DVN,MRQ,2013-06-30,2013-06-30,2013-06-30,2021-08-04,1326000000.0,40020000000.0,,6357000000.0,33663000000.0,,49.424,-1638000000.0,3363000000.0,3363000000.0,1066000000.0,683000000.0,1.307,0.994,10150000000.0,2194000000.0,7956000000.0,10150000000.0,0.0,674000000.0,0.0,0.016,0.22,1100000000.0,1774000000.0,0.574,1774000000.0,1100000000.0,997000000.0,1.69,1.68,1.69,20066000000.0,,20066000000.0,27940280000.0,-12.0,47.517,-242000000.0,-0.596,1.0,2022000000.0,0.655,5917000000.0,103000000.0,36025000000.0,,0.0,869000000.0,869000000.0,0.0,19954000000.0,4865000000.0,15089000000.0,21063280000.0,-1912000000.0,0.0,1000000.0,-2003000000.0,-89000000.0,-2089000000.0,-1197000000.0,356000000.0,1396000000.0,-22000000.0,683000000.0,683000000.0,683000000.0,0.0,0.0,0.221,922000000.0,1100000000.0,2027000000.0,0.13,1.05,-12.161,-11.954,26925000000.0,0.0,51.88,2.216,2.216,1538000000.0,14952000000.0,3088000000.0,3088000000.0,0.0,,,,,0.0,167000000.0,1.0,406000000.0,406000000.0,,7.606,34103000000.0,0.0,314000000.0,4196000000.0,83.998,1492000000.0
33,DVN,MRQ,2013-03-31,2013-03-31,2013-03-31,2021-08-04,1592000000.0,41582000000.0,,8403000000.0,33179000000.0,,48.542,-1897000000.0,5275000000.0,5275000000.0,1001000000.0,-1339000000.0,1.236,1.11,12152000000.0,4197000000.0,7955000000.0,12152000000.0,0.0,704000000.0,0.0,0.014,0.2,-1859000000.0,-1155000000.0,-0.586,-1155000000.0,-1859000000.0,-1962000000.0,-3.34,-3.34,-3.34,19708000000.0,,19708000000.0,29913520000.0,-12.0,90.373,-895000000.0,-2.204,1.0,970000000.0,0.492,6017000000.0,103000000.0,35642000000.0,,0.0,1226000000.0,1226000000.0,0.0,21874000000.0,6800000000.0,15074000000.0,22906520000.0,638000000.0,0.0,0.0,508000000.0,-81000000.0,430000000.0,-782000000.0,1118000000.0,1002000000.0,-12000000.0,-1339000000.0,-1339000000.0,-1339000000.0,0.0,0.0,-0.679,2827000000.0,-1857000000.0,2162000000.0,-0.06,1.162,-11.82,-11.633,26382000000.0,0.0,56.42,2.552,2.552,1369000000.0,14358000000.0,1971000000.0,1971000000.0,0.0,,,,,0.0,150000000.0,1.0,406000000.0,406000000.0,,4.855,35565000000.0,0.0,-623000000.0,4154000000.0,87.599,1603000000.0
34,DVN,MRQ,2012-12-31,2012-12-31,2012-12-31,2021-08-04,1771000000.0,43326000000.0,,8971000000.0,34355000000.0,,52.538,-1926000000.0,4637000000.0,4637000000.0,1041000000.0,-357000000.0,1.494,1.036,11644000000.0,3189000000.0,8455000000.0,11644000000.0,0.0,731000000.0,0.0,0.015,0.2,-427000000.0,304000000.0,0.118,304000000.0,-427000000.0,-501000000.0,-0.89,-0.89,-0.89,21278000000.0,,21278000000.0,26973200000.0,843.0,9.488,-783000000.0,-1.933,1.0,1539000000.0,0.597,6079000000.0,74000000.0,38251000000.0,,0.0,2343000000.0,2343000000.0,0.0,22048000000.0,6003000000.0,16045000000.0,21076200000.0,-701000000.0,0.0,2000000.0,354000000.0,-82000000.0,274000000.0,-2110000000.0,-179000000.0,1143000000.0,-8000000.0,-357000000.0,-357000000.0,-357000000.0,0.0,0.0,-0.138,1991000000.0,-452000000.0,2201000000.0,-0.225,0.991,-102.312,-100.077,27316000000.0,0.0,52.04,2.218,2.218,1245000000.0,15778000000.0,2580000000.0,2580000000.0,0.0,,,,,0.0,198000000.0,1.0,405000000.0,405000000.0,,6.37,37247000000.0,0.0,-144000000.0,4693000000.0,91.968,2968000000.0
35,DVN,MRQ,2012-09-30,2012-09-30,2012-09-30,2021-08-04,1879000000.0,43548000000.0,,9433000000.0,34115000000.0,,53.847,-1428000000.0,5338000000.0,5338000000.0,930000000.0,-719000000.0,1.716,0.999,11235000000.0,2780000000.0,8455000000.0,11235000000.0,0.0,716000000.0,0.0,0.013,0.2,-1051000000.0,-335000000.0,-0.18,-335000000.0,-1051000000.0,-1161000000.0,-1.8,-1.8,-1.8,21781000000.0,,21781000000.0,28974250000.0,22.0,7.233,-67000000.0,-0.166,1.0,935000000.0,0.501,6114000000.0,110000000.0,37835000000.0,,0.0,2164000000.0,2164000000.0,0.0,21767000000.0,5496000000.0,16271000000.0,24472250000.0,-763000000.0,0.0,3000000.0,600000000.0,-80000000.0,527000000.0,-2644000000.0,-1220000000.0,1361000000.0,-7000000.0,-719000000.0,-719000000.0,-719000000.0,0.0,0.0,-0.386,1994000000.0,-1059000000.0,2181000000.0,-0.111,1.124,37.192,36.228,27146000000.0,0.0,60.5,2.577,2.577,1113000000.0,16217000000.0,1865000000.0,1865000000.0,0.0,,,,,0.0,150000000.0,1.0,404500000.0,404500000.0,,4.611,37434000000.0,0.0,-442000000.0,4944000000.0,92.544,3937000000.0
36,DVN,MRQ,2012-06-30,2012-06-30,2012-06-30,2021-08-04,1565000000.0,43470000000.0,,9217000000.0,34253000000.0,,54.958,-1315000000.0,6101000000.0,6101000000.0,822000000.0,477000000.0,1.858,0.956,10603000000.0,2148000000.0,8455000000.0,10603000000.0,0.0,684000000.0,0.0,0.013,0.2,833000000.0,1517000000.0,0.593,1517000000.0,833000000.0,734000000.0,1.18,1.18,1.18,22225000000.0,,22225000000.0,28462156000.0,7.0,4.347,111000000.0,0.274,1.0,1737000000.0,0.679,6007000000.0,99000000.0,37004000000.0,,0.0,944000000.0,944000000.0,0.0,21245000000.0,4961000000.0,16284000000.0,23451156000.0,273000000.0,0.0,2000000.0,-140000000.0,-82000000.0,-220000000.0,-962000000.0,338000000.0,1426000000.0,29000000.0,477000000.0,477000000.0,477000000.0,0.0,0.0,0.186,860000000.0,877000000.0,2101000000.0,0.169,1.055,9.711,9.697,27241000000.0,0.0,57.99,2.106,2.106,1005000000.0,17016000000.0,2559000000.0,2559000000.0,0.0,,,,,0.0,176000000.0,1.0,404400000.0,404400000.0,,6.328,37463000000.0,0.0,257000000.0,5088000000.0,92.638,4256000000.0
37,DVN,MRQ,2012-03-31,2012-03-31,2012-03-31,2021-08-04,1731000000.0,42605000000.0,,9078000000.0,33527000000.0,,54.333,-2088000000.0,5828000000.0,5828000000.0,941000000.0,393000000.0,1.45,0.94,10839000000.0,4120000000.0,6719000000.0,10839000000.0,0.0,680000000.0,0.0,0.01,0.2,677000000.0,1357000000.0,0.543,1357000000.0,677000000.0,590000000.0,0.97,0.97,0.97,21956000000.0,,21956000000.0,32964592000.0,5.0,3.433,-1062000000.0,-2.628,1.0,1556000000.0,0.623,6067000000.0,87000000.0,35287000000.0,,0.0,1282000000.0,1282000000.0,0.0,20649000000.0,6262000000.0,14387000000.0,28739592000.0,273000000.0,0.0,20000000.0,1107000000.0,-80000000.0,1048000000.0,-1810000000.0,221000000.0,1026000000.0,9000000.0,393000000.0,393000000.0,393000000.0,21000000.0,0.0,0.157,848000000.0,708000000.0,1592000000.0,0.206,1.309,6.14,6.294,26561000000.0,0.0,71.12,2.437,2.437,1107000000.0,16621000000.0,2497000000.0,2497000000.0,0.0,,,,,0.0,168000000.0,1.0,404100000.0,404100000.0,,6.179,36538000000.0,0.0,197000000.0,4972000000.0,90.418,2816000000.0
38,DVN,MRQ,2011-12-31,2011-12-31,2011-12-31,2021-08-04,1575000000.0,41117000000.0,,9305000000.0,31812000000.0,,53.058,-1903000000.0,5555000000.0,5555000000.0,999000000.0,507000000.0,1.381,0.919,9780000000.0,3811000000.0,5969000000.0,9780000000.0,0.0,626000000.0,0.0,0.011,0.17,841000000.0,1467000000.0,0.569,1467000000.0,841000000.0,780000000.0,1.32,1.32,1.32,21430000000.0,,21430000000.0,28680800000.0,4.0,3.039,107000000.0,0.265,1.0,1577000000.0,0.612,6013000000.0,61000000.0,32591000000.0,,0.0,1503000000.0,1503000000.0,0.0,19687000000.0,6738000000.0,12949000000.0,25041800000.0,-63000000.0,0.0,-345000000.0,530000000.0,-69000000.0,118000000.0,-2197000000.0,-272000000.0,2010000000.0,6000000.0,507000000.0,507000000.0,507000000.0,14000000.0,0.0,0.197,797000000.0,780000000.0,2149000000.0,0.129,1.169,5.324,5.492,24774000000.0,0.0,62.0,2.188,2.188,1379000000.0,16308000000.0,2576000000.0,2576000000.0,0.0,,,,,0.0,182000000.0,1.0,403900000.0,403900000.0,,6.378,35104000000.0,0.0,273000000.0,4763000000.0,86.913,2567000000.0
39,DVN,MRQ,2011-09-30,2011-09-30,2011-09-30,2021-08-04,1412000000.0,39866000000.0,,9607000000.0,30259000000.0,,50.665,-1787000000.0,5618000000.0,5618000000.0,1098000000.0,1038000000.0,1.593,0.889,9257000000.0,3288000000.0,5969000000.0,9257000000.0,0.0,566000000.0,0.0,0.012,0.17,1640000000.0,2206000000.0,0.63,2206000000.0,1640000000.0,1536000000.0,2.51,2.5,2.51,21102000000.0,,21102000000.0,27669760000.0,4.0,2.977,-383000000.0,-0.92,1.0,2404000000.0,0.686,5951000000.0,104000000.0,31523000000.0,,0.0,1231000000.0,1231000000.0,0.0,18764000000.0,6031000000.0,12733000000.0,23090760000.0,2267000000.0,0.0,-692000000.0,1317000000.0,-69000000.0,555000000.0,350000000.0,2136000000.0,1404000000.0,-42000000.0,1038000000.0,1038000000.0,1038000000.0,2000000.0,0.0,0.296,701000000.0,1703000000.0,1512000000.0,0.068,1.094,4.852,4.902,23170000000.0,0.0,55.44,2.098,2.098,1430000000.0,15870000000.0,3502000000.0,3502000000.0,0.0,,,,,0.0,138000000.0,1.0,416500000.0,416500000.0,,8.408,33915000000.0,0.0,498000000.0,4809000000.0,81.429,3576000000.0
40,DVN,MRQ,2011-06-30,2011-06-30,2011-06-30,2021-08-04,2021000000.0,38537000000.0,,8911000000.0,29626000000.0,,50.657,-1888000000.0,3351000000.0,3351000000.0,1029000000.0,2743000000.0,1.987,0.798,7930000000.0,1962000000.0,5968000000.0,7930000000.0,0.0,550000000.0,0.0,0.008,0.17,4022000000.0,4572000000.0,1.42,4572000000.0,4022000000.0,3937000000.0,6.5,6.48,6.5,21428000000.0,,21428000000.0,38828630000.0,5.0,3.884,-338000000.0,-0.799,1.0,2191000000.0,0.68,6176000000.0,85000000.0,32456000000.0,,0.0,3367000000.0,3367000000.0,0.0,17109000000.0,4484000000.0,12625000000.0,33336630000.0,1635000000.0,0.0,-576000000.0,1143000000.0,-72000000.0,498000000.0,-425000000.0,-1731000000.0,1550000000.0,12000000.0,2743000000.0,2743000000.0,2743000000.0,-2559000000.0,0.0,0.852,691000000.0,1500000000.0,1365000000.0,0.026,1.556,5.737,5.791,22427000000.0,0.0,78.81,3.383,3.383,1446000000.0,14901000000.0,3220000000.0,3220000000.0,0.0,,,,,0.0,135000000.0,1.0,423000000.0,423000000.0,,7.612,32361000000.0,0.0,1194000000.0,4348000000.0,76.504,4427000000.0
41,DVN,MRQ,2011-03-31,2011-03-31,2011-03-31,2021-08-04,1951000000.0,34550000000.0,,5599000000.0,28951000000.0,,45.033,-1827000000.0,1311000000.0,1311000000.0,865000000.0,416000000.0,0.973,0.797,6803000000.0,3003000000.0,3800000000.0,6803000000.0,0.0,506000000.0,0.0,0.007,0.16,688000000.0,1194000000.0,0.556,1194000000.0,688000000.0,607000000.0,0.97,0.97,0.97,19229000000.0,,19229000000.0,41949790000.0,8.0,6.001,-567000000.0,-1.328,1.0,1282000000.0,0.597,6151000000.0,81000000.0,28137000000.0,,0.0,1636000000.0,1636000000.0,0.0,15321000000.0,5754000000.0,9567000000.0,39185790000.0,-1574000000.0,0.0,-618000000.0,1197000000.0,-68000000.0,520000000.0,-3374000000.0,-1491000000.0,1260000000.0,20000000.0,416000000.0,416000000.0,416000000.0,-27000000.0,0.0,0.194,631000000.0,651000000.0,1353000000.0,0.165,2.038,10.383,10.548,21081000000.0,0.0,91.77,4.419,4.419,1269000000.0,12230000000.0,2147000000.0,2147000000.0,0.0,,,,,0.0,130000000.0,1.0,427000000.0,427000000.0,,5.028,28399000000.0,0.0,191000000.0,3199000000.0,66.508,-155000000.0
42,DVN,MRQ,2010-12-31,2010-12-31,2010-12-31,2021-08-04,1760000000.0,32927000000.0,,5555000000.0,27372000000.0,,44.577,-1504000000.0,2866000000.0,2866000000.0,854000000.0,562000000.0,1.212,0.71,5630000000.0,1811000000.0,3819000000.0,5630000000.0,0.0,489000000.0,0.0,0.008,0.16,835000000.0,1324000000.0,0.62,1324000000.0,835000000.0,752000000.0,1.33,1.32,1.33,19253000000.0,,19253000000.0,35929469000.0,6.0,4.448,-262000000.0,-0.607,1.0,1281000000.0,0.6,6080000000.0,83000000.0,25028000000.0,,0.0,145000000.0,145000000.0,0.0,13674000000.0,4583000000.0,9091000000.0,33908469000.0,-708000000.0,0.0,-146000000.0,0.0,-70000000.0,-207000000.0,-1755000000.0,-165000000.0,1242000000.0,12000000.0,562000000.0,562000000.0,562000000.0,-84000000.0,0.0,0.263,584000000.0,697000000.0,1949000000.0,0.12,1.761,7.452,7.586,19652000000.0,0.0,78.51,3.411,3.411,1202000000.0,11882000000.0,2135000000.0,2135000000.0,0.0,,,,,0.0,164000000.0,1.0,431900000.0,431900000.0,,4.943,26847000000.0,0.0,190000000.0,2756000000.0,62.16,972000000.0
43,DVN,MRQ,2010-09-30,2010-09-30,2010-09-30,2021-08-04,1512000000.0,31863000000.0,,5950000000.0,25913000000.0,,42.878,-1570000000.0,3608000000.0,3608000000.0,846000000.0,2090000000.0,1.337,0.708,5629000000.0,1808000000.0,3821000000.0,5629000000.0,0.0,463000000.0,0.0,0.01,0.16,2443000000.0,2906000000.0,1.235,2906000000.0,2443000000.0,2360000000.0,4.81,4.79,4.81,18652000000.0,,18652000000.0,31611900000.0,5.0,3.808,-226000000.0,-0.52,1.0,1507000000.0,0.64,5977000000.0,83000000.0,23457000000.0,,0.0,0.0,0.0,0.0,13211000000.0,4450000000.0,8761000000.0,28161900000.0,1082000000.0,0.0,-496000000.0,0.0,-69000000.0,-564000000.0,288000000.0,2000000.0,1344000000.0,14000000.0,2090000000.0,2090000000.0,2090000000.0,-1661000000.0,0.0,0.888,678000000.0,829000000.0,1192000000.0,0.033,1.51,6.05,6.119,18199000000.0,0.0,64.74,2.748,2.748,1028000000.0,11390000000.0,2353000000.0,2353000000.0,0.0,,,,,0.0,131000000.0,1.0,435000000.0,435000000.0,,5.409,25886000000.0,0.0,270000000.0,2405000000.0,59.508,1500000000.0
44,DVN,MRQ,2010-06-30,2010-06-30,2010-06-30,2021-08-04,1296000000.0,29971000000.0,,5049000000.0,24922000000.0,,37.659,898000000.0,2174000000.0,2174000000.0,814000000.0,706000000.0,1.484,0.781,5624000000.0,53000000.0,5571000000.0,5624000000.0,0.0,489000000.0,0.0,0.011,0.16,1078000000.0,1567000000.0,0.702,1567000000.0,1078000000.0,967000000.0,1.59,1.58,1.59,16830000000.0,,16830000000.0,32586148000.0,7.0,4.966,2295000000.0,5.135,1.0,1418000000.0,0.635,5892000000.0,111000000.0,24127000000.0,,0.0,0.0,0.0,0.0,13141000000.0,3402000000.0,9739000000.0,27225148000.0,1734000000.0,0.0,-423000000.0,-590000000.0,-70000000.0,-1080000000.0,1444000000.0,10000000.0,1397000000.0,-27000000.0,706000000.0,706000000.0,706000000.0,-354000000.0,0.0,0.316,635000000.0,783000000.0,1133000000.0,0.101,1.618,8.885,8.829,16841000000.0,0.0,60.92,2.794,2.794,1205000000.0,9369000000.0,2232000000.0,2232000000.0,0.0,,,,,0.0,130000000.0,1.0,446900000.0,446900000.0,,4.994,24079000000.0,0.0,261000000.0,1714000000.0,53.88,1647000000.0
45,DVN,MRQ,2010-03-31,2010-03-31,2010-03-31,2021-08-04,1600000000.0,30677000000.0,,3748000000.0,26929000000.0,,37.948,10000000.0,724000000.0,724000000.0,912000000.0,1192000000.0,1.206,0.809,6085000000.0,240000000.0,5845000000.0,6085000000.0,0.0,489000000.0,0.0,0.01,0.16,1792000000.0,2281000000.0,0.708,2281000000.0,1792000000.0,1706000000.0,2.67,2.66,2.67,16955000000.0,,16955000000.0,35420324000.0,9.0,5.892,1505000000.0,3.368,1.0,2308000000.0,0.717,6018000000.0,86000000.0,26912000000.0,,0.0,0.0,0.0,0.0,13722000000.0,3108000000.0,10614000000.0,28787324000.0,171000000.0,0.0,8000000.0,-1192000000.0,-72000000.0,-1253000000.0,-89000000.0,8000000.0,1495000000.0,18000000.0,1192000000.0,1192000000.0,1192000000.0,-118000000.0,0.0,0.37,653000000.0,1655000000.0,1199000000.0,0.06,1.698,10.774,10.703,18812000000.0,0.0,64.43,3.084,3.084,1296000000.0,8733000000.0,3220000000.0,3220000000.0,0.0,,,,,0.0,138000000.0,1.0,446800000.0,446800000.0,,7.207,24659000000.0,0.0,514000000.0,2003000000.0,55.19,640000000.0
46,DVN,MRQ,2009-12-31,2009-12-31,2009-12-31,2021-08-04,1385000000.0,29686000000.0,,2992000000.0,26694000000.0,,35.06,-1061000000.0,646000000.0,646000000.0,796000000.0,667000000.0,0.787,0.907,7279000000.0,1432000000.0,5847000000.0,7279000000.0,0.0,486000000.0,0.0,0.009,0.16,1062000000.0,1548000000.0,0.633,1548000000.0,1062000000.0,976000000.0,1.51,1.51,1.51,15570000000.0,,15570000000.0,39129350000.0,-10.0,-21.799,384000000.0,0.865,1.0,1649000000.0,0.674,5930000000.0,86000000.0,26587000000.0,,0.0,0.0,0.0,0.0,14116000000.0,3802000000.0,10314000000.0,32641350000.0,99000000.0,0.0,23000000.0,-114000000.0,-71000000.0,-160000000.0,-1200000000.0,1000000.0,1445000000.0,14000000.0,667000000.0,667000000.0,667000000.0,-110000000.0,0.0,0.273,699000000.0,950000000.0,1137000000.0,0.106,2.096,-13.167,-13.172,18767000000.0,0.0,73.5,4.073,4.073,1208000000.0,7613000000.0,2445000000.0,2445000000.0,0.0,,,,,0.0,176000000.0,1.0,444100000.0,444100000.0,,5.506,23756000000.0,0.0,309000000.0,1899000000.0,53.492,-810000000.0
47,DVN,MRQ,2009-09-30,2009-09-30,2009-09-30,2021-08-04,1182000000.0,28141000000.0,,2609000000.0,25532000000.0,,33.017,-841000000.0,905000000.0,905000000.0,738000000.0,499000000.0,0.758,0.92,7393000000.0,1545000000.0,5848000000.0,7393000000.0,0.0,488000000.0,0.0,0.01,0.16,678000000.0,1166000000.0,0.631,1166000000.0,678000000.0,588000000.0,1.13,1.12,1.13,14653000000.0,,14653000000.0,36590054000.0,-2.0,-2.902,374000000.0,0.843,1.0,1110000000.0,0.601,5929000000.0,90000000.0,25257000000.0,,0.0,0.0,0.0,0.0,13488000000.0,3443000000.0,10045000000.0,29881054000.0,256000000.0,0.0,10000000.0,38000000.0,-71000000.0,-22000000.0,-961000000.0,2000000.0,1215000000.0,24000000.0,499000000.0,499000000.0,499000000.0,-117000000.0,0.0,0.27,646000000.0,464000000.0,1113000000.0,0.142,2.039,-3.0,-3.002,18872000000.0,0.0,67.33,4.314,4.314,1142000000.0,7017000000.0,1848000000.0,1848000000.0,0.0,,,,,0.0,136000000.0,1.0,443800000.0,443800000.0,,4.164,22212000000.0,47000000.0,89000000.0,1709000000.0,50.05,-834000000.0
48,DVN,MRQ,2009-06-30,2009-06-30,2009-06-30,2021-08-04,686000000.0,27057000000.0,,2577000000.0,24480000000.0,,30.822,-1018000000.0,648000000.0,648000000.0,719000000.0,314000000.0,0.738,0.978,7357000000.0,1508000000.0,5849000000.0,7357000000.0,0.0,504000000.0,0.0,0.012,0.16,513000000.0,1017000000.0,0.558,1017000000.0,513000000.0,423000000.0,0.71,0.7,0.71,13682000000.0,,13682000000.0,30719550000.0,-3.0,-3.408,12000000.0,0.027,1.0,1103000000.0,0.605,5710000000.0,90000000.0,24564000000.0,,0.0,0.0,0.0,0.0,13375000000.0,3492000000.0,9883000000.0,24192550000.0,255000000.0,0.0,5000000.0,436000000.0,-72000000.0,372000000.0,-1163000000.0,2000000.0,1030000000.0,16000000.0,314000000.0,314000000.0,314000000.0,-124000000.0,0.0,0.172,700000000.0,403000000.0,1074000000.0,0.225,1.768,-3.085,-3.091,18087000000.0,0.0,54.5,2.188,2.188,1318000000.0,6589000000.0,1822000000.0,1822000000.0,0.0,,,,,0.0,173000000.0,1.0,443900000.0,443900000.0,,4.105,21347000000.0,27000000.0,109000000.0,1587000000.0,48.09,-915000000.0
49,DVN,MRQ,2009-03-31,2009-03-31,2009-03-31,2021-08-04,241000000.0,25723000000.0,,2376000000.0,23347000000.0,,29.149,-1925000000.0,397000000.0,397000000.0,753000000.0,-3959000000.0,0.735,0.988,6924000000.0,1073000000.0,5851000000.0,6924000000.0,0.0,630000000.0,0.0,0.014,0.16,-6156000000.0,-5526000000.0,-2.908,-5526000000.0,-6156000000.0,-6239000000.0,-8.92,-8.92,-8.92,12942000000.0,,12942000000.0,25295422000.0,-2.0,-3.538,-878000000.0,-1.977,1.0,1147000000.0,0.604,5509000000.0,83000000.0,23507000000.0,,0.0,0.0,0.0,0.0,12781000000.0,3234000000.0,9547000000.0,19833422000.0,17000000.0,0.0,4000000.0,1075000000.0,-70000000.0,1011000000.0,-2030000000.0,2000000.0,1047000000.0,-11000000.0,-3959000000.0,-3959000000.0,-3959000000.0,77000000.0,0.0,-2.084,7231000000.0,-6084000000.0,1261000000.0,-0.018,1.532,-2.892,-2.896,17216000000.0,0.0,44.69,1.552,1.552,1221000000.0,6347000000.0,1900000000.0,1900000000.0,0.0,,,,,0.0,163000000.0,1.0,443800000.0,444000000.0,444000000.0,4.279,20214000000.0,106000000.0,-2280000000.0,1364000000.0,45.527,-858000000.0
50,DVN,MRQ,2008-12-31,2008-12-31,2008-12-31,2021-08-04,383000000.0,31908000000.0,,2684000000.0,29224000000.0,,38.423,-2658000000.0,195000000.0,195000000.0,493000000.0,-6816000000.0,0.856,0.87,5841000000.0,180000000.0,5661000000.0,5841000000.0,0.0,737000000.0,0.0,0.01,0.16,-10003000000.0,-9266000000.0,-6.828,-9266000000.0,-10003000000.0,-10071000000.0,-15.35,-15.25,-15.35,17060000000.0,,17060000000.0,32654965000.0,-11.0,124.163,-1431000000.0,-3.223,1.0,864000000.0,0.637,5511000000.0,68000000.0,28908000000.0,,0.0,0.0,0.0,0.0,14848000000.0,3135000000.0,11713000000.0,29010965000.0,-812000000.0,280000000.0,7000000.0,1005000000.0,-73000000.0,941000000.0,-2911000000.0,3000000.0,1227000000.0,-69000000.0,-6816000000.0,-6816000000.0,-6816000000.0,23000000.0,0.0,-5.023,10934000000.0,-10070000000.0,1612000000.0,-0.01,1.701,-13.475,-13.548,22031000000.0,0.0,65.71,2.093,2.105,1300000000.0,10376000000.0,1357000000.0,1357000000.0,0.0,,,,,0.0,171000000.0,1.0,441500000.0,444000000.0,432000000.0,3.056,26397000000.0,0.0,-3255000000.0,3614000000.0,59.453,-451000000.0
51,DVN,MRQ,2008-09-30,2008-09-30,2008-09-30,2021-08-04,1762000000.0,42655000000.0,,3419000000.0,39236000000.0,,57.217,-2306000000.0,1193000000.0,1193000000.0,1195000000.0,2618000000.0,1.118,0.687,4837000000.0,0.0,4837000000.0,4837000000.0,0.0,848000000.0,0.0,0.007,0.16,3913000000.0,4761000000.0,0.796,4761000000.0,3913000000.0,3844000000.0,5.93,5.88,5.93,25290000000.0,,25290000000.0,43905160000.0,5.0,3.848,689000000.0,1.559,1.0,4783000000.0,0.8,5966000000.0,69000000.0,37274000000.0,,0.0,1171000000.0,1000000.0,1170000000.0,17365000000.0,3059000000.0,14306000000.0,40292160000.0,-649000000.0,0.0,-408000000.0,-984000000.0,-70000000.0,-1459000000.0,-2157000000.0,2000000.0,2995000000.0,-28000000.0,2618000000.0,2618000000.0,2618000000.0,-109000000.0,0.0,0.438,933000000.0,3850000000.0,1559000000.0,0.027,1.593,6.742,6.771,31450000000.0,0.0,91.2,2.815,2.817,1710000000.0,17265000000.0,5978000000.0,5978000000.0,0.0,,,,,0.0,146000000.0,1.0,441800000.0,442000000.0,446000000.0,13.525,36689000000.0,0.0,1226000000.0,7367000000.0,83.007,360000000.0
52,DVN,MRQ,2008-06-30,2008-06-30,2008-06-30,2021-08-04,2131000000.0,43780000000.0,,5433000000.0,38347000000.0,,52.54,-2005000000.0,1837000000.0,1837000000.0,1228000000.0,1301000000.0,0.901,0.868,5450000000.0,621000000.0,4829000000.0,5450000000.0,0.0,824000000.0,0.0,0.005,0.16,2058000000.0,2882000000.0,0.812,2882000000.0,2058000000.0,1968000000.0,2.91,2.88,2.91,23433000000.0,,23433000000.0,59552838537.0,11.0,6.952,926000000.0,2.076,1.0,2320000000.0,0.654,6081000000.0,90000000.0,35280000000.0,,0.0,1407000000.0,1000000.0,1406000000.0,20347000000.0,6032000000.0,14315000000.0,53610838537.0,-38000000.0,0.0,-158000000.0,-2372000000.0,-73000000.0,-2725000000.0,-244000000.0,25000000.0,2931000000.0,0.0,1301000000.0,1298000000.0,1298000000.0,-707000000.0,0.0,0.366,1009000000.0,1311000000.0,1525000000.0,0.055,2.288,13.105,13.075,30184000000.0,3000000.0,120.16,4.832,4.83,2460000000.0,14717000000.0,3548000000.0,3548000000.0,0.0,,,,,0.0,180000000.0,1.0,446162105.0,446000000.0,450000000.0,7.955,37699000000.0,775000000.0,667000000.0,7350000000.0,84.527,-599000000.0
53,DVN,MRQ,2008-03-31,2008-03-31,2008-03-31,2021-08-04,2043000000.0,42985000000.0,,4657000000.0,38328000000.0,,50.333,-1757000000.0,1875000000.0,1875000000.0,1022000000.0,749000000.0,0.932,0.919,7817000000.0,1446000000.0,6371000000.0,7817000000.0,0.0,794000000.0,0.0,0.006,0.16,1092000000.0,1886000000.0,0.634,1886000000.0,1092000000.0,990000000.0,1.68,1.66,1.68,22398000000.0,,22398000000.0,53415223828.0,11.0,6.92,498000000.0,1.119,1.0,1953000000.0,0.656,6054000000.0,102000000.0,37878000000.0,,0.0,1234000000.0,23000000.0,1211000000.0,20587000000.0,4995000000.0,15592000000.0,46363223828.0,510000000.0,0.0,10000000.0,-129000000.0,-73000000.0,-165000000.0,-1561000000.0,220000000.0,2255000000.0,-19000000.0,749000000.0,747000000.0,747000000.0,-98000000.0,0.0,0.251,943000000.0,1010000000.0,1440000000.0,0.095,2.07,12.551,12.57,28933000000.0,2000000.0,104.33,4.425,4.431,2090000000.0,13489000000.0,2975000000.0,2975000000.0,0.0,,,,,0.0,148000000.0,1.0,444390145.0,445000000.0,449000000.0,6.685,36931000000.0,325000000.0,241000000.0,6339000000.0,82.991,-338000000.0
54,DVN,MRQ,2007-12-31,2007-12-31,2007-12-31,2021-08-04,2405000000.0,41456000000.0,,3914000000.0,37542000000.0,,49.452,-1196000000.0,1364000000.0,1364000000.0,614000000.0,1316000000.0,1.07,0.884,7928000000.0,1004000000.0,6924000000.0,7928000000.0,0.0,530000000.0,0.0,0.006,0.14,1352000000.0,1882000000.0,1.04,1882000000.0,1352000000.0,1247000000.0,2.95,2.93,2.95,22006000000.0,,22006000000.0,46613393600.0,10.0,6.223,346000000.0,0.778,1.0,1196000000.0,0.661,6172000000.0,105000000.0,38191000000.0,,0.0,1696000000.0,372000000.0,1324000000.0,19450000000.0,3657000000.0,15793000000.0,39561393600.0,-48000000.0,0.0,-173000000.0,-26000000.0,-66000000.0,-241000000.0,-1356000000.0,-31000000.0,1542000000.0,7000000.0,1316000000.0,1313000000.0,1313000000.0,-873000000.0,0.0,0.725,720000000.0,476000000.0,1360000000.0,0.047,1.798,11.001,11.004,28079000000.0,3000000.0,88.91,3.966,3.966,1779000000.0,12813000000.0,1810000000.0,1810000000.0,0.0,,,,,0.0,155000000.0,1.0,444960000.0,445000000.0,450000000.0,4.067,35284000000.0,30000000.0,-69000000.0,6139000000.0,79.29,257000000.0
55,DVN,MRQ,2007-09-30,2007-09-30,2007-09-30,2021-08-04,2339000000.0,40271000000.0,,3684000000.0,36587000000.0,,46.813,-1485000000.0,1392000000.0,1392000000.0,843000000.0,735000000.0,0.773,0.933,8444000000.0,2076000000.0,6368000000.0,8444000000.0,0.0,756000000.0,0.0,0.006,0.14,1160000000.0,1916000000.0,0.693,1916000000.0,1160000000.0,1052000000.0,1.65,1.63,1.65,20832000000.0,,20832000000.0,44095300800.0,10.0,6.182,275000000.0,0.618,1.0,1920000000.0,0.695,6150000000.0,108000000.0,36407000000.0,,0.0,1668000000.0,341000000.0,1327000000.0,19439000000.0,4766000000.0,14673000000.0,37096300800.0,354000000.0,0.0,-112000000.0,288000000.0,-64000000.0,115000000.0,-1549000000.0,-26000000.0,1760000000.0,28000000.0,735000000.0,733000000.0,733000000.0,-91000000.0,0.0,0.265,873000000.0,1047000000.0,1268000000.0,0.085,1.781,12.962,12.919,26985000000.0,2000000.0,83.2,3.505,3.498,1435000000.0,11564000000.0,2763000000.0,2763000000.0,0.0,,,,,0.0,126000000.0,1.0,445869000.0,445000000.0,450000000.0,6.209,34121000000.0,0.0,317000000.0,6179000000.0,76.676,-1082000000.0
56,DVN,MRQ,2007-06-30,2007-06-30,2007-06-30,2021-08-04,1791000000.0,38031000000.0,,3166000000.0,34865000000.0,,44.139,-1494000000.0,1042000000.0,1042000000.0,870000000.0,904000000.0,0.717,0.932,8041000000.0,2022000000.0,6019000000.0,8041000000.0,0.0,694000000.0,0.0,0.006,0.14,1341000000.0,2035000000.0,0.695,2035000000.0,1341000000.0,1234000000.0,2.02,2.0,2.02,19686000000.0,,19686000000.0,41946488060.0,10.0,6.095,338000000.0,0.758,1.0,2059000000.0,0.703,5961000000.0,107000000.0,34653000000.0,,0.0,1510000000.0,315000000.0,1195000000.0,18345000000.0,4416000000.0,13929000000.0,34824488060.0,389000000.0,0.0,27000000.0,165000000.0,-65000000.0,139000000.0,-1596000000.0,-40000000.0,1832000000.0,14000000.0,904000000.0,901000000.0,901000000.0,-80000000.0,0.0,0.308,808000000.0,1251000000.0,1139000000.0,0.069,1.769,12.297,12.271,25654000000.0,3000000.0,78.29,3.375,3.384,1375000000.0,10893000000.0,2929000000.0,2929000000.0,0.0,,,,,0.0,113000000.0,1.0,444814000.0,446000000.0,450000000.0,6.567,32070000000.0,0.0,330000000.0,5773000000.0,71.906,-1250000000.0
57,DVN,MRQ,2007-03-31,2007-03-31,2007-03-31,2021-08-04,1159000000.0,35978000000.0,,2736000000.0,33242000000.0,,40.892,-1459000000.0,615000000.0,615000000.0,780000000.0,651000000.0,0.616,0.982,7737000000.0,1857000000.0,5880000000.0,7737000000.0,0.0,633000000.0,0.0,0.007,0.14,1025000000.0,1658000000.0,0.67,1658000000.0,1025000000.0,915000000.0,1.46,1.44,1.46,18156000000.0,,18156000000.0,37799624407.0,9.0,5.867,58000000.0,0.131,1.0,1693000000.0,0.685,5741000000.0,110000000.0,32919000000.0,,0.0,1324000000.0,275000000.0,1049000000.0,17822000000.0,4440000000.0,13382000000.0,30765624407.0,-78000000.0,0.0,23000000.0,-348000000.0,-64000000.0,-384000000.0,-1213000000.0,299000000.0,1517000000.0,2000000.0,651000000.0,649000000.0,649000000.0,-77000000.0,0.0,0.262,744000000.0,949000000.0,1236000000.0,0.096,1.695,11.039,10.987,24408000000.0,2000000.0,69.22,3.159,3.155,1361000000.0,10055000000.0,2473000000.0,2473000000.0,0.0,,,,,0.0,119000000.0,1.0,444461491.0,444000000.0,450000000.0,5.57,30237000000.0,66000000.0,264000000.0,5462000000.0,68.101,-1704000000.0
58,DVN,MRQ,2006-12-31,2006-12-31,2006-12-31,2021-08-04,1444000000.0,35063000000.0,,3212000000.0,31851000000.0,,39.196,-1383000000.0,692000000.0,692000000.0,781000000.0,582000000.0,0.691,1.01,8075000000.0,2205000000.0,5870000000.0,8075000000.0,0.0,624000000.0,0.0,0.007,0.113,900000000.0,1524000000.0,0.63,1524000000.0,900000000.0,794000000.0,1.31,1.29,1.31,17442000000.0,,17442000000.0,35854427080.0,9.0,5.573,-272000000.0,-0.611,1.0,1637000000.0,0.677,5706000000.0,106000000.0,32095000000.0,,0.0,1617000000.0,574000000.0,1043000000.0,17621000000.0,4645000000.0,12976000000.0,29649427080.0,-440000000.0,0.0,20000000.0,367000000.0,-61000000.0,355000000.0,-1895000000.0,-450000000.0,1111000000.0,-11000000.0,582000000.0,579000000.0,579000000.0,-80000000.0,0.0,0.239,720000000.0,917000000.0,1154000000.0,0.086,1.7,10.455,10.449,23156000000.0,3000000.0,67.08,3.036,3.036,1324000000.0,9114000000.0,2418000000.0,2418000000.0,0.0,,,,,0.0,113000000.0,1.0,442001000.0,445000000.0,451000000.0,5.434,29357000000.0,102000000.0,212000000.0,5372000000.0,65.971,-1433000000.0
59,DVN,MRQ,2006-09-30,2006-09-30,2006-09-30,2021-08-04,1796000000.0,34232000000.0,,2936000000.0,31296000000.0,,39.041,-1365000000.0,1196000000.0,1196000000.0,756000000.0,705000000.0,0.767,0.988,7401000000.0,1439000000.0,5962000000.0,7401000000.0,0.0,590000000.0,0.0,0.007,0.113,1075000000.0,1665000000.0,0.666,1665000000.0,1075000000.0,963000000.0,1.59,1.57,1.59,17217000000.0,,17217000000.0,34876370650.0,7.0,5.252,699000000.0,1.585,1.0,1743000000.0,0.697,5822000000.0,112000000.0,30789000000.0,,0.0,1044000000.0,124000000.0,920000000.0,17015000000.0,3826000000.0,13189000000.0,27852370650.0,166000000.0,0.0,26000000.0,-665000000.0,-49000000.0,-683000000.0,-1213000000.0,208000000.0,2064000000.0,-2000000.0,705000000.0,703000000.0,703000000.0,-52000000.0,0.0,0.281,698000000.0,1045000000.0,1133000000.0,0.071,1.618,8.639,8.686,24097000000.0,2000000.0,63.15,2.827,2.826,1317000000.0,8586000000.0,2499000000.0,2499000000.0,0.0,,,,,0.0,104000000.0,1.0,441051000.0,441000000.0,447000000.0,5.667,28410000000.0,71000000.0,258000000.0,5903000000.0,64.422,-890000000.0
60,DVN,MRQ,2006-06-30,2006-06-30,2006-06-30,2021-08-04,1772000000.0,33518000000.0,,3045000000.0,30473000000.0,,37.484,-3328000000.0,1030000000.0,1030000000.0,713000000.0,859000000.0,0.725,1.032,8054000000.0,2098000000.0,5956000000.0,8054000000.0,0.0,533000000.0,0.0,0.006,0.113,1063000000.0,1596000000.0,0.679,1596000000.0,1063000000.0,961000000.0,1.94,1.92,1.94,16493000000.0,,16493000000.0,31704614670.0,6.0,4.654,-2032000000.0,-4.618,1.0,1637000000.0,0.697,5823000000.0,102000000.0,30521000000.0,,0.0,1212000000.0,332000000.0,880000000.0,17025000000.0,4198000000.0,12827000000.0,26579614670.0,-464000000.0,0.0,7000000.0,1247000000.0,-50000000.0,1204000000.0,-2989000000.0,402000000.0,1296000000.0,25000000.0,859000000.0,856000000.0,856000000.0,-96000000.0,0.0,0.364,623000000.0,1014000000.0,1137000000.0,0.058,1.612,8.146,8.23,23319000000.0,3000000.0,60.41,2.643,2.643,1404000000.0,7932000000.0,2350000000.0,2350000000.0,0.0,,,,,0.0,90000000.0,1.0,439987000.0,440000000.0,446000000.0,5.341,27695000000.0,90000000.0,102000000.0,5699000000.0,62.943,-1153000000.0
61,DVN,MRQ,2006-03-31,2006-03-31,2006-03-31,2021-08-04,1416000000.0,30765000000.0,,3794000000.0,26971000000.0,,34.62,-1230000000.0,1494000000.0,1494000000.0,752000000.0,700000000.0,1.296,1.011,6619000000.0,665000000.0,5954000000.0,6619000000.0,0.0,484000000.0,0.0,0.006,0.113,1165000000.0,1649000000.0,0.66,1649000000.0,1165000000.0,1064000000.0,1.58,1.56,1.58,15302000000.0,,15302000000.0,32041882723.0,6.0,4.639,292000000.0,0.661,1.0,1748000000.0,0.699,5702000000.0,101000000.0,27261000000.0,,0.0,1556000000.0,734000000.0,822000000.0,15463000000.0,2927000000.0,12536000000.0,27028882723.0,-112000000.0,0.0,-233000000.0,-3000000.0,-49000000.0,-283000000.0,-1352000000.0,-54000000.0,1522000000.0,1000000.0,700000000.0,698000000.0,698000000.0,16000000.0,0.0,0.279,555000000.0,1193000000.0,1139000000.0,0.072,1.766,8.842,8.996,20023000000.0,2000000.0,61.17,2.656,2.657,1320000000.0,7126000000.0,2500000000.0,2500000000.0,0.0,,,,,0.0,90000000.0,1.0,441865011.0,442000000.0,449000000.0,5.656,25063000000.0,69000000.0,364000000.0,5851000000.0,56.704,867000000.0
62,DVN,MRQ,2005-12-31,2005-12-31,2005-12-31,2021-08-04,1414000000.0,30273000000.0,,4206000000.0,26067000000.0,,33.549,-889000000.0,1593000000.0,1593000000.0,761000000.0,970000000.0,1.434,1.037,6619000000.0,662000000.0,5957000000.0,6619000000.0,0.0,277000000.0,0.0,0.005,0.075,1454000000.0,1731000000.0,0.691,1731000000.0,1454000000.0,1349000000.0,2.16,2.11,2.16,14862000000.0,,14862000000.0,33548522000.0,7.0,4.885,1071000000.0,2.418,1.0,1743000000.0,0.696,5705000000.0,105000000.0,26660000000.0,,0.0,1485000000.0,680000000.0,805000000.0,15411000000.0,2934000000.0,12477000000.0,27786522000.0,511000000.0,0.0,-127000000.0,-235000000.0,-43000000.0,-398000000.0,-1055000000.0,111000000.0,1960000000.0,4000000.0,970000000.0,967000000.0,967000000.0,-33000000.0,0.0,0.386,392000000.0,1351000000.0,928000000.0,0.035,1.87,9.516,9.803,18911000000.0,3000000.0,62.54,2.771,2.857,1565000000.0,6477000000.0,2504000000.0,2504000000.0,0.0,,,,,0.0,85000000.0,1.0,444300000.0,443000000.0,467000000.0,5.652,24568000000.0,158000000.0,379000000.0,5667000000.0,55.458,1272000000.0
63,DVN,MRQ,2005-09-30,2005-09-30,2005-09-30,2021-08-04,1343000000.0,29523000000.0,,3759000000.0,25764000000.0,,31.265,-958000000.0,1095000000.0,1095000000.0,694000000.0,744000000.0,1.221,1.117,6857000000.0,900000000.0,5957000000.0,6857000000.0,0.0,533000000.0,0.0,0.004,0.075,1303000000.0,1836000000.0,0.679,1836000000.0,1303000000.0,1139000000.0,1.66,1.63,1.66,13944000000.0,,13944000000.0,36404883520.0,8.0,5.437,309000000.0,0.693,1.0,2010000000.0,0.743,5729000000.0,164000000.0,26478000000.0,,0.0,1709000000.0,791000000.0,918000000.0,15579000000.0,3078000000.0,12501000000.0,31108883520.0,-1132000000.0,0.0,-531000000.0,-669000000.0,-33000000.0,-1235000000.0,-1200000000.0,-242000000.0,1267000000.0,36000000.0,744000000.0,742000000.0,742000000.0,0.0,0.0,0.274,588000000.0,1422000000.0,970000000.0,0.045,2.231,11.86,12.235,18722000000.0,2000000.0,68.64,3.147,3.097,1516000000.0,5543000000.0,2704000000.0,2704000000.0,0.0,,,,,0.0,70000000.0,1.0,453218000.0,446000000.0,454000000.0,6.063,23794000000.0,180000000.0,395000000.0,5481000000.0,53.35,681000000.0
64,DVN,MRQ,2005-06-30,2005-06-30,2005-06-30,2021-08-04,882000000.0,29270000000.0,,4481000000.0,24789000000.0,,28.662,620000000.0,2227000000.0,2227000000.0,709000000.0,653000000.0,1.407,1.201,7523000000.0,906000000.0,6617000000.0,7523000000.0,0.0,535000000.0,0.0,0.005,0.075,1156000000.0,1691000000.0,0.685,1691000000.0,1156000000.0,1010000000.0,1.4,1.38,1.4,13299000000.0,,13299000000.0,30449897858.0,7.0,4.789,1617000000.0,3.485,1.0,1759000000.0,0.713,5592000000.0,146000000.0,25789000000.0,,0.0,1342000000.0,549000000.0,793000000.0,15971000000.0,3185000000.0,12786000000.0,24008897858.0,728000000.0,0.0,-981000000.0,-354000000.0,-34000000.0,-1372000000.0,1104000000.0,484000000.0,997000000.0,-1000000.0,653000000.0,650000000.0,650000000.0,0.0,0.0,0.263,610000000.0,1149000000.0,900000000.0,0.054,1.805,10.02,10.116,18026000000.0,3000000.0,50.68,2.541,2.489,1308000000.0,4834000000.0,2468000000.0,2468000000.0,0.0,,,,,0.0,78000000.0,1.0,473735159.0,464000000.0,464000000.0,5.319,23678000000.0,248000000.0,357000000.0,5172000000.0,51.03,1296000000.0
65,DVN,MRQ,2005-03-31,2005-03-31,2005-03-31,2021-08-04,858000000.0,30676000000.0,,4365000000.0,26311000000.0,,28.404,-435000000.0,1499000000.0,1499000000.0,757000000.0,563000000.0,1.161,1.25,7940000000.0,932000000.0,7008000000.0,7940000000.0,0.0,579000000.0,0.0,0.005,0.075,1031000000.0,1610000000.0,0.685,1610000000.0,1031000000.0,913000000.0,1.17,1.14,1.17,13634000000.0,,13634000000.0,29704324721.0,8.0,4.85,953000000.0,1.985,1.0,1594000000.0,0.678,5624000000.0,118000000.0,27733000000.0,,0.0,1860000000.0,1033000000.0,827000000.0,17042000000.0,3760000000.0,13282000000.0,22892324721.0,347000000.0,0.0,-500000000.0,0.0,-36000000.0,-538000000.0,-501000000.0,-66000000.0,1388000000.0,-2000000.0,563000000.0,561000000.0,561000000.0,0.0,0.0,0.239,511000000.0,1083000000.0,937000000.0,0.064,1.679,10.197,10.269,19479000000.0,2000000.0,47.75,2.489,2.492,1364000000.0,4218000000.0,2351000000.0,2351000000.0,0.0,,,,,0.0,58000000.0,1.0,479420413.0,480000000.0,496000000.0,4.898,25052000000.0,317000000.0,350000000.0,5509000000.0,52.192,605000000.0
66,DVN,MRQ,2004-12-31,2004-12-31,2004-12-31,2021-08-04,930000000.0,30025000000.0,,3872000000.0,26153000000.0,,28.369,-581000000.0,1152000000.0,1152000000.0,783000000.0,673000000.0,1.249,1.196,7964000000.0,933000000.0,7031000000.0,7964000000.0,0.0,529000000.0,0.0,0.005,0.05,1030000000.0,1559000000.0,0.66,1559000000.0,1030000000.0,916000000.0,1.38,1.34,1.38,13674000000.0,,13674000000.0,25109976240.0,7.0,4.198,543000000.0,1.127,1.0,1579000000.0,0.669,5637000000.0,114000000.0,28100000000.0,,0.0,1712000000.0,967000000.0,745000000.0,16351000000.0,3100000000.0,13251000000.0,18915976240.0,-18000000.0,0.0,-141000000.0,-1000000.0,-24000000.0,-169000000.0,-1002000000.0,-376000000.0,1124000000.0,29000000.0,673000000.0,670000000.0,670000000.0,-5000000.0,0.0,0.284,540000000.0,1039000000.0,715000000.0,0.036,1.383,8.693,8.63,19346000000.0,3000000.0,38.92,2.082,2.065,1320000000.0,3693000000.0,2362000000.0,2362000000.0,0.0,,,,,0.0,71000000.0,1.0,486022000.0,482000000.0,502000000.0,4.9,24388000000.0,289000000.0,243000000.0,5312000000.0,50.598,772000000.0
67,DVN,MRQ,2004-09-30,2004-09-30,2004-09-30,2021-08-04,451000000.0,28590000000.0,,3021000000.0,25569000000.0,,26.093,-747000000.0,1761000000.0,1761000000.0,690000000.0,517000000.0,1.019,1.259,7955000000.0,685000000.0,7270000000.0,7955000000.0,0.0,572000000.0,0.0,0.005,0.05,926000000.0,1498000000.0,0.661,1498000000.0,926000000.0,817000000.0,1.06,1.03,1.06,12655000000.0,,12655000000.0,23926241440.0,7.0,4.331,585000000.0,1.206,1.0,1577000000.0,0.696,5525000000.0,109000000.0,26293000000.0,,0.0,912000000.0,151000000.0,761000000.0,15935000000.0,2966000000.0,12969000000.0,17166241440.0,388000000.0,0.0,32000000.0,-1000000.0,-25000000.0,4000000.0,-973000000.0,-226000000.0,1332000000.0,25000000.0,517000000.0,515000000.0,515000000.0,0.0,0.0,0.227,625000000.0,952000000.0,680000000.0,0.047,1.356,8.39,8.247,18896000000.0,2000000.0,35.505,1.986,1.992,1102000000.0,3047000000.0,2267000000.0,2267000000.0,0.0,,,,,0.0,59000000.0,1.0,483488000.0,485000000.0,500000000.0,4.674,23065000000.0,0.0,300000000.0,4727000000.0,47.557,55000000.0
68,DVN,MRQ,2004-06-30,2004-06-30,2004-06-30,2021-08-04,283000000.0,27304000000.0,,2364000000.0,24940000000.0,,24.82,-756000000.0,1147000000.0,1147000000.0,676000000.0,502000000.0,0.993,1.282,7907000000.0,412000000.0,7495000000.0,7907000000.0,28000000.0,552000000.0,0.0,0.005,0.05,906000000.0,1458000000.0,0.657,1458000000.0,906000000.0,772000000.0,1.04,1.01,1.04,11963000000.0,,11963000000.0,23062470000.0,7.0,4.375,381000000.0,0.79,1.0,1543000000.0,0.695,5388000000.0,134000000.0,26295000000.0,,68000000.0,701000000.0,34000000.0,667000000.0,15341000000.0,2381000000.0,12960000000.0,15826470000.0,-320000000.0,0.0,80000000.0,-760000000.0,-24000000.0,-707000000.0,-742000000.0,14000000.0,1137000000.0,-8000000.0,502000000.0,499000000.0,499000000.0,0.0,0.0,0.225,617000000.0,926000000.0,688000000.0,0.048,1.323,8.154,8.0,18511000000.0,3000000.0,33.0,1.901,1.911,1104000000.0,2557000000.0,2219000000.0,2219000000.0,0.0,,,,,0.0,70000000.0,1.0,479590000.0,482000000.0,498000000.0,4.604,21916000000.0,11000000.0,270000000.0,4503000000.0,45.469,-17000000.0
69,DVN,MRQ,2004-03-31,2004-03-31,2004-03-31,2021-08-04,409000000.0,27577000000.0,,2685000000.0,24892000000.0,,24.121,-879000000.0,1481000000.0,1481000000.0,704000000.0,494000000.0,0.998,1.392,8717000000.0,763000000.0,7954000000.0,8717000000.0,42000000.0,572000000.0,0.0,0.004,0.05,894000000.0,1466000000.0,0.655,1466000000.0,894000000.0,776000000.0,1.03,1.0,1.03,11530000000.0,,11530000000.0,21481991896.0,7.0,4.331,344000000.0,0.72,1.0,1534000000.0,0.685,5440000000.0,118000000.0,26683000000.0,,70000000.0,665000000.0,42000000.0,623000000.0,16047000000.0,2690000000.0,13357000000.0,13836991896.0,170000000.0,0.0,108000000.0,-211000000.0,-24000000.0,-129000000.0,-917000000.0,-38000000.0,1223000000.0,-7000000.0,494000000.0,492000000.0,492000000.0,0.0,0.0,0.22,638000000.0,896000000.0,769000000.0,0.049,1.2,7.709,7.417,18450000000.0,2000000.0,29.075,1.747,1.755,1063000000.0,2082000000.0,2238000000.0,2238000000.0,0.0,,,,,0.0,77000000.0,1.0,475906858.0,478000000.0,493000000.0,4.682,22137000000.0,11000000.0,282000000.0,4541000000.0,46.312,-5000000.0
70,DVN,MRQ,2003-12-31,2003-12-31,2003-12-31,2021-08-04,569000000.0,27162000000.0,,2364000000.0,24798000000.0,,23.624,-643000000.0,932000000.0,932000000.0,628000000.0,543000000.0,1.141,1.457,8918000000.0,338000000.0,8580000000.0,8918000000.0,0.0,562000000.0,0.0,0.003,0.025,540000000.0,1102000000.0,0.574,1102000000.0,540000000.0,418000000.0,1.175,1.16,1.175,11056000000.0,,11056000000.0,21397213820.0,8.0,4.696,345000000.0,0.737,1.0,1292000000.0,0.673,5477000000.0,122000000.0,27600000000.0,,0.0,954000000.0,341000000.0,613000000.0,16106000000.0,2071000000.0,14035000000.0,13316213820.0,92000000.0,0.0,104000000.0,-1000000.0,-11000000.0,90000000.0,-1008000000.0,-341000000.0,988000000.0,22000000.0,543000000.0,540000000.0,540000000.0,0.0,0.0,0.281,734000000.0,558000000.0,859000000.0,0.021,1.204,7.666,6.882,18334000000.0,3000000.0,28.63,1.811,1.624,946000000.0,1614000000.0,1920000000.0,1920000000.0,0.0,,,,,0.0,86000000.0,1.0,465114000.0,468000000.0,478000000.0,4.103,21685000000.0,0.0,-125000000.0,4385000000.0,46.335,293000000.0
71,DVN,MRQ,2003-09-30,2003-09-30,2003-09-30,2021-08-04,368000000.0,25967000000.0,,1907000000.0,24060000000.0,,21.961,-696000000.0,840000000.0,840000000.0,617000000.0,412000000.0,1.118,1.548,8921000000.0,340000000.0,8581000000.0,8921000000.0,70000000.0,508000000.0,0.0,0.004,0.025,738000000.0,1246000000.0,0.64,1246000000.0,738000000.0,618000000.0,0.88,0.855,0.88,10190000000.0,,10190000000.0,19524297200.0,8.0,4.952,318000000.0,0.685,1.0,1331000000.0,0.683,5341000000.0,120000000.0,27001000000.0,,77000000.0,570000000.0,63000000.0,507000000.0,15777000000.0,1706000000.0,14071000000.0,11174297200.0,116000000.0,0.0,13000000.0,-190000000.0,-12000000.0,-191000000.0,-708000000.0,0.0,1014000000.0,1000000.0,412000000.0,410000000.0,410000000.0,0.0,0.0,0.21,597000000.0,734000000.0,633000000.0,0.028,1.097,8.744,7.16,17848000000.0,2000000.0,24.095,1.677,1.677,896000000.0,1085000000.0,1948000000.0,1948000000.0,0.0,,,,,0.0,79000000.0,1.0,463760000.0,464000000.0,482000000.0,4.198,20626000000.0,11000000.0,206000000.0,4409000000.0,44.453,201000000.0
72,DVN,MRQ,2003-06-30,2003-06-30,2003-06-30,2021-08-04,249000000.0,25611000000.0,,1839000000.0,23772000000.0,,22.764,-583000000.0,724000000.0,724000000.0,602000000.0,356000000.0,0.832,1.653,9074000000.0,575000000.0,8499000000.0,9074000000.0,88000000.0,427000000.0,0.0,0.004,0.025,719000000.0,1146000000.0,0.632,1146000000.0,719000000.0,589000000.0,0.835,0.81,0.835,9652000000.0,,9652000000.0,19275918733.0,10.0,6.007,356000000.0,0.84,1.0,1211000000.0,0.668,5324000000.0,130000000.0,26427000000.0,,71000000.0,569000000.0,57000000.0,512000000.0,15959000000.0,2210000000.0,13749000000.0,12323918733.0,90000000.0,0.0,35000000.0,-330000000.0,-8000000.0,-306000000.0,-571000000.0,0.0,939000000.0,28000000.0,356000000.0,353000000.0,353000000.0,0.0,0.0,0.195,536000000.0,675000000.0,651000000.0,0.03,1.277,13.28,9.981,17592000000.0,3000000.0,26.7,2.144,1.97,965000000.0,688000000.0,1813000000.0,1813000000.0,0.0,,,,,0.0,93000000.0,1.0,461569990.0,424000000.0,442000000.0,4.276,20287000000.0,11000000.0,233000000.0,4151000000.0,47.847,-371000000.0
73,DVN,MRQ,2003-03-31,2003-03-31,2003-03-31,2021-08-04,-11000000.0,17828000000.0,,1637000000.0,16191000000.0,,17.0,-486000000.0,634000000.0,634000000.0,609000000.0,436000000.0,1.124,2.34,7586000000.0,211000000.0,7375000000.0,7586000000.0,0.0,296000000.0,0.0,0.004,0.025,766000000.0,1062000000.0,0.636,1062000000.0,766000000.0,636000000.0,1.38,1.335,1.38,5338000000.0,,5338000000.0,14753549095.0,15.0,6.7,341000000.0,1.086,1.0,1062000000.0,0.636,3699000000.0,130000000.0,19625000000.0,,31000000.0,505000000.0,46000000.0,459000000.0,12490000000.0,1456000000.0,11034000000.0,7483549095.0,342000000.0,0.0,3000000.0,0.0,-8000000.0,-7000000.0,-486000000.0,0.0,827000000.0,8000000.0,436000000.0,434000000.0,434000000.0,0.0,0.0,0.26,352000000.0,710000000.0,473000000.0,0.018,1.402,15.99,16.073,11760000000.0,2000000.0,24.11,1.472,1.489,910000000.0,341000000.0,1671000000.0,1671000000.0,0.0,,,,,0.0,49000000.0,1.0,310391916.0,314000000.0,326000000.0,5.322,14129000000.0,11000000.0,200000000.0,2893000000.0,44.997,181000000.0
74,DVN,MRQ,2002-12-31,2002-12-31,2002-12-31,2021-08-04,-267000000.0,16225000000.0,,1064000000.0,15161000000.0,,14.913,-633000000.0,292000000.0,292000000.0,472000000.0,84000000.0,1.021,2.487,7562000000.0,0.0,7562000000.0,7562000000.0,0.0,295000000.0,0.0,0.004,0.025,194000000.0,489000000.0,0.397,489000000.0,194000000.0,63000000.0,0.27,0.26,0.27,4653000000.0,,4653000000.0,14748969400.0,33.0,8.912,-55000000.0,-0.176,1.0,761000000.0,0.617,3555000000.0,131000000.0,18898000000.0,,26000000.0,512000000.0,40000000.0,472000000.0,11572000000.0,1042000000.0,10530000000.0,7190969400.0,204000000.0,316000000.0,13000000.0,-78000000.0,-8000000.0,-76000000.0,-297000000.0,0.0,578000000.0,-1000000.0,84000000.0,81000000.0,81000000.0,11000000.0,0.0,0.066,363000000.0,398000000.0,376000000.0,0.093,1.545,76.5,74.032,10852000000.0,3000000.0,22.95,1.666,1.643,639000000.0,-84000000.0,1233000000.0,1233000000.0,0.0,,,,,0.0,68000000.0,1.0,313332000.0,312000000.0,316000000.0,3.952,12670000000.0,56000000.0,-21000000.0,2636000000.0,40.609,22000000.0
75,DVN,MRQ,2002-09-30,2002-09-30,2002-09-30,2021-08-04,-301000000.0,16017000000.0,,836000000.0,15181000000.0,,14.529,-199000000.0,88000000.0,88000000.0,428000000.0,62000000.0,0.845,2.533,7646000000.0,0.0,7646000000.0,7646000000.0,0.0,282000000.0,0.0,0.004,0.025,230000000.0,512000000.0,0.497,512000000.0,230000000.0,100000000.0,0.19,0.185,0.19,4533000000.0,,4533000000.0,15336650000.0,-30.0,21.631,89000000.0,0.285,1.0,603000000.0,0.585,3590000000.0,130000000.0,18996000000.0,,33000000.0,534000000.0,43000000.0,491000000.0,11484000000.0,989000000.0,10495000000.0,7729650000.0,-327000000.0,0.0,1000000.0,-402000000.0,-7000000.0,-410000000.0,-207000000.0,0.0,288000000.0,2000000.0,62000000.0,60000000.0,60000000.0,50000000.0,0.0,0.058,329000000.0,274000000.0,405000000.0,0.132,1.705,-15.216,-12.215,10799000000.0,2000000.0,24.125,2.063,2.009,569000000.0,-158000000.0,1031000000.0,1031000000.0,0.0,,,,,0.0,47000000.0,1.0,320400000.0,312000000.0,316000000.0,3.304,12427000000.0,2000000.0,38000000.0,2597000000.0,39.83,-153000000.0
76,DVN,MRQ,2002-06-30,2002-06-30,2002-06-30,2021-08-04,2000000.0,16873000000.0,,1161000000.0,15712000000.0,,15.236,424000000.0,425000000.0,425000000.0,455000000.0,-104000000.0,1.096,2.527,8032000000.0,0.0,8032000000.0,8032000000.0,17000000.0,323000000.0,0.0,0.003,0.025,-184000000.0,139000000.0,0.121,139000000.0,-184000000.0,-332000000.0,-0.34,-0.34,-0.34,4784000000.0,,4784000000.0,16225336640.0,-29.0,29.078,944000000.0,3.006,1.0,694000000.0,0.604,3670000000.0,148000000.0,19751000000.0,,43000000.0,669000000.0,41000000.0,628000000.0,12089000000.0,1059000000.0,11030000000.0,7704336640.0,62000000.0,0.0,9000000.0,-873000000.0,-8000000.0,-875000000.0,419000000.0,0.0,520000000.0,-2000000.0,-104000000.0,-107000000.0,-107000000.0,-102000000.0,0.0,-0.093,1028000000.0,-334000000.0,426000000.0,-0.074,1.61,-15.885,-13.391,11087000000.0,3000000.0,24.64,2.37,2.38,636000000.0,-210000000.0,1149000000.0,1149000000.0,0.0,,,,,0.0,54000000.0,1.0,312676000.0,314000000.0,326000000.0,3.659,13203000000.0,7000000.0,-228000000.0,2724000000.0,42.048,102000000.0
77,DVN,MRQ,2002-03-31,2002-03-31,2002-03-31,2021-08-04,-197000000.0,17977000000.0,,1170000000.0,16807000000.0,,15.848,-1951000000.0,367000000.0,367000000.0,339000000.0,62000000.0,1.103,2.832,8888000000.0,0.0,8888000000.0,8888000000.0,33000000.0,311000000.0,0.0,0.003,0.025,204000000.0,515000000.0,0.57,515000000.0,204000000.0,80000000.0,0.205,0.2,0.205,4691000000.0,,4691000000.0,13835237920.0,-120.0,15.903,-1583000000.0,-5.348,1.0,564000000.0,0.625,3575000000.0,124000000.0,21862000000.0,,53000000.0,687000000.0,47000000.0,640000000.0,13286000000.0,1061000000.0,12225000000.0,7439237920.0,170000000.0,0.0,9000000.0,1763000000.0,-8000000.0,1762000000.0,-1961000000.0,0.0,368000000.0,1000000.0,62000000.0,60000000.0,60000000.0,-4000000.0,0.0,0.066,361000000.0,203000000.0,544000000.0,0.122,1.586,-30.364,-24.503,12263000000.0,2000000.0,24.135,2.656,2.551,680000000.0,-95000000.0,903000000.0,903000000.0,0.0,,,,,0.0,50000000.0,1.0,308234428.0,296000000.0,300000000.0,3.051,14402000000.0,23000000.0,18000000.0,2952000000.0,48.655,109000000.0
78,DVN,MRQ,2001-12-31,2001-12-31,2001-12-31,2021-08-04,-28000000.0,13184000000.0,,1354000000.0,11830000000.0,,12.73,-3941000000.0,183000000.0,183000000.0,214000000.0,-518000000.0,1.473,3.045,6589000000.0,0.0,6589000000.0,6589000000.0,51000000.0,296000000.0,0.0,0.004,0.025,-753000000.0,-457000000.0,-0.689,-457000000.0,-753000000.0,-868000000.0,-2.03,-1.955,-2.03,3259000000.0,,3259000000.0,6692393100.0,20.0,5.61,-3489000000.0,-13.629,1.0,449000000.0,0.677,2206000000.0,115000000.0,16465000000.0,,20000000.0,681000000.0,45000000.0,636000000.0,9925000000.0,919000000.0,9006000000.0,4870441100.0,20000000.0,-91000000.0,3000000.0,3553000000.0,-5000000.0,3548000000.0,-3975000000.0,0.0,452000000.0,-5000000.0,-518000000.0,-521000000.0,-521000000.0,13000000.0,0.0,-0.786,1225000000.0,-776000000.0,470000000.0,-0.012,1.494,52.37,52.945,8762000000.0,3000000.0,19.325,1.701,1.727,489000000.0,-147000000.0,663000000.0,663000000.0,0.0,,,,,0.0,36000000.0,1.0,252028000.0,256000000.0,236000000.0,2.59,10978000000.0,68000000.0,-350000000.0,2222000000.0,42.883,435000000.0
79,DVN,MRQ,2001-09-30,2001-09-30,2001-09-30,2021-08-04,-29542000.0,7732490000.0,,819902000.0,6912588000.0,,14.956,-281000000.0,239265000.0,239265000.0,151000000.0,85000000.0,1.459,1.052,2061217000.0,0.0,2061217000.0,2061217000.0,65330000.0,195000000.0,0.0,0.004,0.0,166000000.0,361000000.0,0.674,361000000.0,166000000.0,130000000.0,0.325,0.32,0.325,3769005000.0,,3769005000.0,5955154600.0,4.0,2.632,77000000.0,0.306,1.0,385000000.0,0.718,269305000.0,36000000.0,8723339000.0,,42618000.0,790439000.0,37941000.0,752498000.0,3963485000.0,561798000.0,3401687000.0,4333849600.0,-254000000.0,0.0,-186000000.0,-100000000.0,-7000000.0,-295000000.0,-317000000.0,0.0,358000000.0,0.0,85000000.0,83000000.0,83000000.0,-15000000.0,0.0,0.155,241000000.0,144000000.0,337577000.0,0.0,1.15,4.722,4.811,5743523000.0,2000000.0,17.2,1.485,1.485,491099000.0,380049000.0,536000000.0,536000000.0,0.0,,,,,0.0,28000000.0,1.0,251968000.0,252000000.0,262000000.0,2.127,7463185000.0,8979000.0,45000000.0,1130224000.0,29.616,258104000.0
80,DVN,MRQ,2001-06-30,2001-06-30,2001-06-30,2021-08-04,-43313000.0,7804038000.0,,1111513000.0,6692525000.0,,14.951,-648000000.0,477822000.0,477822000.0,167000000.0,136000000.0,1.891,1.023,2099127000.0,0.0,2099127000.0,2099127000.0,81472000.0,183000000.0,0.0,0.004,0.025,268000000.0,451000000.0,0.645,451000000.0,268000000.0,233000000.0,0.515,0.505,0.515,3857241000.0,,3857241000.0,8143732000.0,5.0,3.402,-305000000.0,-1.182,1.0,532000000.0,0.761,277767000.0,35000000.0,8559739000.0,,40193000.0,675723000.0,33858000.0,641865000.0,3946797000.0,587837000.0,3358960000.0,6794550000.0,-159000000.0,0.0,8000000.0,163000000.0,-6000000.0,167000000.0,-669000000.0,0.0,343000000.0,0.0,136000000.0,133000000.0,133000000.0,-9000000.0,0.0,0.19,292000000.0,240000000.0,296516000.0,0.049,1.762,6.813,6.757,5640137000.0,3000000.0,26.25,2.186,2.179,550661000.0,304130000.0,699000000.0,699000000.0,0.0,,,,,0.0,26000000.0,1.0,258840000.0,258000000.0,270000000.0,2.709,7526271000.0,8979000.0,97000000.0,1059033000.0,29.172,523676000.0
81,DVN,MRQ,2001-03-31,2001-03-31,2001-03-31,2021-08-04,-108961000.0,7326752000.0,,1250103000.0,6076649000.0,,14.204,-324000000.0,609702000.0,609702000.0,201000000.0,400000000.0,1.794,0.999,1958884000.0,0.0,1958884000.0,1958884000.0,97545000.0,191000000.0,0.0,0.003,0.025,660000000.0,851000000.0,0.825,851000000.0,660000000.0,626000000.0,1.54,1.48,1.54,3664549000.0,,3664549000.0,9172618788.0,5.0,3.789,433000000.0,1.678,1.0,830000000.0,0.805,286227000.0,34000000.0,7692914000.0,,40256000.0,657914000.0,35199000.0,622715000.0,3662203000.0,696793000.0,2965410000.0,7351832788.0,382000000.0,0.0,19000000.0,-55000000.0,-7000000.0,-50000000.0,-324000000.0,0.0,757000000.0,-1000000.0,400000000.0,398000000.0,398000000.0,0.0,0.0,0.386,213000000.0,617000000.0,314325000.0,0.016,2.006,7.241,7.339,5041209000.0,2000000.0,29.1,2.404,2.455,555967000.0,176654000.0,1031000000.0,1031000000.0,0.0,,,,,0.0,22000000.0,1.0,252640302.0,258000000.0,270000000.0,3.996,7040525000.0,8979000.0,226000000.0,891098000.0,27.289,553310000.0
82,DVN,MRQ,2000-12-31,2000-12-31,2000-12-31,2021-08-04,-85000000.0,6860000000.0,,828000000.0,6032000000.0,,12.921,-155666000.0,194000000.0,194000000.0,136995000.0,306567000.0,1.435,1.093,2049000000.0,0.0,2049000000.0,2049000000.0,114000000.0,164289000.0,0.0,0.003,0.025,435493000.0,599782000.0,0.919,599782000.0,435493000.0,401889000.0,1.195,1.15,1.195,3277000000.0,,3277000000.0,9848440770.0,8.0,5.012,299944000.0,1.183,1.0,515964000.0,0.79,289000000.0,33604000.0,7849000000.0,,23000000.0,639000000.0,40000000.0,599000000.0,3583000000.0,577000000.0,3006000000.0,7824950770.0,19520000.0,-132000000.0,14262000.0,-156981000.0,-6920000.0,-154536000.0,-281666000.0,13000000.0,455610000.0,112000.0,306567000.0,303868000.0,303868000.0,-69000000.0,0.0,0.465,188879000.0,327085000.0,273000000.0,0.021,2.388,10.868,10.772,4662000000.0,2699000.0,30.485,3.025,2.993,562000000.0,-215000000.0,652959000.0,652959000.0,0.0,,,,,0.0,21823000.0,1.0,256682000.0,253610000.0,272232000.0,2.575,6571000000.0,9000000.0,95322000.0,698000000.0,25.91,251000000.0
83,DVN,MRQ,2000-09-30,2000-09-30,2000-09-30,2021-08-04,-84809000.0,6570516000.0,,784486000.0,5786030000.0,,11.59,-215371000.0,178647000.0,178647000.0,150582000.0,164912000.0,1.283,1.217,2202137000.0,0.0,2202137000.0,2202137000.0,129744000.0,180515000.0,0.0,0.003,0.025,311507000.0,492022000.0,0.679,492022000.0,311507000.0,271062000.0,0.635,0.61,0.635,2963681000.0,,2963681000.0,6720810957.0,7.0,3.945,251577000.0,0.984,1.0,574559000.0,0.792,299661000.0,40445000.0,7682957000.0,,54966000.0,683224000.0,78594000.0,604630000.0,3606835000.0,611388000.0,2995447000.0,5233954957.0,-134624000.0,0.0,23312000.0,-356928000.0,-6417000.0,-385667000.0,-215557000.0,0.0,466948000.0,-348000.0,164912000.0,162479000.0,162479000.0,0.0,0.0,0.224,263052000.0,311507000.0,277159000.0,0.039,1.766,10.716,13.859,4755529000.0,2433000.0,30.075,2.125,3.123,467393000.0,-510400000.0,725141000.0,725141000.0,0.0,,,,,0.0,25304000.0,1.0,174030090.0,255714000.0,268788000.0,2.836,6270855000.0,4886000.0,106150000.0,566359000.0,24.523,173098000.0
84,DVN,MRQ,2000-06-30,2000-06-30,2000-06-30,2021-08-04,-80159000.0,4827936000.0,,628642000.0,4199294000.0,,8.574,-243356000.0,298971000.0,298971000.0,146505000.0,153334000.0,2.307,1.217,1785827000.0,0.0,1785827000.0,1785827000.0,0.0,182612000.0,0.0,0.004,0.025,295344000.0,477956000.0,0.737,477956000.0,295344000.0,254469000.0,0.595,0.585,0.595,2177620000.0,,2177620000.0,6401849000.0,8.0,4.227,77116000.0,0.304,1.0,501979000.0,0.774,299481000.0,40875000.0,5742766000.0,,14462000.0,615245000.0,13718000.0,601527000.0,2650316000.0,272545000.0,2377771000.0,4849320000.0,252383000.0,0.0,24140000.0,160193000.0,-4346000.0,175474000.0,-243266000.0,0.0,320472000.0,-297000.0,153334000.0,150900000.0,150900000.0,0.0,0.0,0.233,206635000.0,295344000.0,95420000.0,0.042,2.227,12.912,15.686,3179761000.0,2434000.0,28.0,2.294,3.364,296605000.0,-26408000.0,648484000.0,648484000.0,0.0,,,,,0.0,24023000.0,1.0,173190000.0,253988000.0,258910000.0,2.553,4528455000.0,4886000.0,101135000.0,489283000.0,17.829,356097000.0
85,DVN,MRQ,2000-03-31,2000-03-31,2000-03-31,2021-08-04,-41750000.0,4561157000.0,,313563000.0,4247594000.0,,8.374,-432607000.0,49788000.0,49788000.0,137918000.0,105187000.0,1.279,1.156,1602317000.0,0.0,1602317000.0,1602317000.0,0.0,175584000.0,0.0,0.004,0.025,219656000.0,395240000.0,0.705,395240000.0,219656000.0,179580000.0,0.405,0.4,0.405,2115835000.0,,2115835000.0,5590380722.0,10.0,5.052,-86637000.0,-0.343,1.0,422498000.0,0.754,314955000.0,40076000.0,5553590000.0,,14787000.0,671418000.0,15812000.0,655606000.0,2445322000.0,245141000.0,2200181000.0,3970426722.0,-112279000.0,0.0,4286000.0,-18284000.0,-4317000.0,-25271000.0,-432511000.0,0.0,345970000.0,-467000.0,105187000.0,102753000.0,102753000.0,0.0,0.0,0.183,200434000.0,222064000.0,78384000.0,0.062,1.877,16.483,17.919,3161944000.0,2434000.0,24.28,2.529,3.908,228290000.0,-110362000.0,560416000.0,560416000.0,0.0,,,,,0.0,24850000.0,1.0,163526636.0,252672000.0,255334000.0,2.218,4246202000.0,4886000.0,74393000.0,456018000.0,16.805,68422000.0
86,DVN,MRQ,1999-12-31,1999-12-31,1999-12-31,2021-08-04,-65000000.0,6096000000.0,,590000000.0,5506000000.0,,13.41,-142793000.0,173000000.0,173000000.0,153968000.0,75059000.0,1.263,1.418,2416000000.0,0.0,2416000000.0,2416000000.0,105000000.0,166202000.0,0.0,0.006,0.025,172326000.0,338528000.0,0.64,338528000.0,172326000.0,128264000.0,0.535,0.535,0.535,2521000000.0,,2521000000.0,4412043840.0,-47.0,13.451,-25984000.0,-0.138,1.0,374703000.0,0.709,323000000.0,44062000.0,7549000000.0,,39000000.0,671000000.0,57000000.0,614000000.0,3575000000.0,467000000.0,3108000000.0,2659761840.0,-237704000.0,18088000.0,19053000.0,-254595000.0,-4612000.0,-231009000.0,-124342000.0,0.0,116809000.0,838000.0,75059000.0,72276000.0,72276000.0,0.0,0.0,0.137,206789000.0,167914000.0,267000000.0,0.047,1.055,-16.834,-19.571,4424000000.0,2783000.0,16.44,2.081,2.418,316000000.0,-909000000.0,528671000.0,528671000.0,0.0,,,,,0.0,28187000.0,1.0,161786000.0,188000000.0,198000000.0,2.812,5773000000.0,5000000.0,53205000.0,337000000.0,30.707,123000000.0
87,DVN,MRQ,1999-09-30,1999-09-30,1999-09-30,2021-08-04,-59809000.0,5175270000.0,,596593000.0,4578677000.0,,9.168,-491218000.0,380258000.0,380258000.0,95997000.0,50852000.0,1.102,1.846,2132540000.0,200000000.0,1932540000.0,2132540000.0,0.0,186477000.0,0.0,0.005,0.025,116440000.0,302917000.0,0.804,302917000.0,116440000.0,82081000.0,0.25,0.24,0.25,1818588000.0,,1818588000.0,2607655800.0,-29.0,8.284,-161938000.0,-0.816,1.0,280554000.0,0.745,0.0,34359000.0,6386197000.0,,16849000.0,629836000.0,383000.0,629453000.0,3356682000.0,541355000.0,2815327000.0,2024136800.0,384864000.0,-18088000.0,494795000.0,73653000.0,-3526000.0,564728000.0,-509239000.0,0.0,329280000.0,95000.0,50852000.0,49635000.0,49635000.0,0.0,0.0,0.132,162015000.0,118539000.0,117387000.0,0.1,1.113,-18.871,-34.824,3859615000.0,1217000.0,20.72,2.073,4.21,187726000.0,-205873000.0,376551000.0,376551000.0,0.0,,,,,0.0,26038000.0,1.0,97690000.0,198356000.0,211192000.0,1.898,5175270000.0,0.0,31229000.0,695566000.0,26.091,55238000.0
88,DVN,MRQ,1999-06-30,1999-06-30,1999-06-30,2021-08-04,-31330000.0,1305163000.0,,104760000.0,1200403000.0,,5.703,-56893000.0,13994000.0,13994000.0,30546000.0,16209000.0,1.422,1.351,597513000.0,0.0,597513000.0,597513000.0,0.0,35763000.0,0.0,0.006,0.025,34206000.0,69969000.0,0.671,69969000.0,34206000.0,27091000.0,0.165,0.165,0.165,555240000.0,,555240000.0,2295902078.0,-7.0,-32.49,-28049000.0,-0.288,1.0,73766000.0,0.707,0.0,7115000.0,1815005000.0,,2624000.0,1516000.0,1516000.0,0.0,749923000.0,73677000.0,676246000.0,1737549078.0,554000.0,0.0,8498000.0,21813000.0,-2438000.0,28397000.0,-56771000.0,0.0,28844000.0,84000.0,16209000.0,16209000.0,16209000.0,0.0,0.0,0.155,42715000.0,31051000.0,37344000.0,0.152,3.129,-7.237,-10.501,1185629000.0,0.0,17.905,2.509,2.517,83712000.0,-225582000.0,104312000.0,104312000.0,0.0,,,,,0.0,6952000.0,1.0,97042674.0,97358000.0,108172000.0,1.071,1305163000.0,605000.0,10882000.0,44149000.0,13.406,31083000.0
89,DVN,MRQ,1999-03-31,1999-03-31,1999-03-31,2021-08-04,-34338000.0,1267505000.0,,101067000.0,1166438000.0,,5.465,-78096000.0,13440000.0,13440000.0,30389000.0,5980000.0,1.062,1.392,571793000.0,0.0,571793000.0,571793000.0,0.0,33558000.0,0.0,0.007,0.025,17828000.0,51386000.0,0.589,51386000.0,17828000.0,11164000.0,0.06,0.06,0.06,529798000.0,,529798000.0,1714904108.0,-5.0,-20.537,-21029000.0,-0.217,1.0,56877000.0,0.652,0.0,6664000.0,1730706000.0,,2787000.0,1892000.0,1892000.0,0.0,737707000.0,95152000.0,642555000.0,1179287108.0,-5714000.0,0.0,1654000.0,15129000.0,-2424000.0,14884000.0,-77648000.0,0.0,57067000.0,-17000.0,5980000.0,5980000.0,5980000.0,0.0,0.0,0.069,39781000.0,17096000.0,64491000.0,0.417,2.226,-4.831,-7.897,1152062000.0,0.0,13.78,1.702,1.927,78860000.0,-239353000.0,87266000.0,87266000.0,0.0,,,,,0.0,6223000.0,1.0,85579616.0,96940000.0,96940000.0,0.9,1267505000.0,605000.0,5184000.0,36172000.0,13.075,5915000.0
90,DVN,MRQ,1998-12-31,1998-12-31,1998-12-31,2021-08-04,-35962000.0,1930537000.0,,226648000.0,1703889000.0,,5.284,-462638000.0,31254000.0,31254000.0,178004000.0,-179088000.0,1.031,1.575,885371000.0,0.0,885371000.0,885371000.0,3600000.0,150231000.0,0.0,0.007,0.025,-259714000.0,-109483000.0,-0.268,-109483000.0,-259714000.0,-286902000.0,-1.07,-1.07,-1.07,749763000.0,,749763000.0,1134247271.0,-4.0,-15.06,-280561000.0,-1.977,1.0,230140000.0,0.564,0.0,27188000.0,2564798000.0,,21750000.0,35981000.0,35981000.0,0.0,1180774000.0,219856000.0,960918000.0,991897639.0,18504000.0,0.0,-9611000.0,309953000.0,-2430000.0,298695000.0,-462659000.0,-1057000.0,182077000.0,391000.0,-179088000.0,-179088000.0,-179088000.0,0.0,0.0,-0.439,486754000.0,-256614000.0,155377000.0,-0.023,1.323,-4.205,-9.244,1623528000.0,0.0,15.345,1.405,3.083,137058000.0,-737009000.0,408144000.0,408144000.0,0.0,,,,,0.0,27774000.0,1.0,64639794.0,141896000.0,153864000.0,2.876,1930537000.0,54986000.0,-107814000.0,1200000.0,13.605,6792000.0
91,DVN,MRQ,1998-09-30,1998-09-30,1998-09-30,2021-08-04,-6612908.0,737349399.0,,51068820.0,686280579.0,,4.848,-69269000.0,7150368.0,7150368.0,31669000.0,-83195000.0,2.162,0.571,149500000.0,0.0,149500000.0,149500000.0,0.0,31755000.0,0.0,0.006,0.025,-114291000.0,-82536000.0,-0.889,-82536000.0,-114291000.0,-119798000.0,-0.86,-0.86,-0.86,469325101.0,,469325101.0,1191022723.0,-2.0,-2.931,-19707000.0,-0.204,1.0,61201000.0,0.659,0.0,5507000.0,856075735.0,,2340942.0,0.0,0.0,0.0,268024298.0,23623296.0,244401002.0,1064617308.0,-15945000.0,0.0,1204000.0,4953000.0,-1616000.0,4934000.0,-69613000.0,607000.0,49562000.0,-828000.0,-83195000.0,-83195000.0,-83195000.0,0.0,0.0,-0.896,164551000.0,-103350000.0,14185878.0,-0.029,2.268,-2.577,-3.538,672441402.0,0.0,16.47,1.877,2.811,39960269.0,79768927.0,92870000.0,92870000.0,0.0,,,,,0.0,5896000.0,1.0,64639788.0,96812000.0,96812000.0,0.959,737349399.0,434000.0,-36603000.0,67588000.0,7.616,27445524.0
92,DVN,MRQ,1998-06-30,1998-06-30,1998-06-30,2021-08-04,-4088972.0,863156717.0,,69926283.0,793230434.0,,5.754,-46330000.0,23094585.0,23094585.0,32154000.0,12173000.0,2.857,0.551,149500000.0,0.0,149500000.0,149500000.0,0.0,31165000.0,0.0,0.006,0.025,25964000.0,57129000.0,0.545,57129000.0,25964000.0,20537000.0,0.125,0.125,0.125,556550673.0,,556550673.0,1233100747.0,-3.0,-4.463,-15286000.0,-0.158,1.0,72621000.0,0.693,0.0,5427000.0,965083343.0,,2288025.0,0.0,0.0,0.0,306606044.0,24478789.0,282127255.0,1129257131.0,-22562000.0,0.0,824000.0,-7879000.0,-1616000.0,-8279000.0,-45383000.0,2483000.0,31044000.0,56000.0,12173000.0,12173000.0,12173000.0,0.0,0.0,0.116,37306000.0,35315000.0,12395635.0,0.2,2.029,-3.6,-4.935,780174631.0,0.0,17.47,2.063,3.088,42360675.0,164470563.0,104775000.0,104775000.0,0.0,,,,,0.0,6141000.0,1.0,64639790.0,96732000.0,96732000.0,1.083,863156717.0,434000.0,8364000.0,105935000.0,8.923,45447494.0
93,DVN,MRQ,1998-03-31,1998-03-31,1998-03-31,2021-08-04,-2063789.0,861830150.0,,91336505.0,770493645.0,,5.719,-69578000.0,45656384.0,45656384.0,32791000.0,14225000.0,3.157,0.56,149500000.0,0.0,149500000.0,149500000.0,0.0,29993000.0,0.0,0.005,0.025,29581000.0,59574000.0,0.593,59574000.0,29581000.0,24171000.0,0.145,0.145,0.145,552558807.0,,552558807.0,1363994294.0,-3.0,-4.735,2210000.0,0.023,1.0,67646000.0,0.674,0.0,5410000.0,936745656.0,,2726969.0,0.0,0.0,0.0,309271343.0,28928110.0,280343233.0,1256558638.0,3592000.0,0.0,412000.0,-42820000.0,-1616000.0,-38832000.0,-29605000.0,40551000.0,71788000.0,241000.0,14225000.0,14225000.0,14225000.0,0.0,0.0,0.142,35636000.0,32010000.0,12166437.0,0.172,2.274,-4.04,-5.659,757254700.0,0.0,19.44,2.453,3.667,40024208.0,158471536.0,100437000.0,100437000.0,0.0,,,,,0.0,5643000.0,1.0,64637790.0,96620000.0,96620000.0,1.04,861830150.0,434000.0,9946000.0,107237940.0,8.92,62408395.0
94,DVN,MRQ,1997-12-31,1997-12-31,1997-12-31,2021-08-04,-27113000.0,1248986000.0,,213257000.0,1035729000.0,,6.341,-17712879.0,42065000.0,42065000.0,60803344.0,-356352496.0,1.564,1.094,503816000.0,48979000.0,454837000.0,503816000.0,0.0,108719130.0,0.0,0.005,0.025,-549230680.0,-440511550.0,-1.636,-440511550.0,-549230680.0,-567769496.0,-4.065,-4.0,-4.065,596546000.0,,596546000.0,,,,106393077.0,1.131,1.0,208443725.0,0.774,0.0,18538816.0,1574423000.0,,4012000.0,26370000.0,26370000.0,0.0,652440000.0,136314000.0,516126000.0,1244277458.0,101684.0,0.0,-207237223.0,135154000.0,-1616291.0,-69452080.0,-54899938.0,-32428000.0,124105956.0,347746.0,-356352496.0,-356352496.0,-356352496.0,0.0,0.0,-1.324,749385531.0,-540941806.0,46003000.0,-0.006,2.086,-4.148,-6.034,995283000.0,0.0,19.25,2.49,3.625,96828000.0,-175346000.0,269247069.0,269247069.0,0.0,,,,,0.0,15152401.0,1.0,64637790.0,94080000.0,94080000.0,2.862,1248986000.0,434000.0,-211417000.0,36854000.0,13.276,76943000.0
95,DVN,MRQ,1997-09-30,1997-09-30,1997-09-30,2021-08-04,,,,,,,,-39394017.0,,,19924344.0,16305960.0,,,,,,,,20246574.0,,0.005,0.025,27268106.0,47514680.0,0.652,47514680.0,27268106.0,27177960.0,0.255,0.235,0.255,,,,,,,-4196829.0,-0.065,1.0,52936159.0,0.727,,90146.0,,,,,,,,,,,-4897238.0,0.0,2271805.0,0.0,-1612714.0,1999280.0,-42094958.0,0.0,35197188.0,1252.0,16305960.0,16305960.0,16305960.0,0.0,0.0,0.224,23238678.0,29697481.0,,0.098,,,,,0.0,22.0,,,,,72860503.0,72860503.0,0.0,,,,,0.0,2992104.0,1.0,,64470004.0,64470004.0,1.13,,,10872000.0,,,
96,DVN,MRQ,1997-06-30,1997-06-30,1997-06-30,2021-08-04,,,,,,,,-27379733.0,,,18273831.0,14829990.0,,,,,,,,20597744.0,,0.005,0.025,24744221.0,45341965.0,0.651,45341965.0,24744221.0,24715990.0,0.23,0.22,0.23,,,,,,,18386448.0,0.286,1.0,51377951.0,0.738,,28231.0,,,,,,,,,,,17981760.0,0.0,843418.0,0.0,-1608930.0,-425324.0,-27379733.0,0.0,45766181.0,20636.0,14829990.0,14829990.0,14829990.0,0.0,0.0,0.213,24204354.0,27173597.0,,0.109,,,,,0.0,18.375,,,,,69651782.0,69651782.0,0.0,,,,,0.0,3606610.0,1.0,,64331808.0,64331808.0,1.083,,,9886000.0,,,
97,DVN,MRQ,1997-03-31,1997-03-31,1997-03-31,2021-08-04,,,,,,,,-23208371.0,,,21122481.0,25225546.0,,,,,,,,19544552.0,,0.005,0.025,42173353.0,61717905.0,0.702,61717905.0,42173353.0,42042546.0,0.39,0.355,0.39,,,,,,,24778304.0,,1.0,66777165.0,0.76,,130807.0,,,,,,,,,,,15461794.0,0.0,0.0,-7996000.0,-1607065.0,-9262876.0,-23208371.0,0.0,47986675.0,-53634.0,25225546.0,25225546.0,25225546.0,0.0,0.0,0.287,22174437.0,44602728.0,,0.064,,,,,0.0,15.0,,,,,87899646.0,87899646.0,0.0,,,,,0.0,2629885.0,1.0,,,,,,,16817000.0,,,
98,DVN,MRQ,1996-12-31,1996-12-31,1996-12-31,2021-08-04,-12655000.0,1183290000.0,,233643000.0,949647000.0,,10.343,,13417000.0,13417000.0,,,1.591,0.743,321335000.0,88835000.0,232500000.0,321335000.0,0.0,,0.0,0.004,0.025,,,,,,,,,,678772000.0,,678772000.0,,,,,,1.0,,,0.0,,1344401000.0,,4310000.0,136000.0,136000.0,0.0,504518000.0,146807000.0,357711000.0,,,,,,,,,,,,,,,,,,,,33796000.0,,,,16.869,919547000.0,,17.375,,3.914,63942000.0,131090000.0,,,,,,,,,,1.0,,65624000.0,,,1183290000.0,1600000.0,,112019000.0,18.031,86836000.0
99,DVN,MRQ,1995-12-31,1995-12-31,1995-12-31,2021-08-04,0.0,421564117.0,,24874584.0,396689533.0,,4.962,,8897891.0,8897891.0,,,1.599,0.925,143000000.0,0.0,143000000.0,143000000.0,0.0,,0.0,0.005,0.015,,,,,,,,,,219040998.0,,219040998.0,,,,,,1.0,,,0.0,,540107337.0,,605263.0,0.0,0.0,0.0,202523119.0,15558889.0,186964230.0,,,,,,,,,,,,,,,,,,,,3868458.0,,,,38.636,391818737.0,,12.75,,4.968,14400295.0,49399461.0,,,,,,,,,,1.0,,44147100.0,,,421564117.0,749000.0,,35816070.0,9.549,9315695.0
0,DVN,MRT,2021-06-30,2021-06-30,2021-06-30,2021-08-04,-101000000.0,20065000000.0,15190000000.0,3076000000.0,16989000000.0,0.43,12.408,-1362.0,1539000000.0,1539000000.0,4128000000.0,289000000.0,1.001,1.373,6760000000.0,0.0,6760000000.0,6760000000.0,0.0,1603.0,0.0,0.035,1.01,236000000.0,236001603.0,0.036,236001603.0,236000000.0,-57000000.0,0.19,0.18,0.19,8399000000.0,5665000000.0,8399000000.0,25408711000.0,108.0,107.663,1172.0,0.0,1.0,2398000000.0,0.367,753000000.0,293000000.0,21461000000.0,16101250000.0,0.0,398000000.0,0.0,398000000.0,11530000000.0,3072000000.0,8458000000.0,19758711000.0,-130.0,344.0,0.0,-1302.0,-613.0,-1986.0,-689.0,18.0,2534.0,6.0,275000000.0,275000000.0,275000000.0,12000000.0,14000000.0,0.042,2213000000.0,185000000.0,1517000000.0,5.316,2.353,71.85,153.632,15441000000.0,0.0,29.19,3.028,3.028,1185000000.0,243000000.0,6526000000.0,6526000000.0,49000000.0,0.018,0.049,0.015,0.036,110.0,358000000.0,1.0,676900000.0,676900000.0,,9.641,19312000000.0,40000000.0,-332000000.0,0.0,28.53,4000000.0
1,DVN,MRT,2021-03-31,2021-03-31,2021-03-31,2021-08-04,-104000000.0,20457000000.0,12763000000.0,3467000000.0,16990000000.0,0.353,12.41,-1207.0,1878000000.0,1878000000.0,3252000000.0,-640000000.0,1.177,1.433,7528000000.0,226000000.0,7302000000.0,7528000000.0,0.0,1366.0,0.0,0.036,0.78,-747000000.0,-746998634.0,-0.166,-746998634.0,-747000000.0,-1029000000.0,-1.97,-1.98,-1.97,8353000000.0,4372000000.0,8353000000.0,17014235000.0,-23.0,-22.777,341.0,0.0,1.0,1251000000.0,0.278,753000000.0,282000000.0,22409000000.0,13492000000.0,0.0,402000000.0,0.0,402000000.0,11971000000.0,2945000000.0,9026000000.0,14707235000.0,151.0,344.0,0.0,-560.0,-426.0,-1043.0,-371.0,10.0,1548.0,14.0,-651000000.0,-651000000.0,-651000000.0,3000000.0,11000000.0,-0.145,2034000000.0,-783000000.0,1473000000.0,-0.396,1.761,-22.592,-11.091,15529000000.0,0.0,21.85,3.266,3.266,1089000000.0,218000000.0,4503000000.0,4503000000.0,58000000.0,-0.051,-0.149,-0.055,-0.166,109.0,343000000.0,1.0,673100000.0,673100000.0,,6.69,19704000000.0,166000000.0,-378000000.0,0.0,29.274,522000000.0
2,DVN,MRT,2020-12-31,2020-12-31,2020-12-31,2021-08-04,-127000000.0,9912000000.0,10434750000.0,3260000000.0,6652000000.0,0.463,7.542,-1127.0,2237000000.0,2237000000.0,3136000000.0,-2671000000.0,2.264,2.389,4544000000.0,0.0,4544000000.0,4544000000.0,0.0,1300.0,0.0,0.043,0.68,-2957000000.0,-2956998700.0,-0.612,-2956998700.0,-2957000000.0,-3227000000.0,-7.12,-7.12,-7.12,2885000000.0,3263500000.0,2885000000.0,8692325000.0,-3.0,-2.94,227.0,0.0,1.0,1692000000.0,0.35,753000000.0,270000000.0,10026000000.0,10802250000.0,0.0,12000000.0,0.0,12000000.0,6893000000.0,1440000000.0,5453000000.0,6047325000.0,393.0,0.0,-38.0,0.0,-257.0,-306.0,-646.0,0.0,1354.0,-9.0,-2680000000.0,-2680000000.0,-2680000000.0,128000000.0,9000000.0,-0.555,4546000000.0,-2854000000.0,904000000.0,-0.096,2.096,-2.256,-2.221,5616000000.0,0.0,15.81,1.253,1.253,601000000.0,208000000.0,4828000000.0,4828000000.0,167000000.0,-0.257,-0.821,-0.274,-0.612,88.0,338000000.0,1.0,382500000.0,382500000.0,,12.622,9159000000.0,174000000.0,-547000000.0,0.0,23.945,1820000000.0
3,DVN,MRT,2020-09-30,2020-09-30,2020-09-30,2021-08-04,-116000000.0,10326000000.0,11386000000.0,3477000000.0,6849000000.0,0.451,7.897,-1280.0,1897000000.0,1897000000.0,3236000000.0,-3213000000.0,2.035,2.374,4542000000.0,0.0,4542000000.0,4542000000.0,0.0,1381.0,0.0,0.07,0.66,-3499000000.0,-3498998619.0,-0.681,-3498998619.0,-3499000000.0,-3763000000.0,-8.43,-8.43,-8.43,3023000000.0,3992750000.0,3023000000.0,6493288000.0,-2.0,-1.856,267.0,0.0,1.0,1901000000.0,0.37,753000000.0,264000000.0,10509000000.0,11728500000.0,0.0,0.0,0.0,0.0,7178000000.0,1709000000.0,5469000000.0,3621288000.0,241.0,0.0,-141.0,0.0,-153.0,-195.0,-1109.0,0.0,1547.0,-2.0,-3220000000.0,-3220000000.0,-3220000000.0,755000000.0,7000000.0,-0.627,4669000000.0,-2768000000.0,977000000.0,-0.078,1.198,-1.125,-1.122,5782000000.0,0.0,9.46,0.705,0.705,493000000.0,351000000.0,5137000000.0,5137000000.0,192000000.0,-0.283,-0.806,-0.298,-0.681,93.0,375000000.0,1.0,382800000.0,382800000.0,,13.42,9573000000.0,0.0,-543000000.0,0.0,25.008,1768000000.0
4,DVN,MRT,2020-06-30,2020-06-30,2020-06-30,2021-08-04,-117000000.0,10357000000.0,12403000000.0,3378000000.0,6979000000.0,0.469,8.432,-1599.0,1669000000.0,1669000000.0,3465000000.0,-3014000000.0,2.326,2.17,4541000000.0,0.0,4541000000.0,4541000000.0,0.0,1463.0,0.0,0.034,0.38,-3160000000.0,-3159998537.0,-0.543,-3159998537.0,-3160000000.0,-3418000000.0,-7.91,-7.91,-7.91,3227000000.0,4872500000.0,3227000000.0,7152818000.0,-2.0,-2.264,-23.0,0.0,1.0,2351000000.0,0.404,753000000.0,258000000.0,11024000000.0,12796000000.0,0.0,0.0,0.0,0.0,7004000000.0,1452000000.0,5552000000.0,4339818000.0,-2184.0,0.0,-702.0,0.0,-145.0,-2317.0,-1434.0,0.0,1576.0,-9.0,-3019000000.0,-3019000000.0,-3019000000.0,795000000.0,5000000.0,-0.519,4742000000.0,-2391000000.0,782000000.0,-0.048,1.345,-1.438,-1.434,5917000000.0,0.0,11.34,0.746,0.746,515000000.0,586000000.0,5816000000.0,5816000000.0,171000000.0,-0.243,-0.62,-0.247,-0.543,85.0,407000000.0,1.0,382700000.0,382700000.0,,15.197,9604000000.0,0.0,-399000000.0,0.0,25.095,1926000000.0
5,DVN,MRT,2020-03-31,2020-03-31,2020-03-31,2021-08-04,-118000000.0,11144000000.0,13976000000.0,4055000000.0,7089000000.0,0.517,10.235,-1765.0,1727000000.0,1727000000.0,3872000000.0,-1851000000.0,2.609,1.813,4540000000.0,0.0,4540000000.0,4540000000.0,0.0,1538.0,0.0,0.052,0.36,-1927000000.0,-1926998462.0,-0.267,-1926998462.0,-1927000000.0,-2182000000.0,-4.93,-4.94,-4.93,3919000000.0,5814250000.0,3919000000.0,5339839000.0,-3.0,-2.771,327.0,0.0,1.0,3356000000.0,0.464,753000000.0,255000000.0,11650000000.0,13304500000.0,0.0,0.0,0.0,0.0,7104000000.0,1554000000.0,5550000000.0,2645839000.0,372.0,0.0,-889.0,0.0,-140.0,-2505.0,765.0,0.0,2092.0,20.0,-1854000000.0,-1854000000.0,-1854000000.0,460000000.0,3000000.0,-0.257,4864000000.0,-1508000000.0,1061000000.0,-0.073,0.675,-1.427,-1.402,6017000000.0,0.0,6.91,0.366,0.366,594000000.0,1298000000.0,7228000000.0,7228000000.0,166000000.0,-0.133,-0.319,-0.145,-0.267,91.0,442000000.0,1.0,382900000.0,382900000.0,,18.877,10391000000.0,0.0,-328000000.0,0.0,27.138,2501000000.0
6,DVN,MRT,2019-12-31,2019-12-31,2019-12-31,2021-08-04,-119000000.0,13717000000.0,15709250000.0,3851000000.0,9866000000.0,0.396,15.105,-1551.0,1844000000.0,1844000000.0,4009000000.0,-353000000.0,1.998,1.344,4538000000.0,0.0,4538000000.0,4538000000.0,0.0,1497.0,0.0,0.013,0.35,-135000000.0,-134998503.0,-0.022,-134998503.0,-135000000.0,-385000000.0,-0.89,-0.89,-0.89,5802000000.0,6798750000.0,5802000000.0,12859077000.0,-95.0,-95.253,520.0,0.0,1.0,2211000000.0,0.355,753000000.0,250000000.0,13731000000.0,15398250000.0,0.0,0.0,0.0,0.0,7797000000.0,1927000000.0,5870000000.0,9975077000.0,-602.0,0.0,-1849.0,-162.0,-140.0,-3639.0,921.0,0.0,2071.0,45.0,-355000000.0,-355000000.0,-355000000.0,274000000.0,2000000.0,-0.057,2066000000.0,145000000.0,1158000000.0,-0.393,1.719,-28.099,-29.18,8836000000.0,0.0,25.97,1.604,1.604,832000000.0,3148000000.0,6220000000.0,6220000000.0,58000000.0,-0.023,-0.052,-0.009,-0.022,115.0,475000000.0,1.0,384100000.0,384100000.0,,16.194,12964000000.0,47000000.0,-30000000.0,341000000.0,33.752,1924000000.0
7,DVN,MRT,2019-09-30,2019-09-30,2019-09-30,2021-08-04,-116000000.0,14394000000.0,17171500000.0,2846000000.0,11548000000.0,0.441,16.185,-1862.0,1655000000.0,1655000000.0,4060000000.0,1436000000.0,1.717,1.2,4539000000.0,0.0,4539000000.0,4539000000.0,0.0,1354.0,0.0,0.014,0.34,2075000000.0,2075001354.0,0.274,2075001354.0,2075000000.0,1830000000.0,3.13,3.08,3.13,6542000000.0,7644750000.0,6542000000.0,10442052000.0,5.0,5.032,182.0,0.0,1.0,3510000000.0,0.464,841000000.0,245000000.0,14779000000.0,16622250000.0,0.0,0.0,0.0,0.0,7852000000.0,1658000000.0,6194000000.0,9725052000.0,-1465.0,0.0,-2506.0,-256.0,-143.0,-4514.0,986.0,0.0,2044.0,19.0,1436000000.0,1436000000.0,1436000000.0,-265000000.0,0.0,0.19,1707000000.0,1803000000.0,1213000000.0,0.109,1.487,6.772,7.687,10396000000.0,0.0,24.06,1.285,1.285,787000000.0,3812000000.0,7570000000.0,7570000000.0,52000000.0,0.084,0.188,0.125,0.274,117.0,492000000.0,1.0,404200000.0,404200000.0,,18.728,13553000000.0,0.0,394000000.0,523000000.0,33.53,1188000000.0
8,DVN,MRT,2019-06-30,2019-06-30,2019-06-30,2021-08-04,-117000000.0,16649000000.0,18616000000.0,5167000000.0,11482000000.0,0.429,16.845,-1818.0,3840000000.0,3840000000.0,4700000000.0,3890000000.0,1.49,1.38,4557000000.0,0.0,4557000000.0,4557000000.0,0.0,1315.0,0.0,0.012,0.33,4286000000.0,4286001315.0,0.537,4286001315.0,4286000000.0,4033000000.0,8.03,7.95,8.03,6994000000.0,8233750000.0,6994000000.0,16598504000.0,4.0,3.873,578.0,0.0,1.0,3280000000.0,0.411,841000000.0,253000000.0,13058000000.0,17690750000.0,0.0,0.0,0.0,0.0,9655000000.0,3467000000.0,6188000000.0,11841504000.0,2328.0,0.0,-3643.0,-277.0,-146.0,-4035.0,3935.0,0.0,2396.0,32.0,3864000000.0,3864000000.0,3864000000.0,-2699000000.0,26000000.0,0.484,1674000000.0,1606000000.0,1294000000.0,0.041,1.693,3.065,3.552,10310000000.0,0.0,28.52,1.484,1.484,842000000.0,3738000000.0,7980000000.0,7980000000.0,56000000.0,0.208,0.469,0.242,0.537,119.0,513000000.0,1.0,415200000.0,415200000.0,,19.22,15808000000.0,0.0,169000000.0,483000000.0,38.073,1700000000.0
9,DVN,MRT,2019-03-31,2019-03-31,2019-03-31,2021-08-04,1064000000.0,18077000000.0,21743500000.0,2703000000.0,15374000000.0,0.372,17.926,6998653.0,1327000000.0,1327000000.0,5246000000.0,3060000000.0,1.373,1.301,6084000000.0,0.0,6084000000.0,6084000000.0,0.0,342000941.0,0.0,0.01,0.32,3309000000.0,3651000941.0,0.451,3651000941.0,3309000000.0,3058000000.0,6.0,5.93,6.0,7857000000.0,8488750000.0,7857000000.0,17365748000.0,5.0,4.756,512000426.0,1.168,1.0,2850000000.0,0.352,841000000.0,251000000.0,20025000000.0,20563250000.0,0.0,0.0,0.0,0.0,10220000000.0,1968000000.0,8252000000.0,13832748000.0,54999830.0,0.0,-428003456.0,-277.0,-42000109.0,-403003808.0,-273998130.0,0.0,505001773.0,226999995.0,2944000000.0,2944000000.0,2944000000.0,-2516000000.0,116000000.0,0.364,1948000000.0,902000000.0,1453000000.0,0.053,1.761,4.699,5.26,14229000000.0,0.0,31.56,1.709,1.709,1038000000.0,3280000000.0,8096000000.0,8096000000.0,111000000.0,0.135,0.347,0.161,0.409,53000094.0,534000000.0,1.0,438300000.0,438300000.0,,18.471,17236000000.0,0.0,114000000.0,772000000.0,39.325,735000000.0
10,DVN,MRT,2018-12-31,2018-12-31,2018-12-31,2021-08-04,1027000000.0,19566000000.0,24553250000.0,4437000000.0,15129000000.0,0.362,19.62,-1671.0,2414000000.0,2414000000.0,5474000000.0,3224000000.0,1.993,1.13,4454000000.0,162000000.0,4292000000.0,4454000000.0,0.0,1228.0,0.0,0.013,0.3,3874000000.0,3874001228.0,0.435,3874001228.0,3874000000.0,3294000000.0,6.14,6.1,6.14,9186000000.0,8750750000.0,9186000000.0,13499228000.0,3.0,3.485,1033.0,0.0,1.0,3422000000.0,0.385,753000000.0,580000000.0,18627000000.0,23559250000.0,0.0,0.0,0.0,0.0,10380000000.0,2226000000.0,8154000000.0,10553228000.0,-238.0,0.0,-2956.0,-1226.0,-149.0,-4203.0,1055.0,0.0,2704.0,206.0,3064000000.0,3064000000.0,3064000000.0,-2510000000.0,160000000.0,0.344,1905000000.0,1517000000.0,1252000000.0,0.049,1.149,3.444,3.671,8462000000.0,0.0,22.54,1.186,1.186,812000000.0,3650000000.0,8896000000.0,8896000000.0,128000000.0,0.125,0.35,0.164,0.435,137.0,574000000.0,1.0,468200000.0,468200000.0,,19.0,18813000000.0,0.0,230000000.0,529000000.0,40.182,2211000000.0
11,DVN,MRT,2018-09-30,2018-09-30,2018-09-30,2021-08-04,1164000000.0,20172000000.0,27222000000.0,4757000000.0,15415000000.0,0.231,17.488,346998289.0,3102000000.0,3102000000.0,5008000000.0,2379000000.0,1.475,1.267,6048000000.0,257000000.0,5791000000.0,6048000000.0,0.0,-397998650.0,0.0,0.007,0.28,2502000000.0,2104001350.0,0.335,2104001350.0,2502000000.0,1900000000.0,4.31,4.28,4.31,8898000000.0,8767750000.0,8898000000.0,24928472000.0,10.0,11.848,-527997949.0,-1.038,1.0,1271000000.0,0.202,841000000.0,602000000.0,19053000000.0,26479250000.0,0.0,0.0,0.0,0.0,11274000000.0,3224000000.0,8050000000.0,20321472000.0,-2053997679.0,0.0,-499001698.0,-1111000021.0,20999835.0,-1740001680.0,361000223.0,0.0,-874996238.0,200000016.0,2098000000.0,2098000000.0,2098000000.0,-3611000000.0,281000000.0,0.334,2099000000.0,-828000000.0,1724000000.0,0.065,2.284,9.686,9.267,14202000000.0,0.0,39.94,3.236,3.236,1226000000.0,2505000000.0,6279000000.0,6279000000.0,254000000.0,0.077,0.239,0.094,0.398,-22999849.0,561000000.0,1.0,508800000.0,508800000.0,,12.341,19331000000.0,0.0,-198000000.0,543000000.0,37.993,1533000000.0
12,DVN,MRT,2018-06-30,2018-06-30,2018-06-30,2021-08-04,1091000000.0,29159000000.0,29068750000.0,13820000000.0,15339000000.0,0.208,15.311,153998767.0,1460000000.0,1460000000.0,4681000000.0,28000000.0,1.65,2.035,6067000000.0,277000000.0,5790000000.0,6067000000.0,0.0,-27998992.0,0.0,0.006,0.26,352000000.0,324001008.0,0.054,324001008.0,352000000.0,-260000000.0,-0.49,-0.49,-0.49,8014000000.0,8325500000.0,8014000000.0,31566664000.0,90.0,97.428,-19998324.0,-0.038,1.0,1375000000.0,0.227,841000000.0,612000000.0,24548000000.0,28812250000.0,0.0,0.0,0.0,0.0,16311000000.0,8377000000.0,7934000000.0,23008664000.0,-1568999275.0,0.0,-499000000.0,-1111000000.0,-9000127.0,-1583999991.0,-23002199.0,0.0,-173997091.0,212000006.0,-246000000.0,-246000000.0,-246000000.0,-1222000000.0,274000000.0,-0.041,1971000000.0,-596000000.0,1730000000.0,-0.531,2.871,-93.531,-89.714,14121000000.0,0.0,43.96,3.799,3.799,1141000000.0,6000000.0,6056000000.0,6056000000.0,289000000.0,-0.008,-0.03,0.012,0.058,10000126.0,603000000.0,1.0,523400000.0,523400000.0,,11.571,28318000000.0,0.0,-14000000.0,432000000.0,54.104,5443000000.0
13,DVN,MRT,2018-03-31,2018-03-31,2018-03-31,2021-08-04,1122000000.0,29316000000.0,28482500000.0,3635000000.0,25681000000.0,0.221,16.926,-225001233.0,1424000000.0,1424000000.0,4430000000.0,608000000.0,1.044,1.751,9982000000.0,354000000.0,9628000000.0,9982000000.0,0.0,-998992.0,0.0,0.008,0.24,991000000.0,990001008.0,0.157,990001008.0,991000000.0,366000000.0,0.75,0.75,0.75,8905000000.0,8046750000.0,8905000000.0,24457719000.0,25.0,24.705,-166998324.0,-0.317,1.0,1869000000.0,0.297,2383000000.0,625000000.0,32009000000.0,29802000000.0,0.0,0.0,0.0,0.0,15591000000.0,3482000000.0,12109000000.0,16724719000.0,-1373999275.0,0.0,-71000000.0,-1111000000.0,-127.0,-1088999991.0,-336002199.0,0.0,58002909.0,-6999994.0,398000000.0,398000000.0,398000000.0,-1094000000.0,210000000.0,0.063,1762000000.0,107000000.0,2131000000.0,0.32,1.878,42.022,42.387,21383000000.0,0.0,31.79,2.655,2.655,1695000000.0,473000000.0,6299000000.0,6299000000.0,284000000.0,0.014,0.049,0.033,0.157,2000126.0,649000000.0,1.0,526100000.0,526100000.0,,11.973,26933000000.0,0.0,-32000000.0,773000000.0,51.194,153000000.0
14,DVN,MRT,2017-12-31,2017-12-31,2017-12-31,2021-08-04,1166000000.0,30241000000.0,27687000000.0,4791000000.0,25450000000.0,0.235,17.61,-1233.0,2642000000.0,2642000000.0,4350000000.0,1078000000.0,1.445,1.744,6864000000.0,115000000.0,6749000000.0,6864000000.0,0.0,1008.0,0.0,0.006,0.24,1226000000.0,1226001008.0,0.189,1226001008.0,1226000000.0,905000000.0,1.71,1.7,1.71,9254000000.0,7437000000.0,9254000000.0,29377700000.0,24.0,23.962,1676.0,0.0,1.0,2151000000.0,0.331,841000000.0,321000000.0,30307000000.0,28790250000.0,0.0,0.0,0.0,0.0,16137000000.0,3315000000.0,12822000000.0,21755700000.0,725.0,0.0,0.0,0.0,-127.0,9.0,-2199.0,0.0,2909.0,6.0,898000000.0,898000000.0,898000000.0,-1045000000.0,180000000.0,0.138,1790000000.0,361000000.0,1381000000.0,0.14,2.351,24.227,24.211,14584000000.0,0.0,41.4,3.347,3.347,989000000.0,702000000.0,6501000000.0,6501000000.0,346000000.0,0.032,0.121,0.043,0.189,126.0,645000000.0,1.0,525500000.0,525500000.0,,12.371,29400000000.0,0.0,7000000.0,489000000.0,55.947,1476000000.0
15,DVN,MRT,2017-09-30,2017-09-30,2017-09-30,2021-08-04,297000000.0,27559000000.0,27295500000.0,4622000000.0,22937000000.0,0.204,13.564,-649000000.0,2781000000.0,2781000000.0,4173000000.0,3340000000.0,1.632,2.192,10403000000.0,20000000.0,10383000000.0,10403000000.0,0.0,1439000000.0,0.0,0.007,0.24,4107000000.0,5546000000.0,0.998,5546000000.0,4107000000.0,3677000000.0,6.49,6.49,6.49,7129000000.0,7192000000.0,7129000000.0,27483776000.0,7.0,4.956,1798000000.0,3.421,1.0,1382000000.0,0.249,3964000000.0,430000000.0,28385000000.0,29181250000.0,0.0,0.0,0.0,0.0,15625000000.0,2832000000.0,12793000000.0,19294776000.0,469000000.0,1641000000.0,0.0,-1639000000.0,-126000000.0,-1309000000.0,-615000000.0,190000000.0,2447000000.0,-54000000.0,3292000000.0,3292000000.0,3292000000.0,833000000.0,48000000.0,0.593,-3456000000.0,4838000000.0,1809000000.0,0.037,2.707,5.861,5.656,17082000000.0,0.0,36.71,3.473,3.473,1462000000.0,-428000000.0,5555000000.0,5555000000.0,424000000.0,0.121,0.458,0.141,0.739,173000000.0,833000000.0,1.0,525600000.0,525600000.0,,10.569,23595000000.0,0.0,385000000.0,665000000.0,44.892,1790000000.0
16,DVN,MRT,2017-06-30,2017-06-30,2017-06-30,2021-08-04,291000000.0,26814000000.0,27109000000.0,4086000000.0,22728000000.0,0.29,13.123,803000000.0,2369000000.0,2369000000.0,4784000000.0,4135000000.0,1.614,2.244,10558000000.0,0.0,10558000000.0,10558000000.0,0.0,1463000000.0,0.0,0.008,0.24,5230000000.0,6693000000.0,0.852,6693000000.0,5230000000.0,4635000000.0,8.02,8.01,8.02,6899000000.0,6869750000.0,6899000000.0,25068629000.0,5.0,3.745,3276000000.0,6.232,1.0,3071000000.0,0.391,3964000000.0,595000000.0,28507000000.0,29327000000.0,0.0,0.0,0.0,0.0,15484000000.0,2532000000.0,12952000000.0,16806629000.0,646000000.0,1638000000.0,0.0,-3078000000.0,-128000000.0,-2811000000.0,1059000000.0,190000000.0,2473000000.0,-75000000.0,4092000000.0,4092000000.0,4092000000.0,851000000.0,43000000.0,0.521,-2947000000.0,6018000000.0,1641000000.0,0.03,2.436,4.107,3.986,16822000000.0,0.0,31.97,2.14,2.14,1248000000.0,-656000000.0,7855000000.0,7855000000.0,367000000.0,0.151,0.596,0.178,0.666,163000000.0,804000000.0,1.0,525700000.0,525700000.0,,14.942,22850000000.0,0.0,543000000.0,659000000.0,43.466,1554000000.0
17,DVN,MRT,2017-03-31,2017-03-31,2017-03-31,2021-08-04,287000000.0,26134000000.0,27216500000.0,3775000000.0,22359000000.0,0.3,12.326,877000000.0,2119000000.0,2119000000.0,5309000000.0,2327000000.0,1.528,2.353,10381000000.0,0.0,10381000000.0,10381000000.0,0.0,1578000000.0,0.0,0.006,0.24,3350000000.0,4928000000.0,0.603,4928000000.0,3350000000.0,2669000000.0,4.57,4.56,4.57,6466000000.0,6356750000.0,6466000000.0,30081312000.0,9.0,6.104,2958000000.0,5.639,1.0,2869000000.0,0.351,3964000000.0,681000000.0,27962000000.0,29985250000.0,0.0,0.0,0.0,0.0,15212000000.0,2470000000.0,12742000000.0,21886312000.0,484000000.0,1627000000.0,0.0,-2918000000.0,-128000000.0,-2813000000.0,1311000000.0,190000000.0,2081000000.0,-95000000.0,2303000000.0,2303000000.0,2303000000.0,884000000.0,24000000.0,0.282,-1368000000.0,4237000000.0,1629000000.0,0.053,3.385,9.503,9.129,16421000000.0,0.0,41.72,2.676,2.676,1320000000.0,-1081000000.0,8178000000.0,8178000000.0,310000000.0,0.085,0.362,0.112,0.41,150000000.0,770000000.0,1.0,524600000.0,524600000.0,,15.589,22170000000.0,0.0,366000000.0,651000000.0,42.261,1305000000.0
18,DVN,MRT,2016-12-31,2016-12-31,2016-12-31,2021-08-04,1054000000.0,28675000000.0,27842250000.0,3772000000.0,24903000000.0,0.243,15.802,787000000.0,1959000000.0,1959000000.0,4626000000.0,-1458000000.0,1.442,1.928,10154000000.0,0.0,10154000000.0,10154000000.0,0.0,1592000000.0,0.0,0.009,0.42,-198000000.0,1394000000.0,0.206,1394000000.0,-198000000.0,-915000000.0,-2.09,-2.09,-2.09,8274000000.0,6342750000.0,8274000000.0,32881812000.0,-166.0,23.588,2287000000.0,4.368,1.0,2127000000.0,0.315,2383000000.0,717000000.0,31871000000.0,31191750000.0,0.0,0.0,0.0,0.0,15953000000.0,2616000000.0,13337000000.0,23912812000.0,-351000000.0,0.0,1469000000.0,-3383000000.0,-221000000.0,-1196000000.0,-594000000.0,0.0,1500000000.0,-61000000.0,-1056000000.0,-1056000000.0,-1056000000.0,884000000.0,-402000000.0,-0.156,1843000000.0,284000000.0,1550000000.0,-0.201,2.89,-22.645,-21.852,20533000000.0,0.0,45.67,3.541,3.541,1356000000.0,-69000000.0,6753000000.0,6753000000.0,215000000.0,-0.038,-0.166,-0.006,-0.029,203000000.0,733000000.0,1.0,523600000.0,523600000.0,,12.897,26292000000.0,0.0,141000000.0,1063000000.0,50.214,1156000000.0
19,DVN,MRT,2016-09-30,2016-09-30,2016-09-30,2021-08-04,278000000.0,26813000000.0,28036250000.0,4451000000.0,22362000000.0,0.418,11.154,-256000000.0,2385000000.0,2385000000.0,7340000000.0,-7378000000.0,1.561,2.868,11354000000.0,350000000.0,11004000000.0,11354000000.0,0.0,2954000000.0,0.0,0.014,0.6,-6902000000.0,-3948000000.0,-0.336,-3948000000.0,-6902000000.0,-7613000000.0,-14.85,-14.86,-14.85,5840000000.0,6036500000.0,5840000000.0,34079996000.0,-5.0,-8.632,1577000000.0,3.012,1.0,4393000000.0,0.374,3963000000.0,711000000.0,28968000000.0,31185500000.0,0.0,0.0,0.0,0.0,16752000000.0,2851000000.0,13901000000.0,23095996000.0,598000000.0,-2218000000.0,1469000000.0,-560000000.0,-290000000.0,1247000000.0,-2475000000.0,0.0,1833000000.0,-7000000.0,-6607000000.0,-6607000000.0,-6607000000.0,0.0,-771000000.0,-0.563,11962000000.0,-7569000000.0,1389000000.0,-0.04,3.955,-3.496,-2.97,16169000000.0,0.0,44.11,1.968,1.968,1092000000.0,-1977000000.0,11733000000.0,11733000000.0,451000000.0,-0.236,-1.095,-0.221,-0.588,407000000.0,1014000000.0,1.0,523600000.0,523600000.0,,22.408,22850000000.0,0.0,-1006000000.0,631000000.0,43.64,1600000000.0
20,DVN,MRT,2016-06-30,2016-06-30,2016-06-30,2021-08-04,265000000.0,27244000000.0,29920750000.0,3982000000.0,23262000000.0,0.371,9.25,-2568000000.0,1723000000.0,1723000000.0,7676000000.0,-12294000000.0,1.36,3.781,12707000000.0,350000000.0,12357000000.0,12707000000.0,0.0,3304000000.0,0.0,0.022,0.78,-13394000000.0,-10090000000.0,-0.909,-10090000000.0,-13394000000.0,-13998000000.0,-25.39,-25.39,-25.39,4847000000.0,7463500000.0,4847000000.0,29905000000.0,-2.0,-2.964,91000000.0,0.174,1.0,3425000000.0,0.309,4159000000.0,604000000.0,31140000000.0,32740500000.0,0.0,0.0,0.0,0.0,18325000000.0,2929000000.0,15396000000.0,18995000000.0,-2000000.0,-2328000000.0,1469000000.0,735000000.0,-357000000.0,2293000000.0,-4934000000.0,0.0,2659000000.0,-20000000.0,-11107000000.0,-11107000000.0,-11107000000.0,0.0,-1187000000.0,-1.001,17903000000.0,-14478000000.0,1364000000.0,-0.031,3.919,-1.71,-1.428,16815000000.0,0.0,36.25,1.711,1.711,1167000000.0,-2970000000.0,11101000000.0,11101000000.0,451000000.0,-0.371,-1.488,-0.409,-1.207,384000000.0,1071000000.0,1.0,524000000.0,524000000.0,,21.185,23085000000.0,0.0,-2891000000.0,555000000.0,44.055,1053000000.0
21,DVN,MRT,2016-03-31,2016-03-31,2016-03-31,2021-08-04,257000000.0,28637000000.0,33261250000.0,2950000000.0,25687000000.0,0.361,14.525,-3696000000.0,1635000000.0,1635000000.0,8388000000.0,-13524000000.0,1.135,2.828,12545000000.0,350000000.0,12195000000.0,12545000000.0,0.0,3634000000.0,0.0,0.035,0.96,-16182000000.0,-12548000000.0,-1.045,-12548000000.0,-16182000000.0,-16748000000.0,-29.29,-29.29,-29.29,6410000000.0,10082500000.0,6410000000.0,22912272000.0,-1.0,-1.826,-281000000.0,-0.637,1.0,3618000000.0,0.301,4159000000.0,566000000.0,32788000000.0,35100250000.0,0.0,0.0,0.0,0.0,18129000000.0,2600000000.0,15529000000.0,12109272000.0,-223000000.0,-2330000000.0,1469000000.0,857000000.0,-422000000.0,2413000000.0,-6046000000.0,0.0,3415000000.0,-5000000.0,-12353000000.0,-12353000000.0,-12353000000.0,0.0,-1171000000.0,-1.029,20962000000.0,-17344000000.0,1345000000.0,-0.033,1.889,-0.98,-0.937,19264000000.0,0.0,27.44,1.009,1.009,1023000000.0,-1400000000.0,12006000000.0,12006000000.0,451000000.0,-0.371,-1.225,-0.461,-1.348,352000000.0,1136000000.0,1.0,441300000.0,441300000.0,,27.206,24478000000.0,24000000.0,-4395000000.0,731000000.0,55.468,350000000.0
22,DVN,MRT,2015-12-31,2015-12-31,2015-12-31,2021-08-04,230000000.0,29451000000.0,37437500000.0,4021000000.0,25430000000.0,0.351,17.151,-4680000000.0,2310000000.0,2310000000.0,8900000000.0,-13645000000.0,1.22,2.619,13032000000.0,976000000.0,12056000000.0,13032000000.0,0.0,4022000000.0,0.0,0.03,0.96,-18590000000.0,-14568000000.0,-1.108,-14568000000.0,-18590000000.0,-19109000000.0,-31.72,-31.72,-31.72,7049000000.0,12979250000.0,7049000000.0,23265000000.0,-1.0,-1.597,218000000.0,0.53,1.0,4245000000.0,0.323,5032000000.0,519000000.0,31846000000.0,37739500000.0,0.0,0.0,0.0,0.0,18462000000.0,3295000000.0,15167000000.0,13152000000.0,830000000.0,-1107000000.0,0.0,1831000000.0,-396000000.0,1812000000.0,-5803000000.0,0.0,4898000000.0,-77000000.0,-12896000000.0,-12896000000.0,-12896000000.0,0.0,-749000000.0,-0.981,23584000000.0,-19339000000.0,1669000000.0,-0.03,1.866,-1.02,-1.009,19068000000.0,0.0,32.0,1.001,1.001,1105000000.0,1781000000.0,13145000000.0,13145000000.0,451000000.0,-0.344,-0.994,-0.493,-1.414,244000000.0,1193000000.0,1.0,411000000.0,411000000.0,,31.983,24419000000.0,0.0,-6213000000.0,888000000.0,59.414,726000000.0
23,DVN,MRT,2015-09-30,2015-09-30,2015-09-30,2021-08-04,321000000.0,34351000000.0,42734000000.0,4298000000.0,30053000000.0,0.405,28.097,-6251000000.0,1787000000.0,1787000000.0,9278000000.0,-10670000000.0,1.228,1.596,11900000000.0,500000000.0,11400000000.0,11900000000.0,0.0,3398000000.0,0.0,0.026,0.96,-14550000000.0,-11152000000.0,-0.644,-11152000000.0,-14550000000.0,-15095000000.0,-25.47,-25.46,-25.47,11548000000.0,16601750000.0,11548000000.0,25563990000.0,-2.0,-2.292,-946000000.0,-2.302,1.0,8048000000.0,0.465,5775000000.0,545000000.0,35188000000.0,41823250000.0,0.0,0.0,0.0,0.0,18429000000.0,3501000000.0,14928000000.0,15243990000.0,-1621000000.0,-737000000.0,0.0,-226000000.0,-395000000.0,147000000.0,-6994000000.0,0.0,5305000000.0,-79000000.0,-10330000000.0,-10330000000.0,-10330000000.0,0.0,-340000000.0,-0.596,22890000000.0,-14842000000.0,1925000000.0,-0.038,1.32,-1.476,-1.456,22775000000.0,0.0,37.09,0.88,0.88,1318000000.0,6413000000.0,17326000000.0,17326000000.0,0.0,-0.242,-0.622,-0.348,-0.84,163000000.0,913000000.0,1.0,411000000.0,411000000.0,,42.156,28576000000.0,8000000.0,-4765000000.0,1594000000.0,69.528,797000000.0
24,DVN,MRT,2015-06-30,2015-06-30,2015-06-30,2021-08-04,528000000.0,40606000000.0,46856000000.0,4730000000.0,35876000000.0,0.407,37.273,-4610000000.0,1725000000.0,1725000000.0,9545000000.0,-5720000000.0,1.183,1.335,12045000000.0,670000000.0,11375000000.0,12045000000.0,0.0,3496000000.0,0.0,0.016,0.96,-7720000000.0,-4224000000.0,-0.222,-4224000000.0,-7720000000.0,-8245000000.0,-14.35,-14.35,-14.35,15323000000.0,19258750000.0,15323000000.0,34347339000.0,-4.0,-8.131,701000000.0,1.705,1.0,9516000000.0,0.499,6349000000.0,525000000.0,40579000000.0,44322750000.0,0.0,0.0,0.0,0.0,20455000000.0,3998000000.0,16457000000.0,24456339000.0,19000000.0,-655000000.0,0.0,-375000000.0,-394000000.0,58000000.0,-5265000000.0,0.0,5311000000.0,-85000000.0,-5807000000.0,-5807000000.0,-5807000000.0,0.0,87000000.0,-0.305,17140000000.0,-7624000000.0,2130000000.0,-0.067,1.596,-4.212,-4.146,27824000000.0,0.0,59.49,1.283,1.283,1602000000.0,10018000000.0,19061000000.0,19061000000.0,0.0,-0.124,-0.302,-0.174,-0.405,163000000.0,910000000.0,1.0,411100000.0,411100000.0,,46.366,34257000000.0,9000000.0,-2438000000.0,3255000000.0,83.33,732000000.0
25,DVN,MRT,2015-03-31,2015-03-31,2015-03-31,2021-08-04,481000000.0,45342000000.0,49483250000.0,5806000000.0,39536000000.0,0.408,43.778,-2142000000.0,1858000000.0,1858000000.0,9742000000.0,-2227000000.0,1.044,1.24,11749000000.0,1448000000.0,10301000000.0,11749000000.0,0.0,3510000000.0,0.0,0.016,0.96,-1683000000.0,1827000000.0,0.091,1827000000.0,-1683000000.0,-2214000000.0,-5.76,-5.77,-5.76,17997000000.0,20796500000.0,17997000000.0,34575441000.0,-21.0,18.925,4117000000.0,10.015,1.0,10436000000.0,0.517,6328000000.0,531000000.0,43345000000.0,46347250000.0,0.0,0.0,0.0,0.0,22323000000.0,5560000000.0,16763000000.0,24793441000.0,-169000000.0,-931000000.0,0.0,-3815000000.0,-395000000.0,-3346000000.0,-3018000000.0,0.0,6259000000.0,-64000000.0,-2316000000.0,-2316000000.0,-2316000000.0,0.0,89000000.0,-0.115,11923000000.0,-1487000000.0,2389000000.0,-0.167,1.378,-10.705,-10.47,31455000000.0,0.0,60.31,1.229,1.229,1663000000.0,12933000000.0,20178000000.0,20178000000.0,0.0,-0.047,-0.111,-0.036,-0.083,163000000.0,887000000.0,1.0,411100000.0,411100000.0,,49.083,39014000000.0,0.0,102000000.0,4805000000.0,94.901,246000000.0
26,DVN,MRT,2014-12-31,2014-12-31,2014-12-31,2021-08-04,779000000.0,50637000000.0,51339000000.0,6498000000.0,44139000000.0,0.402,52.65,-1868000000.0,1480000000.0,1480000000.0,9682000000.0,1691000000.0,1.095,1.128,11262000000.0,1432000000.0,9830000000.0,11262000000.0,0.0,3319000000.0,0.0,0.015,0.94,4501000000.0,7820000000.0,0.379,7820000000.0,4501000000.0,3975000000.0,3.93,3.91,3.93,21539000000.0,21420750000.0,21539000000.0,33692011000.0,7.0,4.308,4153000000.0,10.152,1.0,10956000000.0,0.531,6303000000.0,526000000.0,48181000000.0,47889750000.0,0.0,0.0,0.0,0.0,24296000000.0,5935000000.0,18361000000.0,25041011000.0,-4586000000.0,-6462000000.0,0.0,-2274000000.0,-386000000.0,-2394000000.0,-8184000000.0,57000000.0,6021000000.0,-29000000.0,1607000000.0,1607000000.0,1607000000.0,0.0,84000000.0,0.078,6258000000.0,4698000000.0,2593000000.0,0.239,1.163,15.582,15.575,36296000000.0,0.0,61.21,1.213,1.213,1959000000.0,16631000000.0,20638000000.0,20638000000.0,0.0,0.031,0.075,0.094,0.218,163000000.0,847000000.0,1.0,409100000.0,409100000.0,,50.447,44334000000.0,522000000.0,2368000000.0,6974000000.0,108.37,563000000.0
27,DVN,MRT,2014-09-30,2014-09-30,2014-09-30,2021-08-04,993000000.0,50839000000.0,49399000000.0,5973000000.0,44866000000.0,0.328,54.207,-991000000.0,3408000000.0,3408000000.0,8400000000.0,2277000000.0,0.996,1.085,12059000000.0,1898000000.0,10161000000.0,12059000000.0,0.0,3120000000.0,0.0,0.013,0.92,4658000000.0,7778000000.0,0.48,7778000000.0,4658000000.0,4188000000.0,5.44,5.41,5.44,22176000000.0,21160750000.0,22176000000.0,38541438000.0,8.0,4.955,5464000000.0,13.356,1.0,7795000000.0,0.481,8310000000.0,470000000.0,45186000000.0,44924500000.0,0.0,0.0,0.0,0.0,24071000000.0,5994000000.0,18077000000.0,27892438000.0,-912000000.0,-6511000000.0,-1000000.0,513000000.0,-376000000.0,111000000.0,-7444000000.0,57000000.0,6455000000.0,-34000000.0,2222000000.0,2222000000.0,2222000000.0,0.0,55000000.0,0.137,2966000000.0,4829000000.0,2799000000.0,0.169,1.258,12.553,12.533,35169000000.0,0.0,68.18,1.722,1.722,2009000000.0,17138000000.0,16195000000.0,16195000000.0,0.0,0.045,0.105,0.104,0.288,0.0,752000000.0,1.0,409100000.0,409100000.0,,39.587,42529000000.0,0.0,1966000000.0,6293000000.0,103.957,-21000000.0
28,DVN,MRT,2014-06-30,2014-06-30,2014-06-30,2021-08-04,1270000000.0,51115000000.0,46900750000.0,4392000000.0,46723000000.0,0.289,52.645,-2947000000.0,1706000000.0,1706000000.0,6993000000.0,1665000000.0,0.939,1.167,12355000000.0,475000000.0,11880000000.0,12355000000.0,0.0,2969000000.0,0.0,0.011,0.9,3652000000.0,6621000000.0,0.488,6621000000.0,3652000000.0,3198000000.0,4.02,3.99,4.02,21474000000.0,20769750000.0,21474000000.0,45872260000.0,13.0,6.928,3550000000.0,8.703,1.0,6580000000.0,0.485,8408000000.0,454000000.0,48677000000.0,42592500000.0,0.0,0.0,0.0,0.0,25056000000.0,4679000000.0,20377000000.0,32387260000.0,-1657000000.0,-6480000000.0,-1000000.0,724000000.0,-367000000.0,329000000.0,-8502000000.0,926000000.0,6497000000.0,19000000.0,1635000000.0,1635000000.0,1635000000.0,0.0,30000000.0,0.12,2792000000.0,3788000000.0,3110000000.0,0.224,1.508,19.809,19.751,36999000000.0,0.0,79.4,2.386,2.386,2301000000.0,16220000000.0,13573000000.0,13573000000.0,0.0,0.035,0.079,0.086,0.269,0.0,700000000.0,1.0,407900000.0,407900000.0,,33.275,42707000000.0,0.0,1563000000.0,5927000000.0,104.7,-287000000.0
29,DVN,MRT,2014-03-31,2014-03-31,2014-03-31,2021-08-04,973000000.0,52765000000.0,44127000000.0,5020000000.0,47745000000.0,0.275,50.304,-5627000000.0,2027000000.0,2027000000.0,5321000000.0,1648000000.0,0.662,1.353,15512000000.0,3773000000.0,11739000000.0,15512000000.0,0.0,2815000000.0,0.0,0.013,0.88,3092000000.0,5907000000.0,0.486,5907000000.0,3092000000.0,2666000000.0,4.06,4.03,4.06,20494000000.0,20417750000.0,20494000000.0,33223282000.0,11.0,5.624,217000000.0,0.533,1.0,6830000000.0,0.562,9155000000.0,426000000.0,49515000000.0,39429500000.0,0.0,0.0,0.0,0.0,27719000000.0,7580000000.0,20139000000.0,27267282000.0,-3248000000.0,-6191000000.0,0.0,1879000000.0,-357000000.0,1434000000.0,-10499000000.0,1282000000.0,5844000000.0,-27000000.0,1643000000.0,1643000000.0,1643000000.0,0.0,5000000.0,0.135,3716000000.0,3114000000.0,3110000000.0,0.217,1.331,16.596,16.485,37429000000.0,0.0,66.93,2.244,2.244,2580000000.0,15644000000.0,12151000000.0,12151000000.0,0.0,0.037,0.08,0.078,0.254,0.0,678000000.0,1.0,407400000.0,407400000.0,,29.826,43610000000.0,0.0,1023000000.0,5249000000.0,107.045,-2560000000.0
30,DVN,MRT,2013-12-31,2013-12-31,2013-12-31,2021-08-04,1268000000.0,42877000000.0,41331250000.0,8005000000.0,34872000000.0,0.252,50.49,-6083000000.0,6066000000.0,6066000000.0,4282000000.0,-20000000.0,1.203,1.092,12022000000.0,4066000000.0,7956000000.0,12022000000.0,0.0,2780000000.0,0.0,0.014,0.86,566000000.0,3346000000.0,0.322,3346000000.0,566000000.0,149000000.0,-0.06,-0.06,-0.06,20499000000.0,20221250000.0,20499000000.0,30867220000.0,55.0,9.225,-647000000.0,-1.594,1.0,6115000000.0,0.588,5858000000.0,417000000.0,36320000000.0,35961250000.0,0.0,0.0,0.0,0.0,22378000000.0,6655000000.0,15723000000.0,25119220000.0,1429000000.0,-256000000.0,0.0,361000000.0,-348000000.0,20000000.0,-3999000000.0,2343000000.0,5436000000.0,-28000000.0,-20000000.0,-20000000.0,-20000000.0,0.0,0.0,-0.002,5548000000.0,567000000.0,2015000000.0,-14.333,1.225,-1255.961,-1031.167,28447000000.0,0.0,61.87,2.416,2.416,1520000000.0,15410000000.0,10397000000.0,10397000000.0,0.0,0.0,-0.001,0.016,0.054,0.0,617000000.0,1.0,406000000.0,406000000.0,,25.608,37019000000.0,89000000.0,169000000.0,4812000000.0,91.18,1350000000.0
31,DVN,MRT,2013-09-30,2013-09-30,2013-09-30,2021-08-04,1502000000.0,40846000000.0,41443500000.0,6315000000.0,34531000000.0,0.25,50.768,-6829000000.0,4320000000.0,4320000000.0,4206000000.0,-584000000.0,1.321,0.982,10068000000.0,2112000000.0,7956000000.0,10068000000.0,0.0,2800000000.0,0.0,0.015,0.84,-447000000.0,2353000000.0,0.227,2353000000.0,-447000000.0,-827000000.0,-1.48,-1.5,-1.48,20612000000.0,20416000000.0,20612000000.0,30237560000.0,-68.0,12.851,-1687000000.0,-4.155,1.0,6147000000.0,0.594,5954000000.0,380000000.0,35858000000.0,36444000000.0,0.0,0.0,0.0,0.0,20234000000.0,4782000000.0,15452000000.0,23450560000.0,-1018000000.0,0.0,3000000.0,-1223000000.0,-341000000.0,-1556000000.0,-4587000000.0,2164000000.0,5142000000.0,-17000000.0,-584000000.0,-584000000.0,-584000000.0,0.0,0.0,-0.056,6623000000.0,-476000000.0,2076000000.0,-0.568,1.138,-40.155,-39.027,27962000000.0,0.0,57.76,2.265,2.265,1520000000.0,15292000000.0,10353000000.0,10353000000.0,0.0,-0.014,-0.029,-0.012,-0.043,0.0,658000000.0,1.0,406000000.0,406000000.0,,25.5,34892000000.0,0.0,-243000000.0,4505000000.0,85.941,1533000000.0
32,DVN,MRT,2013-06-30,2013-06-30,2013-06-30,2021-08-04,1326000000.0,40020000000.0,42119000000.0,6357000000.0,33663000000.0,0.226,49.424,-6889000000.0,3363000000.0,3363000000.0,4038000000.0,-1732000000.0,1.307,0.994,10150000000.0,2194000000.0,7956000000.0,10150000000.0,0.0,2825000000.0,0.0,0.016,0.82,-2237000000.0,588000000.0,0.062,588000000.0,-2237000000.0,-2627000000.0,-4.34,-4.35,-4.34,20066000000.0,20708250000.0,20066000000.0,27940280000.0,-12.0,47.517,-1987000000.0,-4.894,1.0,5466000000.0,0.575,5917000000.0,390000000.0,36025000000.0,36938250000.0,0.0,869000000.0,869000000.0,0.0,19954000000.0,4865000000.0,15089000000.0,21063280000.0,-2738000000.0,0.0,6000000.0,-541000000.0,-332000000.0,-858000000.0,-6733000000.0,75000000.0,4902000000.0,-49000000.0,-1732000000.0,-1732000000.0,-1732000000.0,0.0,0.0,-0.182,7734000000.0,-2268000000.0,2027000000.0,-0.189,1.05,-12.161,-11.954,26925000000.0,0.0,51.88,2.216,2.216,1538000000.0,14952000000.0,9504000000.0,9504000000.0,0.0,-0.041,-0.084,-0.061,-0.235,0.0,665000000.0,1.0,406000000.0,406000000.0,,23.409,34103000000.0,0.0,-895000000.0,4196000000.0,83.998,1492000000.0
33,DVN,MRT,2013-03-31,2013-03-31,2013-03-31,2021-08-04,1592000000.0,41582000000.0,42981500000.0,8403000000.0,33179000000.0,0.209,48.542,-6566000000.0,5275000000.0,5275000000.0,3794000000.0,-1938000000.0,1.236,1.11,12152000000.0,4197000000.0,7955000000.0,12152000000.0,0.0,2835000000.0,0.0,0.014,0.8,-2504000000.0,331000000.0,0.037,331000000.0,-2504000000.0,-2890000000.0,-4.85,-4.85,-4.85,19708000000.0,21248000000.0,19708000000.0,29913520000.0,-12.0,90.373,-1634000000.0,-4.025,1.0,5181000000.0,0.577,6017000000.0,386000000.0,35642000000.0,37183000000.0,0.0,1226000000.0,1226000000.0,0.0,21874000000.0,6800000000.0,15074000000.0,22906520000.0,-553000000.0,0.0,7000000.0,1322000000.0,-325000000.0,1011000000.0,-6498000000.0,57000000.0,4932000000.0,2000000.0,-1938000000.0,-1938000000.0,-1938000000.0,0.0,0.0,-0.216,7672000000.0,-2491000000.0,2162000000.0,-0.165,1.162,-11.82,-11.633,26382000000.0,0.0,56.42,2.552,2.552,1369000000.0,14358000000.0,8975000000.0,8975000000.0,0.0,-0.045,-0.091,-0.067,-0.279,0.0,674000000.0,1.0,406000000.0,406000000.0,,22.106,35565000000.0,0.0,-952000000.0,4154000000.0,87.599,1603000000.0
34,DVN,MRT,2012-12-31,2012-12-31,2012-12-31,2021-08-04,1771000000.0,43326000000.0,43237250000.0,8971000000.0,34355000000.0,0.22,52.538,-6757000000.0,4637000000.0,4637000000.0,3734000000.0,-206000000.0,1.494,1.036,11644000000.0,3189000000.0,8455000000.0,11644000000.0,0.0,2811000000.0,0.0,0.015,0.8,32000000.0,2843000000.0,0.299,2843000000.0,32000000.0,-338000000.0,-0.52,-0.52,-0.52,21278000000.0,21810000000.0,21278000000.0,26973200000.0,843.0,9.488,-1801000000.0,-4.447,1.0,5767000000.0,0.607,6079000000.0,370000000.0,38251000000.0,37094250000.0,0.0,2343000000.0,2343000000.0,0.0,22048000000.0,6003000000.0,16045000000.0,21076200000.0,-918000000.0,0.0,27000000.0,1921000000.0,-324000000.0,1629000000.0,-7526000000.0,-840000000.0,4956000000.0,23000000.0,-206000000.0,-206000000.0,-206000000.0,21000000.0,0.0,-0.022,5693000000.0,74000000.0,2201000000.0,-1.538,0.991,-102.312,-100.077,27316000000.0,0.0,52.04,2.218,2.218,1245000000.0,15778000000.0,9501000000.0,9501000000.0,0.0,-0.005,-0.009,0.001,0.003,0.0,692000000.0,1.0,405000000.0,405000000.0,,23.459,37247000000.0,0.0,-132000000.0,4693000000.0,91.968,2968000000.0
35,DVN,MRT,2012-09-30,2012-09-30,2012-09-30,2021-08-04,1879000000.0,43548000000.0,42685000000.0,9433000000.0,34115000000.0,0.222,53.847,-6734000000.0,5338000000.0,5338000000.0,3692000000.0,658000000.0,1.716,0.999,11235000000.0,2780000000.0,8455000000.0,11235000000.0,0.0,2706000000.0,0.0,0.013,0.77,1300000000.0,4006000000.0,0.422,4006000000.0,1300000000.0,943000000.0,1.67,1.67,1.67,21781000000.0,21848000000.0,21781000000.0,28974250000.0,22.0,7.233,-911000000.0,-2.252,1.0,5805000000.0,0.611,6114000000.0,357000000.0,37835000000.0,35679250000.0,0.0,2164000000.0,2164000000.0,0.0,21767000000.0,5496000000.0,16271000000.0,24472250000.0,-280000000.0,0.0,-320000000.0,2097000000.0,-311000000.0,1473000000.0,-7613000000.0,-933000000.0,5823000000.0,37000000.0,658000000.0,658000000.0,658000000.0,35000000.0,0.0,0.069,4499000000.0,1306000000.0,2181000000.0,0.461,1.124,37.192,36.228,27146000000.0,0.0,60.5,2.577,2.577,1113000000.0,16217000000.0,9497000000.0,9497000000.0,0.0,0.015,0.03,0.036,0.137,0.0,676000000.0,1.0,404500000.0,404500000.0,,23.478,37434000000.0,0.0,285000000.0,4944000000.0,92.544,3937000000.0
36,DVN,MRT,2012-06-30,2012-06-30,2012-06-30,2021-08-04,1565000000.0,43470000000.0,41764500000.0,9217000000.0,34253000000.0,0.267,54.958,-7093000000.0,6101000000.0,6101000000.0,3860000000.0,2415000000.0,1.858,0.956,10603000000.0,2148000000.0,8455000000.0,10603000000.0,0.0,2556000000.0,0.0,0.013,0.74,3991000000.0,6547000000.0,0.588,6547000000.0,3991000000.0,3640000000.0,5.98,5.97,5.98,22225000000.0,21678250000.0,22225000000.0,28462156000.0,7.0,4.347,-1227000000.0,-3.034,1.0,7274000000.0,0.653,6007000000.0,351000000.0,37004000000.0,34101250000.0,0.0,944000000.0,944000000.0,0.0,21245000000.0,4961000000.0,16284000000.0,23451156000.0,2750000000.0,0.0,-1015000000.0,2814000000.0,-300000000.0,1501000000.0,-4619000000.0,2423000000.0,5866000000.0,2000000.0,2415000000.0,2415000000.0,2415000000.0,37000000.0,0.0,0.217,3206000000.0,4068000000.0,2101000000.0,0.124,1.055,9.711,9.697,27241000000.0,0.0,57.99,2.106,2.106,1005000000.0,17016000000.0,11134000000.0,11134000000.0,0.0,0.058,0.111,0.117,0.358,0.0,664000000.0,1.0,404400000.0,404400000.0,,27.532,37463000000.0,0.0,1225000000.0,5088000000.0,92.638,4256000000.0
37,DVN,MRT,2012-03-31,2012-03-31,2012-03-31,2021-08-04,1731000000.0,42605000000.0,40531250000.0,9078000000.0,33527000000.0,0.291,54.333,-7666000000.0,5828000000.0,5828000000.0,4067000000.0,4681000000.0,1.45,0.94,10839000000.0,4120000000.0,6719000000.0,10839000000.0,0.0,2422000000.0,0.0,0.01,0.71,7180000000.0,9602000000.0,0.814,9602000000.0,7180000000.0,6843000000.0,11.3,11.27,11.3,21956000000.0,21479000000.0,21956000000.0,32964592000.0,5.0,3.433,-1676000000.0,-4.147,1.0,7728000000.0,0.655,6067000000.0,337000000.0,35287000000.0,32964250000.0,0.0,1282000000.0,1282000000.0,0.0,20649000000.0,6262000000.0,14387000000.0,28739592000.0,4112000000.0,0.0,-1593000000.0,4097000000.0,-290000000.0,2219000000.0,-4082000000.0,354000000.0,5990000000.0,-15000000.0,4681000000.0,4681000000.0,4681000000.0,-2522000000.0,0.0,0.397,3037000000.0,4691000000.0,1592000000.0,0.063,1.309,6.14,6.294,26561000000.0,0.0,71.12,2.437,2.437,1107000000.0,16621000000.0,11795000000.0,11795000000.0,0.0,0.115,0.218,0.218,0.609,0.0,623000000.0,1.0,404100000.0,404100000.0,,29.188,36538000000.0,0.0,2162000000.0,4972000000.0,90.418,2816000000.0
38,DVN,MRT,2011-12-31,2011-12-31,2011-12-31,2021-08-04,1575000000.0,41117000000.0,38517500000.0,9305000000.0,31812000000.0,0.297,53.058,-7405000000.0,5555000000.0,5555000000.0,3991000000.0,4704000000.0,1.381,0.919,9780000000.0,3811000000.0,5969000000.0,9780000000.0,0.0,2248000000.0,0.0,0.011,0.67,7191000000.0,9439000000.0,0.825,9439000000.0,7191000000.0,6860000000.0,11.29,11.25,11.29,21430000000.0,20797250000.0,21430000000.0,28680800000.0,4.0,3.039,-1181000000.0,-2.924,1.0,7454000000.0,0.651,6013000000.0,331000000.0,32591000000.0,31176750000.0,0.0,1503000000.0,1503000000.0,0.0,19687000000.0,6738000000.0,12949000000.0,25041800000.0,2265000000.0,0.0,-2231000000.0,4187000000.0,-278000000.0,1691000000.0,-5646000000.0,-1358000000.0,6224000000.0,-4000000.0,4704000000.0,4704000000.0,4704000000.0,-2570000000.0,0.0,0.411,2820000000.0,4634000000.0,2149000000.0,0.059,1.169,5.324,5.492,24774000000.0,0.0,62.0,2.188,2.188,1379000000.0,16308000000.0,11445000000.0,11445000000.0,0.0,0.122,0.226,0.231,0.628,0.0,585000000.0,1.0,403900000.0,403900000.0,,28.336,35104000000.0,0.0,2156000000.0,4763000000.0,86.913,2567000000.0
39,DVN,MRT,2011-09-30,2011-09-30,2011-09-30,2021-08-04,1412000000.0,39866000000.0,36470000000.0,9607000000.0,30259000000.0,0.302,50.665,-7006000000.0,5618000000.0,5618000000.0,3846000000.0,4759000000.0,1.593,0.889,9257000000.0,3288000000.0,5969000000.0,9257000000.0,0.0,2111000000.0,0.0,0.012,0.66,7185000000.0,9296000000.0,0.845,9296000000.0,7185000000.0,6832000000.0,11.31,11.27,11.31,21102000000.0,20253000000.0,21102000000.0,27669760000.0,4.0,2.977,-1550000000.0,-3.721,1.0,7158000000.0,0.65,5951000000.0,353000000.0,31523000000.0,29286000000.0,0.0,1231000000.0,1231000000.0,0.0,18764000000.0,6031000000.0,12733000000.0,23090760000.0,1620000000.0,0.0,-2032000000.0,3657000000.0,-279000000.0,1366000000.0,-5204000000.0,-1251000000.0,5456000000.0,2000000.0,4759000000.0,4759000000.0,4759000000.0,-2668000000.0,0.0,0.432,2607000000.0,4551000000.0,1512000000.0,0.058,1.094,4.852,4.902,23170000000.0,0.0,55.44,2.098,2.098,1430000000.0,15870000000.0,11004000000.0,11004000000.0,0.0,0.13,0.235,0.245,0.653,0.0,567000000.0,1.0,416500000.0,416500000.0,,26.42,33915000000.0,0.0,2073000000.0,4809000000.0,81.429,3576000000.0
40,DVN,MRT,2011-06-30,2011-06-30,2011-06-30,2021-08-04,2021000000.0,38537000000.0,34469250000.0,8911000000.0,29626000000.0,0.286,50.657,-6789000000.0,3351000000.0,3351000000.0,3594000000.0,5811000000.0,1.987,0.798,7930000000.0,1962000000.0,5968000000.0,7930000000.0,0.0,2008000000.0,0.0,0.008,0.65,7988000000.0,9996000000.0,1.014,9996000000.0,7988000000.0,7656000000.0,13.61,13.56,13.61,21428000000.0,19640500000.0,21428000000.0,38828630000.0,5.0,3.884,-1393000000.0,-3.293,1.0,6261000000.0,0.635,6176000000.0,332000000.0,32456000000.0,27269500000.0,0.0,3367000000.0,3367000000.0,0.0,17109000000.0,4484000000.0,12625000000.0,33336630000.0,435000000.0,0.0,-1836000000.0,2340000000.0,-279000000.0,247000000.0,-5266000000.0,-3385000000.0,5396000000.0,58000000.0,5811000000.0,5811000000.0,5811000000.0,-4331000000.0,0.0,0.59,2584000000.0,3677000000.0,1365000000.0,0.048,1.556,5.737,5.791,22427000000.0,0.0,78.81,3.383,3.383,1446000000.0,14901000000.0,9855000000.0,9855000000.0,0.0,0.169,0.296,0.293,0.811,0.0,560000000.0,1.0,423000000.0,423000000.0,,23.298,32361000000.0,0.0,1845000000.0,4348000000.0,76.504,4427000000.0
41,DVN,MRT,2011-03-31,2011-03-31,2011-03-31,2021-08-04,1951000000.0,34550000000.0,32327750000.0,5599000000.0,28951000000.0,0.274,45.033,-4003000000.0,1311000000.0,1311000000.0,3379000000.0,3774000000.0,0.973,0.797,6803000000.0,3003000000.0,3800000000.0,6803000000.0,0.0,1947000000.0,0.0,0.007,0.64,5044000000.0,6991000000.0,0.788,6991000000.0,5044000000.0,4686000000.0,8.7,8.66,8.7,19229000000.0,18491000000.0,19229000000.0,41949790000.0,8.0,6.001,1240000000.0,2.904,1.0,5488000000.0,0.619,6151000000.0,358000000.0,28137000000.0,25187250000.0,0.0,1636000000.0,1636000000.0,0.0,15321000000.0,5754000000.0,9567000000.0,39185790000.0,534000000.0,0.0,-1683000000.0,607000000.0,-277000000.0,-1331000000.0,-3397000000.0,-1644000000.0,5243000000.0,19000000.0,3774000000.0,3774000000.0,3774000000.0,-2126000000.0,0.0,0.426,2528000000.0,2960000000.0,1353000000.0,0.074,2.038,10.383,10.548,21081000000.0,0.0,91.77,4.419,4.419,1269000000.0,12230000000.0,8867000000.0,8867000000.0,0.0,0.117,0.204,0.2,0.569,0.0,555000000.0,1.0,427000000.0,427000000.0,,20.766,28399000000.0,0.0,912000000.0,3199000000.0,66.508,-155000000.0
42,DVN,MRT,2010-12-31,2010-12-31,2010-12-31,2021-08-04,1760000000.0,32927000000.0,31359500000.0,5555000000.0,27372000000.0,0.317,44.577,-2166000000.0,2866000000.0,2866000000.0,3426000000.0,4550000000.0,1.212,0.71,5630000000.0,1811000000.0,3819000000.0,5630000000.0,0.0,1930000000.0,0.0,0.008,0.64,6148000000.0,8078000000.0,0.813,8078000000.0,6148000000.0,5785000000.0,10.35,10.31,10.35,19253000000.0,17922500000.0,19253000000.0,35929469000.0,6.0,4.448,3312000000.0,7.668,1.0,6514000000.0,0.655,6080000000.0,363000000.0,25028000000.0,24881000000.0,0.0,145000000.0,145000000.0,0.0,13674000000.0,4583000000.0,9091000000.0,33908469000.0,2279000000.0,0.0,-1057000000.0,-1782000000.0,-281000000.0,-3104000000.0,-112000000.0,-145000000.0,5478000000.0,17000000.0,4550000000.0,4550000000.0,4550000000.0,-2217000000.0,0.0,0.458,2550000000.0,3964000000.0,1949000000.0,0.062,1.761,7.452,7.586,19652000000.0,0.0,78.51,3.411,3.411,1202000000.0,11882000000.0,9940000000.0,9940000000.0,0.0,0.145,0.254,0.247,0.619,0.0,563000000.0,1.0,431900000.0,431900000.0,,23.015,26847000000.0,0.0,1235000000.0,2756000000.0,62.16,972000000.0
43,DVN,MRT,2010-09-30,2010-09-30,2010-09-30,2021-08-04,1512000000.0,31863000000.0,30549250000.0,5950000000.0,25913000000.0,0.336,42.878,-1723000000.0,3608000000.0,3608000000.0,3368000000.0,4655000000.0,1.337,0.708,5629000000.0,1808000000.0,3821000000.0,5629000000.0,0.0,1927000000.0,0.0,0.01,0.64,6375000000.0,8302000000.0,0.81,8302000000.0,6375000000.0,6009000000.0,10.58,10.54,10.58,18652000000.0,17001750000.0,18652000000.0,31611900000.0,5.0,3.808,3958000000.0,9.099,1.0,6882000000.0,0.671,5977000000.0,366000000.0,23457000000.0,25270750000.0,0.0,0.0,0.0,0.0,13211000000.0,4450000000.0,8761000000.0,28161900000.0,3086000000.0,0.0,-888000000.0,-1896000000.0,-282000000.0,-3057000000.0,443000000.0,21000000.0,5681000000.0,19000000.0,4655000000.0,4655000000.0,4655000000.0,-2243000000.0,0.0,0.454,2665000000.0,4217000000.0,1192000000.0,0.06,1.51,6.05,6.119,18199000000.0,0.0,64.74,2.748,2.748,1028000000.0,11390000000.0,10250000000.0,10250000000.0,0.0,0.152,0.274,0.252,0.622,0.0,575000000.0,1.0,435000000.0,435000000.0,,23.563,25886000000.0,0.0,1354000000.0,2405000000.0,59.508,1500000000.0
44,DVN,MRT,2010-06-30,2010-06-30,2010-06-30,2021-08-04,1296000000.0,29971000000.0,29618750000.0,5049000000.0,24922000000.0,0.329,37.659,-994000000.0,2174000000.0,2174000000.0,3260000000.0,3064000000.0,1.484,0.781,5624000000.0,53000000.0,5571000000.0,5624000000.0,0.0,1952000000.0,0.0,0.011,0.64,4610000000.0,6562000000.0,0.673,6562000000.0,4610000000.0,4237000000.0,6.9,6.87,6.9,16830000000.0,16002000000.0,16830000000.0,32586148000.0,7.0,4.966,4558000000.0,10.199,1.0,6485000000.0,0.665,5892000000.0,373000000.0,24127000000.0,25720750000.0,0.0,0.0,0.0,0.0,13141000000.0,3402000000.0,9739000000.0,27225148000.0,2260000000.0,0.0,-382000000.0,-1858000000.0,-284000000.0,-2515000000.0,-806000000.0,21000000.0,5552000000.0,29000000.0,3064000000.0,3064000000.0,3064000000.0,-699000000.0,0.0,0.314,2633000000.0,3852000000.0,1133000000.0,0.093,1.618,8.885,8.829,16841000000.0,0.0,60.92,2.794,2.794,1205000000.0,9369000000.0,9745000000.0,9745000000.0,0.0,0.103,0.191,0.179,0.473,0.0,580000000.0,1.0,446900000.0,446900000.0,,21.806,24079000000.0,0.0,1173000000.0,1714000000.0,53.88,1647000000.0
45,DVN,MRT,2010-03-31,2010-03-31,2010-03-31,2021-08-04,1600000000.0,30677000000.0,28890250000.0,3748000000.0,26929000000.0,0.323,37.948,-2910000000.0,724000000.0,724000000.0,3165000000.0,2672000000.0,1.206,0.809,6085000000.0,240000000.0,5845000000.0,6085000000.0,0.0,1967000000.0,0.0,0.01,0.64,4045000000.0,6012000000.0,0.644,6012000000.0,4045000000.0,3693000000.0,6.02,5.99,6.02,16955000000.0,15215000000.0,16955000000.0,35420324000.0,9.0,5.892,2275000000.0,5.092,1.0,6170000000.0,0.661,6018000000.0,352000000.0,26912000000.0,25830000000.0,0.0,0.0,0.0,0.0,13722000000.0,3108000000.0,10614000000.0,28787324000.0,781000000.0,0.0,46000000.0,-832000000.0,-286000000.0,-1063000000.0,-3413000000.0,13000000.0,5185000000.0,72000000.0,2672000000.0,2672000000.0,2672000000.0,-469000000.0,0.0,0.286,2698000000.0,3472000000.0,1199000000.0,0.106,1.698,10.774,10.703,18812000000.0,0.0,64.43,3.084,3.084,1296000000.0,8733000000.0,9335000000.0,9335000000.0,0.0,0.092,0.176,0.157,0.433,0.0,623000000.0,1.0,446800000.0,446800000.0,,20.893,24659000000.0,0.0,1021000000.0,2003000000.0,55.19,640000000.0
46,DVN,MRT,2009-12-31,2009-12-31,2009-12-31,2021-08-04,1385000000.0,29686000000.0,27651750000.0,2992000000.0,26694000000.0,0.29,35.06,-4845000000.0,646000000.0,646000000.0,3006000000.0,-2479000000.0,0.787,0.907,7279000000.0,1432000000.0,5847000000.0,7279000000.0,0.0,2108000000.0,0.0,0.009,0.64,-3903000000.0,-1795000000.0,-0.224,-1795000000.0,-3903000000.0,-4252000000.0,-5.58,-5.58,-5.58,15570000000.0,14211750000.0,15570000000.0,39129350000.0,-10.0,-21.799,-108000000.0,-0.243,1.0,5009000000.0,0.625,5930000000.0,349000000.0,26587000000.0,24978750000.0,0.0,0.0,0.0,0.0,14116000000.0,3802000000.0,10314000000.0,32641350000.0,627000000.0,0.0,42000000.0,1435000000.0,-284000000.0,1201000000.0,-5354000000.0,7000000.0,4737000000.0,43000000.0,-2479000000.0,-2479000000.0,-2479000000.0,-274000000.0,0.0,-0.309,9269000000.0,-4260000000.0,1137000000.0,-0.115,2.096,-13.167,-13.172,18767000000.0,0.0,73.5,4.073,4.073,1208000000.0,7613000000.0,8015000000.0,8015000000.0,0.0,-0.09,-0.174,-0.156,-0.487,0.0,648000000.0,1.0,444100000.0,444100000.0,,18.048,23756000000.0,0.0,-1773000000.0,1899000000.0,53.492,-810000000.0
47,DVN,MRT,2009-09-30,2009-09-30,2009-09-30,2021-08-04,1182000000.0,28141000000.0,28207250000.0,2609000000.0,25532000000.0,0.246,33.017,-6442000000.0,905000000.0,905000000.0,2703000000.0,-9962000000.0,0.758,0.92,7393000000.0,1545000000.0,5848000000.0,7393000000.0,0.0,2359000000.0,0.0,0.01,0.64,-14968000000.0,-12609000000.0,-1.82,-12609000000.0,-14968000000.0,-15299000000.0,-22.43,-22.35,-22.43,14653000000.0,14584250000.0,14653000000.0,36590054000.0,-2.0,-2.902,-1923000000.0,-4.333,1.0,4224000000.0,0.61,5929000000.0,331000000.0,25257000000.0,25559000000.0,0.0,0.0,0.0,0.0,13488000000.0,3443000000.0,10045000000.0,29881054000.0,-284000000.0,280000000.0,26000000.0,2554000000.0,-286000000.0,2302000000.0,-7065000000.0,9000000.0,4519000000.0,-40000000.0,-9962000000.0,-9962000000.0,-9962000000.0,-141000000.0,0.0,-1.438,19511000000.0,-15287000000.0,1113000000.0,-0.029,2.039,-3.0,-3.002,18872000000.0,0.0,67.33,4.314,4.314,1142000000.0,7017000000.0,6927000000.0,6927000000.0,0.0,-0.353,-0.683,-0.586,-2.161,0.0,643000000.0,1.0,443800000.0,443800000.0,,15.608,22212000000.0,47000000.0,-5337000000.0,1709000000.0,50.05,-834000000.0
48,DVN,MRT,2009-06-30,2009-06-30,2009-06-30,2021-08-04,686000000.0,27057000000.0,31835750000.0,2577000000.0,24480000000.0,0.347,30.822,-7907000000.0,648000000.0,648000000.0,3160000000.0,-7843000000.0,0.738,0.978,7357000000.0,1508000000.0,5849000000.0,7357000000.0,0.0,2719000000.0,0.0,0.012,0.64,-11733000000.0,-9014000000.0,-0.815,-9014000000.0,-11733000000.0,-12043000000.0,-17.63,-17.59,-17.63,13682000000.0,17243500000.0,13682000000.0,30719550000.0,-3.0,-3.408,-1608000000.0,-3.622,1.0,7897000000.0,0.714,5710000000.0,310000000.0,24564000000.0,28563250000.0,0.0,0.0,0.0,0.0,13375000000.0,3492000000.0,9883000000.0,24192550000.0,-1189000000.0,280000000.0,-392000000.0,1532000000.0,-285000000.0,865000000.0,-8261000000.0,9000000.0,6299000000.0,-92000000.0,-7843000000.0,-7843000000.0,-7843000000.0,-133000000.0,0.0,-0.709,19798000000.0,-11901000000.0,1074000000.0,-0.036,1.768,-3.085,-3.091,18087000000.0,0.0,54.5,2.188,2.188,1318000000.0,6589000000.0,11057000000.0,11057000000.0,0.0,-0.246,-0.455,-0.411,-1.061,0.0,653000000.0,1.0,443900000.0,443900000.0,,24.909,21347000000.0,27000000.0,-4200000000.0,1587000000.0,48.09,-915000000.0
49,DVN,MRT,2009-03-31,2009-03-31,2009-03-31,2021-08-04,241000000.0,25723000000.0,36016500000.0,2376000000.0,23347000000.0,0.355,29.149,-8894000000.0,397000000.0,397000000.0,3669000000.0,-6856000000.0,0.735,0.988,6924000000.0,1073000000.0,5851000000.0,6924000000.0,0.0,3039000000.0,0.0,0.014,0.64,-10188000000.0,-7149000000.0,-0.559,-7149000000.0,-10188000000.0,-10498000000.0,-15.43,-15.41,-15.43,12942000000.0,19681250000.0,12942000000.0,25295422000.0,-2.0,-3.538,-694000000.0,-1.563,1.0,9114000000.0,0.713,5509000000.0,310000000.0,23507000000.0,31242250000.0,0.0,0.0,0.0,0.0,12781000000.0,3234000000.0,9547000000.0,19833422000.0,-1482000000.0,280000000.0,-555000000.0,-1276000000.0,-286000000.0,-2232000000.0,-7342000000.0,32000000.0,8200000000.0,-108000000.0,-6856000000.0,-6859000000.0,-6859000000.0,-716000000.0,0.0,-0.537,20107000000.0,-10993000000.0,1261000000.0,-0.041,1.532,-2.892,-2.896,17216000000.0,3000000.0,44.69,1.552,1.552,1221000000.0,6347000000.0,12783000000.0,12783000000.0,0.0,-0.19,-0.349,-0.326,-0.797,0.0,660000000.0,1.0,443800000.0,444000000.0,444000000.0,28.791,20214000000.0,106000000.0,-3642000000.0,1364000000.0,45.527,-858000000.0
50,DVN,MRT,2008-12-31,2008-12-31,2008-12-31,2021-08-04,383000000.0,31908000000.0,40332000000.0,2684000000.0,29224000000.0,0.344,38.423,-8726000000.0,195000000.0,195000000.0,3938000000.0,-2148000000.0,0.856,0.87,5841000000.0,180000000.0,5661000000.0,5841000000.0,0.0,3203000000.0,0.0,0.01,0.64,-2940000000.0,263000000.0,0.019,263000000.0,-2940000000.0,-3269000000.0,-4.85,-4.85,-4.85,17060000000.0,22045250000.0,17060000000.0,32654965000.0,-11.0,124.163,682000000.0,1.536,1.0,9920000000.0,0.716,5511000000.0,329000000.0,28908000000.0,34835000000.0,0.0,0.0,0.0,0.0,14848000000.0,3135000000.0,11713000000.0,29010965000.0,-989000000.0,280000000.0,-549000000.0,-2480000000.0,-289000000.0,-3408000000.0,-6873000000.0,250000000.0,9408000000.0,-116000000.0,-2148000000.0,-2153000000.0,-2153000000.0,-891000000.0,0.0,-0.155,13819000000.0,-3899000000.0,1612000000.0,-0.132,1.701,-13.475,-13.548,22031000000.0,5000000.0,65.71,2.093,2.105,1300000000.0,10376000000.0,13858000000.0,13858000000.0,0.0,-0.053,-0.098,-0.084,-0.212,0.0,645000000.0,1.0,441500000.0,444000000.0,444000000.0,31.212,26397000000.0,0.0,-1121000000.0,3614000000.0,59.453,-451000000.0
51,DVN,MRT,2008-09-30,2008-09-30,2008-09-30,2021-08-04,1762000000.0,42655000000.0,42719000000.0,3419000000.0,39236000000.0,0.335,57.217,-7264000000.0,1193000000.0,1193000000.0,4059000000.0,5984000000.0,1.118,0.687,4837000000.0,0.0,4837000000.0,4837000000.0,0.0,2996000000.0,0.0,0.007,0.62,8415000000.0,11411000000.0,0.797,11411000000.0,8415000000.0,8049000000.0,13.47,13.35,13.47,25290000000.0,23281750000.0,25290000000.0,43905160000.0,5.0,3.848,2459000000.0,5.563,1.0,10252000000.0,0.716,5966000000.0,366000000.0,37274000000.0,37155750000.0,0.0,1171000000.0,1000000.0,1170000000.0,17365000000.0,3059000000.0,14306000000.0,40292160000.0,-225000000.0,0.0,-729000000.0,-3511000000.0,-282000000.0,-4590000000.0,-5318000000.0,216000000.0,9723000000.0,-40000000.0,5984000000.0,5976000000.0,5976000000.0,-1787000000.0,0.0,0.418,3605000000.0,6647000000.0,1559000000.0,0.046,1.593,6.742,6.771,31450000000.0,8000000.0,91.2,2.815,2.817,1710000000.0,17265000000.0,14311000000.0,14311000000.0,0.0,0.14,0.257,0.226,0.588,0.0,629000000.0,1.0,441800000.0,442000000.0,446000000.0,32.378,36689000000.0,0.0,2065000000.0,7367000000.0,83.007,360000000.0
52,DVN,MRT,2008-06-30,2008-06-30,2008-06-30,2021-08-04,2131000000.0,43780000000.0,42123000000.0,5433000000.0,38347000000.0,0.263,52.54,-6443000000.0,1837000000.0,1837000000.0,3707000000.0,4101000000.0,0.901,0.868,5450000000.0,621000000.0,4829000000.0,5450000000.0,0.0,2904000000.0,0.0,0.005,0.6,5662000000.0,8566000000.0,0.772,8566000000.0,5662000000.0,5257000000.0,9.19,9.1,9.19,23433000000.0,22167250000.0,23433000000.0,59552838537.0,11.0,6.952,2045000000.0,4.585,1.0,7389000000.0,0.666,6081000000.0,405000000.0,35280000000.0,36939000000.0,0.0,1407000000.0,1000000.0,1406000000.0,20347000000.0,6032000000.0,14315000000.0,53610838537.0,778000000.0,0.0,-433000000.0,-2239000000.0,-276000000.0,-3016000000.0,-4710000000.0,188000000.0,8488000000.0,16000000.0,4101000000.0,4091000000.0,4091000000.0,-1769000000.0,0.0,0.369,3545000000.0,3844000000.0,1525000000.0,0.065,2.288,13.105,13.075,30184000000.0,10000000.0,120.16,4.832,4.83,2460000000.0,14717000000.0,11096000000.0,11096000000.0,0.0,0.097,0.185,0.153,0.51,0.0,609000000.0,1.0,446162105.0,446000000.0,450000000.0,24.879,37699000000.0,775000000.0,1156000000.0,7350000000.0,84.527,-599000000.0
53,DVN,MRT,2008-03-31,2008-03-31,2008-03-31,2021-08-04,2043000000.0,42985000000.0,40685750000.0,4657000000.0,38328000000.0,0.258,50.333,-5932000000.0,1875000000.0,1875000000.0,3349000000.0,3704000000.0,0.932,0.919,7817000000.0,1446000000.0,6371000000.0,7817000000.0,0.0,2774000000.0,0.0,0.006,0.58,4945000000.0,7719000000.0,0.737,7719000000.0,4945000000.0,4523000000.0,8.3,8.22,8.3,22398000000.0,21230500000.0,22398000000.0,53415223828.0,11.0,6.92,1457000000.0,3.274,1.0,7128000000.0,0.68,6054000000.0,422000000.0,37878000000.0,36782250000.0,0.0,1234000000.0,23000000.0,1211000000.0,20587000000.0,4995000000.0,15592000000.0,46363223828.0,1205000000.0,0.0,-248000000.0,298000000.0,-268000000.0,-152000000.0,-6062000000.0,123000000.0,7389000000.0,30000000.0,3704000000.0,3694000000.0,3694000000.0,-1142000000.0,0.0,0.353,3344000000.0,3784000000.0,1440000000.0,0.07,2.07,12.551,12.57,28933000000.0,10000000.0,104.33,4.425,4.431,2090000000.0,13489000000.0,10477000000.0,10477000000.0,0.0,0.091,0.174,0.134,0.472,0.0,542000000.0,1.0,444390145.0,445000000.0,449000000.0,23.544,36931000000.0,325000000.0,819000000.0,6339000000.0,82.991,-338000000.0
54,DVN,MRT,2007-12-31,2007-12-31,2007-12-31,2021-08-04,2405000000.0,41456000000.0,38934000000.0,3914000000.0,37542000000.0,0.256,49.452,-5634000000.0,1364000000.0,1364000000.0,3107000000.0,3606000000.0,1.07,0.884,7928000000.0,1004000000.0,6924000000.0,7928000000.0,0.0,2613000000.0,0.0,0.006,0.56,4878000000.0,7491000000.0,0.751,7491000000.0,4878000000.0,4448000000.0,8.08,8.0,8.08,22006000000.0,20170000000.0,22006000000.0,46613393600.0,10.0,6.223,1017000000.0,2.285,1.0,6868000000.0,0.689,6172000000.0,430000000.0,38191000000.0,35542500000.0,0.0,1696000000.0,372000000.0,1324000000.0,19450000000.0,3657000000.0,15793000000.0,39561393600.0,617000000.0,0.0,-235000000.0,79000000.0,-259000000.0,-371000000.0,-5714000000.0,202000000.0,6651000000.0,51000000.0,3606000000.0,3596000000.0,3596000000.0,-1121000000.0,0.0,0.361,3145000000.0,3723000000.0,1360000000.0,0.069,1.798,11.001,11.004,28079000000.0,10000000.0,88.91,3.966,3.966,1779000000.0,12813000000.0,9975000000.0,9975000000.0,0.0,0.092,0.178,0.137,0.489,0.0,513000000.0,1.0,444960000.0,445000000.0,450000000.0,22.416,35284000000.0,30000000.0,842000000.0,6139000000.0,79.29,257000000.0
55,DVN,MRT,2007-09-30,2007-09-30,2007-09-30,2021-08-04,2339000000.0,40271000000.0,37335750000.0,3684000000.0,36587000000.0,0.283,46.813,-5821000000.0,1392000000.0,1392000000.0,3274000000.0,2872000000.0,0.773,0.933,8444000000.0,2076000000.0,6368000000.0,8444000000.0,0.0,2707000000.0,0.0,0.006,0.533,4426000000.0,7133000000.0,0.674,7133000000.0,4426000000.0,3995000000.0,6.44,6.36,6.44,20832000000.0,19029000000.0,20832000000.0,44095300800.0,10.0,6.182,399000000.0,0.897,1.0,7309000000.0,0.691,6150000000.0,431000000.0,36407000000.0,34018500000.0,0.0,1668000000.0,341000000.0,1327000000.0,19439000000.0,4766000000.0,14673000000.0,37096300800.0,225000000.0,0.0,-42000000.0,472000000.0,-254000000.0,225000000.0,-6253000000.0,-217000000.0,6220000000.0,33000000.0,2872000000.0,2862000000.0,2862000000.0,-328000000.0,0.0,0.27,3145000000.0,4164000000.0,1268000000.0,0.083,1.781,12.962,12.919,26985000000.0,10000000.0,83.2,3.505,3.498,1435000000.0,11564000000.0,10583000000.0,10583000000.0,0.0,0.077,0.15,0.13,0.418,0.0,471000000.0,1.0,445869000.0,445000000.0,450000000.0,23.782,34121000000.0,0.0,1123000000.0,6179000000.0,76.676,-1082000000.0
56,DVN,MRT,2007-06-30,2007-06-30,2007-06-30,2021-08-04,1791000000.0,38031000000.0,35826000000.0,3166000000.0,34865000000.0,0.288,44.139,-5701000000.0,1042000000.0,1042000000.0,3187000000.0,2842000000.0,0.717,0.932,8041000000.0,2022000000.0,6019000000.0,8041000000.0,0.0,2541000000.0,0.0,0.006,0.505,4341000000.0,6882000000.0,0.667,6882000000.0,4341000000.0,3906000000.0,6.38,6.3,6.38,19686000000.0,18125250000.0,19686000000.0,41946488060.0,10.0,6.095,823000000.0,1.845,1.0,7132000000.0,0.691,5961000000.0,435000000.0,34653000000.0,32614000000.0,0.0,1510000000.0,315000000.0,1195000000.0,18345000000.0,4416000000.0,13929000000.0,34824488060.0,37000000.0,0.0,96000000.0,-481000000.0,-239000000.0,-573000000.0,-5917000000.0,17000000.0,6524000000.0,3000000.0,2842000000.0,2832000000.0,2832000000.0,-289000000.0,0.0,0.274,2970000000.0,4162000000.0,1139000000.0,0.079,1.769,12.297,12.271,25654000000.0,10000000.0,78.29,3.375,3.384,1375000000.0,10893000000.0,10319000000.0,10319000000.0,0.0,0.079,0.156,0.133,0.421,0.0,449000000.0,1.0,444814000.0,446000000.0,450000000.0,23.137,32070000000.0,0.0,1064000000.0,5773000000.0,71.906,-1250000000.0
57,DVN,MRT,2007-03-31,2007-03-31,2007-03-31,2021-08-04,1159000000.0,35978000000.0,34697750000.0,2736000000.0,33242000000.0,0.281,40.892,-7535000000.0,615000000.0,615000000.0,3030000000.0,2797000000.0,0.616,0.982,7737000000.0,1857000000.0,5880000000.0,7737000000.0,0.0,2380000000.0,0.0,0.007,0.477,4063000000.0,6443000000.0,0.661,6443000000.0,4063000000.0,3633000000.0,6.3,6.22,6.3,18156000000.0,17327000000.0,18156000000.0,37799624407.0,9.0,5.867,-1547000000.0,-3.484,1.0,6710000000.0,0.689,5741000000.0,430000000.0,32919000000.0,31581000000.0,0.0,1324000000.0,275000000.0,1049000000.0,17822000000.0,4440000000.0,13382000000.0,30765624407.0,-816000000.0,0.0,76000000.0,601000000.0,-224000000.0,492000000.0,-7310000000.0,459000000.0,5988000000.0,14000000.0,2797000000.0,2787000000.0,2787000000.0,-305000000.0,0.0,0.286,2785000000.0,3925000000.0,1236000000.0,0.076,1.695,11.039,10.987,24408000000.0,10000000.0,69.22,3.159,3.155,1361000000.0,10055000000.0,9740000000.0,9740000000.0,0.0,0.08,0.161,0.129,0.417,0.0,426000000.0,1.0,444461491.0,444000000.0,450000000.0,21.937,30237000000.0,66000000.0,836000000.0,5462000000.0,68.101,-1704000000.0
58,DVN,MRT,2006-12-31,2006-12-31,2006-12-31,2021-08-04,1444000000.0,35063000000.0,33394500000.0,3212000000.0,31851000000.0,0.292,39.462,-7306000000.0,692000000.0,692000000.0,3002000000.0,2846000000.0,0.691,1.01,8075000000.0,2205000000.0,5870000000.0,8075000000.0,0.0,2231000000.0,0.0,0.007,0.45,4203000000.0,6434000000.0,0.659,6434000000.0,4203000000.0,3782000000.0,6.42,6.34,6.42,17442000000.0,16613500000.0,17442000000.0,35854427080.0,9.0,5.573,-1313000000.0,-2.971,1.0,6765000000.0,0.693,5706000000.0,421000000.0,32095000000.0,30166500000.0,0.0,1617000000.0,574000000.0,1043000000.0,17621000000.0,4645000000.0,12976000000.0,29649427080.0,-850000000.0,0.0,-180000000.0,946000000.0,-209000000.0,593000000.0,-7449000000.0,106000000.0,5993000000.0,13000000.0,2846000000.0,2836000000.0,2836000000.0,-212000000.0,0.0,0.29,2596000000.0,4169000000.0,1154000000.0,0.07,1.7,10.455,10.449,23156000000.0,10000000.0,67.08,3.036,3.036,1324000000.0,9114000000.0,9767000000.0,9767000000.0,0.0,0.085,0.171,0.139,0.43,0.0,397000000.0,1.0,442001000.0,442000000.0,448000000.0,22.097,29357000000.0,102000000.0,936000000.0,5372000000.0,66.419,-1433000000.0
59,DVN,MRT,2006-09-30,2006-09-30,2006-09-30,2021-08-04,1796000000.0,34232000000.0,32197000000.0,2936000000.0,31296000000.0,0.306,39.041,-6812000000.0,1196000000.0,1196000000.0,2982000000.0,3234000000.0,0.767,0.988,7401000000.0,1439000000.0,5962000000.0,7401000000.0,0.0,1884000000.0,0.0,0.007,0.413,4757000000.0,6641000000.0,0.674,6641000000.0,4757000000.0,4337000000.0,7.27,7.16,7.27,17217000000.0,15968500000.0,17217000000.0,34876370650.0,7.0,5.252,30000000.0,0.068,1.0,6871000000.0,0.697,5822000000.0,420000000.0,30789000000.0,28807750000.0,0.0,1044000000.0,124000000.0,920000000.0,17015000000.0,3826000000.0,13189000000.0,27852370650.0,101000000.0,0.0,-327000000.0,344000000.0,-191000000.0,-160000000.0,-6609000000.0,667000000.0,6842000000.0,28000000.0,3234000000.0,3224000000.0,3224000000.0,-165000000.0,0.0,0.327,2268000000.0,4603000000.0,1133000000.0,0.057,1.618,8.639,8.686,24097000000.0,10000000.0,63.15,2.827,2.826,1317000000.0,8586000000.0,9853000000.0,9853000000.0,0.0,0.1,0.202,0.165,0.483,0.0,369000000.0,1.0,441051000.0,441000000.0,447000000.0,22.342,28410000000.0,71000000.0,1103000000.0,5903000000.0,64.422,-890000000.0
60,DVN,MRT,2006-06-30,2006-06-30,2006-06-30,2021-08-04,1772000000.0,33518000000.0,31019750000.0,3045000000.0,30473000000.0,0.324,37.484,-6405000000.0,1030000000.0,1030000000.0,2920000000.0,3273000000.0,0.725,1.032,8054000000.0,2098000000.0,5956000000.0,8054000000.0,0.0,1827000000.0,0.0,0.006,0.375,4985000000.0,6812000000.0,0.677,6812000000.0,4985000000.0,4513000000.0,7.34,7.22,7.34,16493000000.0,15150250000.0,16493000000.0,31704614670.0,6.0,4.654,-360000000.0,-0.818,1.0,7138000000.0,0.71,5823000000.0,472000000.0,30521000000.0,27730000000.0,0.0,1212000000.0,332000000.0,880000000.0,17025000000.0,4198000000.0,12827000000.0,26579614670.0,-1197000000.0,0.0,-884000000.0,340000000.0,-175000000.0,-712000000.0,-6596000000.0,217000000.0,6045000000.0,66000000.0,3273000000.0,3263000000.0,3263000000.0,-113000000.0,0.0,0.324,2158000000.0,4980000000.0,1137000000.0,0.051,1.612,8.146,8.23,23319000000.0,10000000.0,60.41,2.643,2.643,1404000000.0,7932000000.0,10058000000.0,10058000000.0,0.0,0.105,0.215,0.18,0.496,0.0,335000000.0,1.0,439987000.0,440000000.0,446000000.0,22.859,27695000000.0,90000000.0,1240000000.0,5699000000.0,62.943,-1153000000.0
61,DVN,MRT,2006-03-31,2006-03-31,2006-03-31,2021-08-04,1416000000.0,30765000000.0,29957750000.0,3794000000.0,26971000000.0,0.34,34.62,-2457000000.0,1494000000.0,1494000000.0,2916000000.0,3067000000.0,1.296,1.011,6619000000.0,665000000.0,5954000000.0,6619000000.0,0.0,1829000000.0,0.0,0.006,0.338,5078000000.0,6907000000.0,0.679,6907000000.0,5078000000.0,4562000000.0,6.8,6.68,6.8,15302000000.0,14351750000.0,15302000000.0,32041882723.0,6.0,4.639,3289000000.0,7.441,1.0,7260000000.0,0.713,5702000000.0,516000000.0,27261000000.0,26547000000.0,0.0,1556000000.0,734000000.0,822000000.0,15463000000.0,2927000000.0,12536000000.0,27028882723.0,-5000000.0,0.0,-1872000000.0,-1261000000.0,-159000000.0,-3288000000.0,-2503000000.0,299000000.0,5746000000.0,40000000.0,3067000000.0,3057000000.0,3057000000.0,-17000000.0,0.0,0.3,2145000000.0,5115000000.0,1139000000.0,0.05,1.766,8.842,8.996,20023000000.0,10000000.0,61.17,2.656,2.657,1320000000.0,7126000000.0,10176000000.0,10176000000.0,0.0,0.102,0.213,0.191,0.499,0.0,323000000.0,1.0,441865011.0,442000000.0,449000000.0,23.023,25063000000.0,69000000.0,1495000000.0,5851000000.0,56.704,867000000.0
62,DVN,MRT,2005-12-31,2005-12-31,2005-12-31,2021-08-04,1414000000.0,30273000000.0,29935500000.0,4206000000.0,26067000000.0,0.335,32.45,-1662000000.0,1593000000.0,1593000000.0,2921000000.0,2930000000.0,1.434,1.037,6619000000.0,662000000.0,5957000000.0,6619000000.0,0.0,1924000000.0,0.0,0.005,0.3,4944000000.0,6868000000.0,0.685,6868000000.0,4944000000.0,4411000000.0,6.38,6.26,6.38,14862000000.0,13934750000.0,14862000000.0,33548522000.0,7.0,4.885,3950000000.0,8.624,1.0,7106000000.0,0.709,5705000000.0,533000000.0,26660000000.0,26665000000.0,0.0,1485000000.0,680000000.0,805000000.0,15411000000.0,2934000000.0,12477000000.0,27786522000.0,454000000.0,0.0,-2139000000.0,-1258000000.0,-146000000.0,-3543000000.0,-1652000000.0,287000000.0,5612000000.0,37000000.0,2930000000.0,2920000000.0,2920000000.0,-33000000.0,0.0,0.291,2101000000.0,5005000000.0,928000000.0,0.047,1.87,9.516,9.803,18911000000.0,10000000.0,62.54,2.771,2.857,1565000000.0,6477000000.0,10027000000.0,10027000000.0,0.0,0.098,0.21,0.185,0.493,0.0,291000000.0,1.0,444300000.0,458000000.0,470000000.0,21.893,24568000000.0,158000000.0,1481000000.0,5667000000.0,53.642,1272000000.0
63,DVN,MRT,2005-09-30,2005-09-30,2005-09-30,2021-08-04,1343000000.0,29523000000.0,29873500000.0,3759000000.0,25764000000.0,0.331,31.265,-1354000000.0,1095000000.0,1095000000.0,2943000000.0,2633000000.0,1.221,1.117,6857000000.0,900000000.0,5957000000.0,6857000000.0,0.0,2176000000.0,0.0,0.004,0.275,4520000000.0,6696000000.0,0.677,6696000000.0,4520000000.0,3978000000.0,5.61,5.49,5.61,13944000000.0,13637750000.0,13944000000.0,36404883520.0,8.0,5.437,3422000000.0,7.673,1.0,6942000000.0,0.702,5729000000.0,542000000.0,26478000000.0,27025000000.0,0.0,1709000000.0,791000000.0,918000000.0,15579000000.0,3078000000.0,12501000000.0,31108883520.0,-75000000.0,0.0,-2153000000.0,-1024000000.0,-127000000.0,-3314000000.0,-1599000000.0,-200000000.0,4776000000.0,62000000.0,2633000000.0,2623000000.0,2623000000.0,-5000000.0,0.0,0.265,2249000000.0,4693000000.0,970000000.0,0.049,2.231,11.86,12.235,18722000000.0,10000000.0,68.64,3.147,3.097,1516000000.0,5543000000.0,9885000000.0,9885000000.0,0.0,0.088,0.192,0.167,0.457,0.0,277000000.0,1.0,453218000.0,446000000.0,454000000.0,22.164,23794000000.0,180000000.0,1345000000.0,5481000000.0,53.35,681000000.0
64,DVN,MRT,2005-06-30,2005-06-30,2005-06-30,2021-08-04,882000000.0,29270000000.0,29640250000.0,4481000000.0,24789000000.0,0.319,28.662,-1143000000.0,2227000000.0,2227000000.0,2939000000.0,2406000000.0,1.407,1.201,7523000000.0,906000000.0,6617000000.0,7523000000.0,0.0,2215000000.0,0.0,0.005,0.25,4143000000.0,6358000000.0,0.673,6358000000.0,4143000000.0,3656000000.0,5.01,4.89,5.01,13299000000.0,13315500000.0,13299000000.0,30449897858.0,7.0,4.789,3698000000.0,7.97,1.0,6509000000.0,0.689,5592000000.0,487000000.0,25789000000.0,26978750000.0,0.0,1342000000.0,549000000.0,793000000.0,15971000000.0,3185000000.0,12786000000.0,24008897858.0,1445000000.0,0.0,-1590000000.0,-356000000.0,-119000000.0,-2075000000.0,-1372000000.0,-184000000.0,4841000000.0,51000000.0,2406000000.0,2396000000.0,2396000000.0,-5000000.0,0.0,0.254,2286000000.0,4223000000.0,900000000.0,0.05,1.805,10.02,10.116,18026000000.0,10000000.0,50.68,2.541,2.489,1308000000.0,4834000000.0,9448000000.0,9448000000.0,0.0,0.081,0.18,0.154,0.439,0.0,266000000.0,1.0,473735159.0,464000000.0,464000000.0,20.362,23678000000.0,248000000.0,1250000000.0,5172000000.0,51.03,1296000000.0
65,DVN,MRT,2005-03-31,2005-03-31,2005-03-31,2021-08-04,858000000.0,30676000000.0,29148750000.0,4365000000.0,26311000000.0,0.316,28.404,-2519000000.0,1499000000.0,1499000000.0,2906000000.0,2255000000.0,1.161,1.25,7940000000.0,932000000.0,7008000000.0,7940000000.0,0.0,2232000000.0,0.0,0.005,0.225,3893000000.0,6125000000.0,0.666,6125000000.0,3893000000.0,3418000000.0,4.65,4.52,4.65,13634000000.0,12981500000.0,13634000000.0,29704324721.0,8.0,4.85,2462000000.0,5.129,1.0,6293000000.0,0.684,5624000000.0,475000000.0,27733000000.0,27105250000.0,0.0,1860000000.0,1033000000.0,827000000.0,17042000000.0,3760000000.0,13282000000.0,22892324721.0,397000000.0,0.0,-529000000.0,-762000000.0,-109000000.0,-1410000000.0,-3218000000.0,-654000000.0,4981000000.0,44000000.0,2255000000.0,2245000000.0,2245000000.0,-5000000.0,0.0,0.244,2293000000.0,4000000000.0,937000000.0,0.048,1.679,10.197,10.269,19479000000.0,10000000.0,47.75,2.489,2.492,1364000000.0,4218000000.0,9199000000.0,9199000000.0,0.0,0.077,0.173,0.144,0.423,0.0,258000000.0,1.0,479420413.0,480000000.0,496000000.0,19.165,25052000000.0,317000000.0,1163000000.0,5509000000.0,52.192,605000000.0
66,DVN,MRT,2004-12-31,2004-12-31,2004-12-31,2021-08-04,930000000.0,30025000000.0,28374000000.0,3872000000.0,26153000000.0,0.32,28.369,-2963000000.0,1152000000.0,1152000000.0,2853000000.0,2186000000.0,1.249,1.196,7964000000.0,933000000.0,7031000000.0,7964000000.0,0.0,2225000000.0,0.0,0.005,0.2,3756000000.0,5981000000.0,0.658,5981000000.0,3756000000.0,3281000000.0,4.51,4.38,4.51,13674000000.0,12455500000.0,13674000000.0,25109976240.0,7.0,4.198,1853000000.0,3.844,1.0,6233000000.0,0.686,5637000000.0,475000000.0,28100000000.0,26842750000.0,0.0,1712000000.0,967000000.0,745000000.0,16351000000.0,3100000000.0,13251000000.0,18915976240.0,220000000.0,0.0,79000000.0,-973000000.0,-97000000.0,-1001000000.0,-3634000000.0,-626000000.0,4816000000.0,39000000.0,2186000000.0,2176000000.0,2176000000.0,-5000000.0,0.0,0.239,2420000000.0,3813000000.0,715000000.0,0.044,1.383,8.693,8.63,19346000000.0,10000000.0,38.92,2.082,2.065,1320000000.0,3693000000.0,9086000000.0,9086000000.0,0.0,0.077,0.175,0.14,0.413,0.0,277000000.0,1.0,486022000.0,482000000.0,499000000.0,18.851,24388000000.0,289000000.0,1095000000.0,5312000000.0,50.598,772000000.0
67,DVN,MRT,2004-09-30,2004-09-30,2004-09-30,2021-08-04,451000000.0,28590000000.0,27658250000.0,3021000000.0,25569000000.0,0.313,26.093,-3025000000.0,1761000000.0,1761000000.0,2698000000.0,2056000000.0,1.019,1.259,7955000000.0,685000000.0,7270000000.0,7955000000.0,0.0,2258000000.0,0.0,0.005,0.175,3266000000.0,5524000000.0,0.639,5524000000.0,3266000000.0,2783000000.0,4.305,4.2,4.305,12655000000.0,11801000000.0,12655000000.0,23926241440.0,7.0,4.331,1655000000.0,3.412,1.0,5946000000.0,0.688,5525000000.0,483000000.0,26293000000.0,26717750000.0,0.0,912000000.0,151000000.0,761000000.0,15935000000.0,2966000000.0,12969000000.0,17166241440.0,330000000.0,0.0,324000000.0,-973000000.0,-84000000.0,-742000000.0,-3640000000.0,-591000000.0,4680000000.0,32000000.0,2056000000.0,2046000000.0,2046000000.0,0.0,0.0,0.237,2614000000.0,3332000000.0,680000000.0,0.041,1.356,8.39,8.247,18896000000.0,10000000.0,35.505,1.986,1.992,1102000000.0,3047000000.0,8644000000.0,8644000000.0,0.0,0.074,0.173,0.122,0.378,0.0,292000000.0,1.0,483488000.0,485000000.0,500000000.0,17.823,23065000000.0,0.0,727000000.0,4727000000.0,47.557,55000000.0
68,DVN,MRT,2004-06-30,2004-06-30,2004-06-30,2021-08-04,283000000.0,27304000000.0,27002500000.0,2364000000.0,24940000000.0,0.308,24.82,-2974000000.0,1147000000.0,1147000000.0,2625000000.0,1951000000.0,0.993,1.282,7907000000.0,412000000.0,7495000000.0,7907000000.0,28000000.0,2194000000.0,0.0,0.005,0.15,3078000000.0,5272000000.0,0.633,5272000000.0,3078000000.0,2584000000.0,4.125,4.025,4.125,11963000000.0,11184750000.0,11963000000.0,23062470000.0,7.0,4.375,1388000000.0,2.88,1.0,5700000000.0,0.685,5388000000.0,494000000.0,26295000000.0,26894750000.0,68000000.0,701000000.0,34000000.0,667000000.0,15341000000.0,2381000000.0,12960000000.0,15826470000.0,58000000.0,0.0,305000000.0,-1162000000.0,-71000000.0,-937000000.0,-3375000000.0,-365000000.0,4362000000.0,8000000.0,1951000000.0,1941000000.0,1941000000.0,0.0,0.0,0.233,2586000000.0,3114000000.0,688000000.0,0.036,1.323,8.154,8.0,18511000000.0,10000000.0,33.0,1.901,1.911,1104000000.0,2557000000.0,8325000000.0,8325000000.0,0.0,0.072,0.174,0.114,0.37,0.0,312000000.0,1.0,479590000.0,482000000.0,498000000.0,17.272,21916000000.0,11000000.0,633000000.0,4503000000.0,45.469,-17000000.0
69,DVN,MRT,2004-03-31,2004-03-31,2004-03-31,2021-08-04,409000000.0,27577000000.0,26579250000.0,2685000000.0,24892000000.0,0.298,24.121,-2801000000.0,1481000000.0,1481000000.0,2551000000.0,1805000000.0,0.998,1.392,8717000000.0,763000000.0,7954000000.0,8717000000.0,42000000.0,2069000000.0,0.0,0.004,0.125,2891000000.0,4960000000.0,0.626,4960000000.0,2891000000.0,2401000000.0,3.92,3.825,3.92,11530000000.0,10607000000.0,11530000000.0,21481991896.0,7.0,4.331,1363000000.0,2.851,1.0,5368000000.0,0.678,5440000000.0,490000000.0,26683000000.0,26927750000.0,70000000.0,665000000.0,42000000.0,623000000.0,16047000000.0,2690000000.0,13357000000.0,13836991896.0,468000000.0,0.0,260000000.0,-732000000.0,-55000000.0,-536000000.0,-3204000000.0,-379000000.0,4164000000.0,44000000.0,1805000000.0,1795000000.0,1795000000.0,0.0,0.0,0.227,2505000000.0,2863000000.0,769000000.0,0.032,1.2,7.709,7.417,18450000000.0,10000000.0,29.075,1.747,1.755,1063000000.0,2082000000.0,7919000000.0,7919000000.0,0.0,0.068,0.169,0.107,0.365,0.0,335000000.0,1.0,475906858.0,478000000.0,493000000.0,16.567,22137000000.0,11000000.0,596000000.0,4541000000.0,46.312,-5000000.0
70,DVN,MRT,2003-12-31,2003-12-31,2003-12-31,2021-08-04,569000000.0,27162000000.0,24142000000.0,2364000000.0,24798000000.0,0.305,26.513,-2408000000.0,932000000.0,932000000.0,2456000000.0,1747000000.0,1.141,1.457,8918000000.0,338000000.0,8580000000.0,8918000000.0,0.0,1793000000.0,0.0,0.003,0.1,2763000000.0,4556000000.0,0.62,4556000000.0,2763000000.0,2261000000.0,4.16,4.04,4.16,11056000000.0,9059000000.0,11056000000.0,21397213820.0,8.0,4.696,1360000000.0,3.261,1.0,4896000000.0,0.666,5477000000.0,502000000.0,27600000000.0,25163250000.0,0.0,954000000.0,341000000.0,613000000.0,16106000000.0,2071000000.0,14035000000.0,13316213820.0,640000000.0,0.0,155000000.0,-521000000.0,-39000000.0,-414000000.0,-2773000000.0,-341000000.0,3768000000.0,59000000.0,1747000000.0,1737000000.0,1737000000.0,0.0,0.0,0.236,2219000000.0,2677000000.0,859000000.0,0.024,1.204,7.666,6.882,18334000000.0,10000000.0,28.63,1.811,1.624,946000000.0,1614000000.0,7352000000.0,7352000000.0,0.0,0.072,0.192,0.11,0.376,0.0,307000000.0,1.0,465114000.0,417000000.0,433000000.0,17.631,21685000000.0,0.0,514000000.0,4385000000.0,52.002,293000000.0
71,DVN,MRT,2003-09-30,2003-09-30,2003-09-30,2021-08-04,368000000.0,25967000000.0,21407750000.0,1907000000.0,24060000000.0,0.311,21.961,-2398000000.0,840000000.0,840000000.0,2300000000.0,1288000000.0,1.118,1.548,8921000000.0,340000000.0,8581000000.0,8921000000.0,70000000.0,1526000000.0,0.0,0.004,0.1,2417000000.0,3943000000.0,0.592,3943000000.0,2417000000.0,1906000000.0,3.365,3.26,3.365,10190000000.0,7458250000.0,10190000000.0,19524297200.0,8.0,4.952,960000000.0,2.069,1.0,4365000000.0,0.655,5341000000.0,511000000.0,27001000000.0,22987750000.0,77000000.0,570000000.0,63000000.0,507000000.0,15777000000.0,1706000000.0,14071000000.0,11174297200.0,752000000.0,316000000.0,64000000.0,-598000000.0,-36000000.0,-580000000.0,-2062000000.0,0.0,3358000000.0,36000000.0,1288000000.0,1278000000.0,1278000000.0,11000000.0,0.0,0.192,1848000000.0,2517000000.0,633000000.0,0.03,1.097,8.744,7.16,17848000000.0,10000000.0,24.095,1.677,1.677,896000000.0,1085000000.0,6665000000.0,6665000000.0,0.0,0.06,0.171,0.105,0.363,0.0,289000000.0,1.0,463760000.0,464000000.0,482000000.0,14.364,20626000000.0,11000000.0,618000000.0,4409000000.0,44.453,201000000.0
72,DVN,MRT,2003-06-30,2003-06-30,2003-06-30,2021-08-04,249000000.0,25611000000.0,18920250000.0,1839000000.0,23772000000.0,0.304,22.764,-1901000000.0,724000000.0,724000000.0,2111000000.0,938000000.0,0.832,1.653,9074000000.0,575000000.0,8499000000.0,9074000000.0,88000000.0,1300000000.0,0.0,0.004,0.1,1909000000.0,3209000000.0,0.558,3209000000.0,1909000000.0,1388000000.0,2.675,2.59,2.675,9652000000.0,6044000000.0,9652000000.0,19275918733.0,10.0,6.007,731000000.0,1.724,1.0,3637000000.0,0.633,5324000000.0,521000000.0,26427000000.0,20986500000.0,71000000.0,569000000.0,57000000.0,512000000.0,15959000000.0,2210000000.0,13749000000.0,12323918733.0,309000000.0,316000000.0,52000000.0,-810000000.0,-31000000.0,-799000000.0,-1561000000.0,0.0,2632000000.0,37000000.0,938000000.0,928000000.0,928000000.0,61000000.0,0.0,0.161,1580000000.0,2057000000.0,651000000.0,0.037,1.277,13.28,9.981,17592000000.0,10000000.0,26.7,2.144,1.97,965000000.0,688000000.0,5748000000.0,5748000000.0,0.0,0.049,0.154,0.091,0.332,0.0,257000000.0,1.0,461569990.0,424000000.0,442000000.0,13.557,20287000000.0,11000000.0,450000000.0,4151000000.0,47.847,-371000000.0
73,DVN,MRT,2003-03-31,2003-03-31,2003-03-31,2021-08-04,-11000000.0,17828000000.0,16735750000.0,1637000000.0,16191000000.0,0.304,17.0,-894000000.0,634000000.0,634000000.0,1964000000.0,478000000.0,1.124,2.34,7586000000.0,211000000.0,7375000000.0,7586000000.0,0.0,1196000000.0,0.0,0.004,0.1,1006000000.0,2202000000.0,0.433,2202000000.0,1006000000.0,467000000.0,1.5,1.44,1.5,5338000000.0,4827000000.0,5338000000.0,14753549095.0,15.0,6.7,1319000000.0,4.201,1.0,3120000000.0,0.614,3699000000.0,539000000.0,19625000000.0,19317500000.0,31000000.0,505000000.0,46000000.0,459000000.0,12490000000.0,1456000000.0,11034000000.0,7483549095.0,281000000.0,316000000.0,26000000.0,-1353000000.0,-31000000.0,-1368000000.0,-571000000.0,0.0,2213000000.0,7000000.0,478000000.0,468000000.0,468000000.0,-41000000.0,0.0,0.092,2072000000.0,1048000000.0,473000000.0,0.067,1.402,15.99,16.073,11760000000.0,10000000.0,24.11,1.472,1.489,910000000.0,341000000.0,5084000000.0,5084000000.0,0.0,0.028,0.097,0.052,0.198,0.0,218000000.0,1.0,310391916.0,314000000.0,326000000.0,16.191,14129000000.0,11000000.0,-11000000.0,2893000000.0,44.997,181000000.0
74,DVN,MRT,2002-12-31,2002-12-31,2002-12-31,2021-08-04,-267000000.0,16225000000.0,16773000000.0,1064000000.0,15161000000.0,0.257,15.058,-2359000000.0,292000000.0,292000000.0,1694000000.0,104000000.0,1.021,2.487,7562000000.0,0.0,7562000000.0,7562000000.0,0.0,1211000000.0,0.0,0.004,0.1,444000000.0,1655000000.0,0.383,1655000000.0,444000000.0,-89000000.0,0.31,0.3,0.31,4653000000.0,4665250000.0,4653000000.0,14748969400.0,33.0,8.912,-605000000.0,-1.958,1.0,2622000000.0,0.608,3555000000.0,533000000.0,18898000000.0,19876750000.0,26000000.0,512000000.0,40000000.0,472000000.0,11572000000.0,1042000000.0,10530000000.0,7190969400.0,109000000.0,316000000.0,32000000.0,410000000.0,-31000000.0,401000000.0,-2046000000.0,0.0,1754000000.0,0.0,104000000.0,94000000.0,94000000.0,-45000000.0,0.0,0.022,2081000000.0,541000000.0,376000000.0,0.323,1.545,76.5,74.032,10852000000.0,10000000.0,22.95,1.666,1.643,639000000.0,-84000000.0,4316000000.0,4316000000.0,0.0,0.006,0.02,0.022,0.103,0.0,219000000.0,1.0,313332000.0,309000000.0,313000000.0,13.968,12670000000.0,56000000.0,-193000000.0,2636000000.0,41.003,22000000.0
75,DVN,MRT,2002-09-30,2002-09-30,2002-09-30,2021-08-04,-301000000.0,16017000000.0,16012750000.0,836000000.0,15181000000.0,0.234,14.529,-5667000000.0,88000000.0,88000000.0,1436000000.0,-498000000.0,0.845,2.533,7646000000.0,0.0,7646000000.0,7646000000.0,0.0,1212000000.0,0.0,0.004,0.1,-503000000.0,709000000.0,0.189,709000000.0,-503000000.0,-1020000000.0,-1.975,-1.91,-1.975,4533000000.0,4316750000.0,4533000000.0,15336650000.0,-30.0,21.631,-4039000000.0,-12.946,1.0,2310000000.0,0.617,3590000000.0,517000000.0,18996000000.0,19268500000.0,33000000.0,534000000.0,43000000.0,491000000.0,11484000000.0,989000000.0,10495000000.0,7729650000.0,-75000000.0,-91000000.0,22000000.0,4041000000.0,-28000000.0,4025000000.0,-5724000000.0,0.0,1628000000.0,-4000000.0,-498000000.0,-508000000.0,-508000000.0,-43000000.0,0.0,-0.136,2943000000.0,-633000000.0,405000000.0,-0.051,1.705,-15.216,-12.215,10799000000.0,10000000.0,24.125,2.063,2.009,569000000.0,-158000000.0,3746000000.0,3746000000.0,0.0,-0.032,-0.118,-0.026,-0.134,0.0,187000000.0,1.0,320400000.0,312000000.0,316000000.0,12.006,12427000000.0,2000000.0,-522000000.0,2597000000.0,39.83,-153000000.0
76,DVN,MRT,2002-06-30,2002-06-30,2002-06-30,2021-08-04,2000000.0,16873000000.0,13941622500.0,1161000000.0,15712000000.0,0.233,15.236,-5749000000.0,425000000.0,425000000.0,1159000000.0,-475000000.0,1.096,2.527,8032000000.0,0.0,8032000000.0,8032000000.0,17000000.0,1125000000.0,0.0,0.003,0.075,-567000000.0,558000000.0,0.172,558000000.0,-567000000.0,-990000000.0,-1.84,-1.775,-1.84,4784000000.0,4125751250.0,4784000000.0,16225336640.0,-29.0,29.078,-4051000000.0,-12.901,1.0,2092000000.0,0.643,3670000000.0,423000000.0,19751000000.0,16700334750.0,43000000.0,669000000.0,41000000.0,628000000.0,12089000000.0,1059000000.0,11030000000.0,7704336640.0,-2000000.0,-91000000.0,-165000000.0,4343000000.0,-28000000.0,4140000000.0,-5834000000.0,0.0,1698000000.0,-6000000.0,-475000000.0,-485000000.0,-485000000.0,-108000000.0,0.0,-0.149,2855000000.0,-763000000.0,426000000.0,-0.041,1.61,-15.885,-13.391,11087000000.0,10000000.0,24.64,2.37,2.38,636000000.0,-210000000.0,3251000000.0,3251000000.0,0.0,-0.035,-0.118,-0.034,-0.174,0.0,168000000.0,1.0,312676000.0,314000000.0,326000000.0,10.354,13203000000.0,7000000.0,-515000000.0,2724000000.0,42.048,102000000.0
77,DVN,MRT,2002-03-31,2002-03-31,2002-03-31,2021-08-04,-197000000.0,17977000000.0,11674382000.0,1170000000.0,16807000000.0,0.24,15.848,-6821000000.0,367000000.0,367000000.0,871000000.0,-235000000.0,1.103,2.832,8888000000.0,0.0,8888000000.0,8888000000.0,33000000.0,985000000.0,0.0,0.003,0.075,-115000000.0,870000000.0,0.311,870000000.0,-115000000.0,-425000000.0,-0.985,-0.93,-0.985,4691000000.0,3894061500.0,4691000000.0,13835237920.0,-120.0,15.903,-5300000000.0,-17.905,1.0,1930000000.0,0.689,3575000000.0,310000000.0,21862000000.0,13902519500.0,53000000.0,687000000.0,47000000.0,640000000.0,13286000000.0,1061000000.0,12225000000.0,7439237920.0,-223000000.0,-91000000.0,-166000000.0,5379000000.0,-26000000.0,5182000000.0,-6922000000.0,0.0,1521000000.0,-4000000.0,-235000000.0,-245000000.0,-245000000.0,-15000000.0,0.0,-0.087,2119000000.0,-189000000.0,544000000.0,-0.076,1.586,-30.364,-24.503,12263000000.0,10000000.0,24.135,2.656,2.551,680000000.0,-95000000.0,2801000000.0,2801000000.0,0.0,-0.021,-0.063,-0.008,-0.041,0.0,140000000.0,1.0,308234428.0,296000000.0,300000000.0,9.463,14402000000.0,23000000.0,-190000000.0,2952000000.0,48.655,109000000.0
78,DVN,MRT,2001-12-31,2001-12-31,2001-12-31,2021-08-04,-28000000.0,13184000000.0,9011820000.0,1354000000.0,11830000000.0,0.318,12.73,-5194000000.0,183000000.0,183000000.0,713000000.0,103000000.0,1.473,3.045,6589000000.0,0.0,6589000000.0,6589000000.0,51000000.0,865000000.0,0.0,0.004,0.075,328000000.0,1193000000.0,0.417,1193000000.0,328000000.0,108000000.0,0.365,0.36,0.365,3259000000.0,3637448750.0,3259000000.0,6692393100.0,20.0,5.61,-3284000000.0,-12.828,1.0,2151000000.0,0.751,2206000000.0,220000000.0,16465000000.0,10360248000.0,20000000.0,681000000.0,45000000.0,636000000.0,9925000000.0,919000000.0,9006000000.0,4870441100.0,-11000000.0,-91000000.0,-156000000.0,3561000000.0,-25000000.0,3370000000.0,-5285000000.0,0.0,1910000000.0,-6000000.0,103000000.0,93000000.0,93000000.0,-31000000.0,0.0,0.032,1959000000.0,192000000.0,470000000.0,0.205,1.494,52.37,52.945,8762000000.0,10000000.0,19.325,1.701,1.727,489000000.0,-147000000.0,2864000000.0,2864000000.0,0.0,0.01,0.026,0.032,0.115,0.0,114000000.0,1.0,252028000.0,256000000.0,260000000.0,11.188,10978000000.0,68000000.0,5000000.0,2222000000.0,42.883,435000000.0
79,DVN,MRT,2001-09-30,2001-09-30,2001-09-30,2021-08-04,-29542000.0,7732490000.0,7430820000.0,819902000.0,6912588000.0,0.393,14.956,-1408666000.0,239265000.0,239265000.0,655995000.0,927567000.0,1.459,1.052,2061217000.0,0.0,2061217000.0,2061217000.0,65330000.0,733289000.0,0.0,0.004,0.075,1529493000.0,2262782000.0,0.775,2262782000.0,1529493000.0,1390889000.0,3.575,3.455,3.575,3769005000.0,3641948750.0,3769005000.0,5955154600.0,4.0,2.632,504944000.0,2.004,1.0,2262964000.0,0.775,269305000.0,138604000.0,8723339000.0,8206248000.0,42618000.0,790439000.0,37941000.0,752498000.0,3963485000.0,561798000.0,3401687000.0,4333849600.0,-11480000.0,-132000000.0,-144738000.0,-148981000.0,-26920000.0,-332536000.0,-1591666000.0,13000000.0,1913610000.0,-888000.0,927567000.0,917868000.0,917868000.0,-93000000.0,0.0,0.314,934879000.0,1328085000.0,337577000.0,0.021,1.15,4.722,4.811,5743523000.0,9699000.0,17.2,1.485,1.485,491099000.0,380049000.0,2918959000.0,2918959000.0,0.0,0.124,0.252,0.186,0.524,0.0,97823000.0,1.0,251968000.0,252000000.0,262000000.0,11.583,7463185000.0,8979000.0,463322000.0,1130224000.0,29.616,258104000.0
80,DVN,MRT,2001-06-30,2001-06-30,2001-06-30,2021-08-04,-43313000.0,7804038000.0,7140326500.0,1111513000.0,6692525000.0,0.435,14.951,-1343037000.0,477822000.0,477822000.0,655577000.0,1007479000.0,1.891,1.023,2099127000.0,0.0,2099127000.0,2099127000.0,81472000.0,718804000.0,0.0,0.004,0.1,1675000000.0,2393804000.0,0.77,2393804000.0,1675000000.0,1531951000.0,3.885,3.745,3.885,3857241000.0,3440617750.0,3857241000.0,8143732000.0,5.0,3.402,679521000.0,2.634,1.0,2452523000.0,0.789,277767000.0,143049000.0,8559739000.0,7946152500.0,40193000.0,675723000.0,33858000.0,641865000.0,3946797000.0,587837000.0,3358960000.0,6794550000.0,107896000.0,-132000000.0,64574000.0,-405909000.0,-26337000.0,-423203000.0,-1490223000.0,13000000.0,2022558000.0,-1236000.0,1007479000.0,997347000.0,997347000.0,-78000000.0,0.0,0.321,956931000.0,1495592000.0,296516000.0,0.026,1.762,6.813,6.757,5640137000.0,10132000.0,26.25,2.186,2.179,550661000.0,304130000.0,3108100000.0,3108100000.0,0.0,0.14,0.29,0.211,0.539,0.0,95127000.0,1.0,258840000.0,258000000.0,270000000.0,12.047,7526271000.0,8979000.0,524472000.0,1059033000.0,29.172,523676000.0
81,DVN,MRT,2001-03-31,2001-03-31,2001-03-31,2021-08-04,-108961000.0,7326752000.0,6396301000.0,1250103000.0,6076649000.0,0.478,14.204,-938393000.0,609702000.0,609702000.0,635082000.0,1024813000.0,1.794,0.999,1958884000.0,0.0,1958884000.0,1958884000.0,97545000.0,718416000.0,0.0,0.003,0.1,1702344000.0,2420760000.0,0.792,2420760000.0,1702344000.0,1553420000.0,3.965,3.825,3.965,3664549000.0,3020712500.0,3664549000.0,9172618788.0,5.0,3.789,1061637000.0,4.115,1.0,2422502000.0,0.792,286227000.0,148924000.0,7692914000.0,7241909250.0,40256000.0,657914000.0,35199000.0,622715000.0,3662203000.0,696793000.0,2965410000.0,7351832788.0,519279000.0,-132000000.0,80714000.0,-408716000.0,-24683000.0,-414729000.0,-1064489000.0,13000000.0,2000030000.0,-1533000.0,1024813000.0,1015247000.0,1015247000.0,-69000000.0,0.0,0.332,871566000.0,1550936000.0,314325000.0,0.025,2.006,7.241,7.339,5041209000.0,9566000.0,29.1,2.404,2.455,555967000.0,176654000.0,3057584000.0,3057584000.0,0.0,0.159,0.336,0.235,0.557,0.0,93150000.0,1.0,252640302.0,258000000.0,270000000.0,11.851,7040525000.0,8979000.0,528607000.0,891098000.0,27.289,553310000.0
82,DVN,MRT,2000-12-31,2000-12-31,2000-12-31,2021-08-04,-85000000.0,6860000000.0,5704902250.0,828000000.0,6032000000.0,0.453,12.902,-1047000000.0,194000000.0,194000000.0,572000000.0,730000000.0,1.435,1.093,2049000000.0,0.0,2049000000.0,2049000000.0,114000000.0,703000000.0,0.0,0.003,0.1,1262000000.0,1965000000.0,0.76,1965000000.0,1262000000.0,1107000000.0,2.83,2.75,2.83,3277000000.0,2633534000.0,3277000000.0,9848440770.0,8.0,5.012,542000000.0,2.134,1.0,2015000000.0,0.779,289000000.0,155000000.0,7849000000.0,6707078250.0,23000000.0,639000000.0,40000000.0,599000000.0,3583000000.0,577000000.0,3006000000.0,7824950770.0,25000000.0,-132000000.0,66000000.0,-372000000.0,-22000000.0,-390000000.0,-1173000000.0,13000000.0,1589000000.0,-1000000.0,730000000.0,720000000.0,720000000.0,-69000000.0,0.0,0.278,859000000.0,1156000000.0,273000000.0,0.035,2.388,10.868,10.772,4662000000.0,10000000.0,30.485,3.025,2.993,562000000.0,-215000000.0,2587000000.0,2587000000.0,0.0,0.126,0.273,0.188,0.488,0.0,96000000.0,1.0,256682000.0,254000000.0,264000000.0,10.185,6571000000.0,9000000.0,377000000.0,698000000.0,25.87,251000000.0
83,DVN,MRT,2000-09-30,2000-09-30,2000-09-30,2021-08-04,-84809000.0,6570516000.0,5513902250.0,784486000.0,5786030000.0,0.447,11.59,-1034127000.0,178647000.0,178647000.0,588973000.0,498492000.0,1.283,1.217,2202137000.0,0.0,2202137000.0,2202137000.0,129744000.0,704913000.0,0.0,0.003,0.1,998833000.0,1703746000.0,0.692,1703746000.0,998833000.0,833375000.0,2.17,2.13,2.17,2963681000.0,2444534000.0,2963681000.0,6720810957.0,7.0,3.945,216072000.0,0.845,1.0,1873739000.0,0.761,299661000.0,165458000.0,7682957000.0,6632078250.0,54966000.0,683224000.0,78594000.0,604630000.0,3606835000.0,611388000.0,2995447000.0,5233954957.0,-232224000.0,18088000.0,70791000.0,-469614000.0,-19692000.0,-466473000.0,-1015676000.0,0.0,1250199000.0,-274000.0,498492000.0,488408000.0,488408000.0,0.0,0.0,0.198,876910000.0,996829000.0,277159000.0,0.046,1.766,10.716,13.859,4755529000.0,10084000.0,30.075,2.125,3.123,467393000.0,-510400000.0,2462712000.0,2462712000.0,0.0,0.089,0.2,0.151,0.406,0.0,102364000.0,1.0,174030090.0,255714000.0,268788000.0,9.631,6270855000.0,4886000.0,334883000.0,566359000.0,24.523,173098000.0
84,DVN,MRT,2000-06-30,2000-06-30,2000-06-30,2021-08-04,-80159000.0,4827936000.0,5165090750.0,628642000.0,4199294000.0,0.409,8.574,-1309974000.0,298971000.0,298971000.0,534388000.0,384432000.0,2.307,1.217,1785827000.0,0.0,1785827000.0,1785827000.0,0.0,710875000.0,0.0,0.004,0.1,803766000.0,1514641000.0,0.716,1514641000.0,803766000.0,644394000.0,1.785,1.76,1.785,2177620000.0,2158260750.0,2177620000.0,6401849000.0,8.0,4.227,-197443000.0,-0.777,1.0,1579734000.0,0.747,299481000.0,159372000.0,5742766000.0,6307888250.0,14462000.0,615245000.0,13718000.0,601527000.0,2650316000.0,272545000.0,2377771000.0,4849320000.0,287264000.0,0.0,542274000.0,-39033000.0,-16801000.0,483922000.0,-1309358000.0,0.0,1112531000.0,169000.0,384432000.0,375564000.0,375564000.0,0.0,0.0,0.178,775873000.0,803861000.0,95420000.0,0.056,2.227,12.912,15.686,3179761000.0,8868000.0,28.0,2.294,3.364,296605000.0,-26408000.0,2114122000.0,2114122000.0,0.0,0.073,0.174,0.127,0.38,0.0,103098000.0,1.0,173190000.0,253988000.0,258910000.0,8.324,4528455000.0,4886000.0,259962000.0,489283000.0,17.829,356097000.0
85,DVN,MRT,2000-03-31,2000-03-31,2000-03-31,2021-08-04,-41750000.0,4561157000.0,4284397500.0,313563000.0,4247594000.0,0.366,8.374,-1123511000.0,49788000.0,49788000.0,418429000.0,247307000.0,1.279,1.156,1602317000.0,0.0,1602317000.0,1602317000.0,0.0,564026000.0,0.0,0.004,0.1,542628000.0,1106654000.0,0.705,1106654000.0,542628000.0,417016000.0,1.355,1.34,1.355,2115835000.0,1752665750.0,2115835000.0,5590380722.0,10.0,5.052,-302608000.0,-1.198,1.0,1151521000.0,0.733,314955000.0,125612000.0,5553590000.0,5325948000.0,14787000.0,671418000.0,15812000.0,655606000.0,2445322000.0,245141000.0,2200181000.0,3970426722.0,35435000.0,0.0,526632000.0,-177413000.0,-14893000.0,336845000.0,-1122863000.0,0.0,820903000.0,550000.0,247307000.0,240873000.0,240873000.0,0.0,0.0,0.153,611953000.0,539568000.0,78384000.0,0.074,1.877,16.483,17.919,3161944000.0,6434000.0,24.28,2.529,3.908,228290000.0,-110362000.0,1569950000.0,1569950000.0,0.0,0.056,0.137,0.102,0.346,0.0,86027000.0,1.0,163526636.0,252672000.0,255334000.0,6.213,4246202000.0,4886000.0,169709000.0,456018000.0,16.805,68422000.0
86,DVN,MRT,1999-12-31,1999-12-31,1999-12-31,2021-08-04,-65000000.0,6096000000.0,3460984500.0,590000000.0,5506000000.0,0.369,13.41,-769000000.0,173000000.0,173000000.0,378000000.0,-154000000.0,1.263,1.418,2416000000.0,0.0,2416000000.0,2416000000.0,105000000.0,422000000.0,0.0,0.006,0.1,-94000000.0,328000000.0,0.257,328000000.0,-94000000.0,-203000000.0,-0.84,-0.84,-0.84,2521000000.0,1356156500.0,2521000000.0,4412043840.0,-47.0,13.451,-237000000.0,-1.261,1.0,900000000.0,0.704,323000000.0,109000000.0,7549000000.0,4370227000.0,39000000.0,671000000.0,57000000.0,614000000.0,3575000000.0,467000000.0,3108000000.0,2659761840.0,142000000.0,0.0,524000000.0,-144000000.0,-13000000.0,377000000.0,-768000000.0,0.0,532000000.0,1000000.0,-154000000.0,-158000000.0,-158000000.0,0.0,0.0,-0.124,996000000.0,-96000000.0,267000000.0,-0.119,1.055,-16.834,-19.571,4424000000.0,4000000.0,16.44,2.081,2.418,316000000.0,-909000000.0,1278000000.0,1278000000.0,0.0,-0.046,-0.117,-0.022,-0.074,0.0,81000000.0,1.0,161786000.0,188000000.0,198000000.0,6.798,5773000000.0,5000000.0,-49000000.0,337000000.0,30.707,123000000.0
87,DVN,MRT,1999-09-30,1999-09-30,1999-09-30,2021-08-04,-59809000.0,5175270000.0,2419618750.0,596593000.0,4578677000.0,0.403,9.168,-1088845000.0,380258000.0,380258000.0,334936000.0,-106047000.0,1.102,1.846,2132540000.0,200000000.0,1932540000.0,2132540000.0,0.0,406029000.0,0.0,0.005,0.1,-91240000.0,314789000.0,0.322,314789000.0,-91240000.0,-166566000.0,-0.595,-0.605,-0.595,1818588000.0,913347250.0,1818588000.0,2607655800.0,-29.0,8.284,-491577000.0,-2.478,1.0,641337000.0,0.657,0.0,75326000.0,6386197000.0,3124176500.0,16849000.0,629836000.0,383000.0,629453000.0,3356682000.0,541355000.0,2815327000.0,2024136800.0,398208000.0,-18088000.0,495336000.0,420548000.0,-10818000.0,906704000.0,-1106317000.0,-1057000.0,597268000.0,553000.0,-106047000.0,-107264000.0,-107264000.0,0.0,0.0,-0.11,731265000.0,-89928000.0,117387000.0,-0.168,1.113,-18.871,-34.824,3859615000.0,1217000.0,20.72,2.073,4.21,187726000.0,-205873000.0,976273000.0,976273000.0,0.0,-0.044,-0.117,-0.029,-0.093,0.0,66987000.0,1.0,97690000.0,198356000.0,211192000.0,4.922,5175270000.0,0.0,-60519000.0,695566000.0,26.091,55238000.0
88,DVN,MRT,1999-06-30,1999-06-30,1999-06-30,2021-08-04,-31330000.0,1305163000.0,1310138600.0,104760000.0,1200403000.0,0.529,5.703,-666896000.0,13994000.0,13994000.0,270608000.0,-240094000.0,1.422,1.351,597513000.0,0.0,597513000.0,597513000.0,0.0,251307000.0,0.0,0.006,0.1,-321971000.0,-70664000.0,-0.102,-70664000.0,-321971000.0,-368445000.0,-1.705,-1.705,-1.705,555240000.0,576031525.0,555240000.0,2295902078.0,-7.0,-32.49,-349346000.0,-3.588,1.0,421984000.0,0.609,0.0,46474000.0,1815005000.0,1741646184.0,2624000.0,1516000.0,1516000.0,0.0,749923000.0,73677000.0,676246000.0,1737549078.0,-2601000.0,0.0,1745000.0,351848000.0,-8908000.0,346910000.0,-666691000.0,-450000.0,317550000.0,-370000.0,-240094000.0,-240094000.0,-240094000.0,0.0,0.0,-0.347,733801000.0,-311817000.0,37344000.0,-0.059,3.129,-7.237,-10.501,1185629000.0,0.0,17.905,2.509,2.517,83712000.0,-225582000.0,692592000.0,692592000.0,0.0,-0.183,-0.417,-0.185,-0.465,0.0,46845000.0,1.0,97042674.0,97358000.0,108172000.0,7.114,1305163000.0,605000.0,-128351000.0,44149000.0,13.406,31083000.0
89,DVN,MRT,1999-03-31,1999-03-31,1999-03-31,2021-08-04,-34338000.0,1267505000.0,1199637029.0,101067000.0,1166438000.0,0.578,5.465,-656333000.0,13440000.0,13440000.0,272216000.0,-244130000.0,1.062,1.392,571793000.0,0.0,571793000.0,571793000.0,0.0,246709000.0,0.0,0.007,0.1,-330213000.0,-83504000.0,-0.12,-83504000.0,-330213000.0,-374999000.0,-1.745,-1.745,-1.745,529798000.0,576359194.0,529798000.0,1714904108.0,-5.0,-20.537,-336583000.0,-3.472,1.0,420839000.0,0.607,0.0,44786000.0,1730706000.0,1529165770.0,2787000.0,1892000.0,1892000.0,0.0,737707000.0,95152000.0,642555000.0,1179287108.0,-25717000.0,0.0,-5929000.0,322156000.0,-8086000.0,310234000.0,-655303000.0,2033000.0,319750000.0,-398000.0,-244130000.0,-244130000.0,-244130000.0,0.0,0.0,-0.352,728392000.0,-307553000.0,64491000.0,-0.057,2.226,-4.831,-7.897,1152062000.0,0.0,13.78,1.702,1.927,78860000.0,-239353000.0,693055000.0,693055000.0,0.0,-0.204,-0.424,-0.216,-0.476,0.0,46034000.0,1.0,85579616.0,96940000.0,96940000.0,7.149,1267505000.0,605000.0,-130869000.0,36172000.0,13.075,5915000.0
90,DVN,MRT,1998-12-31,1998-12-31,1998-12-31,2021-08-04,-35962000.0,1930537000.0,1098218316.0,226648000.0,1703889000.0,0.643,5.284,-647815000.0,31254000.0,31254000.0,274618000.0,-235885000.0,1.031,1.575,885371000.0,0.0,885371000.0,885371000.0,3600000.0,243144000.0,0.0,0.007,0.1,-318460000.0,-75316000.0,-0.107,-75316000.0,-318460000.0,-361992000.0,-1.66,-1.66,-1.66,749763000.0,582049395.0,749763000.0,1134247271.0,-4.0,-15.06,-313344000.0,-2.208,1.0,431608000.0,0.611,0.0,43532000.0,2564798000.0,1330675684.0,21750000.0,35981000.0,35981000.0,0.0,1180774000.0,219856000.0,960918000.0,991897639.0,-16411000.0,0.0,-7171000.0,264207000.0,-7278000.0,256518000.0,-607260000.0,42584000.0,334471000.0,-140000.0,-235885000.0,-235885000.0,-235885000.0,0.0,0.0,-0.334,724247000.0,-292639000.0,155377000.0,-0.06,1.323,-4.205,-9.244,1623528000.0,0.0,15.345,1.405,3.083,137058000.0,-737009000.0,706226000.0,706226000.0,0.0,-0.215,-0.405,-0.239,-0.451,0.0,45454000.0,1.0,64639794.0,141896000.0,153864000.0,4.977,1930537000.0,54986000.0,-126107000.0,1200000.0,13.605,6792000.0
91,DVN,MRT,1998-09-30,1998-09-30,1998-09-30,2021-08-04,-6612908.0,737349399.0,927830566.0,51068820.0,686280579.0,0.611,4.848,-202889879.0,7150368.0,7150368.0,157417344.0,-413149496.0,2.162,0.571,149500000.0,0.0,149500000.0,149500000.0,0.0,201632130.0,0.0,0.006,0.1,-607976680.0,-406344550.0,-0.716,-406344550.0,-607976680.0,-642859496.0,-4.655,-4.59,-4.655,469325101.0,543745145.0,469325101.0,1191022723.0,-2.0,-2.931,73610077.0,0.76,1.0,409911725.0,0.723,0.0,34882816.0,856075735.0,1083081934.0,2340942.0,0.0,0.0,0.0,268024298.0,23623296.0,244401002.0,1064617308.0,-34813316.0,0.0,-204797223.0,89408000.0,-6464291.0,-111629080.0,-199500938.0,11213000.0,276499956.0,-183254.0,-413149496.0,-413149496.0,-413149496.0,0.0,0.0,-0.728,986878531.0,-576966806.0,14185878.0,-0.021,2.268,-2.577,-3.538,672441402.0,0.0,16.47,1.877,2.811,39960269.0,79768927.0,567329069.0,567329069.0,0.0,-0.445,-0.76,-0.561,-1.072,0.0,32832401.0,1.0,64639788.0,96812000.0,96812000.0,5.86,737349399.0,434000.0,-229710000.0,67588000.0,7.616,27445524.0
92,DVN,MRT,1998-06-30,1998-06-30,1998-06-30,2021-08-04,-4088972.0,863156717.0,,69926283.0,793230434.0,,5.754,-173014896.0,23094585.0,23094585.0,145672688.0,-313648536.0,2.857,0.551,149500000.0,0.0,149500000.0,149500000.0,0.0,190123704.0,0.0,0.006,0.1,-466417574.0,-276293870.0,-0.505,-276293870.0,-466417574.0,-495883536.0,-3.54,-3.495,-3.54,556550673.0,,556550673.0,1233100747.0,-3.0,-4.463,89120248.0,0.921,1.0,401646884.0,0.734,0.0,29465962.0,965083343.0,,2288025.0,0.0,0.0,0.0,306606044.0,24478789.0,282127255.0,1129257131.0,-23765554.0,0.0,-203729418.0,84455000.0,-6461005.0,-114563800.0,-171982896.0,10606000.0,262135144.0,645998.0,-313648536.0,-313648536.0,-313648536.0,0.0,0.0,-0.573,845566209.0,-443919325.0,12395635.0,-0.028,2.029,-3.6,-4.935,780174631.0,0.0,17.47,2.063,3.088,42360675.0,164470563.0,547319572.0,547319572.0,0.0,,,,-0.852,0.0,29928505.0,1.0,64639790.0,96732000.0,96732000.0,5.658,863156717.0,434000.0,-182235000.0,105935000.0,8.923,45447494.0
93,DVN,MRT,1998-03-31,1998-03-31,1998-03-31,2021-08-04,-2063789.0,861830150.0,,91336505.0,770493645.0,,5.719,-154064629.0,45656384.0,45656384.0,131792519.0,-310991546.0,3.157,0.56,149500000.0,0.0,149500000.0,149500000.0,0.0,179556448.0,0.0,0.005,0.1,-467637353.0,-288080905.0,-0.562,-288080905.0,-467637353.0,-491704546.0,-3.435,-3.4,-3.435,552558807.0,,552558807.0,1363994294.0,-3.0,-4.735,122792696.0,1.271,1.0,380403835.0,0.743,0.0,24067193.0,936745656.0,,2726969.0,0.0,0.0,0.0,309271343.0,28928110.0,280343233.0,1256558638.0,16778206.0,0.0,-203710000.0,92334000.0,-6453935.0,-106710124.0,-153979629.0,8123000.0,276857325.0,610634.0,-310991546.0,-310991546.0,-310991546.0,0.0,0.0,-0.607,832464563.0,-452060728.0,12166437.0,-0.029,2.274,-4.04,-5.659,757254700.0,0.0,19.44,2.453,3.667,40024208.0,158471536.0,512196354.0,512196354.0,0.0,,,,-0.913,0.0,27394115.0,1.0,64637790.0,96620000.0,96620000.0,5.301,861830150.0,434000.0,-180713000.0,107237940.0,8.92,62408395.0
94,DVN,MRT,1997-12-31,1997-12-31,1997-12-31,2021-08-04,-27113000.0,1248986000.0,1216138000.0,213257000.0,1035729000.0,0.411,6.341,-107695000.0,42065000.0,42065000.0,120124000.0,-299991000.0,1.564,1.094,503816000.0,48979000.0,454837000.0,503816000.0,0.0,169108000.0,0.0,0.005,0.1,-455045000.0,-285937000.0,-0.572,-285937000.0,-455045000.0,-473833000.0,-3.19,-3.19,-3.19,596546000.0,637659000.0,596546000.0,,,,145361000.0,1.545,1.0,379535000.0,0.76,0.0,18788000.0,1574423000.0,1459412000.0,4012000.0,26370000.0,26370000.0,0.0,652440000.0,136314000.0,516126000.0,1244277458.0,28648000.0,0.0,-204122000.0,127158000.0,-6445000.0,-77141000.0,-147583000.0,-32428000.0,253056000.0,316000.0,-299991000.0,-299991000.0,-299991000.0,0.0,0.0,-0.6,819003000.0,-439468000.0,46003000.0,-0.031,2.086,-4.148,-6.034,995283000.0,0.0,19.25,2.49,3.625,96828000.0,-175346000.0,499659000.0,499659000.0,0.0,-0.247,-0.47,-0.312,-0.911,0.0,24381000.0,1.0,64637790.0,94080000.0,94080000.0,5.311,1248986000.0,434000.0,-173842000.0,36854000.0,13.276,76943000.0
95,DVN,MRT,1997-09-30,1997-09-30,1997-09-30,2021-08-04,,,,,,,,,,,,,,,,,,,,,,0.005,0.1,,,,,,,,,,,,,,,,,,1.0,,,,,,,,,,,,,,,,,,,,,,,,,,,,,,,,,,,,,,,,22.0,,,,,,,,,,,,,,1.0,,64470004.0,,,,,,,,
96,DVN,MRT,1997-06-30,1997-06-30,1997-06-30,2021-08-04,,,,,,,,,,,,,,,,,,,,,,0.005,0.09,,,,,,,,,,,,,,,,,,1.0,,,,,,,,,,,,,,,,,,,,,,,,,,,,,,,,,,,,,,,,18.375,,,,,,,,,,,,,,1.0,,64331808.0,,,,,,,,
97,DVN,MRT,1997-03-31,1997-03-31,1997-03-31,2021-08-04,,,,,,,,,,,,,,,,,,,,,,0.005,0.08,,,,,,,,,,,,,,,,,,1.0,,,,,,,,,,,,,,,,,,,,,,,,,,,,,,,,,,,,,,,,15.0,,,,,,,,,,,,,,1.0,,,,,,,,,,
98,DVN,MRT,1996-12-31,1996-12-31,1996-12-31,2021-08-04,-12655000.0,1183290000.0,802427058.0,233643000.0,949647000.0,0.363,10.343,-253618000.0,13417000.0,13417000.0,69614000.0,67603000.0,1.591,0.743,321335000.0,88835000.0,232500000.0,321335000.0,0.0,70307000.0,0.0,0.004,0.07,131351000.0,201658000.0,0.692,201658000.0,131351000.0,118689000.0,1.03,0.995,1.03,678772000.0,448906499.0,678772000.0,,,,-109370000.0,-1.667,1.0,221721000.0,0.761,0.0,12662000.0,1344401000.0,942254168.0,4310000.0,136000.0,136000.0,0.0,504518000.0,146807000.0,357711000.0,,-2721000.0,0.0,3278000.0,-47905000.0,-4995000.0,96420000.0,-243451000.0,16951000.0,144248000.0,62000.0,67603000.0,67603000.0,67603000.0,0.0,0.0,0.232,85418000.0,136303000.0,33796000.0,0.068,,,16.869,919547000.0,0.0,17.375,,3.914,63942000.0,131090000.0,291335000.0,291335000.0,0.0,0.084,0.151,0.139,0.451,0.0,15111000.0,1.0,,65624000.0,65624000.0,4.439,1183290000.0,1600000.0,51086000.0,112019000.0,18.031,86836000.0
99,DVN,MRT,1995-12-31,1995-12-31,1995-12-31,2021-08-04,0.0,421564117.0,,24874584.0,396689533.0,,4.962,-108166496.0,8897891.0,8897891.0,34121262.0,14501899.0,1.599,0.925,143000000.0,0.0,143000000.0,143000000.0,0.0,38089783.0,0.0,0.005,0.06,32673041.0,70762824.0,0.625,70762824.0,32673041.0,25621899.0,0.33,0.325,0.33,219040998.0,,219040998.0,,,,-46890651.0,-1.062,1.0,79181563.0,0.699,0.0,7051142.0,540107337.0,,605263.0,0.0,0.0,0.0,202523119.0,15558889.0,186964230.0,,561520.0,-2391484.0,782132.0,45000000.0,-2648898.0,49843655.0,-110557980.0,0.0,61275845.0,0.0,14501899.0,14501899.0,14501899.0,0.0,0.0,0.128,46508522.0,32673041.0,3868458.0,0.182,,,38.636,391818737.0,0.0,12.75,,4.968,14400295.0,49399461.0,113302825.0,113302825.0,0.0,,,,0.288,0.0,8418739.0,1.0,,44147100.0,44147100.0,2.566,421564117.0,749000.0,11120000.0,35816070.0,9.549,9315695.0
