None,ticker,dimension,calendardate,datekey,reportperiod,lastupdated,accoci,assets,assetsavg,assetsc,assetsnc,assetturnover,bvps,capex,cashneq,cashnequsd,cor,consolinc,currentratio,de,debt,debtc,debtnc,debtusd,deferredrev,depamor,deposits,divyield,dps,ebit,ebitda,ebitdamargin,ebitdausd,ebitusd,ebt,eps,epsdil,epsusd,equity,equityavg,equityusd,ev,evebit,evebitda,fcf,fcfps,fxusd,gp,grossmargin,intangibles,intexp,invcap,invcapavg,inventory,investments,investmentsc,investmentsnc,liabilities,liabilitiesc,liabilitiesnc,marketcap,ncf,ncfbus,ncfcommon,ncfdebt,ncfdiv,ncff,ncfi,ncfinv,ncfo,ncfx,netinc,netinccmn,netinccmnusd,netincdis,netincnci,netmargin,opex,opinc,payables,payoutratio,pb,pe,pe1,ppnenet,prefdivis,price,ps,ps1,receivables,retearn,revenue,revenueusd,rnd,roa,roe,roic,ros,sbcomp,sgna,sharefactor,sharesbas,shareswa,shareswadil,sps,tangibles,taxassets,taxexp,taxliabilities,tbvps,workingcapital
0,WFTIQ,MRY,2018-12-31,2018-12-31,2018-12-31,2020-03-19,-1746000000.0,6601000000.0,8438000000.0,3450000000.0,3151000000.0,0.681,-3.716,-186000000.0,602000000.0,602000000.0,4514000000.0,-2791000000.0,1.5,-2.771,7988000000.0,383000000.0,7605000000.0,7988000000.0,0.0,556000000.0,0.0,0.0,0.0,-2163000000.0,-1607000000.0,-0.28,-1607000000.0,-2163000000.0,-2777000000.0,-2.82,-2.82,-2.82,-3705000000.0,-1889750000.0,-3705000000.0,8188515660.0,-4.0,-5.096,-428000000.0,-0.429,1.0,1230000000.0,0.214,713000000.0,614000000.0,10974000000.0,11345250000.0,1025000000.0,0.0,0.0,0.0,10267000000.0,2300000000.0,7967000000.0,559515660.0,-11000000.0,261000000.0,0.0,242000000.0,0.0,168000000.0,122000000.0,0.0,-242000000.0,-59000000.0,-2811000000.0,-2811000000.0,-2811000000.0,0.0,20000000.0,-0.489,3314000000.0,-2084000000.0,732000000.0,0.0,-0.151,-0.199,-0.198,2086000000.0,0.0,0.559,0.097,0.097,1130000000.0,-8671000000.0,5744000000.0,5744000000.0,139000000.0,-0.333,1.487,-0.191,-0.377,47000000.0,894000000.0,1.0,1000922469.0,997000000,997000000.0,5.761,5888000000.0,0.0,34000000.0,214000000.0,5.906,1150000000.0
1,WFTIQ,MRY,2017-12-31,2017-12-31,2017-12-31,2020-03-19,-1519000000.0,9747000000.0,11493500000.0,3878000000.0,5869000000.0,0.496,-0.632,-225000000.0,613000000.0,613000000.0,4889000000.0,-2793000000.0,1.739,-16.482,7689000000.0,148000000.0,7541000000.0,7689000000.0,0.0,801000000.0,0.0,0.0,0.0,-2097000000.0,-1296000000.0,-0.227,-1296000000.0,-2097000000.0,-2676000000.0,-2.84,-2.84,-2.84,-626000000.0,951000000.0,-626000000.0,11614839045.0,-6.0,-8.962,-613000000.0,-0.619,1.0,810000000.0,0.142,2727000000.0,579000000.0,11866000000.0,13666750000.0,1234000000.0,0.0,0.0,0.0,10318000000.0,2230000000.0,8088000000.0,4138839045.0,-424000000.0,422000000.0,0.0,53000000.0,0.0,20000000.0,-62000000.0,0.0,-388000000.0,6000000.0,-2813000000.0,-2813000000.0,-2813000000.0,0.0,20000000.0,-0.494,2980000000.0,-2170000000.0,856000000.0,0.0,-6.612,-1.471,-1.468,2708000000.0,0.0,4.17,0.726,0.724,1103000000.0,-5763000000.0,5699000000.0,5699000000.0,158000000.0,-0.245,-2.958,-0.153,-0.368,70000000.0,1034000000.0,1.0,992527349.0,990000000,990000000.0,5.757,7020000000.0,0.0,137000000.0,228000000.0,7.091,1648000000.0
2,WFTIQ,MRY,2016-12-31,2016-12-31,2016-12-31,2020-03-19,-1610000000.0,12664000000.0,13481750000.0,4910000000.0,7754000000.0,0.426,2.268,-204000000.0,1037000000.0,1037000000.0,5189000000.0,-3373000000.0,2.022,5.266,7582000000.0,179000000.0,7403000000.0,7582000000.0,0.0,956000000.0,0.0,0.0,0.0,-2397000000.0,-1441000000.0,-0.251,-1441000000.0,-2397000000.0,-2896000000.0,-3.82,-3.82,-3.82,2012000000.0,3262500000.0,2012000000.0,11528506824.0,-5.0,-8.0,-508000000.0,-0.573,1.0,560000000.0,0.097,3045000000.0,499000000.0,13736000000.0,14299500000.0,1802000000.0,66000000.0,0.0,66000000.0,10596000000.0,2428000000.0,8168000000.0,4476506824.0,570000000.0,-11000000.0,1071000000.0,206000000.0,0.0,1061000000.0,-137000000.0,0.0,-304000000.0,-50000000.0,-3392000000.0,-3392000000.0,-3392000000.0,0.0,19000000.0,-0.59,2805000000.0,-2245000000.0,845000000.0,0.0,2.225,-1.32,-1.306,4480000000.0,0.0,4.99,0.779,0.77,1383000000.0,-2950000000.0,5749000000.0,5749000000.0,159000000.0,-0.252,-1.04,-0.168,-0.417,87000000.0,1103000000.0,1.0,897095556.0,887000000,887000000.0,6.481,9619000000.0,0.0,496000000.0,255000000.0,10.844,2482000000.0
3,WFTIQ,MRY,2015-12-31,2015-12-31,2015-12-31,2020-03-19,-1641000000.0,14760000000.0,16854000000.0,5564000000.0,9196000000.0,0.56,5.525,-653000000.0,467000000.0,467000000.0,8021000000.0,-1951000000.0,1.38,2.415,7434000000.0,1582000000.0,5852000000.0,7434000000.0,0.0,1200000000.0,0.0,0.0,0.0,-1662000000.0,-462000000.0,-0.049,-462000000.0,-1662000000.0,-2130000000.0,-2.55,-2.55,-2.55,4304000000.0,5672250000.0,4304000000.0,13721168631.0,-8.0,-29.699,62000000.0,0.08,1.0,1412000000.0,0.15,3159000000.0,468000000.0,14537000000.0,16621500000.0,2344000000.0,76000000.0,0.0,76000000.0,10395000000.0,4031000000.0,6364000000.0,6536168631.0,-7000000.0,-6000000.0,0.0,35000000.0,0.0,3000000.0,-659000000.0,0.0,715000000.0,-66000000.0,-1985000000.0,-1985000000.0,-1985000000.0,0.0,34000000.0,-0.21,2933000000.0,-1521000000.0,948000000.0,0.0,1.519,-3.293,-3.29,5679000000.0,0.0,8.39,0.693,0.693,1781000000.0,442000000.0,9433000000.0,9433000000.0,231000000.0,-0.118,-0.35,-0.1,-0.176,73000000.0,1580000000.0,1.0,779042745.0,779000000,779000000.0,12.109,11601000000.0,165000000.0,-145000000.0,330000000.0,14.892,1533000000.0
4,WFTIQ,MRY,2014-12-31,2014-12-31,2014-12-31,2020-03-19,-881000000.0,18889000000.0,20814750000.0,7944000000.0,10945000000.0,0.716,8.955,-1396000000.0,474000000.0,474000000.0,11461000000.0,-539000000.0,1.973,1.704,7525000000.0,727000000.0,6798000000.0,7525000000.0,0.0,1371000000.0,0.0,0.0,0.0,198000000.0,1569000000.0,0.105,1569000000.0,198000000.0,-300000000.0,-0.75,-0.75,-0.75,6958000000.0,7681250000.0,6958000000.0,16997391800.0,86.0,10.833,-433000000.0,-0.557,1.0,3450000000.0,0.231,3451000000.0,498000000.0,18462000000.0,20025500000.0,3087000000.0,106000000.0,0.0,106000000.0,11856000000.0,4027000000.0,7829000000.0,8860391800.0,39000000.0,1729000000.0,0.0,-1183000000.0,0.0,-1180000000.0,330000000.0,-3000000.0,963000000.0,-74000000.0,-584000000.0,-584000000.0,-584000000.0,0.0,45000000.0,-0.039,2784000000.0,666000000.0,1736000000.0,0.0,1.273,-15.172,-15.267,7123000000.0,0.0,11.45,0.594,0.597,3015000000.0,2427000000.0,14911000000.0,14911000000.0,290000000.0,-0.028,-0.076,0.01,0.013,49000000.0,2017000000.0,1.0,773833345.0,777000000,777000000.0,19.19,15438000000.0,303000000.0,284000000.0,230000000.0,19.869,3917000000.0
5,WFTIQ,MRY,2013-12-31,2013-12-31,2013-12-31,2020-03-19,-187000000.0,21977000000.0,22556750000.0,9934000000.0,12043000000.0,0.677,10.573,-1584000000.0,435000000.0,435000000.0,12302000000.0,-314000000.0,1.726,1.688,8714000000.0,1653000000.0,7061000000.0,8714000000.0,127000000.0,1402000000.0,0.0,0.0,0.0,315000000.0,1717000000.0,0.112,1717000000.0,315000000.0,-201000000.0,-0.45,-0.45,-0.45,8162000000.0,8441500000.0,8162000000.0,20896931152.0,66.0,12.171,-355000000.0,-0.46,1.0,2961000000.0,0.194,3856000000.0,516000000.0,20643000000.0,21072750000.0,3200000000.0,296000000.0,0.0,296000000.0,13774000000.0,5757000000.0,8017000000.0,11917931152.0,135000000.0,480000000.0,0.0,12000000.0,0.0,6000000.0,-1104000000.0,0.0,1229000000.0,4000000.0,-345000000.0,-345000000.0,-345000000.0,0.0,31000000.0,-0.023,2438000000.0,523000000.0,1918000000.0,0.0,1.46,-34.545,-34.422,7689000000.0,0.0,15.49,0.781,0.783,3351000000.0,3011000000.0,15263000000.0,15263000000.0,265000000.0,-0.015,-0.041,0.015,0.021,67000000.0,2044000000.0,1.0,769395168.0,772000000,772000000.0,19.771,18121000000.0,292000000.0,144000000.0,183000000.0,23.473,4177000000.0
6,WFTIQ,MRY,2012-12-31,2012-12-31,2012-12-31,2020-03-19,163000000.0,22795000000.0,22258500000.0,9029000000.0,13766000000.0,0.684,11.485,-2194000000.0,300000000.0,300000000.0,11855000000.0,-750000000.0,1.581,1.591,8634000000.0,1585000000.0,7049000000.0,8634000000.0,281000000.0,1282000000.0,0.0,0.0,0.0,170000000.0,1452000000.0,0.095,1452000000.0,170000000.0,-316000000.0,-1.02,-1.02,-1.02,8786000000.0,8990000000.0,8786000000.0,17098603090.0,101.0,11.776,-973000000.0,-1.272,1.0,3360000000.0,0.221,4637000000.0,486000000.0,20782000000.0,20525250000.0,3675000000.0,646000000.0,0.0,646000000.0,13977000000.0,5710000000.0,8267000000.0,8557603090.0,-71000000.0,-104000000.0,65000000.0,990000000.0,0.0,1012000000.0,-2306000000.0,-8000000.0,1221000000.0,2000000.0,-778000000.0,-778000000.0,-778000000.0,0.0,28000000.0,-0.051,2269000000.0,1091000000.0,2108000000.0,0.0,0.974,-10.999,-10.971,8299000000.0,0.0,11.19,0.562,0.563,3885000000.0,3356000000.0,15215000000.0,15215000000.0,257000000.0,-0.035,-0.087,0.008,0.011,75000000.0,1940000000.0,1.0,764754521.0,765000000,765000000.0,19.889,18158000000.0,376000000.0,462000000.0,167000000.0,23.736,3319000000.0
7,WFTIQ,MRY,2011-12-31,2011-12-31,2011-12-31,2020-03-19,80000000.0,21051000000.0,20511206250.0,7731000000.0,13320000000.0,0.633,12.382,-1532000000.0,371000000.0,371000000.0,9678000000.0,205000000.0,1.805,1.255,7606000000.0,1320000000.0,6286000000.0,7606000000.0,30000000.0,1136000000.0,0.0,0.0,0.0,1184000000.0,2320000000.0,0.179,2320000000.0,1184000000.0,731000000.0,0.25,0.25,0.25,9324000000.0,9677406750.0,9324000000.0,18381809965.0,16.0,7.923,-680000000.0,-0.903,1.0,3310000000.0,0.255,5134000000.0,453000000.0,18869000000.0,18799583750.0,3158000000.0,616000000.0,0.0,616000000.0,11706000000.0,4283000000.0,7423000000.0,11039557965.0,-45000000.0,-113000000.0,0.0,798000000.0,0.0,777000000.0,-1674000000.0,-14000000.0,852000000.0,0.0,189000000.0,189000000.0,189000000.0,0.0,16000000.0,0.015,2003000000.0,1307000000.0,1571000000.0,0.0,1.184,58.41,58.56,7287000000.0,0.0,14.64,0.85,0.849,3233000000.0,4134000000.0,12988000000.0,12988000000.0,245000000.0,0.009,0.02,0.063,0.091,83000000.0,1758000000.0,1.0,754068167.0,753000000,760000000.0,17.248,15917000000.0,274000000.0,542000000.0,178000000.0,21.138,3448000000.0
8,WFTIQ,MRY,2010-12-31,2010-12-31,2010-12-31,2020-03-19,202000000.0,19199000000.0,19009078250.0,6495000000.0,12704000000.0,0.538,12.182,-1001000000.0,416000000.0,416000000.0,7590000000.0,-199000000.0,2.405,1.114,6765000000.0,235000000.0,6530000000.0,6765000000.0,0.0,1048000000.0,0.0,0.0,0.0,585000000.0,1633000000.0,0.16,1633000000.0,585000000.0,179000000.0,-0.29,-0.29,-0.29,9051000000.0,9252999000.0,9051000000.0,23230694189.0,40.0,14.226,154000000.0,0.207,1.0,2631000000.0,0.257,5007000000.0,406000000.0,17840000000.0,17616213500.0,2590000000.0,540000000.0,0.0,540000000.0,10081000000.0,2701000000.0,7380000000.0,16904485189.0,163000000.0,53000000.0,0.0,25000000.0,0.0,-65000000.0,-908000000.0,-2000000.0,1155000000.0,-19000000.0,-217000000.0,-217000000.0,-217000000.0,0.0,18000000.0,-0.021,1857000000.0,774000000.0,1335000000.0,0.0,1.868,-77.901,-78.621,6945000000.0,0.0,22.8,1.654,1.657,2629000000.0,3949000000.0,10221000000.0,10221000000.0,216000000.0,-0.011,-0.023,0.033,0.057,99000000.0,1641000000.0,1.0,741424789.0,743000000,743000000.0,13.756,14192000000.0,257000000.0,396000000.0,103000000.0,19.101,3794000000.0
9,WFTIQ,MRY,2009-12-31,2009-12-31,2009-12-31,2020-03-19,114742000.0,18696690000.0,17923197250.0,5981953000.0,12714737000.0,0.493,13.09,-1597000000.0,252519000.0,252519000.0,6464000000.0,113000000.0,1.994,0.989,6716839000.0,869581000.0,5847258000.0,6716839000.0,0.0,909000000.0,0.0,0.0,0.0,617000000.0,1526000000.0,0.173,1526000000.0,617000000.0,250000000.0,0.12,0.12,0.12,9359341000.0,9039020000.0,9359341000.0,19769592450.0,32.0,12.955,-990000000.0,-1.385,1.0,2369000000.0,0.268,4928891000.0,367000000.0,17231419000.0,17160726000.0,2238294000.0,533138000.0,0.0,533138000.0,9258317000.0,3000700000.0,6257617000.0,13203386450.0,14000000.0,113000000.0,0.0,833000000.0,0.0,907000000.0,-1511000000.0,-27000000.0,607000000.0,11000000.0,87000000.0,87000000.0,87000000.0,0.0,26000000.0,0.01,1682000000.0,687000000.0,1002359000.0,0.0,1.411,151.763,149.25,6989379000.0,0.0,17.91,1.495,1.45,2510948000.0,4456770000.0,8833000000.0,8833000000.0,196000000.0,0.005,0.01,0.036,0.07,106000000.0,1486000000.0,1.0,737207507.0,715000000,723000000.0,12.354,13767799000.0,259077000.0,163000000.0,201647000.0,19.256,2981253000.0
10,WFTIQ,MRY,2008-12-31,2008-12-31,2008-12-31,2020-03-19,-266761000.0,16476513000.0,15489025000.0,5570282000.0,10906231000.0,0.62,12.194,-2508242000.0,238398000.0,238398000.0,6264774000.0,1280768000.0,1.843,0.97,5820202000.0,1255947000.0,4564255000.0,5820202000.0,0.0,731808000.0,0.0,0.0,0.0,1863012000.0,2594820000.0,0.27,2594820000.0,1863012000.0,1619333000.0,1.82,1.78,1.82,8324898000.0,8142149000.0,8324898000.0,12651065427.0,7.0,4.876,-1403674000.0,-2.056,1.0,3335790000.0,0.347,4232398000.0,243679000.0,14803826000.0,13937139250.0,2088342000.0,515770000.0,0.0,515770000.0,8071214000.0,3022093000.0,5049121000.0,7369501427.0,67684000.0,-501245000.0,0.0,1956154000.0,0.0,1977531000.0,-3010055000.0,-11568000.0,1104568000.0,-4360000.0,1246496000.0,1246496000.0,1246496000.0,12928000.0,34272000.0,0.13,1461966000.0,1873824000.0,886104000.0,0.0,0.885,5.912,5.945,5922172000.0,0.0,10.82,0.768,0.769,2442848000.0,4563335000.0,9600564000.0,9600564000.0,192659000.0,0.08,0.153,0.134,0.194,91384000.0,1269307000.0,1.0,681099947.0,682704000,698178000.0,14.063,12244115000.0,270252000.0,372837000.0,0.0,17.935,2548189000.0
11,WFTIQ,MRY,2007-12-31,2007-12-31,2007-12-31,2020-03-19,437788000.0,13190957000.0,12009397000.0,4471769000.0,8719188000.0,0.652,10.94,-1658076000.0,170714000.0,170714000.0,5057610000.0,1090357000.0,2.03,0.781,3840555000.0,774220000.0,3066335000.0,3840555000.0,0.0,606226000.0,0.0,0.0,0.0,1574647000.0,2180873000.0,0.278,2180873000.0,1574647000.0,1403366000.0,1.58,1.54,1.58,7406719000.0,6865276750.0,7406719000.0,26507190372.0,17.0,12.154,-785570000.0,-1.16,1.0,2774452000.0,0.354,3955489000.0,171281000.0,10702944000.0,9379726000.0,1607684000.0,368618000.0,0.0,368618000.0,5784238000.0,2202365000.0,3581873000.0,23137629372.0,44427000.0,-190673000.0,-211998000.0,1588628000.0,0.0,1401629000.0,-2233048000.0,-335220000.0,872506000.0,3340000.0,1070606000.0,1070606000.0,1070606000.0,21369000.0,19751000.0,0.137,1150116000.0,1624336000.0,612775000.0,0.0,3.124,21.612,21.709,4153845000.0,0.0,34.3,2.954,2.965,1961854000.0,3170182000.0,7832062000.0,7832062000.0,169317000.0,0.089,0.156,0.168,0.201,36006000.0,980799000.0,1.0,674566454.0,677032000,695516000.0,11.568,9235468000.0,165508000.0,332760000.0,294976000.0,13.641,2269404000.0
12,WFTIQ,MRY,2006-12-31,2006-12-31,2006-12-31,2020-03-19,119153000.0,10139248000.0,9535547000.0,3391775000.0,6747473000.0,0.69,8.92,-1082301000.0,126287000.0,126287000.0,4212833000.0,896369000.0,1.66,0.642,2213336000.0,648736000.0,1564600000.0,2213336000.0,0.0,482948000.0,0.0,0.0,0.0,1320402000.0,1803350000.0,0.274,1803350000.0,1320402000.0,1217842000.0,1.29,1.26,1.29,6174799000.0,5982324750.0,6174799000.0,16280601193.0,12.0,9.028,4718000.0,0.007,1.0,2366095000.0,0.36,3600417000.0,102560000.0,6582735000.0,5857662250.0,1239034000.0,31175000.0,0.0,31175000.0,3964449000.0,2043145000.0,1921304000.0,14196481193.0,-7958000.0,-154454000.0,-493137000.0,622525000.0,0.0,145112000.0,-1242499000.0,14240000.0,1087019000.0,2410000.0,896369000.0,896369000.0,896369000.0,9737000.0,0.0,0.136,1011408000.0,1354687000.0,509942000.0,0.0,2.299,15.838,16.198,2979271000.0,0.0,20.895,2.158,2.199,1560849000.0,2099307000.0,6578928000.0,6578928000.0,149429000.0,0.094,0.15,0.225,0.201,48618000.0,861979000.0,1.0,679420014.0,692246000,709664000.0,9.504,6538831000.0,144833000.0,321473000.0,354023000.0,9.446,1348630000.0
13,WFTIQ,MRY,2005-12-31,2005-12-31,2005-12-31,2020-03-19,92652000.0,8580304000.0,7171220500.0,2638873000.0,5941431000.0,0.604,9.434,-536264000.0,134245000.0,134245000.0,2949067000.0,467420000.0,1.321,0.514,1586837000.0,954766000.0,632071000.0,1586837000.0,0.0,334330000.0,0.0,0.0,0.0,708814000.0,1043144000.0,0.241,1043144000.0,708814000.0,628625000.0,0.78,0.735,0.78,5666817000.0,4531289000.0,5666817000.0,14297418582.0,20.0,13.706,-33170000.0,-0.055,1.0,1384160000.0,0.319,3429582000.0,80189000.0,4605173000.0,4286751500.0,890121000.0,0.0,0.0,0.0,2913487000.0,1998141000.0,915346000.0,12584334582.0,-183194000.0,-975193000.0,191127000.0,379942000.0,0.0,570109000.0,-1254908000.0,260326000.0,503094000.0,-1489000.0,467420000.0,467420000.0,467420000.0,2675000.0,0.0,0.108,813562000.0,570598000.0,476363000.0,0.0,2.221,26.923,23.205,2367237000.0,0.0,18.1,2.904,2.509,1259990000.0,1202938000.0,4333227000.0,4333227000.0,107362000.0,0.065,0.103,0.165,0.164,28948000.0,612619000.0,1.0,695267104.0,600672000,644572000.0,7.214,5150722000.0,158653000.0,161205000.0,186364000.0,8.575,640732000.0
14,WFTIQ,MRY,2004-12-31,2004-12-31,2004-12-31,2020-03-19,129291000.0,5543482000.0,5234757250.0,1943178000.0,3600304000.0,0.598,6.182,-331362000.0,317439000.0,317439000.0,2157542000.0,330146000.0,2.944,0.673,1426666000.0,22235000.0,1404431000.0,1426666000.0,0.0,255884000.0,0.0,0.0,0.0,486380000.0,742264000.0,0.237,742264000.0,486380000.0,422818000.0,0.615,0.575,0.615,3313389000.0,2993600750.0,3313389000.0,8304875956.0,17.0,11.189,172117000.0,0.321,1.0,974232000.0,0.311,1964230000.0,63562000.0,4028473000.0,3961917250.0,679607000.0,170202000.0,0.0,170202000.0,2230093000.0,660006000.0,1570087000.0,6969858956.0,261357000.0,-5725000.0,129549000.0,-267759000.0,0.0,-139609000.0,-105289000.0,231798000.0,503479000.0,2776000.0,330146000.0,330146000.0,330146000.0,7153000.0,0.0,0.105,575805000.0,398427000.0,279763000.0,0.0,2.104,21.111,20.854,1377182000.0,0.0,12.825,2.226,2.195,742291000.0,735518000.0,3131774000.0,3131774000.0,83552000.0,0.063,0.11,0.123,0.155,9061000.0,492253000.0,1.0,543458788.0,536000000,594736000.0,5.843,3579252000.0,96482000.0,92672000.0,81273000.0,6.678,1283172000.0
15,WFTIQ,MRY,2003-12-31,2003-12-31,2003-12-31,2020-03-19,20734000.0,4994324000.0,4824100000.0,1425173000.0,3569151000.0,0.531,5.351,-309344000.0,56082000.0,56082000.0,1799518000.0,143352000.0,1.94,0.844,1586953000.0,207342000.0,1379611000.0,1586953000.0,0.0,232417000.0,0.0,0.0,0.0,271407000.0,503824000.0,0.197,503824000.0,271407000.0,194960000.0,0.285,0.27,0.285,2708068000.0,2380530500.0,2708068000.0,6251954168.0,23.0,12.409,-23942000.0,-0.047,1.0,762516000.0,0.298,1892598000.0,76447000.0,3897925000.0,3769490500.0,616748000.0,303654000.0,0.0,303654000.0,2286256000.0,734672000.0,1551584000.0,4726803168.0,7245000.0,-61527000.0,413972000.0,-316511000.0,0.0,94638000.0,-377015000.0,-6144000.0,285402000.0,4220000.0,143352000.0,143352000.0,143352000.0,3891000.0,0.0,0.056,491246000.0,271270000.0,234599000.0,0.0,1.745,32.973,31.579,1283982000.0,0.0,9.0,1.845,1.778,556306000.0,405372000.0,2562034000.0,2562034000.0,82439000.0,0.03,0.06,0.072,0.106,3195000.0,408807000.0,1.0,525200352.0,506096000,527044000.0,5.062,3101726000.0,75754000.0,51608000.0,90526000.0,6.129,690501000.0
16,WFTIQ,MRY,2002-12-31,2002-12-31,2002-12-31,2020-03-19,-147900000.0,4494989000.0,4500089750.0,1259239000.0,3235750000.0,0.509,4.112,-343345000.0,48837000.0,48837000.0,1595562000.0,-6030000.0,1.435,1.277,1878179000.0,364272000.0,1513907000.0,1878179000.0,0.0,214739000.0,0.0,0.0,0.0,74216000.0,288955000.0,0.126,288955000.0,74216000.0,-11203000.0,-0.013,-0.013,-0.013,1974496000.0,1978612250.0,1974496000.0,6647213436.0,90.0,23.004,-36450000.0,-0.076,1.0,692862000.0,0.303,1757035000.0,85419000.0,3689819000.0,3749537000.0,547744000.0,285901000.0,0.0,285901000.0,2520493000.0,877477000.0,1643016000.0,4810791436.0,-39995000.0,-98520000.0,31707000.0,63520000.0,0.0,93956000.0,-441865000.0,0.0,306895000.0,1019000.0,-6030000.0,-6030000.0,-6030000.0,-929000.0,0.0,-0.003,436701000.0,256161000.0,186326000.0,0.0,2.436,-797.81,-767.885,1126162000.0,0.0,9.982,2.102,2.095,485178000.0,262020000.0,2288424000.0,2288424000.0,79193000.0,-0.001,-0.003,0.02,0.032,0.0,357508000.0,1.0,481922508.0,480232000,480232000.0,4.765,2737954000.0,84963000.0,-5173000.0,88189000.0,5.701,381762000.0
17,WFTIQ,MRY,2001-12-31,2001-12-31,2001-12-31,2020-03-19,-177204000.0,4296362000.0,3837160750.0,1231333000.0,3065029000.0,0.607,4.031,-333741000.0,88832000.0,88832000.0,1526836000.0,214651000.0,1.621,1.337,1690023000.0,190229000.0,1499794000.0,1690023000.0,0.0,208129000.0,0.0,0.0,0.0,411705000.0,619834000.0,0.266,619834000.0,411705000.0,337699000.0,0.47,0.44,0.47,1838240000.0,1630377000.0,1838240000.0,5696065557.0,14.0,9.19,-56679000.0,-0.124,1.0,801879000.0,0.344,1488097000.0,74006000.0,3649859000.0,3363743750.0,504986000.0,483038000.0,0.0,483038000.0,2458122000.0,759597000.0,1698525000.0,4276216557.0,-64976000.0,-423161000.0,11227000.0,611686000.0,0.0,622913000.0,-967448000.0,-206500000.0,277062000.0,2497000.0,214651000.0,214651000.0,214651000.0,0.0,0.0,0.092,413933000.0,387946000.0,219630000.0,0.0,2.326,19.922,19.819,1039616000.0,0.0,9.315,1.836,1.824,462145000.0,268050000.0,2328715000.0,2328715000.0,50777000.0,0.056,0.132,0.122,0.177,0.0,363156000.0,1.0,459067800.0,456072000,533020000.0,5.106,2808265000.0,69985000.0,123048000.0,143888000.0,6.158,471736000.0
18,WFTIQ,MRY,2000-12-31,2000-12-31,2000-12-31,2020-03-19,-126642000.0,3461579000.0,3480720000.0,1241587000.0,2219992000.0,0.521,3.057,-178134000.0,153808000.0,153808000.0,1228086000.0,-42350000.0,2.683,1.586,1163810000.0,31134000.0,1132676000.0,1163810000.0,0.0,199109000.0,0.0,0.0,0.0,126362000.0,325471000.0,0.179,325471000.0,126362000.0,67100000.0,-0.098,-0.098,-0.098,1338458000.0,1488472250.0,1338458000.0,6268287468.0,50.0,19.259,-45631000.0,-0.104,1.0,586175000.0,0.323,1051562000.0,59262000.0,2957303000.0,2924769000.0,443588000.0,9229000.0,0.0,9229000.0,2123121000.0,462716000.0,1660405000.0,5192294468.0,109447000.0,-36940000.0,4542000.0,188453000.0,0.0,193181000.0,-215074000.0,0.0,132503000.0,-1163000.0,-42350000.0,-42350000.0,-42350000.0,3458000.0,0.0,-0.023,469249000.0,116926000.0,196200000.0,0.0,3.879,-122.604,-120.536,973025000.0,0.0,11.813,2.862,2.851,498663000.0,53399000.0,1814261000.0,1814261000.0,42950000.0,-0.012,-0.028,0.043,0.07,0.0,369981000.0,1.0,439559320.0,437828000,437828000.0,4.144,2410017000.0,72054000.0,109450000.0,164451000.0,5.504,778871000.0
19,WFTIQ,MRY,1999-12-31,1999-12-31,1999-12-31,2020-03-19,-89797000.0,3513789000.0,3258929250.0,869149000.0,2644640000.0,0.381,4.553,-2001000.0,44361000.0,44361000.0,888695000.0,-20875000.0,1.305,0.906,951870000.0,322767000.0,629103000.0,951870000.0,0.0,166658000.0,0.0,0.0,0.0,32506000.0,199164000.0,0.161,199164000.0,32506000.0,-12398000.0,-0.052,-0.05,-0.052,1843684000.0,1669920500.0,1843684000.0,5217435616.0,161.0,26.197,61043000.0,0.151,1.0,351505000.0,0.283,991679000.0,44904000.0,2763539000.0,2630279000.0,364607000.0,0.0,0.0,0.0,1670105000.0,666080000.0,1004025000.0,4317050616.0,10230000.0,-88352000.0,-2897000.0,106198000.0,0.0,38405000.0,-90353000.0,0.0,63044000.0,-866000.0,-20875000.0,-20875000.0,-20875000.0,37081000.0,0.0,-0.017,287305000.0,64200000.0,117530000.0,0.0,2.342,-206.805,-192.019,898996000.0,0.0,9.985,3.481,3.261,352139000.0,586310000.0,1240200000.0,1240200000.0,0.0,-0.006,-0.013,0.012,0.026,0.0,287305000.0,1.0,432353592.0,404980000,411556000.0,3.062,2522110000.0,121664000.0,8477000.0,109518000.0,6.228,203069000.0
20,WFTIQ,MRY,1998-12-31,1998-12-31,1998-12-31,2020-03-19,-76389000.0,2638612000.0,2508899000.0,732096000.0,1906516000.0,0.544,3.848,-19824000.0,34131000.0,34131000.0,944408000.0,64837000.0,1.774,0.766,775092000.0,152194000.0,622898000.0,775092000.0,0.0,139558000.0,0.0,0.0,0.0,102029000.0,241587000.0,0.177,241587000.0,102029000.0,59540000.0,0.168,0.168,0.168,1493880000.0,1275462750.0,1493880000.0,2747054920.0,27.0,11.371,102028000.0,0.263,1.0,419441000.0,0.308,648570000.0,42489000.0,2318430000.0,2054079750.0,298555000.0,0.0,0.0,0.0,1144732000.0,412573000.0,732159000.0,1888802920.0,-31877000.0,-197684000.0,-36424000.0,100465000.0,0.0,64365000.0,-216919000.0,0.0,121852000.0,-1175000.0,64837000.0,64837000.0,64837000.0,-65720000.0,0.0,0.048,385949000.0,33492000.0,92274000.0,0.0,1.264,29.132,28.839,629276000.0,0.0,4.845,1.385,1.379,271867000.0,607185000.0,1363849000.0,1363849000.0,0.0,0.026,0.051,0.05,0.075,0.0,248302000.0,1.0,389845804.0,388260000,388260000.0,3.513,1990042000.0,60956000.0,-5297000.0,128212000.0,5.126,319523000.0
21,WFTIQ,MRY,1997-12-31,1997-12-31,1997-12-31,2020-03-19,-38494000.0,2737910000.0,1795376500.0,1134076000.0,1603834000.0,0.756,3.796,-149879000.0,74211000.0,74211000.0,937593000.0,187763000.0,2.254,0.877,692243000.0,37421000.0,654822000.0,692243000.0,0.0,119321000.0,0.0,0.0,0.0,286712000.0,406033000.0,0.299,406033000.0,286712000.0,256074000.0,0.487,0.48,0.487,1458549000.0,956316500.0,1458549000.0,,,,-27835000.0,-0.072,1.0,419781000.0,0.309,668475000.0,30638000.0,2184298000.0,1306179000.0,455811000.0,0.0,0.0,0.0,1279361000.0,503169000.0,776192000.0,2472854033.0,-189694000.0,-348169000.0,1976000.0,178261000.0,0.0,170126000.0,-481080000.0,23352000.0,122044000.0,-784000.0,187763000.0,187763000.0,187763000.0,-67028000.0,0.0,0.138,206281000.0,213500000.0,218810000.0,0.0,1.695,13.17,26.566,866813000.0,0.0,12.938,1.822,3.662,524929000.0,542348000.0,1357374000.0,1357374000.0,0.0,0.105,0.196,0.22,0.211,0.0,206281000.0,1.0,191138476.0,384208000,390248000.0,3.533,2069435000.0,44904000.0,68311000.0,165687000.0,5.386,630907000.0
22,WFTIQ,MRY,1996-12-31,1996-12-31,1996-12-31,2020-03-19,-6331000.0,852843000.0,,558681000.0,294162000.0,,1.264,-152510000.0,223966000.0,223966000.0,1098925000.0,165822000.0,2.396,0.878,134783000.0,8073000.0,126710000.0,134783000.0,0.0,121830000.0,0.0,0.0,0.0,245703000.0,367533000.0,0.25,367533000.0,245703000.0,206335000.0,0.463,0.455,0.463,454084000.0,,454084000.0,,,,-24245000.0,-0.067,1.0,368345000.0,0.251,102474000.0,39368000.0,428060000.0,,157631000.0,23841000.0,23841000.0,0.0,398759000.0,233126000.0,165633000.0,,221310000.0,182803000.0,114100000.0,-40718000.0,0.0,78360000.0,14905000.0,0.0,128265000.0,-220000.0,165822000.0,165822000.0,165822000.0,-74392000.0,0.0,0.113,201322000.0,167023000.0,80783000.0,0.0,,,13.737,172724000.0,0.0,6.36,,1.558,119152000.0,158333000.0,1467270000.0,1467270000.0,0.0,,,,0.167,0.0,201322000.0,1.0,,359368000,363924000.0,4.083,750369000.0,27643000.0,40513000.0,120839000.0,2.088,325555000.0
23,WFTIQ,MRY,1995-12-31,1995-12-31,1995-12-31,2020-03-19,,,,,,,,-11132000.0,,,205230000.0,11311000.0,,,,,,,,12446000.0,,0.0,0.0,27358000.0,39804000.0,0.147,39804000.0,27358000.0,11071000.0,0.095,0.095,0.095,,,,,,,-27788000.0,-0.236,1.0,66445000.0,0.245,,16287000.0,,,,,,,,,,,630000.0,-30989000.0,72648000.0,-13539000.0,0.0,59407000.0,-42121000.0,0.0,-16656000.0,0.0,11311000.0,11311000.0,11311000.0,-8709000.0,0.0,0.042,48480000.0,17965000.0,,0.0,,,33.224,,0.0,3.156,,1.368,,,271675000.0,271675000.0,0.0,,,,0.101,0.0,48480000.0,1.0,,117792000,118908000.0,2.306,,,-240000.0,,,
0,WFTIQ,MRQ,2019-09-30,2019-09-30,2019-09-30,2020-03-19,-1703000000.0,6324000000.0,,3924000000.0,2400000000.0,,-5.241,-31000000.0,1050000000.0,1050000000.0,1007000000.0,-815000000.0,1.161,-2.195,9399000000.0,1706000000.0,7693000000.0,9399000000.0,0.0,118000000.0,0.0,0.0,0.0,-764000000.0,-646000000.0,-0.492,-646000000.0,-764000000.0,-790000000.0,-0.82,-0.82,-0.82,-5262000000.0,,-5262000000.0,7706114219.0,-2.0,-2.855,-232000000.0,-0.231,1.0,307000000.0,0.234,0.0,26000000.0,11293000000.0,,1126000000.0,0.0,0.0,0.0,11548000000.0,3380000000.0,8168000000.0,28114219.0,432000000.0,18000000.0,0.0,653000000.0,0.0,648000000.0,-13000000.0,0.0,-201000000.0,-2000000.0,-821000000.0,-821000000.0,-821000000.0,0.0,6000000.0,-0.625,754000000.0,-447000000.0,627000000.0,0.0,-0.005,-0.008,-0.008,1881000000.0,0.0,0.028,0.005,0.005,1277000000.0,-10289000000.0,1314000000.0,1314000000.0,35000000.0,,,,,5000000.0,232000000.0,1.0,1004079258.0,1004000000,1004000000.0,1.309,6324000000.0,0.0,31000000.0,197000000.0,6.299,544000000.0
1,WFTIQ,MRQ,2019-06-30,2019-06-30,2019-06-30,2020-03-19,-1683000000.0,6381000000.0,,3406000000.0,2975000000.0,,-4.408,-40000000.0,618000000.0,618000000.0,1019000000.0,-312000000.0,1.179,-2.433,8296000000.0,930000000.0,7366000000.0,8296000000.0,0.0,116000000.0,0.0,0.0,0.0,-123000000.0,-7000000.0,-0.005,-7000000.0,-123000000.0,-283000000.0,-0.31,-0.31,-0.31,-4426000000.0,,-4426000000.0,7670193908.0,-3.0,-3.942,-269000000.0,-0.268,1.0,290000000.0,0.222,403000000.0,160000000.0,10767000000.0,,1081000000.0,0.0,0.0,0.0,10770000000.0,2889000000.0,7881000000.0,50193908.0,20000000.0,227000000.0,0.0,68000000.0,0.0,61000000.0,187000000.0,0.0,-229000000.0,1000000.0,-316000000.0,-316000000.0,-316000000.0,0.0,4000000.0,-0.241,408000000.0,-118000000.0,735000000.0,0.0,-0.011,-0.016,-0.016,1984000000.0,0.0,0.05,0.009,0.009,1226000000.0,-9468000000.0,1309000000.0,1309000000.0,36000000.0,,,,,6000000.0,247000000.0,1.0,1003878163.0,1004000000,1004000000.0,1.304,5978000000.0,0.0,33000000.0,186000000.0,5.954,517000000.0
2,WFTIQ,MRQ,2019-03-31,2019-03-31,2019-03-31,2020-03-19,-1713000000.0,6519000000.0,,3406000000.0,3113000000.0,,-4.133,-38000000.0,598000000.0,598000000.0,1082000000.0,-477000000.0,1.36,-2.563,8218000000.0,612000000.0,7606000000.0,8218000000.0,0.0,123000000.0,0.0,0.0,0.0,-314000000.0,-191000000.0,-0.142,-191000000.0,-314000000.0,-469000000.0,-0.48,-0.48,-0.48,-4145000000.0,,-4145000000.0,8086174779.0,-3.0,-4.299,-287000000.0,-0.286,1.0,264000000.0,0.196,504000000.0,155000000.0,11131000000.0,,1050000000.0,0.0,0.0,0.0,10625000000.0,2504000000.0,8121000000.0,700174779.0,-4000000.0,74000000.0,0.0,213000000.0,0.0,208000000.0,36000000.0,0.0,-249000000.0,1000000.0,-481000000.0,-481000000.0,-481000000.0,0.0,4000000.0,-0.357,565000000.0,-301000000.0,746000000.0,0.0,-0.169,-0.23,-0.229,1994000000.0,0.0,0.698,0.124,0.124,1154000000.0,-9152000000.0,1346000000.0,1346000000.0,36000000.0,,,,,8000000.0,231000000.0,1.0,1003115729.0,1003000000,1003000000.0,1.342,6015000000.0,0.0,12000000.0,198000000.0,5.997,902000000.0
3,WFTIQ,MRQ,2018-12-31,2018-12-31,2018-12-31,2020-03-19,-1746000000.0,6601000000.0,,3450000000.0,3151000000.0,,-3.705,-104000000.0,602000000.0,602000000.0,1121000000.0,-2096000000.0,1.5,-2.771,7988000000.0,383000000.0,7605000000.0,7988000000.0,0.0,137000000.0,0.0,0.0,0.0,-1992000000.0,-1855000000.0,-1.298,-1855000000.0,-1992000000.0,-2149000000.0,-2.11,-2.11,-2.11,-3705000000.0,,-3705000000.0,8188515660.0,-4.0,-5.096,1000000.0,0.001,1.0,308000000.0,0.216,713000000.0,157000000.0,10974000000.0,,1025000000.0,0.0,0.0,0.0,10267000000.0,2300000000.0,7967000000.0,559515660.0,209000000.0,220000000.0,0.0,-43000000.0,0.0,-55000000.0,163000000.0,0.0,105000000.0,-4000000.0,-2103000000.0,-2103000000.0,-2103000000.0,0.0,7000000.0,-1.472,2267000000.0,-1959000000.0,732000000.0,0.0,-0.151,-0.199,-0.198,2086000000.0,0.0,0.559,0.097,0.097,1130000000.0,-8671000000.0,1429000000.0,1429000000.0,33000000.0,,,,,9000000.0,202000000.0,1.0,1000922469.0,1000000000,1000000000.0,1.429,5888000000.0,0.0,-46000000.0,214000000.0,5.888,1150000000.0
4,WFTIQ,MRQ,2018-09-30,2018-09-30,2018-09-30,2020-03-19,-1688000000.0,8838000000.0,,3730000000.0,5108000000.0,,-1.556,-39000000.0,393000000.0,393000000.0,1105000000.0,-194000000.0,1.622,-6.662,8022000000.0,396000000.0,7626000000.0,8022000000.0,0.0,128000000.0,0.0,0.0,0.0,-21000000.0,107000000.0,0.074,107000000.0,-21000000.0,-177000000.0,-0.2,-0.2,-0.2,-1553000000.0,,-1553000000.0,10216096532.0,-5.0,-7.944,-71000000.0,-0.071,1.0,339000000.0,0.235,2824000000.0,156000000.0,11344000000.0,,1097000000.0,0.0,0.0,0.0,10346000000.0,2299000000.0,8047000000.0,2702096532.0,-22000000.0,12000000.0,0.0,65000000.0,0.0,51000000.0,-27000000.0,0.0,-32000000.0,-14000000.0,-199000000.0,-199000000.0,-199000000.0,0.0,5000000.0,-0.138,352000000.0,-13000000.0,728000000.0,0.0,-1.74,-1.021,-1.015,2157000000.0,0.0,2.71,0.465,0.466,1155000000.0,-6568000000.0,1444000000.0,1444000000.0,31000000.0,,,,,11000000.0,223000000.0,1.0,997083591.0,998000000,998000000.0,1.447,6014000000.0,0.0,22000000.0,231000000.0,6.026,1431000000.0
5,WFTIQ,MRQ,2018-06-30,2018-06-30,2018-06-30,2020-03-19,-1679000000.0,8979000000.0,,3693000000.0,5286000000.0,,-1.363,-14000000.0,415000000.0,415000000.0,1143000000.0,-259000000.0,1.679,-7.572,7929000000.0,295000000.0,7634000000.0,7929000000.0,0.0,144000000.0,0.0,0.0,0.0,-86000000.0,58000000.0,0.04,58000000.0,-86000000.0,-238000000.0,-0.26,-0.26,-0.26,-1359000000.0,,-1359000000.0,10612304835.0,-5.0,-8.31,-144000000.0,-0.144,1.0,305000000.0,0.211,2837000000.0,152000000.0,11456000000.0,,1143000000.0,0.0,0.0,0.0,10291000000.0,2200000000.0,8091000000.0,3279304835.0,-44000000.0,0.0,0.0,126000000.0,0.0,118000000.0,-14000000.0,0.0,-130000000.0,-18000000.0,-264000000.0,-264000000.0,-264000000.0,0.0,5000000.0,-0.182,378000000.0,-73000000.0,754000000.0,0.0,-2.413,-1.213,-1.205,2273000000.0,0.0,3.29,0.563,0.563,1167000000.0,-6369000000.0,1448000000.0,1448000000.0,37000000.0,,,,,14000000.0,233000000.0,1.0,996749190.0,997000000,997000000.0,1.452,6142000000.0,0.0,26000000.0,211000000.0,6.16,1493000000.0
6,WFTIQ,MRQ,2018-03-31,2018-03-31,2018-03-31,2020-03-19,-1514000000.0,9334000000.0,,3615000000.0,5719000000.0,,-0.948,-29000000.0,459000000.0,459000000.0,1145000000.0,-242000000.0,1.728,-10.862,7792000000.0,153000000.0,7639000000.0,7792000000.0,0.0,147000000.0,0.0,0.0,0.0,-64000000.0,83000000.0,0.058,83000000.0,-64000000.0,-213000000.0,-0.25,-0.25,-0.25,-942000000.0,,-942000000.0,9351380404.0,-5.0,-8.153,-214000000.0,-0.215,1.0,278000000.0,0.195,2968000000.0,149000000.0,11607000000.0,,1225000000.0,26000000.0,0.0,26000000.0,10232000000.0,2092000000.0,8140000000.0,2275380404.0,-154000000.0,29000000.0,0.0,94000000.0,0.0,54000000.0,0.0,0.0,-185000000.0,-23000000.0,-245000000.0,-245000000.0,-245000000.0,0.0,3000000.0,-0.172,317000000.0,-39000000.0,809000000.0,0.0,-2.415,-0.872,-0.867,2580000000.0,0.0,2.29,0.397,0.397,1100000000.0,-6105000000.0,1423000000.0,1423000000.0,38000000.0,,,,,13000000.0,236000000.0,1.0,993615897.0,994000000,994000000.0,1.432,6366000000.0,0.0,32000000.0,201000000.0,6.404,1523000000.0
7,WFTIQ,MRQ,2017-12-31,2017-12-31,2017-12-31,2020-03-19,-1519000000.0,9747000000.0,,3878000000.0,5869000000.0,,-0.63,143000000.0,613000000.0,613000000.0,1299000000.0,-1934000000.0,1.739,-16.482,7689000000.0,148000000.0,7541000000.0,7689000000.0,0.0,190000000.0,0.0,0.0,0.0,-1724000000.0,-1534000000.0,-1.03,-1534000000.0,-1724000000.0,-1876000000.0,-1.96,-1.96,-1.96,-626000000.0,,-626000000.0,11614839045.0,-6.0,-8.962,239000000.0,0.241,1.0,191000000.0,0.128,2727000000.0,152000000.0,11866000000.0,,1234000000.0,0.0,0.0,0.0,10318000000.0,2230000000.0,8088000000.0,4138839045.0,168000000.0,430000000.0,0.0,-262000000.0,0.0,-267000000.0,339000000.0,0.0,96000000.0,0.0,-1938000000.0,-1938000000.0,-1938000000.0,0.0,4000000.0,-1.301,1932000000.0,-1741000000.0,856000000.0,0.0,-6.612,-1.471,-1.468,2708000000.0,0.0,4.17,0.726,0.724,1103000000.0,-5763000000.0,1490000000.0,1490000000.0,41000000.0,,,,,15000000.0,269000000.0,1.0,992527349.0,993000000,993000000.0,1.501,7020000000.0,0.0,62000000.0,228000000.0,7.069,1648000000.0
8,WFTIQ,MRQ,2017-09-30,2017-09-30,2017-09-30,2020-03-19,-1489000000.0,12013000000.0,,5043000000.0,6970000000.0,,1.341,-59000000.0,445000000.0,445000000.0,1195000000.0,-251000000.0,2.042,8.004,7921000000.0,391000000.0,7530000000.0,7921000000.0,0.0,199000000.0,0.0,0.0,0.0,-83000000.0,116000000.0,0.079,116000000.0,-83000000.0,-231000000.0,-0.26,-0.26,-0.26,1328000000.0,,1328000000.0,11635780524.0,-15.0,247.57,-302000000.0,-0.305,1.0,265000000.0,0.182,2575000000.0,148000000.0,14444000000.0,,1752000000.0,65000000.0,0.0,65000000.0,10629000000.0,2470000000.0,8159000000.0,4529780524.0,-139000000.0,-7000000.0,0.0,196000000.0,0.0,188000000.0,-86000000.0,0.0,-243000000.0,2000000.0,-256000000.0,-256000000.0,-256000000.0,0.0,5000000.0,-0.175,335000000.0,-70000000.0,815000000.0,0.0,3.411,-3.181,-3.203,3989000000.0,0.0,4.58,0.807,0.808,1236000000.0,-3825000000.0,1460000000.0,1460000000.0,42000000.0,,,,,14000000.0,258000000.0,1.0,989035049.0,990000000,990000000.0,1.475,9438000000.0,0.0,25000000.0,223000000.0,9.533,2573000000.0
9,WFTIQ,MRQ,2017-06-30,2017-06-30,2017-06-30,2020-03-19,-1577000000.0,12052000000.0,,5047000000.0,7005000000.0,,1.482,-31000000.0,584000000.0,584000000.0,1189000000.0,-165000000.0,2.121,7.177,7690000000.0,152000000.0,7538000000.0,7690000000.0,0.0,204000000.0,0.0,0.0,0.0,-16000000.0,188000000.0,0.138,188000000.0,-16000000.0,-154000000.0,-0.17,-0.17,-0.17,1467000000.0,,1467000000.0,10807853781.0,-7.0,-13.75,-93000000.0,-0.094,1.0,174000000.0,0.128,2527000000.0,138000000.0,14251000000.0,,1728000000.0,63000000.0,0.0,63000000.0,10528000000.0,2380000000.0,8148000000.0,3814853781.0,38000000.0,0.0,0.0,144000000.0,0.0,135000000.0,-36000000.0,0.0,-62000000.0,1000000.0,-171000000.0,-171000000.0,-171000000.0,0.0,6000000.0,-0.125,319000000.0,-145000000.0,837000000.0,0.0,2.6,-1.294,-1.229,4111000000.0,0.0,3.87,0.692,0.695,1165000000.0,-3569000000.0,1363000000.0,1363000000.0,36000000.0,,,,,17000000.0,244000000.0,1.0,985750331.0,990000000,990000000.0,1.377,9525000000.0,0.0,17000000.0,223000000.0,9.621,2667000000.0
10,WFTIQ,MRQ,2017-03-31,2017-03-31,2017-03-31,2020-03-19,-1567000000.0,12162000000.0,,5106000000.0,7056000000.0,,1.655,-278000000.0,546000000.0,546000000.0,1206000000.0,-443000000.0,2.087,6.404,7539000000.0,240000000.0,7299000000.0,7539000000.0,0.0,208000000.0,0.0,0.0,0.0,-274000000.0,-66000000.0,-0.048,-66000000.0,-274000000.0,-415000000.0,-0.45,-0.45,-0.45,1635000000.0,,1635000000.0,13084560092.0,-6.0,-10.279,-457000000.0,-0.463,1.0,180000000.0,0.13,2602000000.0,141000000.0,14106000000.0,,1700000000.0,65000000.0,0.0,65000000.0,10471000000.0,2447000000.0,8024000000.0,6539560092.0,-491000000.0,-1000000.0,0.0,-25000000.0,0.0,-36000000.0,-279000000.0,0.0,-179000000.0,3000000.0,-448000000.0,-448000000.0,-448000000.0,0.0,5000000.0,-0.323,394000000.0,-214000000.0,803000000.0,0.0,4.0,-1.957,-1.842,4265000000.0,0.0,6.65,1.178,1.184,1292000000.0,-3398000000.0,1386000000.0,1386000000.0,39000000.0,,,,,24000000.0,263000000.0,1.0,983392495.0,988000000,988000000.0,1.403,9560000000.0,0.0,33000000.0,234000000.0,9.676,2659000000.0
11,WFTIQ,MRQ,2016-12-31,2016-12-31,2016-12-31,2020-03-19,-1610000000.0,12664000000.0,,4910000000.0,7754000000.0,,2.152,-86000000.0,1037000000.0,1037000000.0,1247000000.0,-544000000.0,2.022,5.266,7582000000.0,179000000.0,7403000000.0,7582000000.0,0.0,215000000.0,0.0,0.0,0.0,-406000000.0,-191000000.0,-0.136,-191000000.0,-406000000.0,-542000000.0,-0.55,-0.55,-0.55,2012000000.0,,2012000000.0,11528506824.0,-5.0,-8.0,54000000.0,0.058,1.0,159000000.0,0.113,3045000000.0,136000000.0,13736000000.0,,1802000000.0,66000000.0,0.0,66000000.0,10596000000.0,2428000000.0,8168000000.0,4476506824.0,597000000.0,14000000.0,448000000.0,86000000.0,0.0,504000000.0,-33000000.0,0.0,140000000.0,-14000000.0,-549000000.0,-549000000.0,-549000000.0,0.0,5000000.0,-0.39,552000000.0,-393000000.0,845000000.0,0.0,2.225,-1.32,-1.306,4480000000.0,0.0,4.99,0.779,0.77,1383000000.0,-2950000000.0,1406000000.0,1406000000.0,40000000.0,,,,,30000000.0,261000000.0,1.0,897095556.0,935000000,935000000.0,1.504,9619000000.0,0.0,7000000.0,255000000.0,10.288,2482000000.0
12,WFTIQ,MRQ,2016-09-30,2016-09-30,2016-09-30,2020-03-19,-1549000000.0,12635000000.0,,4598000000.0,8037000000.0,,2.585,-52000000.0,440000000.0,440000000.0,1230000000.0,-1776000000.0,1.69,4.411,7492000000.0,555000000.0,6937000000.0,7492000000.0,0.0,242000000.0,0.0,0.0,0.0,-959000000.0,-717000000.0,-0.529,-717000000.0,-959000000.0,-1088000000.0,-1.98,-1.98,-1.98,2324000000.0,,2324000000.0,11817371975.0,-4.0,-5.868,-157000000.0,-0.175,1.0,126000000.0,0.093,3104000000.0,129000000.0,13863000000.0,,1917000000.0,65000000.0,0.0,65000000.0,10252000000.0,2720000000.0,7532000000.0,5036371975.0,-12000000.0,-5000000.0,0.0,225000000.0,0.0,142000000.0,-48000000.0,0.0,-105000000.0,-1000000.0,-1780000000.0,-1780000000.0,-1780000000.0,0.0,4000000.0,-1.313,1071000000.0,-945000000.0,666000000.0,0.0,2.167,-1.243,-1.178,4708000000.0,0.0,5.62,0.793,0.795,1414000000.0,-2401000000.0,1356000000.0,1356000000.0,33000000.0,,,,,19000000.0,267000000.0,1.0,896151597.0,899000000,899000000.0,1.508,9531000000.0,51000000.0,692000000.0,128000000.0,10.602,1878000000.0
13,WFTIQ,MRQ,2016-06-30,2016-06-30,2016-06-30,2020-03-19,-1507000000.0,14112000000.0,,5049000000.0,9063000000.0,,4.586,-29000000.0,452000000.0,452000000.0,1238000000.0,-562000000.0,1.997,2.407,7233000000.0,290000000.0,6943000000.0,7233000000.0,0.0,249000000.0,0.0,0.0,0.0,-548000000.0,-299000000.0,-0.213,-299000000.0,-548000000.0,-667000000.0,-0.63,-0.63,-0.63,4123000000.0,,4123000000.0,11565081903.0,-5.0,-10.326,-165000000.0,-0.184,1.0,164000000.0,0.117,3182000000.0,119000000.0,15183000000.0,,2195000000.0,65000000.0,0.0,65000000.0,9925000000.0,2528000000.0,7397000000.0,4971081903.0,-12000000.0,-13000000.0,-7000000.0,276000000.0,0.0,167000000.0,-42000000.0,0.0,-136000000.0,-1000000.0,-565000000.0,-565000000.0,-565000000.0,0.0,3000000.0,-0.403,624000000.0,-460000000.0,790000000.0,0.0,1.206,-2.036,-1.844,5247000000.0,0.0,5.55,0.687,0.69,1484000000.0,-621000000.0,1402000000.0,1402000000.0,41000000.0,,,,,17000000.0,264000000.0,1.0,895690433.0,899000000,899000000.0,1.56,10930000000.0,136000000.0,-102000000.0,111000000.0,12.158,2521000000.0
14,WFTIQ,MRQ,2016-03-31,2016-03-31,2016-03-31,2020-03-19,-1498000000.0,14516000000.0,,5366000000.0,9150000000.0,,5.647,-37000000.0,464000000.0,464000000.0,1474000000.0,-491000000.0,1.543,2.147,7058000000.0,1212000000.0,5846000000.0,7058000000.0,0.0,250000000.0,0.0,0.0,0.0,-484000000.0,-234000000.0,-0.148,-234000000.0,-484000000.0,-599000000.0,-0.61,-0.61,-0.61,4591000000.0,,4591000000.0,13058444228.0,-6.0,-12.878,-240000000.0,-0.295,1.0,111000000.0,0.07,3216000000.0,115000000.0,14416000000.0,,2302000000.0,65000000.0,0.0,65000000.0,9857000000.0,3478000000.0,6379000000.0,6064444228.0,-3000000.0,-7000000.0,630000000.0,-381000000.0,0.0,248000000.0,-14000000.0,0.0,-203000000.0,-34000000.0,-498000000.0,-498000000.0,-498000000.0,0.0,7000000.0,-0.314,558000000.0,-447000000.0,934000000.0,0.0,1.321,-2.564,-2.585,5471000000.0,0.0,7.78,0.737,0.769,1693000000.0,-56000000.0,1585000000.0,1585000000.0,45000000.0,,,,,21000000.0,319000000.0,1.0,779491546.0,813000000,813000000.0,1.95,11300000000.0,133000000.0,-101000000.0,107000000.0,13.899,1888000000.0
15,WFTIQ,MRQ,2015-12-31,2015-12-31,2015-12-31,2020-03-19,-1641000000.0,14760000000.0,,5564000000.0,9196000000.0,,5.504,-104000000.0,467000000.0,467000000.0,1934000000.0,-1200000000.0,1.38,2.415,7434000000.0,1582000000.0,5852000000.0,7434000000.0,0.0,275000000.0,0.0,0.0,0.0,-1039000000.0,-764000000.0,-0.38,-764000000.0,-1039000000.0,-1156000000.0,-1.55,-1.55,-1.55,4304000000.0,,4304000000.0,13721168631.0,-8.0,-29.699,228000000.0,0.292,1.0,78000000.0,0.039,3159000000.0,117000000.0,14537000000.0,,2344000000.0,76000000.0,0.0,76000000.0,10395000000.0,4031000000.0,6364000000.0,6536168631.0,-52000000.0,-21000000.0,0.0,-203000000.0,0.0,-228000000.0,-125000000.0,0.0,332000000.0,-31000000.0,-1208000000.0,-1208000000.0,-1208000000.0,0.0,8000000.0,-0.6,1107000000.0,-1029000000.0,948000000.0,0.0,1.519,-3.293,-3.29,5679000000.0,0.0,8.39,0.693,0.693,1781000000.0,442000000.0,2012000000.0,2012000000.0,52000000.0,,,,,21000000.0,414000000.0,1.0,779042745.0,782000000,782000000.0,2.573,11601000000.0,165000000.0,52000000.0,330000000.0,14.835,1533000000.0
16,WFTIQ,MRQ,2015-09-30,2015-09-30,2015-09-30,2020-03-19,-1447000000.0,16799000000.0,,6515000000.0,10284000000.0,,7.297,-135000000.0,519000000.0,519000000.0,1869000000.0,-161000000.0,1.619,1.943,7704000000.0,1684000000.0,6020000000.0,7704000000.0,0.0,298000000.0,0.0,0.0,0.0,-121000000.0,177000000.0,0.079,177000000.0,-121000000.0,-235000000.0,-0.22,-0.22,-0.22,5684000000.0,,5684000000.0,13787510758.0,-17.0,31.695,-1000000.0,-0.001,1.0,368000000.0,0.165,3224000000.0,114000000.0,16735000000.0,,2767000000.0,83000000.0,0.0,83000000.0,11045000000.0,4025000000.0,7020000000.0,6574510758.0,-92000000.0,-8000000.0,0.0,-79000000.0,0.0,-71000000.0,-143000000.0,0.0,134000000.0,-12000000.0,-170000000.0,-170000000.0,-170000000.0,0.0,9000000.0,-0.076,466000000.0,-98000000.0,1015000000.0,0.0,1.157,-5.251,-5.267,6394000000.0,0.0,8.48,0.59,0.593,2045000000.0,1650000000.0,2237000000.0,2237000000.0,56000000.0,,,,,18000000.0,344000000.0,1.0,775296080.0,779000000,779000000.0,2.872,13575000000.0,291000000.0,-65000000.0,132000000.0,17.426,2490000000.0
17,WFTIQ,MRQ,2015-06-30,2015-06-30,2015-06-30,2020-03-19,-1090000000.0,17634000000.0,,7064000000.0,10570000000.0,,7.933,-190000000.0,611000000.0,611000000.0,2016000000.0,-483000000.0,1.708,1.845,7824000000.0,1556000000.0,6268000000.0,7824000000.0,0.0,311000000.0,0.0,0.0,0.0,-504000000.0,-193000000.0,-0.081,-193000000.0,-504000000.0,-621000000.0,-0.63,-0.63,-0.63,6172000000.0,,6172000000.0,16825340606.0,-41.0,19.076,101000000.0,0.13,1.0,374000000.0,0.156,3335000000.0,117000000.0,17375000000.0,,2921000000.0,81000000.0,0.0,81000000.0,11387000000.0,4137000000.0,7250000000.0,9505340606.0,99000000.0,20000000.0,0.0,-8000000.0,0.0,-5000000.0,-170000000.0,0.0,291000000.0,-17000000.0,-489000000.0,-489000000.0,-489000000.0,0.0,6000000.0,-0.205,818000000.0,-444000000.0,1104000000.0,0.0,1.54,-9.458,-9.512,6694000000.0,0.0,12.27,0.743,0.746,2259000000.0,1820000000.0,2390000000.0,2390000000.0,59000000.0,,,,,19000000.0,392000000.0,1.0,774681386.0,778000000,778000000.0,3.072,14299000000.0,295000000.0,-132000000.0,105000000.0,18.379,2927000000.0
18,WFTIQ,MRQ,2015-03-31,2015-03-31,2015-03-31,2020-03-19,-1204000000.0,18223000000.0,,7592000000.0,10631000000.0,,8.392,-224000000.0,512000000.0,512000000.0,2202000000.0,-107000000.0,1.728,1.781,7832000000.0,1554000000.0,6278000000.0,7832000000.0,0.0,316000000.0,0.0,0.0,0.0,2000000.0,318000000.0,0.114,318000000.0,2000000.0,-118000000.0,-0.15,-0.15,-0.15,6529000000.0,,6529000000.0,16574647579.0,188.0,11.639,-266000000.0,-0.342,1.0,592000000.0,0.212,3311000000.0,120000000.0,17839000000.0,,3052000000.0,101000000.0,0.0,101000000.0,11625000000.0,4393000000.0,7232000000.0,9523647579.0,38000000.0,3000000.0,0.0,325000000.0,0.0,307000000.0,-221000000.0,0.0,-42000000.0,-6000000.0,-118000000.0,-118000000.0,-118000000.0,0.0,11000000.0,-0.042,542000000.0,50000000.0,1462000000.0,0.0,1.459,-14.408,-14.471,6932000000.0,0.0,12.3,0.675,0.678,2631000000.0,2309000000.0,2794000000.0,2794000000.0,64000000.0,,,,,15000000.0,440000000.0,1.0,774280291.0,778000000,778000000.0,3.591,14912000000.0,294000000.0,0.0,198000000.0,19.167,3199000000.0
19,WFTIQ,MRQ,2014-12-31,2014-12-31,2014-12-31,2020-03-19,-881000000.0,18889000000.0,,7944000000.0,10945000000.0,,8.921,-348000000.0,474000000.0,474000000.0,2908000000.0,-463000000.0,1.973,1.704,7525000000.0,727000000.0,6798000000.0,7525000000.0,0.0,338000000.0,0.0,0.0,0.0,-205000000.0,133000000.0,0.036,133000000.0,-205000000.0,-327000000.0,-0.61,-0.61,-0.61,6958000000.0,,6958000000.0,16997391800.0,86.0,10.833,236000000.0,0.303,1.0,819000000.0,0.22,3451000000.0,122000000.0,18462000000.0,,3087000000.0,106000000.0,0.0,106000000.0,11856000000.0,4027000000.0,7829000000.0,8860391800.0,-108000000.0,931000000.0,-22000000.0,-1180000000.0,0.0,-1187000000.0,580000000.0,-3000000.0,584000000.0,-85000000.0,-475000000.0,-475000000.0,-475000000.0,0.0,12000000.0,-0.127,747000000.0,72000000.0,1736000000.0,0.0,1.273,-15.172,-15.267,7123000000.0,0.0,11.45,0.594,0.597,3015000000.0,2427000000.0,3727000000.0,3727000000.0,74000000.0,,,,,5000000.0,584000000.0,1.0,773833345.0,780000000,780000000.0,4.778,15438000000.0,303000000.0,148000000.0,230000000.0,19.792,3917000000.0
20,WFTIQ,MRQ,2014-09-30,2014-09-30,2014-09-30,2020-03-19,-430000000.0,20727000000.0,,8927000000.0,11800000000.0,,10.12,-383000000.0,582000000.0,582000000.0,2885000000.0,89000000.0,1.83,1.626,8719000000.0,1715000000.0,7004000000.0,8719000000.0,0.0,327000000.0,0.0,0.0,0.0,297000000.0,624000000.0,0.161,624000000.0,297000000.0,175000000.0,0.1,0.1,0.1,7863000000.0,,7863000000.0,24941215560.0,76.0,14.45,-33000000.0,-0.042,1.0,992000000.0,0.256,3905000000.0,122000000.0,20081000000.0,,3317000000.0,266000000.0,0.0,266000000.0,12785000000.0,4878000000.0,7907000000.0,16087215560.0,11000000.0,755000000.0,0.0,-705000000.0,0.0,-715000000.0,372000000.0,0.0,350000000.0,4000000.0,77000000.0,77000000.0,77000000.0,0.0,12000000.0,0.02,678000000.0,314000000.0,1784000000.0,0.0,2.046,-42.335,-42.449,7460000000.0,0.0,20.8,1.078,1.083,3315000000.0,2902000000.0,3877000000.0,3877000000.0,72000000.0,,,,,13000000.0,490000000.0,1.0,773423825.0,777000000,784000000.0,4.99,16822000000.0,291000000.0,98000000.0,130000000.0,21.65,4049000000.0
21,WFTIQ,MRQ,2014-06-30,2014-06-30,2014-06-30,2020-03-19,-223000000.0,21813000000.0,,9718000000.0,12095000000.0,,10.266,-377000000.0,571000000.0,571000000.0,2829000000.0,-133000000.0,1.675,1.725,9425000000.0,2404000000.0,7021000000.0,9425000000.0,0.0,355000000.0,0.0,0.0,0.0,-6000000.0,349000000.0,0.094,349000000.0,-6000000.0,-134000000.0,-0.19,-0.19,-0.19,7977000000.0,,7977000000.0,26735539519.0,115.0,16.164,58000000.0,0.075,1.0,882000000.0,0.238,4044000000.0,128000000.0,20822000000.0,,3365000000.0,262000000.0,0.0,262000000.0,13763000000.0,5801000000.0,7962000000.0,17770539519.0,204000000.0,29000000.0,22000000.0,94000000.0,0.0,117000000.0,-348000000.0,0.0,435000000.0,0.0,-145000000.0,-145000000.0,-145000000.0,0.0,12000000.0,-0.039,732000000.0,150000000.0,1822000000.0,0.0,2.228,-40.852,-41.071,7588000000.0,0.0,23.0,1.195,1.202,3340000000.0,2825000000.0,3711000000.0,3711000000.0,75000000.0,,,,,16000000.0,455000000.0,1.0,772632153.0,777000000,777000000.0,4.776,17769000000.0,294000000.0,11000000.0,120000000.0,22.869,3917000000.0
22,WFTIQ,MRQ,2014-03-31,2014-03-31,2014-03-31,2020-03-19,-389000000.0,21830000000.0,,8860000000.0,12970000000.0,,10.215,-288000000.0,367000000.0,367000000.0,2839000000.0,-32000000.0,1.523,1.748,9332000000.0,2293000000.0,7039000000.0,9332000000.0,74000000.0,351000000.0,0.0,0.0,0.0,112000000.0,463000000.0,0.129,463000000.0,112000000.0,-14000000.0,-0.05,-0.05,-0.05,7927000000.0,,7927000000.0,21679737661.0,81.0,12.935,-694000000.0,-0.894,1.0,757000000.0,0.211,4241000000.0,126000000.0,20737000000.0,,3403000000.0,297000000.0,0.0,297000000.0,13859000000.0,5817000000.0,8042000000.0,13387737661.0,-68000000.0,14000000.0,0.0,608000000.0,0.0,605000000.0,-274000000.0,0.0,-406000000.0,7000000.0,-41000000.0,-41000000.0,-41000000.0,0.0,9000000.0,-0.011,627000000.0,130000000.0,2012000000.0,0.0,1.689,-32.813,-33.385,8213000000.0,0.0,17.36,0.891,0.897,3723000000.0,2970000000.0,3596000000.0,3596000000.0,69000000.0,,,,,15000000.0,488000000.0,1.0,771183045.0,776000000,776000000.0,4.634,17589000000.0,302000000.0,27000000.0,128000000.0,22.666,3043000000.0
23,WFTIQ,MRQ,2013-12-31,2013-12-31,2013-12-31,2020-03-19,-187000000.0,21977000000.0,,9934000000.0,12043000000.0,,10.532,-366000000.0,435000000.0,435000000.0,3134000000.0,-264000000.0,1.726,1.688,8714000000.0,1653000000.0,7061000000.0,8714000000.0,127000000.0,363000000.0,0.0,0.0,0.0,-73000000.0,290000000.0,0.078,290000000.0,-73000000.0,-201000000.0,-0.35,-0.35,-0.35,8162000000.0,,8162000000.0,20896931152.0,66.0,12.171,296000000.0,0.382,1.0,604000000.0,0.162,3856000000.0,128000000.0,20643000000.0,,3200000000.0,296000000.0,0.0,296000000.0,13774000000.0,5757000000.0,8017000000.0,11917931152.0,119000000.0,413000000.0,0.0,-591000000.0,0.0,-598000000.0,47000000.0,0.0,662000000.0,8000000.0,-271000000.0,-271000000.0,-271000000.0,0.0,7000000.0,-0.072,654000000.0,-50000000.0,1918000000.0,0.0,1.46,-34.545,-34.422,7689000000.0,0.0,15.49,0.781,0.783,3351000000.0,3011000000.0,3738000000.0,3738000000.0,62000000.0,,,,,22000000.0,608000000.0,1.0,769395168.0,775000000,775000000.0,4.823,18121000000.0,292000000.0,70000000.0,183000000.0,23.382,4177000000.0
24,WFTIQ,MRQ,2013-09-30,2013-09-30,2013-09-30,2020-03-19,-63000000.0,22937000000.0,,9073000000.0,13864000000.0,,11.048,-369000000.0,316000000.0,316000000.0,3036000000.0,31000000.0,1.475,1.681,9295000000.0,2230000000.0,7065000000.0,9295000000.0,0.0,352000000.0,0.0,0.0,0.0,200000000.0,552000000.0,0.145,552000000.0,200000000.0,71000000.0,0.03,0.03,0.03,8540000000.0,,8540000000.0,20709008741.0,35.0,10.475,-43000000.0,-0.056,1.0,784000000.0,0.205,4421000000.0,129000000.0,21344000000.0,,3580000000.0,686000000.0,0.0,686000000.0,14356000000.0,6151000000.0,8205000000.0,11769008741.0,21000000.0,8000000.0,0.0,59000000.0,0.0,56000000.0,-361000000.0,0.0,326000000.0,0.0,22000000.0,22000000.0,22000000.0,0.0,9000000.0,0.006,545000000.0,239000000.0,2117000000.0,0.0,1.378,-60.046,-61.32,8397000000.0,0.0,15.33,0.755,0.76,4004000000.0,3282000000.0,3820000000.0,3820000000.0,65000000.0,,,,,18000000.0,480000000.0,1.0,767710942.0,773000000,779000000.0,4.942,18516000000.0,362000000.0,49000000.0,0.0,23.953,2922000000.0
25,WFTIQ,MRQ,2013-06-30,2013-06-30,2013-06-30,2020-03-19,-159000000.0,22632000000.0,,8948000000.0,13684000000.0,,10.91,-448000000.0,295000000.0,295000000.0,3126000000.0,-111000000.0,1.504,1.689,9235000000.0,2148000000.0,7087000000.0,9235000000.0,0.0,341000000.0,0.0,0.0,0.0,30000000.0,371000000.0,0.096,371000000.0,30000000.0,-98000000.0,-0.15,-0.15,-0.15,8401000000.0,,8401000000.0,19133018381.0,28.0,9.393,-196000000.0,-0.255,1.0,742000000.0,0.192,4402000000.0,128000000.0,21220000000.0,,3637000000.0,671000000.0,0.0,671000000.0,14193000000.0,5950000000.0,8243000000.0,10491018381.0,9000000.0,-22000000.0,0.0,223000000.0,0.0,230000000.0,-470000000.0,0.0,252000000.0,-3000000.0,-118000000.0,-118000000.0,-118000000.0,0.0,7000000.0,-0.031,687000000.0,55000000.0,2144000000.0,0.0,1.249,-70.885,-72.105,8333000000.0,0.0,13.7,0.673,0.677,3837000000.0,3260000000.0,3868000000.0,3868000000.0,71000000.0,,,,,16000000.0,463000000.0,1.0,765767765.0,770000000,770000000.0,5.023,18230000000.0,360000000.0,20000000.0,0.0,23.675,2998000000.0
26,WFTIQ,MRQ,2013-03-31,2013-03-31,2013-03-31,2020-03-19,14000000.0,22681000000.0,,9057000000.0,13624000000.0,,11.265,-401000000.0,286000000.0,286000000.0,3006000000.0,30000000.0,1.574,1.614,8928000000.0,1896000000.0,7032000000.0,8928000000.0,0.0,346000000.0,0.0,0.0,0.0,158000000.0,504000000.0,0.131,504000000.0,158000000.0,27000000.0,0.03,0.03,0.03,8663000000.0,,8663000000.0,17622454788.0,-1037.0,13.432,-412000000.0,-0.536,1.0,831000000.0,0.217,4485000000.0,131000000.0,21084000000.0,,3744000000.0,660000000.0,0.0,660000000.0,13983000000.0,5754000000.0,8229000000.0,9288454788.0,-14000000.0,81000000.0,0.0,321000000.0,0.0,318000000.0,-320000000.0,0.0,-11000000.0,-1000000.0,22000000.0,22000000.0,22000000.0,0.0,8000000.0,0.006,552000000.0,279000000.0,2191000000.0,0.0,1.072,-10.567,-10.557,8299000000.0,0.0,12.14,0.601,0.604,3850000000.0,3378000000.0,3837000000.0,3837000000.0,67000000.0,,,,,11000000.0,491000000.0,1.0,765111597.0,769000000,773000000.0,4.99,18196000000.0,371000000.0,5000000.0,0.0,23.662,3303000000.0
27,WFTIQ,MRQ,2012-12-31,2012-12-31,2012-12-31,2020-03-19,163000000.0,22795000000.0,,9029000000.0,13766000000.0,,11.44,-508000000.0,300000000.0,300000000.0,3217000000.0,-114000000.0,1.581,1.591,8634000000.0,1585000000.0,7049000000.0,8634000000.0,281000000.0,343000000.0,0.0,0.0,0.0,207000000.0,550000000.0,0.136,550000000.0,207000000.0,81000000.0,-0.16,-0.16,-0.16,8786000000.0,,8786000000.0,17098603090.0,101.0,11.776,197000000.0,0.257,1.0,841000000.0,0.207,4637000000.0,126000000.0,20782000000.0,,3675000000.0,646000000.0,0.0,646000000.0,13977000000.0,5710000000.0,8267000000.0,8557603090.0,-65000000.0,19000000.0,0.0,-269000000.0,0.0,-282000000.0,-489000000.0,0.0,705000000.0,1000000.0,-122000000.0,-122000000.0,-122000000.0,0.0,8000000.0,-0.03,568000000.0,273000000.0,2108000000.0,0.0,0.974,-10.999,-10.971,8299000000.0,0.0,11.19,0.562,0.563,3885000000.0,3356000000.0,4058000000.0,4058000000.0,63000000.0,,,,,21000000.0,533000000.0,1.0,764754521.0,768000000,768000000.0,5.284,18158000000.0,376000000.0,203000000.0,167000000.0,23.643,3319000000.0
28,WFTIQ,MRQ,2012-09-30,2012-09-30,2012-09-30,2020-03-19,163000000.0,22781000000.0,,9099000000.0,13682000000.0,,11.58,-582000000.0,365000000.0,365000000.0,2967000000.0,77000000.0,1.708,1.561,8906000000.0,1606000000.0,7300000000.0,8906000000.0,0.0,329000000.0,0.0,0.0,0.0,283000000.0,612000000.0,0.16,612000000.0,283000000.0,156000000.0,0.09,0.09,0.09,8882000000.0,,8882000000.0,17183330850.0,55.0,11.151,-351000000.0,-0.458,1.0,852000000.0,0.223,4653000000.0,127000000.0,21343000000.0,,3676000000.0,642000000.0,0.0,642000000.0,13866000000.0,5326000000.0,8540000000.0,9631330850.0,-16000000.0,17000000.0,0.0,332000000.0,0.0,314000000.0,-565000000.0,0.0,231000000.0,4000000.0,70000000.0,70000000.0,70000000.0,0.0,7000000.0,0.018,537000000.0,315000000.0,2023000000.0,0.0,1.084,-14.397,-14.409,8122000000.0,0.0,12.68,0.648,0.654,3911000000.0,3478000000.0,3819000000.0,3819000000.0,68000000.0,,,,,17000000.0,469000000.0,1.0,759568679.0,767000000,771000000.0,4.979,18128000000.0,308000000.0,86000000.0,0.0,23.635,3773000000.0
29,WFTIQ,MRQ,2012-06-30,2012-06-30,2012-06-30,2020-03-19,-52000000.0,21703000000.0,,8501000000.0,13202000000.0,,11.226,-587000000.0,381000000.0,381000000.0,2971000000.0,-843000000.0,1.85,1.524,8574000000.0,1263000000.0,7311000000.0,8574000000.0,0.0,311000000.0,0.0,0.0,0.0,-665000000.0,-354000000.0,-0.094,-354000000.0,-665000000.0,-786000000.0,-1.11,-1.11,-1.11,8588000000.0,,8588000000.0,17145352416.0,42.0,10.743,-442000000.0,-0.578,1.0,776000000.0,0.207,4581000000.0,121000000.0,20721000000.0,,3399000000.0,629000000.0,0.0,629000000.0,13092000000.0,4594000000.0,8498000000.0,9593352416.0,42000000.0,-133000000.0,0.0,641000000.0,0.0,631000000.0,-728000000.0,-8000000.0,145000000.0,-6000000.0,-849000000.0,-849000000.0,-849000000.0,0.0,6000000.0,-0.227,643000000.0,133000000.0,1635000000.0,0.0,1.117,-15.523,-15.593,7733000000.0,0.0,12.63,0.665,0.67,3608000000.0,3408000000.0,3747000000.0,3747000000.0,64000000.0,,,,,15000000.0,479000000.0,1.0,759568679.0,765000000,765000000.0,4.898,17122000000.0,285000000.0,63000000.0,0.0,22.382,3907000000.0
30,WFTIQ,MRQ,2012-03-31,2012-03-31,2012-03-31,2020-03-19,262000000.0,21755000000.0,,8087000000.0,13668000000.0,,12.768,-517000000.0,339000000.0,339000000.0,2700000000.0,130000000.0,1.65,1.24,7891000000.0,1902000000.0,5989000000.0,7891000000.0,0.0,299000000.0,0.0,0.0,0.0,345000000.0,644000000.0,0.179,644000000.0,345000000.0,233000000.0,0.16,0.16,0.16,9704000000.0,,9704000000.0,18692585420.0,14.0,7.483,-377000000.0,-0.496,1.0,891000000.0,0.248,5152000000.0,112000000.0,19255000000.0,,3301000000.0,634000000.0,0.0,634000000.0,12030000000.0,4900000000.0,7130000000.0,11457585420.0,-32000000.0,-7000000.0,65000000.0,286000000.0,0.0,349000000.0,-524000000.0,0.0,140000000.0,3000000.0,123000000.0,123000000.0,123000000.0,0.0,7000000.0,0.034,521000000.0,370000000.0,1684000000.0,0.0,1.181,40.63,40.784,7591000000.0,0.0,15.09,0.835,0.836,3358000000.0,4257000000.0,3591000000.0,3591000000.0,62000000.0,,,,,22000000.0,459000000.0,1.0,759283328.0,760000000,766000000.0,4.725,16603000000.0,273000000.0,110000000.0,0.0,21.846,3187000000.0
31,WFTIQ,MRQ,2011-12-31,2011-12-31,2011-12-31,2020-03-19,80000000.0,21051000000.0,,7731000000.0,13320000000.0,,12.285,-404000000.0,371000000.0,371000000.0,2796000000.0,-7000000.0,1.805,1.255,7606000000.0,1320000000.0,6286000000.0,7606000000.0,30000000.0,289000000.0,0.0,0.0,0.0,350000000.0,639000000.0,0.172,639000000.0,350000000.0,238000000.0,-0.02,-0.02,-0.02,9324000000.0,,9324000000.0,18381809965.0,16.0,7.923,219000000.0,0.289,1.0,914000000.0,0.246,5134000000.0,112000000.0,18869000000.0,,3158000000.0,616000000.0,0.0,616000000.0,11706000000.0,4283000000.0,7423000000.0,11039557965.0,97000000.0,-54000000.0,0.0,-33000000.0,0.0,-61000000.0,-465000000.0,-7000000.0,623000000.0,0.0,-13000000.0,-13000000.0,-13000000.0,0.0,6000000.0,-0.004,518000000.0,396000000.0,1571000000.0,0.0,1.184,58.41,58.56,7287000000.0,0.0,14.64,0.85,0.849,3233000000.0,4134000000.0,3710000000.0,3710000000.0,64000000.0,,,,,17000000.0,454000000.0,1.0,754068167.0,759000000,766000000.0,4.888,15917000000.0,274000000.0,251000000.0,178000000.0,20.971,3448000000.0
32,WFTIQ,MRQ,2011-09-30,2011-09-30,2011-09-30,2020-03-19,80860000.0,20667276000.0,,7594548000.0,13072728000.0,,13.093,-381000000.0,273562000.0,273562000.0,2480000000.0,124000000.0,1.881,1.091,7615814000.0,1349624000.0,6266190000.0,7615814000.0,0.0,286000000.0,0.0,0.0,0.0,381000000.0,667000000.0,0.198,667000000.0,381000000.0,266000000.0,0.16,0.16,0.16,9872321000.0,,9872321000.0,16181455426.0,15.0,7.449,-242000000.0,-0.321,1.0,890000000.0,0.264,5073475000.0,115000000.0,18897898000.0,,3071830000.0,599730000.0,0.0,599730000.0,10770703000.0,4038155000.0,6732548000.0,9140575426.0,-56000000.0,-27000000.0,0.0,227000000.0,0.0,233000000.0,-423000000.0,0.0,139000000.0,-5000000.0,121000000.0,121000000.0,121000000.0,0.0,3000000.0,0.036,480000000.0,410000000.0,1565728000.0,0.0,0.926,1386.196,1221.0,7140692000.0,0.0,12.21,0.749,0.755,3180861000.0,4700272000.0,3370000000.0,3370000000.0,59000000.0,,,,,18000000.0,421000000.0,1.0,748613876.0,754000000,760000000.0,4.469,15593801000.0,261500000.0,145000000.0,0.0,20.681,3556393000.0
33,WFTIQ,MRQ,2011-06-30,2011-06-30,2011-06-30,2020-03-19,349343000.0,20504628000.0,,7365317000.0,13139311000.0,,13.132,-388000000.0,329555000.0,329555000.0,2269000000.0,56000000.0,1.951,1.073,7370435000.0,1113724000.0,6256711000.0,7370435000.0,0.0,283000000.0,0.0,0.0,0.0,265000000.0,548000000.0,0.18,548000000.0,265000000.0,151000000.0,0.07,0.07,0.07,9862322000.0,,9862322000.0,20868638363.0,23.0,10.327,-124000000.0,-0.165,1.0,783000000.0,0.257,5069869000.0,114000000.0,18700707000.0,,2939356000.0,558668000.0,0.0,558668000.0,10583414000.0,3774932000.0,6808482000.0,13972001363.0,81000000.0,-19000000.0,0.0,224000000.0,0.0,224000000.0,-407000000.0,0.0,264000000.0,0.0,51000000.0,51000000.0,51000000.0,0.0,5000000.0,0.017,491000000.0,292000000.0,1517806000.0,0.0,1.417,-707.336,-937.5,7244754000.0,0.0,18.75,1.23,1.239,3020645000.0,4518144000.0,3052000000.0,3052000000.0,62000000.0,,,,,25000000.0,429000000.0,1.0,745173406.0,751000000,758000000.0,4.064,15434759000.0,273656000.0,100000000.0,0.0,20.552,3590385000.0
34,WFTIQ,MRQ,2011-03-31,2011-03-31,2011-03-31,2020-03-19,330638000.0,19821921000.0,,6895867000.0,12926054000.0,,12.92,-359000000.0,249317000.0,249317000.0,2133000000.0,32000000.0,2.305,1.048,7145954000.0,619490000.0,6526464000.0,7145954000.0,0.0,278000000.0,0.0,0.0,0.0,188000000.0,466000000.0,0.163,466000000.0,188000000.0,76000000.0,0.04,0.04,0.04,9650984000.0,,9650984000.0,23121554544.0,31.0,12.712,-533000000.0,-0.714,1.0,723000000.0,0.253,4995519000.0,112000000.0,18730730000.0,,2759569000.0,551686000.0,0.0,551686000.0,10109538000.0,2992309000.0,7117229000.0,16771936544.0,-167000000.0,-13000000.0,0.0,380000000.0,0.0,381000000.0,-379000000.0,-7000000.0,-174000000.0,5000000.0,30000000.0,30000000.0,30000000.0,0.0,2000000.0,0.011,514000000.0,209000000.0,1433259000.0,0.0,1.738,-141.365,-150.667,7117261000.0,0.0,22.6,1.561,1.571,2923062000.0,4408046000.0,2856000000.0,2856000000.0,60000000.0,,,,,23000000.0,454000000.0,1.0,742121086.0,747000000,758000000.0,3.823,14826402000.0,268814000.0,46000000.0,0.0,19.848,3903558000.0
35,WFTIQ,MRQ,2010-12-31,2010-12-31,2010-12-31,2020-03-19,202000000.0,19199000000.0,,6495000000.0,12704000000.0,,12.142,-262660000.0,416000000.0,416000000.0,2134933000.0,-189043000.0,2.405,1.114,6765000000.0,235000000.0,6530000000.0,6765000000.0,0.0,272516000.0,0.0,0.0,0.0,218834000.0,491350000.0,0.168,491350000.0,218834000.0,103210000.0,-0.26,-0.26,-0.26,9051000000.0,,9051000000.0,23230694189.0,40.0,14.226,156489000.0,0.21,1.0,788085000.0,0.27,5007000000.0,115624000.0,17840000000.0,,2590000000.0,540000000.0,0.0,540000000.0,10081000000.0,2701000000.0,7380000000.0,16904485189.0,-535863000.0,-79698000.0,0.0,-530495000.0,0.0,-613092000.0,-342448000.0,-250000.0,419149000.0,528000.0,-195406000.0,-195406000.0,-195406000.0,0.0,6363000.0,-0.067,502159000.0,285926000.0,1335000000.0,0.0,1.868,-77.901,-78.621,6945000000.0,0.0,22.8,1.654,1.657,2629000000.0,3949000000.0,2923018000.0,2923018000.0,59156000.0,,,,,23833000.0,443003000.0,1.0,741424789.0,745424000,745424000.0,3.921,14192000000.0,257000000.0,298616000.0,103000000.0,19.039,3794000000.0
36,WFTIQ,MRQ,2010-09-30,2010-09-30,2010-09-30,2020-03-19,143123000.0,19585249000.0,,6888269000.0,12696980000.0,,12.685,-276888000.0,951382000.0,951382000.0,1895856000.0,98939000.0,2.349,1.064,7277591000.0,582628000.0,6694963000.0,7277591000.0,0.0,267209000.0,0.0,0.0,0.0,248130000.0,515339000.0,0.204,515339000.0,248130000.0,148812000.0,0.13,0.13,0.13,9456739000.0,,9456739000.0,19082389480.0,44.0,13.026,50808000.0,0.068,1.0,633896000.0,0.251,4875104000.0,99318000.0,18103904000.0,,2492751000.0,537505000.0,0.0,537505000.0,10058922000.0,2932450000.0,7126472000.0,12671592480.0,728599000.0,49807000.0,0.0,635512000.0,0.0,624825000.0,-227800000.0,-719000.0,327696000.0,3878000.0,94653000.0,94653000.0,94653000.0,0.0,4286000.0,0.037,358472000.0,275424000.0,1200627000.0,0.0,1.34,-109.91,-106.875,6931216000.0,0.0,17.1,1.302,1.31,2529003000.0,4435176000.0,2529752000.0,2529752000.0,54457000.0,,,,,25298000.0,304015000.0,1.0,741028800.0,745502000,751394000.0,3.393,14710145000.0,260128000.0,54159000.0,154440000.0,19.732,3955819000.0
37,WFTIQ,MRQ,2010-06-30,2010-06-30,2010-06-30,2020-03-19,-795000.0,18526288000.0,,6034761000.0,12491527000.0,,12.37,-224293000.0,222783000.0,222783000.0,1806751000.0,-44574000.0,2.093,1.007,6633580000.0,628108000.0,6005472000.0,6633580000.0,0.0,258570000.0,0.0,0.0,0.0,87587000.0,346157000.0,0.142,346157000.0,87587000.0,-8132000.0,-0.06,-0.06,-0.06,9193775000.0,,9193775000.0,16361219327.0,52.0,12.437,178906000.0,0.241,1.0,630412000.0,0.259,4870844000.0,95719000.0,17183261000.0,,2369008000.0,539817000.0,0.0,539817000.0,9261649000.0,2882980000.0,6378669000.0,9732268327.0,15684000.0,41680000.0,0.0,-200650000.0,0.0,-200593000.0,-183644000.0,-1031000.0,403199000.0,-3278000.0,-47890000.0,-47890000.0,-47890000.0,0.0,3316000.0,-0.02,525323000.0,105089000.0,1127875000.0,0.0,1.059,-54.617,-52.56,6772300000.0,0.0,13.14,1.041,1.045,2468861000.0,4340523000.0,2437163000.0,2437163000.0,53530000.0,,,,,26895000.0,471793000.0,1.0,740659690.0,743209000,743209000.0,3.279,13655444000.0,258536000.0,39758000.0,121200000.0,18.374,3151781000.0
38,WFTIQ,MRQ,2010-03-31,2010-03-31,2010-03-31,2020-03-19,94260000.0,18725776000.0,,6101335000.0,12624441000.0,,12.618,-237159000.0,207099000.0,207099000.0,1752460000.0,-64322000.0,1.955,1.003,6836050000.0,991440000.0,5844610000.0,6836050000.0,0.0,249705000.0,0.0,0.0,0.0,30449000.0,280154000.0,0.12,280154000.0,30449000.0,-64890000.0,-0.09,-0.09,-0.09,9310482000.0,,9310482000.0,18174611474.0,50.0,13.749,-232203000.0,-0.315,1.0,578607000.0,0.248,4896190000.0,95339000.0,17337689000.0,,2315337000.0,533248000.0,0.0,533248000.0,9338331000.0,3120848000.0,6217483000.0,11710291474.0,-45420000.0,41211000.0,0.0,120633000.0,0.0,123860000.0,-154108000.0,0.0,4956000.0,-20128000.0,-68357000.0,-68357000.0,-68357000.0,0.0,4035000.0,-0.029,471046000.0,107561000.0,1121175000.0,0.0,1.258,-107.075,-99.125,6881544000.0,0.0,15.86,1.314,1.313,2654568000.0,4388413000.0,2331067000.0,2331067000.0,48857000.0,,,,,22974000.0,422189000.0,1.0,738353813.0,737865000,737865000.0,3.159,13829586000.0,258790000.0,3467000.0,171586000.0,18.743,2980487000.0
39,WFTIQ,MRQ,2009-12-31,2009-12-31,2009-12-31,2020-03-19,114742000.0,18696690000.0,,5981953000.0,12714737000.0,,12.697,-304414000.0,252519000.0,252519000.0,1877685000.0,-90715000.0,1.994,0.989,6716839000.0,869581000.0,5847258000.0,6716839000.0,0.0,254904000.0,0.0,0.0,0.0,68401000.0,323305000.0,0.133,323305000.0,68401000.0,-23753000.0,-0.14,-0.13,-0.14,9359341000.0,,9359341000.0,19769592450.0,32.0,12.955,30190000.0,0.041,1.0,557310000.0,0.229,4928891000.0,92154000.0,17231419000.0,,2238294000.0,533138000.0,0.0,533138000.0,9258317000.0,3000700000.0,6257617000.0,13203386450.0,-54197000.0,4029000.0,0.0,-159713000.0,0.0,-94759000.0,-300386000.0,-1000.0,334604000.0,6344000.0,-93697000.0,-93697000.0,-93697000.0,0.0,2982000.0,-0.038,470383000.0,86927000.0,1002359000.0,0.0,1.411,151.763,149.25,6989379000.0,0.0,17.91,1.495,1.45,2510948000.0,4456770000.0,2434995000.0,2434995000.0,51566000.0,,,,,20864000.0,418817000.0,1.0,737207507.0,737137000,744843000.0,3.303,13767799000.0,259077000.0,69944000.0,201647000.0,18.677,2981253000.0
40,WFTIQ,MRQ,2009-09-30,2009-09-30,2009-09-30,2020-03-19,46657000.0,18685290000.0,,6096248000.0,12589042000.0,,13.306,-307546000.0,306595000.0,306595000.0,1598899000.0,37340000.0,2.218,0.931,6872801000.0,1021123000.0,5851678000.0,6872801000.0,0.0,239009000.0,0.0,0.0,0.0,126950000.0,365959000.0,0.171,365959000.0,126950000.0,36665000.0,0.04,0.04,0.04,9635228000.0,,9635228000.0,21377573794.0,21.0,11.411,-331482000.0,-0.458,1.0,546048000.0,0.255,4876818000.0,90285000.0,17626064000.0,,2307659000.0,540902000.0,0.0,540902000.0,8968693000.0,2748614000.0,6220079000.0,15085274794.0,101323000.0,90147000.0,0.0,327307000.0,0.0,340273000.0,-217889000.0,-490000.0,-23936000.0,2875000.0,31754000.0,31754000.0,31754000.0,0.0,5586000.0,0.015,402466000.0,143582000.0,864656000.0,0.0,1.566,35.797,35.136,6887382000.0,0.0,20.73,1.67,1.662,2386843000.0,4808242000.0,2144947000.0,2144947000.0,49300000.0,,,,,30090000.0,353166000.0,1.0,727702595.0,724114000,735109000.0,2.962,13808472000.0,259811000.0,4911000.0,0.0,19.069,3347634000.0
41,WFTIQ,MRQ,2009-06-30,2009-06-30,2009-06-30,2020-03-19,-101587000.0,17365659000.0,,5634228000.0,11731431000.0,,12.492,-391125000.0,205272000.0,205272000.0,1448804000.0,29509000.0,2.515,0.975,6497571000.0,692535000.0,5805036000.0,6497571000.0,0.0,213693000.0,0.0,0.0,0.0,138760000.0,352453000.0,0.176,352453000.0,138760000.0,45262000.0,0.03,0.03,0.03,8749450000.0,,8749450000.0,19683123706.0,14.0,8.912,-261451000.0,-0.373,1.0,549623000.0,0.275,4341000000.0,93498000.0,17076487000.0,,2259904000.0,488820000.0,0.0,488820000.0,8533042000.0,2240471000.0,6292571000.0,13657569706.0,43556000.0,-4698000.0,0.0,308135000.0,0.0,308098000.0,-395823000.0,0.0,129674000.0,1607000.0,20935000.0,20935000.0,20935000.0,0.0,8574000.0,0.01,398418000.0,151205000.0,844953000.0,0.0,1.561,17.964,17.945,6533003000.0,0.0,19.56,1.449,1.453,2189769000.0,4730868000.0,1998427000.0,1998427000.0,46113000.0,,,,,28617000.0,352305000.0,1.0,698239760.0,700424000,709412000.0,2.853,13024659000.0,250579000.0,24327000.0,0.0,18.595,3393757000.0
42,WFTIQ,MRQ,2009-03-31,2009-03-31,2009-03-31,2020-03-19,-315369000.0,16945150000.0,,5692987000.0,11252163000.0,,12.046,-593915000.0,161716000.0,161716000.0,1538612000.0,136866000.0,2.78,1.004,6187270000.0,382828000.0,5804442000.0,6187270000.0,0.0,201394000.0,0.0,0.0,0.0,282889000.0,484283000.0,0.215,484283000.0,282889000.0,191826000.0,0.18,0.18,0.18,8412061000.0,,8412061000.0,13306736536.0,8.0,5.282,-427257000.0,-0.612,1.0,716019000.0,0.318,4213997000.0,91063000.0,16708934000.0,,2231643000.0,514707000.0,0.0,514707000.0,8449396000.0,2047773000.0,6401623000.0,7724932536.0,-76682000.0,23522000.0,0.0,357271000.0,0.0,353388000.0,-596902000.0,-26509000.0,166658000.0,174000.0,128008000.0,128008000.0,128008000.0,0.0,8858000.0,0.057,410733000.0,305286000.0,940625000.0,0.0,0.918,6.957,6.919,6261761000.0,0.0,11.07,0.8,0.8,2287519000.0,4688887000.0,2254631000.0,2254631000.0,49021000.0,,,,,26429000.0,361712000.0,1.0,697825884.0,698327000,702636000.0,3.229,12731153000.0,368581000.0,63818000.0,0.0,18.231,3645214000.0
43,WFTIQ,MRQ,2008-12-31,2008-12-31,2008-12-31,2020-03-19,-266761000.0,16476513000.0,,5570282000.0,10906231000.0,,12.131,-672052000.0,238398000.0,238398000.0,1720019000.0,249737000.0,1.843,0.97,5820202000.0,1255947000.0,4564255000.0,5820202000.0,0.0,203679000.0,0.0,0.0,0.0,467014000.0,670693000.0,0.255,670693000.0,467014000.0,399058000.0,0.34,0.34,0.34,8324898000.0,,8324898000.0,12651065427.0,7.0,4.876,-151840000.0,-0.221,1.0,914607000.0,0.347,4232398000.0,67956000.0,14803826000.0,,2088342000.0,515770000.0,0.0,515770000.0,8071214000.0,3022093000.0,5049121000.0,7369501427.0,-98148000.0,-118374000.0,0.0,177782000.0,0.0,184572000.0,-798572000.0,-8146000.0,520212000.0,-4360000.0,240711000.0,240711000.0,240711000.0,0.0,9026000.0,0.091,406637000.0,507970000.0,886104000.0,0.0,0.885,5.912,5.945,5922172000.0,0.0,10.82,0.768,0.769,2442848000.0,4563335000.0,2634626000.0,2634626000.0,53564000.0,,,,,32370000.0,353073000.0,1.0,681099947.0,686223000,692415000.0,3.839,12244115000.0,270252000.0,158347000.0,0.0,17.843,2548189000.0
44,WFTIQ,MRQ,2008-09-30,2008-09-30,2008-09-30,2020-03-19,277169000.0,16198911000.0,,5507138000.0,10691773000.0,,12.283,-685224000.0,336546000.0,336546000.0,1640923000.0,382986000.0,2.086,0.932,5618110000.0,1074000000.0,4544110000.0,5618110000.0,0.0,187131000.0,0.0,0.0,0.0,514111000.0,701242000.0,0.276,701242000.0,514111000.0,453590000.0,0.54,0.53,0.54,8383278000.0,,8383278000.0,21432832008.0,12.0,8.438,-482085000.0,-0.706,1.0,899873000.0,0.354,4385076000.0,60521000.0,14455408000.0,,2021814000.0,485331000.0,0.0,485331000.0,7815633000.0,2639991000.0,5175642000.0,17111511008.0,68568000.0,-477641000.0,0.0,1020966000.0,0.0,1022716000.0,-1157287000.0,-3422000.0,203139000.0,0.0,370600000.0,370600000.0,370600000.0,0.0,12386000.0,0.146,365133000.0,534740000.0,813745000.0,0.0,2.041,12.8,12.827,5515079000.0,0.0,25.14,1.869,1.874,2425666000.0,4175967000.0,2540796000.0,2540796000.0,52026000.0,,,,,26074000.0,313107000.0,1.0,680648807.0,682532000,701284000.0,3.723,11813835000.0,0.0,82990000.0,0.0,17.309,2867147000.0
45,WFTIQ,MRQ,2008-06-30,2008-06-30,2008-06-30,2020-03-19,468341000.0,14796542000.0,,4927661000.0,9868881000.0,,11.98,-559540000.0,267978000.0,267978000.0,1454154000.0,378308000.0,3.401,0.811,4589299000.0,49593000.0,4539706000.0,4589299000.0,0.0,171710000.0,0.0,0.0,0.0,491258000.0,662968000.0,0.297,662968000.0,491258000.0,428859000.0,0.54,0.53,0.54,8168970000.0,,8168970000.0,37831154418.0,22.0,15.69,-327692000.0,-0.481,1.0,775096000.0,0.348,4094624000.0,62399000.0,13574239000.0,,1909239000.0,473571000.0,0.0,473571000.0,6627572000.0,1449000000.0,5178572000.0,33700551418.0,-358460000.0,95523000.0,0.0,-144958000.0,0.0,-128291000.0,-462017000.0,0.0,231848000.0,0.0,370984000.0,370984000.0,370984000.0,-6940000.0,7324000.0,0.166,359516000.0,415580000.0,664421000.0,0.0,4.125,26.77,26.805,4979621000.0,0.0,49.59,3.924,3.937,2111299000.0,3805367000.0,2229250000.0,2229250000.0,44430000.0,,,,,17021000.0,315086000.0,1.0,679583614.0,681870000,701927000.0,3.269,10701918000.0,0.0,57875000.0,0.0,15.695,3478661000.0
46,WFTIQ,MRQ,2008-03-31,2008-03-31,2008-03-31,2020-03-19,434765000.0,14484134000.0,,5101425000.0,9382709000.0,,11.308,-591426000.0,626438000.0,626438000.0,1449678000.0,269737000.0,3.071,0.883,4757041000.0,193462000.0,4563579000.0,4757041000.0,0.0,169288000.0,0.0,0.0,0.0,390629000.0,559917000.0,0.255,559917000.0,390629000.0,337826000.0,0.39,0.38,0.39,7691450000.0,,7691450000.0,28253431891.0,18.0,12.851,-442057000.0,-0.65,1.0,746214000.0,0.34,4038393000.0,52803000.0,12915084000.0,,1768047000.0,463221000.0,0.0,463221000.0,6792684000.0,1661260000.0,5131424000.0,24583590891.0,455724000.0,-753000.0,0.0,902364000.0,0.0,898534000.0,-592179000.0,0.0,149369000.0,0.0,264201000.0,264201000.0,264201000.0,19868000.0,5536000.0,0.12,330680000.0,415534000.0,678078000.0,0.0,3.196,23.341,23.377,4582620000.0,0.0,36.235,3.007,3.015,2104837000.0,3434383000.0,2195892000.0,2195892000.0,42639000.0,,,,,15919000.0,288041000.0,1.0,678448762.0,680190000,697086000.0,3.228,10445741000.0,0.0,73625000.0,0.0,15.357,3440165000.0
47,WFTIQ,MRQ,2007-12-31,2007-12-31,2007-12-31,2020-03-19,437788000.0,13190957000.0,,4471769000.0,8719188000.0,,10.939,-542923000.0,170714000.0,170714000.0,1427539000.0,350762000.0,2.03,0.781,3840555000.0,774220000.0,3066335000.0,3840555000.0,0.0,167192000.0,0.0,0.0,0.0,448716000.0,615908000.0,0.281,615908000.0,448716000.0,396693000.0,0.49,0.48,0.49,7406719000.0,,7406719000.0,26507190372.0,17.0,12.154,-191855000.0,-0.283,1.0,764302000.0,0.349,3955489000.0,52023000.0,10702944000.0,,1607684000.0,368618000.0,0.0,368618000.0,5784238000.0,2202365000.0,3581873000.0,23137629372.0,44716000.0,-25722000.0,-63489000.0,342111000.0,0.0,286371000.0,-596063000.0,-700000.0,351068000.0,3340000.0,331011000.0,331011000.0,331011000.0,5741000.0,19751000.0,0.151,302710000.0,461592000.0,612775000.0,0.0,3.124,21.612,21.709,4153845000.0,0.0,34.3,2.954,2.965,1961854000.0,3170182000.0,2191841000.0,2191841000.0,44904000.0,,,,,-707000.0,257806000.0,1.0,674566454.0,677092000,697316000.0,3.237,9235468000.0,165508000.0,65682000.0,294976000.0,13.64,2269404000.0
48,WFTIQ,MRQ,2007-09-30,2007-09-30,2007-09-30,2020-03-19,365193000.0,12439402000.0,,4172207000.0,8267195000.0,,10.471,-428568000.0,125998000.0,125998000.0,1273247000.0,292713000.0,2.408,0.757,3495559000.0,431051000.0,3064508000.0,3495559000.0,0.0,158977000.0,0.0,0.0,0.0,413336000.0,572313000.0,0.29,572313000.0,413336000.0,363142000.0,0.43,0.42,0.43,7081764000.0,,7081764000.0,25864587785.0,17.0,12.534,-173316000.0,-0.256,1.0,698744000.0,0.354,3934650000.0,50194000.0,10141440000.0,,1639095000.0,356212000.0,0.0,356212000.0,5357638000.0,1732873000.0,3624765000.0,22639221785.0,10494000.0,15703000.0,17743000.0,152591000.0,0.0,180952000.0,-425710000.0,-2749000.0,255252000.0,0.0,292713000.0,292713000.0,292713000.0,2211000.0,0.0,0.148,279155000.0,419589000.0,556202000.0,0.0,3.197,22.38,22.696,3807593000.0,0.0,33.59,3.04,3.05,1868458000.0,2839171000.0,1971991000.0,1971991000.0,43199000.0,,,,,7654000.0,235956000.0,1.0,673986954.0,676352000,696496000.0,2.916,8504752000.0,0.0,70429000.0,230470000.0,12.574,2439334000.0
49,WFTIQ,MRQ,2007-06-30,2007-06-30,2007-06-30,2020-03-19,236758000.0,11729399000.0,,3876289000.0,7853110000.0,,9.777,-329105000.0,115504000.0,115504000.0,1192468000.0,165310000.0,2.561,0.773,3340870000.0,268440000.0,3072430000.0,3340870000.0,0.0,144542000.0,0.0,0.0,0.0,305874000.0,450416000.0,0.248,450416000.0,305874000.0,270581000.0,0.24,0.24,0.24,6615425000.0,,6615425000.0,21082310989.0,15.0,10.7,-218506000.0,-0.323,1.0,623477000.0,0.343,3845852000.0,35293000.0,9595622000.0,,1515812000.0,358172000.0,0.0,358172000.0,5113974000.0,1513291000.0,3600683000.0,18632696989.0,6293000.0,-154172000.0,-45458000.0,753242000.0,0.0,711587000.0,-815893000.0,-331771000.0,110599000.0,0.0,165310000.0,165310000.0,165310000.0,11170000.0,0.0,0.091,296036000.0,327441000.0,527976000.0,0.0,2.817,19.55,19.871,3491395000.0,0.0,27.62,2.598,2.606,1740277000.0,2546458000.0,1815945000.0,1815945000.0,40700000.0,,,,,15333000.0,255336000.0,1.0,674608870.0,676662000,695634000.0,2.684,7883547000.0,0.0,105271000.0,227837000.0,11.651,2362998000.0
50,WFTIQ,MRQ,2007-03-31,2007-03-31,2007-03-31,2020-03-19,124163000.0,10677830000.0,,3606550000.0,7071280000.0,,9.376,-357480000.0,109211000.0,109211000.0,1164356000.0,281572000.0,1.497,0.68,2558825000.0,989156000.0,1569669000.0,2558825000.0,0.0,135515000.0,0.0,0.0,0.0,406721000.0,542236000.0,0.293,542236000.0,406721000.0,372950000.0,0.415,0.405,0.415,6357199000.0,,6357199000.0,17338025177.0,12.0,9.016,-201893000.0,-0.298,1.0,687929000.0,0.371,3640127000.0,33771000.0,7078898000.0,,1372883000.0,0.0,0.0,0.0,4320631000.0,2408419000.0,1912212000.0,15250976177.0,-17076000.0,-26482000.0,-120794000.0,340684000.0,0.0,222719000.0,-395382000.0,0.0,155587000.0,0.0,281572000.0,281572000.0,281572000.0,2247000.0,0.0,0.152,272215000.0,415714000.0,574034000.0,0.0,2.399,15.648,15.88,3254051000.0,0.0,22.55,2.212,2.217,1703096000.0,2381148000.0,1852285000.0,1852285000.0,40514000.0,,,,,13726000.0,231701000.0,1.0,676318234.0,678020000,692616000.0,2.732,7037703000.0,0.0,91378000.0,109200000.0,10.38,1198131000.0
51,WFTIQ,MRQ,2006-12-31,2006-12-31,2006-12-31,2020-03-19,119153000.0,10139248000.0,,3391775000.0,6747473000.0,,9.061,-346729000.0,126287000.0,126287000.0,1152353000.0,272002000.0,1.66,0.642,2213336000.0,648736000.0,1564600000.0,2213336000.0,0.0,128985000.0,0.0,0.0,0.0,369541000.0,498526000.0,0.276,498526000.0,369541000.0,337047000.0,0.395,0.385,0.395,6174799000.0,,6174799000.0,16280601193.0,12.0,9.028,26205000.0,0.038,1.0,655235000.0,0.362,3600417000.0,32494000.0,6582735000.0,,1239034000.0,31175000.0,0.0,31175000.0,3964449000.0,2043145000.0,1921304000.0,14196481193.0,5995000.0,-14394000.0,-39494000.0,8321000.0,0.0,-21029000.0,-353320000.0,14240000.0,372934000.0,2410000.0,272002000.0,272002000.0,272002000.0,2943000.0,0.0,0.15,270695000.0,384540000.0,509942000.0,0.0,2.299,15.838,16.198,2979271000.0,0.0,20.895,2.158,2.199,1560849000.0,2099307000.0,1807588000.0,1807588000.0,37384000.0,,,,,5795000.0,233311000.0,1.0,679420014.0,681494000,697226000.0,2.652,6538831000.0,144833000.0,65045000.0,354023000.0,9.595,1348630000.0
52,WFTIQ,MRQ,2006-09-30,2006-09-30,2006-09-30,2020-03-19,178690000.0,9897024000.0,,3268010000.0,6629014000.0,,8.622,-284321000.0,120292000.0,120292000.0,1077846000.0,234203000.0,1.611,0.66,2204412000.0,633038000.0,1571374000.0,2204412000.0,0.0,123480000.0,0.0,0.0,0.0,355712000.0,479192000.0,0.282,479192000.0,355712000.0,328225000.0,0.34,0.33,0.34,5961622000.0,,5961622000.0,16128217897.0,12.0,9.061,-79960000.0,-0.116,1.0,618907000.0,0.365,3666966000.0,27487000.0,6285111000.0,,1168952000.0,0.0,0.0,0.0,3935402000.0,2029067000.0,1906335000.0,14435397897.0,-7083000.0,-35335000.0,-267053000.0,384465000.0,0.0,121926000.0,-328370000.0,0.0,204361000.0,0.0,234203000.0,234203000.0,234203000.0,1939000.0,0.0,0.138,255322000.0,363585000.0,475029000.0,0.0,2.421,16.628,16.233,2816868000.0,0.0,20.86,2.316,2.314,1522188000.0,1827305000.0,1696753000.0,1696753000.0,38241000.0,,,,,15046000.0,217081000.0,1.0,692013322.0,691466000,708942000.0,2.454,6230058000.0,0.0,94022000.0,115082000.0,9.01,1238943000.0
53,WFTIQ,MRQ,2006-06-30,2006-06-30,2006-06-30,2020-03-19,160808000.0,9226261000.0,,2914640000.0,6311621000.0,,8.547,-235617000.0,127375000.0,127375000.0,998272000.0,186847000.0,1.458,0.547,1820195000.0,842903000.0,977292000.0,1820195000.0,0.0,114980000.0,0.0,0.0,0.0,288017000.0,402997000.0,0.262,402997000.0,288017000.0,264380000.0,0.27,0.26,0.27,5963284000.0,,5963284000.0,18858437484.0,18.0,12.917,70890000.0,0.102,1.0,540304000.0,0.351,3545439000.0,23637000.0,5375086000.0,,1069754000.0,0.0,0.0,0.0,3262977000.0,1998556000.0,1264421000.0,17301105484.0,-7935000.0,-81199000.0,-121894000.0,128599000.0,0.0,7207000.0,-321649000.0,0.0,306507000.0,0.0,186847000.0,186847000.0,186847000.0,1648000.0,0.0,0.121,243107000.0,297197000.0,455702000.0,0.0,2.901,25.376,24.205,2642594000.0,0.0,24.81,3.082,3.084,1340307000.0,1593102000.0,1538576000.0,1538576000.0,37361000.0,,,,,13434000.0,205746000.0,1.0,697344034.0,697706000,716866000.0,2.205,5680822000.0,0.0,77533000.0,55467000.0,8.142,916084000.0
54,WFTIQ,MRQ,2006-03-31,2006-03-31,2006-03-31,2020-03-19,108612000.0,8879655000.0,,2821710000.0,6057945000.0,,8.348,-215634000.0,135310000.0,135310000.0,987641000.0,203317000.0,1.569,0.523,1692642000.0,711259000.0,981383000.0,1692642000.0,0.0,115503000.0,0.0,0.0,0.0,305691000.0,421194000.0,0.274,421194000.0,305691000.0,286703000.0,0.29,0.285,0.29,5829594000.0,,5829594000.0,17410487682.0,20.0,13.692,-12417000.0,-0.018,1.0,548370000.0,0.357,3451097000.0,18988000.0,5187717000.0,,991621000.0,0.0,0.0,0.0,3050061000.0,1798173000.0,1251888000.0,15957895682.0,1065000.0,-23526000.0,-64696000.0,101140000.0,0.0,37008000.0,-239160000.0,0.0,203217000.0,0.0,203317000.0,203317000.0,203317000.0,0.0,0.0,0.132,243645000.0,304725000.0,436743000.0,0.0,2.737,27.041,24.73,2480538000.0,0.0,22.875,3.184,3.187,1354404000.0,1406255000.0,1536011000.0,1536011000.0,36443000.0,,,,,14343000.0,207202000.0,1.0,697612926.0,698320000,716652000.0,2.2,5428558000.0,0.0,83386000.0,55838000.0,7.774,1023537000.0
55,WFTIQ,MRQ,2005-12-31,2005-12-31,2005-12-31,2020-03-19,92652000.0,8580304000.0,,2638873000.0,5941431000.0,,8.168,-206732000.0,134245000.0,134245000.0,984561000.0,243750000.0,1.321,0.514,1586837000.0,954766000.0,632071000.0,1586837000.0,0.0,111941000.0,0.0,0.0,0.0,364578000.0,476519000.0,0.326,476519000.0,364578000.0,330223000.0,0.385,0.365,0.385,5666817000.0,,5666817000.0,14297418582.0,20.0,13.706,-11048000.0,-0.016,1.0,476849000.0,0.326,3429582000.0,34355000.0,4605173000.0,,890121000.0,0.0,0.0,0.0,2913487000.0,1998141000.0,915346000.0,12584334582.0,-48956000.0,-21268000.0,26011000.0,-315697000.0,0.0,-288124000.0,44973000.0,276750000.0,195684000.0,-1489000.0,243750000.0,243750000.0,243750000.0,3886000.0,0.0,0.167,234723000.0,242126000.0,476363000.0,0.0,2.221,26.923,23.205,2367237000.0,0.0,18.1,2.904,2.509,1259990000.0,1202938000.0,1461410000.0,1461410000.0,35300000.0,,,,,6122000.0,185860000.0,1.0,695267104.0,693744000,709792000.0,2.107,5150722000.0,158653000.0,86473000.0,186364000.0,7.425,640732000.0
56,WFTIQ,MRQ,2005-09-30,2005-09-30,2005-09-30,2020-03-19,166342000.0,8642253000.0,,2498483000.0,6143770000.0,,9.065,-131608000.0,183201000.0,183201000.0,748662000.0,47886000.0,1.11,0.584,1896285000.0,1271803000.0,624482000.0,1896285000.0,0.0,81950000.0,0.0,0.0,0.0,77332000.0,159282000.0,0.148,159282000.0,77332000.0,60135000.0,0.08,0.075,0.08,5456651000.0,,5456651000.0,10663636642.0,20.0,13.109,35655000.0,0.059,1.0,328154000.0,0.305,3462300000.0,17197000.0,4642440000.0,,857689000.0,193429000.0,0.0,193429000.0,3185602000.0,2250597000.0,935005000.0,9527329642.0,-122470000.0,-934732000.0,102796000.0,688906000.0,0.0,791680000.0,-1081413000.0,-15073000.0,167263000.0,0.0,47886000.0,47886000.0,47886000.0,-587000.0,0.0,0.044,260633000.0,67521000.0,412020000.0,0.0,1.746,26.67,26.82,2312809000.0,0.0,17.165,2.538,2.752,1147423000.0,959188000.0,1076816000.0,1076816000.0,27140000.0,,,,,9378000.0,153475000.0,1.0,555043964.0,601944000,623576000.0,1.789,5179953000.0,0.0,12249000.0,136663000.0,8.605,247886000.0
57,WFTIQ,MRQ,2005-06-30,2005-06-30,2005-06-30,2020-03-19,84916000.0,5762323000.0,,2096593000.0,3665730000.0,,6.371,-119185000.0,305671000.0,305671000.0,633108000.0,95188000.0,1.712,0.627,1441978000.0,613007000.0,828971000.0,1441978000.0,0.0,70317000.0,0.0,0.0,0.0,144304000.0,214621000.0,0.229,214621000.0,144304000.0,129325000.0,0.17,0.16,0.17,3540801000.0,,3540801000.0,9133301763.0,16.0,11.033,-8575000.0,-0.015,1.0,304187000.0,0.325,1956017000.0,14979000.0,3717643000.0,,764676000.0,174302000.0,0.0,174302000.0,2221522000.0,1224970000.0,996552000.0,8021779763.0,-8282000.0,-22457000.0,11826000.0,13269000.0,0.0,22751000.0,-141643000.0,-1000.0,110610000.0,0.0,95188000.0,95188000.0,95188000.0,-463000.0,0.0,0.102,166600000.0,137587000.0,270149000.0,0.0,2.266,21.141,21.007,1427884000.0,0.0,14.495,2.31,2.32,809394000.0,911302000.0,937295000.0,937295000.0,23903000.0,,,,,6615000.0,142697000.0,1.0,553417024.0,555744000,614052000.0,1.687,3806306000.0,0.0,34137000.0,32767000.0,6.849,871623000.0
58,WFTIQ,MRQ,2005-03-31,2005-03-31,2005-03-31,2020-03-19,122295000.0,5700002000.0,,2053971000.0,3646031000.0,,6.278,-78739000.0,313953000.0,313953000.0,582736000.0,80596000.0,3.115,0.647,1425475000.0,17930000.0,1407545000.0,1425475000.0,0.0,70122000.0,0.0,0.0,0.0,122600000.0,192722000.0,0.225,192722000.0,122600000.0,108942000.0,0.145,0.135,0.145,3460887000.0,,3460887000.0,9114229625.0,17.0,11.607,-49202000.0,-0.089,1.0,274970000.0,0.321,1970404000.0,13658000.0,4181750000.0,,738197000.0,171774000.0,0.0,171774000.0,2239115000.0,659370000.0,1579745000.0,8005002625.0,-3486000.0,3264000.0,50494000.0,-6536000.0,0.0,43802000.0,-76825000.0,-1350000.0,29537000.0,0.0,80596000.0,80596000.0,80596000.0,-161000.0,0.0,0.094,151606000.0,123364000.0,270414000.0,0.0,2.313,22.352,21.947,1391559000.0,0.0,14.485,2.443,2.437,801427000.0,816114000.0,857706000.0,857706000.0,21019000.0,,,,,6833000.0,130587000.0,1.0,552640844.0,551252000,609464000.0,1.556,3729598000.0,0.0,28346000.0,35303000.0,6.766,1394601000.0
59,WFTIQ,MRQ,2004-12-31,2004-12-31,2004-12-31,2020-03-19,129291000.0,5543482000.0,,1943178000.0,3600304000.0,,6.071,-119513000.0,317439000.0,317439000.0,603344000.0,133555000.0,2.944,0.673,1426666000.0,22235000.0,1404431000.0,1426666000.0,0.0,67096000.0,0.0,0.0,0.0,179746000.0,246842000.0,0.28,246842000.0,179746000.0,161972000.0,0.245,0.227,0.245,3313389000.0,,3313389000.0,8304875956.0,17.0,11.189,44478000.0,0.082,1.0,279261000.0,0.316,1964230000.0,17774000.0,4028473000.0,,679607000.0,170202000.0,0.0,170202000.0,2230093000.0,660006000.0,1570087000.0,6969858956.0,200487000.0,8331000.0,37535000.0,-36656000.0,0.0,246000.0,33474000.0,144656000.0,163991000.0,2776000.0,133555000.0,133555000.0,133555000.0,-626000.0,0.0,0.151,154938000.0,124323000.0,279763000.0,0.0,2.104,21.111,20.854,1377182000.0,0.0,12.825,2.226,2.195,742291000.0,735518000.0,882605000.0,882605000.0,23833000.0,,,,,2876000.0,131105000.0,1.0,543458788.0,545732000,604996000.0,1.617,3579252000.0,96482000.0,28417000.0,81273000.0,6.559,1283172000.0
60,WFTIQ,MRQ,2004-09-30,2004-09-30,2004-09-30,2020-03-19,14139000.0,5261441000.0,,1669680000.0,3591761000.0,,5.624,-70730000.0,116952000.0,116952000.0,539279000.0,70097000.0,2.41,0.744,1451969000.0,56548000.0,1395421000.0,1451969000.0,0.0,63261000.0,0.0,0.0,0.0,110383000.0,173644000.0,0.219,173644000.0,110383000.0,95323000.0,0.13,0.122,0.13,3017591000.0,,3017591000.0,8211188688.0,21.0,12.833,115639000.0,0.216,1.0,255062000.0,0.321,1896878000.0,15060000.0,4006843000.0,,649877000.0,253669000.0,0.0,253669000.0,2243850000.0,692737000.0,1551113000.0,6810676688.0,57172000.0,-956000.0,53441000.0,-109399000.0,0.0,-56261000.0,-72936000.0,-1250000.0,186369000.0,0.0,70097000.0,70097000.0,70097000.0,-259000.0,0.0,0.088,149312000.0,105750000.0,222733000.0,0.0,2.257,27.75,27.43,1312384000.0,0.0,12.755,2.301,2.313,683841000.0,601963000.0,794341000.0,794341000.0,20445000.0,,,,,2463000.0,128867000.0,1.0,533961324.0,536588000,596356000.0,1.48,3364563000.0,0.0,25226000.0,41948000.0,6.27,976943000.0
61,WFTIQ,MRQ,2004-06-30,2004-06-30,2004-06-30,2020-03-19,-10694000.0,5018562000.0,,1486524000.0,3532038000.0,,5.359,-74710000.0,59780000.0,59780000.0,517429000.0,73889000.0,2.324,0.759,1460292000.0,84235000.0,1376057000.0,1460292000.0,0.0,63102000.0,0.0,0.0,0.0,108908000.0,172010000.0,0.232,172010000.0,108908000.0,93854000.0,0.14,0.13,0.14,2853524000.0,,2853524000.0,7482132029.0,22.0,12.813,10118000.0,0.019,1.0,224759000.0,0.303,1890191000.0,15054000.0,3889299000.0,,643874000.0,249570000.0,0.0,249570000.0,2165038000.0,639584000.0,1525454000.0,5961157029.0,3918000.0,-574000.0,11748000.0,-105827000.0,0.0,-94473000.0,13563000.0,88847000.0,84828000.0,0.0,73889000.0,73889000.0,73889000.0,7143000.0,0.0,0.1,138762000.0,85997000.0,204980000.0,0.0,2.089,28.695,28.325,1296061000.0,0.0,11.245,2.119,2.128,571696000.0,531866000.0,742188000.0,742188000.0,20021000.0,,,,,1979000.0,118741000.0,1.0,530116232.0,532428000,590388000.0,1.394,3128371000.0,0.0,19965000.0,24319000.0,5.876,846940000.0
62,WFTIQ,MRQ,2004-03-31,2004-03-31,2004-03-31,2020-03-19,16083000.0,5115544000.0,,1511185000.0,3604359000.0,,5.271,-66409000.0,55862000.0,55862000.0,497490000.0,52605000.0,1.876,0.834,1576837000.0,188631000.0,1388206000.0,1576837000.0,0.0,62425000.0,0.0,0.0,0.0,87343000.0,149768000.0,0.21,149768000.0,87343000.0,71669000.0,0.1,0.095,0.1,2789899000.0,,2789899000.0,7078506444.0,24.0,13.353,1882000.0,0.004,1.0,215150000.0,0.302,1907827000.0,15674000.0,3923054000.0,,663963000.0,309454000.0,0.0,309454000.0,2325645000.0,805638000.0,1520007000.0,5547635444.0,-220000.0,-12526000.0,26825000.0,-15877000.0,0.0,10879000.0,-79390000.0,-455000.0,68291000.0,0.0,52605000.0,52605000.0,52605000.0,895000.0,0.0,0.074,132793000.0,82357000.0,240795000.0,0.0,1.988,34.155,33.147,1292650000.0,0.0,10.508,2.065,2.07,606614000.0,457977000.0,712640000.0,712640000.0,19253000.0,,,,,1743000.0,113540000.0,1.0,527969112.0,529248000,587800000.0,1.347,3207717000.0,0.0,19064000.0,20210000.0,6.061,705547000.0
63,WFTIQ,MRQ,2003-12-31,2003-12-31,2003-12-31,2020-03-19,20734000.0,4994324000.0,,1425173000.0,3569151000.0,,5.135,-74288000.0,56082000.0,56082000.0,501239000.0,48837000.0,1.94,0.844,1586953000.0,207342000.0,1379611000.0,1586953000.0,0.0,59928000.0,0.0,0.0,0.0,84494000.0,144422000.0,0.203,144422000.0,84494000.0,66790000.0,0.095,0.088,0.095,2708068000.0,,2708068000.0,6251954168.0,23.0,12.409,11242000.0,0.021,1.0,209176000.0,0.294,1892598000.0,17704000.0,3897925000.0,,616748000.0,303654000.0,0.0,303654000.0,2286256000.0,734672000.0,1551584000.0,4726803168.0,-12772000.0,-12645000.0,507000.0,-13409000.0,0.0,-13464000.0,-89058000.0,-2125000.0,85530000.0,4220000.0,48837000.0,48837000.0,48837000.0,535000.0,0.0,0.069,132237000.0,76939000.0,234599000.0,0.0,1.745,32.973,31.579,1283982000.0,0.0,9.0,1.845,1.778,556306000.0,405372000.0,710415000.0,710415000.0,20138000.0,,,,,527000.0,112099000.0,1.0,525200352.0,527372000,545644000.0,1.347,3101726000.0,75754000.0,17953000.0,90526000.0,5.881,690501000.0
64,WFTIQ,MRQ,2003-09-30,2003-09-30,2003-09-30,2020-03-19,-30463000.0,4930482000.0,,1429434000.0,3501048000.0,,4.951,-76996000.0,68854000.0,68854000.0,454615000.0,32412000.0,1.366,0.892,1594005000.0,474391000.0,1119614000.0,1594005000.0,0.0,58489000.0,0.0,0.0,0.0,59258000.0,117747000.0,0.182,117747000.0,59258000.0,42094000.0,0.063,0.06,0.063,2606262000.0,,2606262000.0,6846502765.0,27.0,14.139,5418000.0,0.01,1.0,193033000.0,0.298,1864673000.0,17164000.0,3544373000.0,,627344000.0,297283000.0,0.0,297283000.0,2324220000.0,1046587000.0,1277633000.0,4960215765.0,19769000.0,-31238000.0,401278000.0,-353727000.0,0.0,46964000.0,-109609000.0,-1375000.0,82414000.0,0.0,32412000.0,32412000.0,32412000.0,330000.0,0.0,0.05,121372000.0,71661000.0,211220000.0,0.0,1.903,39.349,36.609,1236959000.0,0.0,9.445,2.071,2.076,536840000.0,358491000.0,647648000.0,647648000.0,19966000.0,,,,,2224000.0,101406000.0,1.0,525168424.0,526384000,545860000.0,1.23,3065809000.0,62909000.0,9682000.0,42292000.0,5.824,382847000.0
65,WFTIQ,MRQ,2003-06-30,2003-06-30,2003-06-30,2020-03-19,-30061000.0,4788342000.0,,1330735000.0,3457607000.0,,4.469,-87029000.0,49085000.0,49085000.0,435735000.0,28573000.0,1.382,1.205,1935372000.0,415185000.0,1520187000.0,1935372000.0,0.0,57714000.0,0.0,0.0,0.0,60448000.0,118162000.0,0.192,118162000.0,60448000.0,39574000.0,0.06,0.055,0.06,2171267000.0,,2171267000.0,6927535107.0,208.0,26.774,-5339000.0,-0.011,1.0,180459000.0,0.293,1838443000.0,20874000.0,3873029000.0,,595796000.0,291128000.0,0.0,291128000.0,2617075000.0,963157000.0,1653918000.0,5061135107.0,10616000.0,-12840000.0,9607000.0,23111000.0,0.0,31439000.0,-102513000.0,-2644000.0,81690000.0,0.0,28573000.0,28573000.0,28573000.0,1823000.0,0.0,0.046,124121000.0,56338000.0,215716000.0,0.0,2.331,-180.768,-183.772,1212168000.0,0.0,10.475,2.17,2.183,510664000.0,324449000.0,616194000.0,616194000.0,22393000.0,,,,,347000.0,101728000.0,1.0,483163256.0,485884000,509636000.0,1.268,2949899000.0,65596000.0,11001000.0,37448000.0,6.071,367578000.0
66,WFTIQ,MRQ,2003-03-31,2003-03-31,2003-03-31,2020-03-19,-122790000.0,4583252000.0,,1297605000.0,3285647000.0,,4.201,-71031000.0,38469000.0,38469000.0,410005000.0,33530000.0,1.433,1.251,1904869000.0,386225000.0,1518644000.0,1904869000.0,0.0,56286000.0,0.0,0.0,0.0,67057000.0,123343000.0,0.209,123343000.0,67057000.0,46249000.0,0.07,0.068,0.07,2036525000.0,,2036525000.0,6389730363.0,123.0,23.424,-35263000.0,-0.073,1.0,179333000.0,0.304,1781492000.0,20808000.0,3762635000.0,,564359000.0,289314000.0,0.0,289314000.0,2546727000.0,905525000.0,1641202000.0,4560388363.0,-10368000.0,-4804000.0,2580000.0,27514000.0,0.0,29699000.0,-75835000.0,0.0,35768000.0,0.0,33530000.0,33530000.0,33530000.0,0.0,0.0,0.057,114267000.0,65066000.0,177853000.0,0.0,2.239,-257.373,-255.203,1147677000.0,0.0,9.443,1.975,1.982,514922000.0,295621000.0,589338000.0,589338000.0,20018000.0,,,,,97000.0,94249000.0,1.0,482964084.0,484740000,506092000.0,1.216,2801760000.0,0.0,12719000.0,26253000.0,5.78,392080000.0
67,WFTIQ,MRQ,2002-12-31,2002-12-31,2002-12-31,2020-03-19,-147900000.0,4494989000.0,,1259239000.0,3235750000.0,,4.085,-159912000.0,48837000.0,48837000.0,377978000.0,31541000.0,1.435,1.277,1878179000.0,364272000.0,1513907000.0,1878179000.0,0.0,56421000.0,0.0,0.0,0.0,68541000.0,124962000.0,0.231,124962000.0,68541000.0,44523000.0,0.065,0.065,0.065,1974496000.0,,1974496000.0,6647213436.0,90.0,23.004,-34052000.0,-0.07,1.0,163401000.0,0.302,1757035000.0,24018000.0,3689819000.0,,547744000.0,285901000.0,0.0,285901000.0,2520493000.0,877477000.0,1643016000.0,4810791436.0,-8248000.0,-15291000.0,8148000.0,-32710000.0,0.0,-24924000.0,-110203000.0,0.0,125860000.0,1019000.0,31541000.0,31541000.0,31541000.0,-929000.0,0.0,0.058,114222000.0,49179000.0,186326000.0,0.0,2.436,-797.81,-767.885,1126162000.0,0.0,9.982,2.102,2.095,485178000.0,262020000.0,541379000.0,541379000.0,24046000.0,,,,,0.0,90176000.0,1.0,481922508.0,483376000,483376000.0,1.12,2737954000.0,84963000.0,12982000.0,88189000.0,5.664,381762000.0
68,WFTIQ,MRQ,2002-09-30,2002-09-30,2002-09-30,2020-03-19,-176134000.0,4400192000.0,,1262157000.0,3138035000.0,,3.932,-78525000.0,57085000.0,57085000.0,426817000.0,-121642000.0,1.451,1.328,1893507000.0,370746000.0,1522761000.0,1893507000.0,0.0,54978000.0,0.0,0.0,0.0,-162705000.0,-107727000.0,-0.184,-107727000.0,-162705000.0,-183109000.0,-0.253,-0.253,-0.253,1890465000.0,,1890465000.0,6606339442.0,58.0,20.221,25033000.0,0.052,1.0,158113000.0,0.27,1704134000.0,20404000.0,3662678000.0,,539344000.0,282701000.0,0.0,282701000.0,2509727000.0,869802000.0,1639925000.0,4832928442.0,8663000.0,-65099000.0,1463000.0,47324000.0,0.0,48729000.0,-143624000.0,0.0,103558000.0,0.0,-121642000.0,-121642000.0,-121642000.0,0.0,0.0,-0.208,108290000.0,49823000.0,181440000.0,0.0,2.556,285.078,244.342,1091193000.0,0.0,9.285,2.041,1.885,484763000.0,230479000.0,584930000.0,584930000.0,19624000.0,,,,,0.0,88666000.0,1.0,520509256.0,480772000,480772000.0,1.217,2696058000.0,0.0,-61467000.0,24288000.0,5.608,392355000.0
69,WFTIQ,MRQ,2002-06-30,2002-06-30,2002-06-30,2020-03-19,-165919000.0,4634530000.0,,1272427000.0,3362103000.0,,4.374,-59707000.0,48410000.0,48410000.0,406058000.0,38852000.0,1.523,1.207,1821821000.0,315648000.0,1506173000.0,1821821000.0,0.0,53306000.0,0.0,0.0,0.0,78903000.0,132209000.0,0.223,132209000.0,78903000.0,58862000.0,0.08,0.077,0.08,2100133000.0,,2100133000.0,6892700194.0,18.0,11.403,-20453000.0,-0.043,1.0,187808000.0,0.316,1656982000.0,20041000.0,3915285000.0,,528452000.0,309706000.0,0.0,309706000.0,2534397000.0,835674000.0,1698723000.0,5168546194.0,-23298000.0,1099000.0,6289000.0,-9382000.0,0.0,-3944000.0,-58608000.0,0.0,39254000.0,0.0,38852000.0,38852000.0,38852000.0,0.0,0.0,0.065,114032000.0,73776000.0,190690000.0,0.0,2.461,26.002,25.714,1077913000.0,0.0,10.8,2.161,2.168,516540000.0,165674000.0,593866000.0,593866000.0,18539000.0,,,,,0.0,95493000.0,1.0,478569092.0,480132000,543036000.0,1.237,2977548000.0,0.0,20010000.0,95792000.0,6.202,436753000.0
70,WFTIQ,MRQ,2002-03-31,2002-03-31,2002-03-31,2020-03-19,-195467000.0,4470648000.0,,1245806000.0,3224842000.0,,4.09,-45201000.0,71720000.0,71720000.0,375677000.0,45219000.0,1.503,1.293,1795874000.0,299375000.0,1496499000.0,1795874000.0,0.0,50034000.0,0.0,0.0,0.0,89477000.0,139511000.0,0.246,139511000.0,89477000.0,68521000.0,0.095,0.09,0.095,1949355000.0,,1949355000.0,7283462860.0,17.0,11.565,-6978000.0,-0.015,1.0,192572000.0,0.339,1635533000.0,20956000.0,3730366000.0,,525075000.0,490215000.0,0.0,490215000.0,2521293000.0,828903000.0,1692390000.0,5682271860.0,-17112000.0,-19229000.0,15807000.0,58288000.0,0.0,74095000.0,-129430000.0,0.0,38223000.0,0.0,45219000.0,45219000.0,45219000.0,0.0,0.0,0.08,109189000.0,83383000.0,177799000.0,0.0,2.915,26.263,25.608,1050725000.0,0.0,11.908,2.397,2.394,469809000.0,313269000.0,568249000.0,568249000.0,16984000.0,,,,,0.0,92205000.0,1.0,477201080.0,476644000,535228000.0,1.192,2835115000.0,0.0,23302000.0,0.0,5.948,416903000.0
71,WFTIQ,MRQ,2001-12-31,2001-12-31,2001-12-31,2020-03-19,-177204000.0,4296362000.0,,1231333000.0,3065029000.0,,3.935,-117949000.0,88832000.0,88832000.0,444350000.0,54524000.0,1.621,1.337,1690023000.0,190229000.0,1499794000.0,1690023000.0,0.0,55284000.0,0.0,0.0,0.0,107423000.0,162707000.0,0.262,162707000.0,107423000.0,85324000.0,0.115,0.11,0.115,1838240000.0,,1838240000.0,5696065557.0,14.0,9.19,56614000.0,0.121,1.0,176586000.0,0.284,1488097000.0,22099000.0,3649859000.0,,504986000.0,483038000.0,0.0,483038000.0,2458122000.0,759597000.0,1698525000.0,4276216557.0,44100000.0,-208744000.0,3872000.0,197131000.0,0.0,201003000.0,-330739000.0,0.0,174563000.0,-727000.0,54524000.0,54524000.0,54524000.0,0.0,0.0,0.088,80200000.0,96386000.0,219630000.0,0.0,2.326,19.922,19.819,1039616000.0,0.0,9.315,1.836,1.824,462145000.0,268050000.0,620936000.0,620936000.0,15638000.0,,,,,0.0,64562000.0,1.0,459067800.0,467172000,550168000.0,1.329,2808265000.0,69985000.0,30800000.0,143888000.0,6.011,471736000.0
72,WFTIQ,MRQ,2001-09-30,2001-09-30,2001-09-30,2020-03-19,-151979000.0,3877565000.0,,1150074000.0,2727491000.0,,3.69,-74555000.0,44732000.0,44732000.0,382751000.0,60181000.0,1.397,1.283,1464581000.0,308955000.0,1155626000.0,1464581000.0,0.0,55458000.0,0.0,0.0,0.0,114588000.0,170046000.0,0.279,170046000.0,114588000.0,94786000.0,0.13,0.122,0.13,1698285000.0,,1698285000.0,4423472231.0,14.0,8.441,-14874000.0,-0.032,1.0,225870000.0,0.371,1148716000.0,19802000.0,3325511000.0,,483946000.0,482348000.0,0.0,482348000.0,2179280000.0,823187000.0,1356093000.0,2921968231.0,6616000.0,-27825000.0,2544000.0,43547000.0,0.0,46091000.0,-102380000.0,0.0,59681000.0,3224000.0,60181000.0,60181000.0,60181000.0,0.0,0.0,0.099,116657000.0,109213000.0,200574000.0,0.0,1.721,38.188,39.859,938782000.0,0.0,6.378,1.303,1.309,456757000.0,213526000.0,608621000.0,608621000.0,12881000.0,,,,,0.0,103776000.0,1.0,458168284.0,460272000,540324000.0,1.322,2728849000.0,0.0,34605000.0,0.0,5.929,326887000.0
73,WFTIQ,MRQ,2001-06-30,2001-06-30,2001-06-30,2020-03-19,-153135000.0,3825329000.0,,1184726000.0,2640603000.0,,3.554,-75846000.0,38116000.0,38116000.0,357721000.0,56436000.0,1.376,1.367,1539620000.0,391014000.0,1148606000.0,1539620000.0,0.0,50219000.0,0.0,0.0,0.0,107329000.0,157548000.0,0.275,157548000.0,107329000.0,89605000.0,0.125,0.115,0.125,1615913000.0,,1615913000.0,6770599672.0,27.0,14.912,-25769000.0,-0.057,1.0,215279000.0,0.376,1108871000.0,17724000.0,3356918000.0,,437034000.0,483851000.0,0.0,483851000.0,2209416000.0,861044000.0,1348372000.0,5457726672.0,-14092000.0,-144306000.0,2796000.0,153187000.0,0.0,155983000.0,-220152000.0,0.0,50077000.0,0.0,56436000.0,56436000.0,56436000.0,0.0,0.0,0.098,112720000.0,102559000.0,196410000.0,0.0,3.377,144.167,150.0,888462000.0,0.0,12.0,2.604,2.603,556326000.0,153345000.0,573000000.0,573000000.0,12022000.0,,,,,0.0,100698000.0,1.0,454810556.0,454680000,542188000.0,1.26,2716458000.0,0.0,33169000.0,0.0,5.974,323682000.0
74,WFTIQ,MRQ,2001-03-31,2001-03-31,2001-03-31,2020-03-19,-143667000.0,3349387000.0,,1064247000.0,2285140000.0,,3.096,-65391000.0,52208000.0,52208000.0,351501000.0,43510000.0,1.667,1.446,1365081000.0,232127000.0,1132954000.0,1365081000.0,0.0,47168000.0,0.0,0.0,0.0,82377000.0,129545000.0,0.246,129545000.0,82377000.0,67996000.0,0.098,0.092,0.098,1369070000.0,,1369070000.0,6452372410.0,35.0,16.919,-72650000.0,-0.164,1.0,174657000.0,0.332,901052000.0,14381000.0,3122687000.0,,389559000.0,479890000.0,0.0,479890000.0,1980317000.0,638521000.0,1341796000.0,5442370410.0,-101600000.0,-42286000.0,2015000.0,217821000.0,0.0,219836000.0,-314177000.0,-206500000.0,-7259000.0,0.0,43510000.0,43510000.0,43510000.0,0.0,0.0,0.083,94869000.0,79788000.0,162663000.0,0.0,3.975,-1012.534,-822.5,714508000.0,0.0,12.338,2.798,2.805,473266000.0,96909000.0,526158000.0,526158000.0,0.0,,,,,0.0,94869000.0,1.0,441124248.0,442164000,499400000.0,1.19,2448335000.0,61837000.0,24486000.0,136028000.0,5.537,425726000.0
75,WFTIQ,MRQ,2000-12-31,2000-12-31,2000-12-31,2020-03-19,-126642000.0,3461579000.0,,1241587000.0,2219992000.0,,3.031,-94806000.0,153808000.0,153808000.0,330229000.0,-83612000.0,2.683,1.586,1163810000.0,31134000.0,1132676000.0,1163810000.0,0.0,52770000.0,0.0,0.0,0.0,14114000.0,66884000.0,0.125,66884000.0,14114000.0,212000.0,-0.193,-0.19,-0.193,1338458000.0,,1338458000.0,6268287468.0,50.0,19.259,28055000.0,0.064,1.0,204632000.0,0.383,1051562000.0,13902000.0,2957303000.0,,443588000.0,9229000.0,0.0,9229000.0,2123121000.0,462716000.0,1660405000.0,5192294468.0,56069000.0,40398000.0,923000.0,-13852000.0,0.0,-13067000.0,-54408000.0,0.0,122861000.0,683000.0,-83612000.0,-83612000.0,-83612000.0,0.0,0.0,-0.156,192813000.0,11819000.0,196200000.0,0.0,3.879,-122.604,-120.536,973025000.0,0.0,11.813,2.862,2.851,498663000.0,53399000.0,534861000.0,534861000.0,42950000.0,,,,,0.0,93545000.0,1.0,439559320.0,441548000,396416000.0,1.211,2410017000.0,72054000.0,83824000.0,164451000.0,5.458,778871000.0
76,WFTIQ,MRQ,2000-09-30,2000-09-30,2000-09-30,2020-03-19,-128925000.0,3405228000.0,,1101565000.0,2303663000.0,,3.223,-60602000.0,97739000.0,97739000.0,322395000.0,21523000.0,2.445,1.406,1173732000.0,39502000.0,1134230000.0,1173732000.0,0.0,50282000.0,0.0,0.0,0.0,49783000.0,100065000.0,0.217,100065000.0,49783000.0,33965000.0,0.05,0.048,0.05,1415334000.0,,1415334000.0,5730117982.0,48.0,18.334,2313000.0,0.005,1.0,139775000.0,0.302,1071077000.0,15818000.0,2959682000.0,,431509000.0,0.0,0.0,0.0,1989894000.0,450462000.0,1539432000.0,4667850982.0,-183978000.0,-4584000.0,663000.0,-180632000.0,0.0,-179861000.0,-65186000.0,0.0,62915000.0,-1846000.0,21523000.0,21523000.0,21523000.0,0.0,0.0,0.047,95443000.0,44332000.0,152671000.0,0.0,3.298,150.761,153.571,927950000.0,0.0,10.75,2.826,2.858,446516000.0,137011000.0,462170000.0,462170000.0,0.0,,,,,0.0,95443000.0,1.0,434218696.0,439168000,458000000.0,1.052,2334151000.0,72962000.0,12442000.0,205894000.0,5.315,651103000.0
77,WFTIQ,MRQ,2000-06-30,2000-06-30,2000-06-30,2020-03-19,-97749000.0,3456027000.0,,1249966000.0,2206061000.0,,3.129,-5870000.0,281717000.0,281717000.0,294470000.0,13204000.0,2.257,1.536,1343984000.0,216434000.0,1127550000.0,1343984000.0,0.0,47643000.0,0.0,0.0,0.0,37226000.0,84869000.0,0.201,84869000.0,37226000.0,20706000.0,0.03,0.03,0.03,1362932000.0,,1362932000.0,5333409040.0,75.0,20.926,-8775000.0,-0.02,1.0,127378000.0,0.302,1027584000.0,16520000.0,2936813000.0,,419724000.0,0.0,0.0,0.0,2093095000.0,553897000.0,1539198000.0,4339715040.0,254166000.0,-50723000.0,924000.0,312632000.0,0.0,313664000.0,-56593000.0,0.0,-2905000.0,0.0,13204000.0,13204000.0,13204000.0,0.0,0.0,0.031,93442000.0,33936000.0,139312000.0,0.0,3.184,-2623.77,-1428.571,874274000.0,0.0,10.0,2.867,2.878,423735000.0,114727000.0,421848000.0,421848000.0,0.0,,,,,0.0,93442000.0,1.0,433971504.0,435584000,451620000.0,0.968,2428443000.0,63027000.0,7502000.0,212572000.0,5.575,696069000.0
78,WFTIQ,MRQ,2000-03-31,2000-03-31,2000-03-31,2020-03-19,-100058000.0,3600046000.0,,942500000.0,2657546000.0,,4.223,-16856000.0,27551000.0,27551000.0,280992000.0,6535000.0,1.275,0.96,1021245000.0,394262000.0,626983000.0,1021245000.0,0.0,48414000.0,0.0,0.0,0.0,25239000.0,73653000.0,0.186,73653000.0,25239000.0,12217000.0,0.015,0.015,0.015,1837165000.0,,1837165000.0,7250235078.0,167.0,33.026,-67224000.0,-0.155,1.0,114390000.0,0.289,1009429000.0,13022000.0,2845278000.0,,401029000.0,0.0,0.0,0.0,1762881000.0,739033000.0,1023848000.0,6342726078.0,-16810000.0,-22031000.0,2032000.0,70305000.0,0.0,72445000.0,-38887000.0,0.0,-50368000.0,0.0,6535000.0,6535000.0,6535000.0,3458000.0,0.0,0.017,87551000.0,26839000.0,131672000.0,0.0,3.452,-375.798,-348.214,878236000.0,0.0,14.625,4.629,4.643,385649000.0,592845000.0,395382000.0,395382000.0,0.0,,,,,0.0,87551000.0,1.0,433690672.0,435008000,445272000.0,0.909,2590617000.0,66028000.0,5682000.0,197900000.0,5.955,203467000.0
79,WFTIQ,MRQ,1999-12-31,1999-12-31,1999-12-31,2020-03-19,-89797000.0,3513789000.0,,869149000.0,2644640000.0,,4.241,-28860000.0,44361000.0,44361000.0,267586000.0,-10300000.0,1.305,0.906,951870000.0,322767000.0,629103000.0,951870000.0,0.0,46690000.0,0.0,0.0,0.0,7261000.0,53951000.0,0.145,53951000.0,7261000.0,-5726000.0,-0.025,-0.025,-0.025,1843684000.0,,1843684000.0,5217435616.0,161.0,26.197,-45478000.0,-0.105,1.0,105053000.0,0.282,991679000.0,12987000.0,2763539000.0,,364607000.0,0.0,0.0,0.0,1670105000.0,666080000.0,1004025000.0,4317050616.0,23192000.0,40274000.0,-1464000.0,30773000.0,0.0,29262000.0,11414000.0,0.0,-16618000.0,-866000.0,-10300000.0,-10300000.0,-10300000.0,17789000.0,0.0,-0.028,82620000.0,22433000.0,117530000.0,0.0,2.342,-206.805,-192.019,898996000.0,0.0,9.985,3.481,3.261,352139000.0,586310000.0,372639000.0,372639000.0,0.0,,,,,0.0,82620000.0,1.0,432353592.0,434680000,442552000.0,0.857,2522110000.0,121664000.0,4574000.0,109518000.0,5.802,203069000.0
80,WFTIQ,MRQ,1999-09-30,1999-09-30,1999-09-30,2020-03-19,-86803000.0,3443469000.0,,852476000.0,2590993000.0,,4.566,6694000.0,21169000.0,21169000.0,236401000.0,-11093000.0,1.402,0.859,921554000.0,294010000.0,627544000.0,921554000.0,0.0,40617000.0,0.0,0.0,0.0,1774000.0,42391000.0,0.131,42391000.0,1774000.0,-9245000.0,-0.028,-0.028,-0.028,1852192000.0,,1852192000.0,3989469376.0,-3684.0,25.719,75626000.0,0.186,1.0,87231000.0,0.27,969046000.0,11019000.0,2766833000.0,,359446000.0,0.0,0.0,0.0,1591277000.0,607975000.0,983302000.0,3132421376.0,-7582000.0,-59908000.0,-791000.0,-22602000.0,0.0,-23300000.0,-53214000.0,0.0,68932000.0,0.0,-11093000.0,-11093000.0,-11093000.0,14115000.0,0.0,-0.034,70290000.0,16941000.0,96719000.0,0.0,1.691,-90.157,-91.954,901502000.0,0.0,8.0,2.678,2.775,345434000.0,596610000.0,323632000.0,323632000.0,0.0,,,,,0.0,70290000.0,1.0,391552672.0,405632000,413924000.0,0.798,2474423000.0,0.0,1848000.0,160549000.0,6.1,244501000.0
81,WFTIQ,MRQ,1999-06-30,1999-06-30,1999-06-30,2020-03-19,-81700000.0,3041099000.0,,1046275000.0,1994824000.0,,3.849,43021000.0,29952000.0,29952000.0,201754000.0,-2020000.0,1.909,1.024,887000000.0,256043000.0,630957000.0,887000000.0,0.0,40302000.0,0.0,0.0,0.0,9234000.0,49536000.0,0.178,49536000.0,9234000.0,-1664000.0,-0.005,-0.005,-0.005,1502563000.0,,1502563000.0,4399925408.0,71.0,22.288,70569000.0,0.181,1.0,76834000.0,0.276,867710000.0,10898000.0,2482268000.0,,499951000.0,0.0,0.0,0.0,1538536000.0,548169000.0,990367000.0,3576619408.0,-1190000.0,-37563000.0,528000.0,30330000.0,0.0,-34196000.0,5458000.0,0.0,27548000.0,0.0,-2020000.0,-2020000.0,-2020000.0,3953000.0,0.0,-0.007,67184000.0,9650000.0,110894000.0,0.0,2.38,187.228,183.1,1016032000.0,0.0,9.155,3.062,3.059,368157000.0,607703000.0,278588000.0,278588000.0,0.0,,,,,0.0,67184000.0,1.0,390673884.0,390344000,397720000.0,0.714,2173389000.0,0.0,356000.0,182461000.0,5.568,498106000.0
82,WFTIQ,MRQ,1999-03-31,1999-03-31,1999-03-31,2020-03-19,-90663000.0,3037360000.0,,1069064000.0,1968296000.0,,3.805,-22856000.0,34736000.0,34736000.0,183675000.0,2538000.0,2.078,1.051,858042000.0,225431000.0,632611000.0,858042000.0,0.0,39049000.0,0.0,0.0,0.0,14237000.0,53286000.0,0.201,53286000.0,14237000.0,4237000.0,0.007,0.007,0.007,1481243000.0,,1481243000.0,3338823149.0,77.0,18.518,-39674000.0,-0.102,1.0,81666000.0,0.308,837704000.0,10000000.0,2508476000.0,,522157000.0,0.0,0.0,0.0,1556117000.0,514486000.0,1041631000.0,2541786149.0,-4190000.0,-31155000.0,-1170000.0,67697000.0,0.0,66639000.0,-54011000.0,0.0,-16818000.0,0.0,2538000.0,2538000.0,2538000.0,1224000.0,0.0,0.01,66490000.0,15176000.0,108174000.0,0.0,1.716,407.86,362.778,1008014000.0,0.0,6.53,1.79,1.79,367298000.0,609723000.0,265341000.0,265341000.0,0.0,,,,,0.0,66490000.0,1.0,389247496.0,389260000,392028000.0,0.682,2199656000.0,54996000.0,1699000.0,158495000.0,5.651,554578000.0
83,WFTIQ,MRQ,1998-12-31,1998-12-31,1998-12-31,2020-03-19,-76389000.0,2638612000.0,,732096000.0,1906516000.0,,3.837,87393000.0,34131000.0,34131000.0,226328000.0,-24169000.0,1.774,0.766,775092000.0,152194000.0,622898000.0,775092000.0,0.0,36234000.0,0.0,0.0,0.0,-26328000.0,9906000.0,0.033,9906000.0,-26328000.0,-37456000.0,-0.063,-0.06,-0.063,1493880000.0,,1493880000.0,2747054920.0,27.0,11.371,151721000.0,0.39,1.0,75625000.0,0.25,648570000.0,11128000.0,2318430000.0,,298555000.0,0.0,0.0,0.0,1144732000.0,412573000.0,732159000.0,1888802920.0,-9504000.0,-62866000.0,43000.0,-98140000.0,0.0,-97773000.0,25116000.0,0.0,64328000.0,-1175000.0,-24169000.0,-24169000.0,-24169000.0,4123000.0,0.0,-0.08,99325000.0,-23700000.0,92274000.0,0.0,1.264,29.132,28.839,629276000.0,0.0,4.845,1.385,1.379,271867000.0,607185000.0,301953000.0,301953000.0,0.0,,,,,0.0,64875000.0,1.0,389845804.0,389364000,380832000.0,0.776,1990042000.0,60956000.0,-13287000.0,128212000.0,5.111,319523000.0
84,WFTIQ,MRQ,1998-09-30,1998-09-30,1998-09-30,2020-03-19,-71764000.0,2924220000.0,,1177276000.0,1746944000.0,,3.911,-42718000.0,48542000.0,48542000.0,221971000.0,42754000.0,1.854,0.919,906794000.0,259742000.0,647052000.0,906794000.0,0.0,19797000.0,0.0,0.0,0.0,64889000.0,84686000.0,0.263,84686000.0,64889000.0,53137000.0,0.11,0.11,0.11,1523510000.0,,1523510000.0,2906907909.0,14.0,8.915,5934000.0,0.015,1.0,100287000.0,0.311,766031000.0,11752000.0,2381423000.0,,552609000.0,0.0,0.0,0.0,1400710000.0,635018000.0,765692000.0,2103176909.0,-14689000.0,-54220000.0,-612000.0,35442000.0,0.0,33597000.0,-96938000.0,0.0,48652000.0,0.0,42754000.0,42754000.0,42754000.0,-20515000.0,0.0,0.133,57218000.0,43069000.0,159025000.0,0.0,1.38,15.087,15.098,900616000.0,0.0,5.405,1.543,1.545,461323000.0,631354000.0,322258000.0,322258000.0,0.0,,,,,0.0,57218000.0,1.0,389116912.0,389544000,391276000.0,0.827,2158189000.0,0.0,10383000.0,136900000.0,5.54,542258000.0
85,WFTIQ,MRQ,1998-06-30,1998-06-30,1998-06-30,2020-03-19,-52816000.0,2922306000.0,,1197553000.0,1724753000.0,,3.863,-21811000.0,66527000.0,66527000.0,363715000.0,-14891000.0,1.845,0.954,870258000.0,220795000.0,649463000.0,870258000.0,0.0,41587000.0,0.0,0.0,0.0,-9162000.0,32425000.0,0.061,32425000.0,-9162000.0,-22910000.0,-0.037,-0.037,-0.037,1495461000.0,,1495461000.0,2333434867.0,10.0,6.298,-34329000.0,-0.089,1.0,167118000.0,0.315,758993000.0,13748000.0,2317848000.0,,529069000.0,0.0,0.0,0.0,1426845000.0,649196000.0,777649000.0,1770545867.0,24027000.0,-2542000.0,-377000.0,63405000.0,0.0,64261000.0,-28281000.0,0.0,-12518000.0,565000.0,-14891000.0,-14891000.0,-14891000.0,0.0,0.0,-0.028,179276000.0,-12158000.0,192183000.0,0.0,1.184,11.775,23.84,872045000.0,0.0,9.25,1.142,2.309,507731000.0,588600000.0,530833000.0,530833000.0,0.0,,,,,0.0,71629000.0,1.0,191410364.0,387084000,387084000.0,1.371,2163313000.0,0.0,-8019000.0,163845000.0,5.589,548357000.0
86,WFTIQ,MRQ,1998-03-31,1998-03-31,1998-03-31,2020-03-19,-16059000.0,1550458000.0,,675157000.0,875301000.0,,1.522,-42688000.0,25182000.0,25182000.0,384358000.0,61143000.0,1.603,1.632,588071000.0,143496000.0,444575000.0,588071000.0,0.0,41940000.0,0.0,0.0,0.0,109989000.0,151929000.0,0.266,151929000.0,109989000.0,97978000.0,0.158,0.158,0.158,589000000.0,,589000000.0,2661338706.0,8.0,5.522,-21298000.0,-0.055,1.0,186162000.0,0.326,493470000.0,12011000.0,1198618000.0,,316202000.0,0.0,0.0,0.0,961458000.0,421259000.0,540199000.0,2212905706.0,-31711000.0,-78056000.0,-35478000.0,99758000.0,0.0,64280000.0,-116816000.0,0.0,21390000.0,-565000.0,61143000.0,61143000.0,61143000.0,0.0,0.0,0.107,76911000.0,109251000.0,148501000.0,0.0,3.757,10.488,21.243,327816000.0,0.0,11.578,1.479,2.994,270320000.0,263220000.0,570520000.0,570520000.0,0.0,,,,,0.0,76911000.0,1.0,191138476.0,387044000,390500000.0,1.474,1056988000.0,0.0,36835000.0,121236000.0,2.731,253898000.0
87,WFTIQ,MRQ,1997-12-31,1997-12-31,1997-12-31,2020-03-19,-38494000.0,2737910000.0,,1134076000.0,1603834000.0,,3.755,-25183000.0,74211000.0,74211000.0,-58038000.0,50393000.0,2.254,0.877,692243000.0,37421000.0,654822000.0,692243000.0,0.0,13351000.0,0.0,0.0,0.0,43672000.0,57023000.0,-0.941,57023000.0,43672000.0,44307000.0,0.128,0.128,0.128,1458549000.0,,1458549000.0,,,,27137000.0,0.07,1.0,-2558000.0,0.042,668475000.0,-635000.0,2184298000.0,,455811000.0,0.0,0.0,0.0,1279361000.0,503169000.0,776192000.0,2472854033.0,14080000.0,-246708000.0,-8441000.0,260328000.0,0.0,237239000.0,-274695000.0,0.0,52320000.0,-784000.0,50393000.0,50393000.0,50393000.0,-67028000.0,0.0,-0.832,17164000.0,-19722000.0,218810000.0,0.0,1.695,13.17,26.566,866813000.0,0.0,12.938,1.822,3.662,524929000.0,542348000.0,-60596000.0,-60596000.0,0.0,,,,,0.0,17164000.0,1.0,191138476.0,388396000,394664000.0,-0.156,2069435000.0,44904000.0,-6086000.0,165687000.0,5.328,630907000.0
88,WFTIQ,MRQ,1997-09-30,1997-09-30,1997-09-30,2020-03-19,,,,,,,,-57892000.0,,,351454000.0,53726000.0,,,,,,,,36203000.0,,0.0,0.0,92909000.0,129112000.0,0.253,129112000.0,92909000.0,82784000.0,0.14,0.138,0.14,,,,,,,-18328000.0,-0.048,1.0,158264000.0,0.31,,10125000.0,,,,,,,,,,,-34984000.0,-23060000.0,6237000.0,270000.0,0.0,7366000.0,-81914000.0,0.0,39564000.0,0.0,53726000.0,53726000.0,53726000.0,0.0,0.0,0.105,66683000.0,91581000.0,,0.0,,,,,0.0,16.0,,,,,509718000.0,509718000.0,0.0,,,,,0.0,66683000.0,1.0,,385384000,391748000.0,1.323,,,29058000.0,,,
89,WFTIQ,MRQ,1997-06-30,1997-06-30,1997-06-30,2020-03-19,,,,,,,,-59533000.0,,,337186000.0,45741000.0,,,,,,,,62922000.0,,0.0,0.0,80965000.0,143887000.0,0.302,143887000.0,80965000.0,70362000.0,0.12,0.117,0.12,,,,,,,-7334000.0,-0.019,1.0,139813000.0,0.293,,10603000.0,,,,,,,,,,,-48818000.0,14586000.0,4605000.0,-84995000.0,0.0,-76712000.0,-24305000.0,23352000.0,52199000.0,0.0,45741000.0,45741000.0,45741000.0,0.0,0.0,0.096,64651000.0,75162000.0,,0.0,,,,,0.0,10.5,,,,,476999000.0,476999000.0,0.0,,,,,0.0,64651000.0,1.0,,381848000,387764000.0,1.249,,,24621000.0,,,
90,WFTIQ,MRQ,1997-03-31,1997-03-31,1997-03-31,2020-03-19,,,,,,,,-7271000.0,,,122271000.0,14345000.0,,,,,,,,6845000.0,,0.0,0.0,26651000.0,33496000.0,0.203,33496000.0,26651000.0,22240000.0,0.077,0.077,0.077,,,,,,,-29310000.0,-0.16,1.0,42369000.0,0.257,,4411000.0,,,,,,,,,,,-119972000.0,-92987000.0,-425000.0,2658000.0,0.0,2233000.0,-100166000.0,0.0,-22039000.0,0.0,14345000.0,14345000.0,14345000.0,0.0,0.0,0.087,19032000.0,23337000.0,,0.0,,,,,0.0,7.702,,,,,164640000.0,164640000.0,0.0,,,,,0.0,19032000.0,1.0,,182688000,187060000.0,0.901,,,7895000.0,,,
91,WFTIQ,MRQ,1996-12-31,1996-12-31,1996-12-31,2020-03-19,-6331000.0,852843000.0,,558681000.0,294162000.0,,1.264,,223966000.0,223966000.0,,,2.396,0.878,134783000.0,8073000.0,126710000.0,134783000.0,0.0,,0.0,0.0,0.0,,,,,,,,,,454084000.0,,454084000.0,,,,,,1.0,,,102474000.0,,428060000.0,,157631000.0,23841000.0,23841000.0,0.0,398759000.0,233126000.0,165633000.0,,,,,,,,,,,,,,,,,,,,80783000.0,,,,13.737,172724000.0,,6.36,,1.558,119152000.0,158333000.0,,,,,,,,,,1.0,,359368000,,,750369000.0,27643000.0,,120839000.0,2.088,325555000.0
0,WFTIQ,MRT,2019-09-30,2019-09-30,2019-09-30,2020-03-19,-1703000000.0,6324000000.0,6456250000.0,3924000000.0,2400000000.0,0.836,-5.241,-213000000.0,1050000000.0,1050000000.0,4229000000.0,-3700000000.0,1.161,-2.195,9399000000.0,1706000000.0,7693000000.0,9399000000.0,0.0,494000000.0,0.0,0.0,0.0,-3193000000.0,-2699000000.0,-0.5,-2699000000.0,-3193000000.0,-3691000000.0,-3.72,-3.72,-3.72,-5262000000.0,-4384500000.0,-5262000000.0,7706114219.0,-2.0,-2.855,-787000000.0,-0.784,1.0,1169000000.0,0.217,0.0,498000000.0,11293000000.0,11041250000.0,1126000000.0,0.0,0.0,0.0,11548000000.0,3380000000.0,8168000000.0,28114219.0,657000000.0,539000000.0,0.0,891000000.0,0.0,862000000.0,373000000.0,0.0,-574000000.0,-4000000.0,-3721000000.0,-3721000000.0,-3721000000.0,0.0,21000000.0,-0.689,3994000000.0,-2825000000.0,627000000.0,0.0,-0.005,-0.008,-0.008,1881000000.0,0.0,0.028,0.005,0.005,1277000000.0,-10289000000.0,5398000000.0,5398000000.0,140000000.0,-0.576,0.849,-0.289,-0.592,28000000.0,912000000.0,1.0,1004079258.0,1004000000,1004000000.0,5.376,6324000000.0,0.0,30000000.0,197000000.0,6.299,544000000.0
1,WFTIQ,MRT,2019-06-30,2019-06-30,2019-06-30,2020-03-19,-1683000000.0,6381000000.0,7084750000.0,3406000000.0,2975000000.0,0.78,-4.408,-221000000.0,618000000.0,618000000.0,4327000000.0,-3079000000.0,1.179,-2.433,8296000000.0,930000000.0,7366000000.0,8296000000.0,0.0,504000000.0,0.0,0.0,0.0,-2450000000.0,-1946000000.0,-0.352,-1946000000.0,-2450000000.0,-3078000000.0,-3.1,-3.1,-3.1,-4426000000.0,-3457250000.0,-4426000000.0,7670193908.0,-3.0,-3.942,-626000000.0,-0.624,1.0,1201000000.0,0.217,403000000.0,628000000.0,10767000000.0,11054000000.0,1081000000.0,0.0,0.0,0.0,10770000000.0,2889000000.0,7881000000.0,50193908.0,203000000.0,533000000.0,0.0,303000000.0,0.0,265000000.0,359000000.0,0.0,-405000000.0,-16000000.0,-3099000000.0,-3099000000.0,-3099000000.0,0.0,20000000.0,-0.561,3592000000.0,-2391000000.0,735000000.0,0.0,-0.011,-0.016,-0.016,1984000000.0,0.0,0.05,0.009,0.009,1226000000.0,-9468000000.0,5528000000.0,5528000000.0,136000000.0,-0.437,0.896,-0.222,-0.443,34000000.0,903000000.0,1.0,1003878163.0,1004000000,1004000000.0,5.506,5978000000.0,0.0,21000000.0,186000000.0,5.954,517000000.0
2,WFTIQ,MRT,2019-03-31,2019-03-31,2019-03-31,2020-03-19,-1713000000.0,6519000000.0,7734250000.0,3406000000.0,3113000000.0,0.733,-4.133,-195000000.0,598000000.0,598000000.0,4451000000.0,-3026000000.0,1.36,-2.563,8218000000.0,612000000.0,7606000000.0,8218000000.0,0.0,532000000.0,0.0,0.0,0.0,-2413000000.0,-1881000000.0,-0.332,-1881000000.0,-2413000000.0,-3033000000.0,-3.05,-3.05,-3.05,-4145000000.0,-2690500000.0,-4145000000.0,8086174779.0,-3.0,-4.299,-501000000.0,-0.5,1.0,1216000000.0,0.215,504000000.0,620000000.0,11131000000.0,11226250000.0,1050000000.0,0.0,0.0,0.0,10625000000.0,2504000000.0,8121000000.0,700174779.0,139000000.0,306000000.0,0.0,361000000.0,0.0,322000000.0,158000000.0,0.0,-306000000.0,-35000000.0,-3047000000.0,-3047000000.0,-3047000000.0,0.0,21000000.0,-0.538,3562000000.0,-2346000000.0,746000000.0,0.0,-0.169,-0.23,-0.229,1994000000.0,0.0,0.698,0.124,0.124,1154000000.0,-9152000000.0,5667000000.0,5667000000.0,137000000.0,-0.394,1.133,-0.215,-0.426,42000000.0,889000000.0,1.0,1003115729.0,1003000000,1003000000.0,5.65,6015000000.0,0.0,14000000.0,198000000.0,5.997,902000000.0
3,WFTIQ,MRT,2018-12-31,2018-12-31,2018-12-31,2020-03-19,-1746000000.0,6601000000.0,8438000000.0,3450000000.0,3151000000.0,0.681,-3.716,-186000000.0,602000000.0,602000000.0,4514000000.0,-2791000000.0,1.5,-2.771,7988000000.0,383000000.0,7605000000.0,7988000000.0,0.0,556000000.0,0.0,0.0,0.0,-2163000000.0,-1607000000.0,-0.28,-1607000000.0,-2163000000.0,-2777000000.0,-2.82,-2.82,-2.82,-3705000000.0,-1889750000.0,-3705000000.0,8188515660.0,-4.0,-5.096,-428000000.0,-0.429,1.0,1230000000.0,0.214,713000000.0,614000000.0,10974000000.0,11345250000.0,1025000000.0,0.0,0.0,0.0,10267000000.0,2300000000.0,7967000000.0,559515660.0,-11000000.0,261000000.0,0.0,242000000.0,0.0,168000000.0,122000000.0,0.0,-242000000.0,-59000000.0,-2811000000.0,-2811000000.0,-2811000000.0,0.0,20000000.0,-0.489,3314000000.0,-2084000000.0,732000000.0,0.0,-0.151,-0.199,-0.198,2086000000.0,0.0,0.559,0.097,0.097,1130000000.0,-8671000000.0,5744000000.0,5744000000.0,139000000.0,-0.333,1.487,-0.191,-0.377,47000000.0,894000000.0,1.0,1000922469.0,997000000,997000000.0,5.761,5888000000.0,0.0,34000000.0,214000000.0,5.906,1150000000.0
4,WFTIQ,MRT,2018-09-30,2018-09-30,2018-09-30,2020-03-19,-1688000000.0,8838000000.0,9224500000.0,3730000000.0,5108000000.0,0.629,-1.556,61000000.0,393000000.0,393000000.0,4692000000.0,-2629000000.0,1.622,-6.662,8022000000.0,396000000.0,7626000000.0,8022000000.0,0.0,609000000.0,0.0,0.0,0.0,-1895000000.0,-1286000000.0,-0.222,-1286000000.0,-1895000000.0,-2504000000.0,-2.67,-2.67,-2.67,-1553000000.0,-1120000000.0,-1553000000.0,10216096532.0,-5.0,-7.944,-190000000.0,-0.19,1.0,1113000000.0,0.192,2824000000.0,609000000.0,11344000000.0,11568250000.0,1097000000.0,0.0,0.0,0.0,10346000000.0,2299000000.0,8047000000.0,2702096532.0,-52000000.0,471000000.0,0.0,23000000.0,0.0,-44000000.0,298000000.0,0.0,-251000000.0,-55000000.0,-2646000000.0,-2646000000.0,-2646000000.0,0.0,17000000.0,-0.456,2979000000.0,-1866000000.0,728000000.0,0.0,-1.74,-1.021,-1.015,2157000000.0,0.0,2.71,0.465,0.466,1155000000.0,-6568000000.0,5805000000.0,5805000000.0,147000000.0,-0.287,2.362,-0.164,-0.326,53000000.0,961000000.0,1.0,997083591.0,998000000,998000000.0,5.817,6014000000.0,0.0,142000000.0,231000000.0,6.026,1431000000.0
5,WFTIQ,MRT,2018-06-30,2018-06-30,2018-06-30,2020-03-19,-1679000000.0,8979000000.0,10018250000.0,3693000000.0,5286000000.0,0.581,-1.363,41000000.0,415000000.0,415000000.0,4782000000.0,-2686000000.0,1.679,-7.572,7929000000.0,295000000.0,7634000000.0,7929000000.0,0.0,680000000.0,0.0,0.0,0.0,-1957000000.0,-1277000000.0,-0.219,-1277000000.0,-1957000000.0,-2558000000.0,-2.73,-2.73,-2.73,-1359000000.0,-399750000.0,-1359000000.0,10612304835.0,-5.0,-8.31,-421000000.0,-0.422,1.0,1039000000.0,0.178,2837000000.0,601000000.0,11456000000.0,12343250000.0,1143000000.0,0.0,0.0,0.0,10291000000.0,2200000000.0,8091000000.0,3279304835.0,-169000000.0,452000000.0,0.0,154000000.0,0.0,93000000.0,239000000.0,0.0,-462000000.0,-39000000.0,-2703000000.0,-2703000000.0,-2703000000.0,0.0,17000000.0,-0.464,2962000000.0,-1923000000.0,754000000.0,0.0,-2.413,-1.213,-1.205,2273000000.0,0.0,3.29,0.563,0.563,1167000000.0,-6369000000.0,5821000000.0,5821000000.0,158000000.0,-0.27,6.762,-0.159,-0.336,56000000.0,996000000.0,1.0,996749190.0,997000000,997000000.0,5.839,6142000000.0,0.0,145000000.0,211000000.0,6.16,1493000000.0
6,WFTIQ,MRT,2018-03-31,2018-03-31,2018-03-31,2020-03-19,-1514000000.0,9334000000.0,10786500000.0,3615000000.0,5719000000.0,0.532,-0.948,24000000.0,459000000.0,459000000.0,4828000000.0,-2592000000.0,1.728,-10.862,7792000000.0,153000000.0,7639000000.0,7792000000.0,0.0,740000000.0,0.0,0.0,0.0,-1887000000.0,-1147000000.0,-0.2,-1147000000.0,-1887000000.0,-2474000000.0,-2.64,-2.64,-2.64,-942000000.0,306750000.0,-942000000.0,9351380404.0,-5.0,-8.153,-370000000.0,-0.372,1.0,908000000.0,0.158,2968000000.0,587000000.0,11607000000.0,13042000000.0,1225000000.0,26000000.0,0.0,26000000.0,10232000000.0,2092000000.0,8140000000.0,2275380404.0,-87000000.0,452000000.0,0.0,172000000.0,0.0,110000000.0,217000000.0,0.0,-394000000.0,-20000000.0,-2610000000.0,-2610000000.0,-2610000000.0,0.0,18000000.0,-0.455,2903000000.0,-1995000000.0,809000000.0,0.0,-2.415,-0.872,-0.867,2580000000.0,0.0,2.29,0.397,0.397,1100000000.0,-6105000000.0,5736000000.0,5736000000.0,157000000.0,-0.242,-8.509,-0.145,-0.329,59000000.0,1007000000.0,1.0,993615897.0,994000000,994000000.0,5.771,6366000000.0,0.0,136000000.0,201000000.0,6.404,1523000000.0
7,WFTIQ,MRT,2017-12-31,2017-12-31,2017-12-31,2020-03-19,-1519000000.0,9747000000.0,11493500000.0,3878000000.0,5869000000.0,0.496,-0.632,-225000000.0,613000000.0,613000000.0,4889000000.0,-2793000000.0,1.739,-16.482,7689000000.0,148000000.0,7541000000.0,7689000000.0,0.0,801000000.0,0.0,0.0,0.0,-2097000000.0,-1296000000.0,-0.227,-1296000000.0,-2097000000.0,-2676000000.0,-2.84,-2.84,-2.84,-626000000.0,951000000.0,-626000000.0,11614839045.0,-6.0,-8.962,-613000000.0,-0.619,1.0,810000000.0,0.142,2727000000.0,579000000.0,11866000000.0,13666750000.0,1234000000.0,0.0,0.0,0.0,10318000000.0,2230000000.0,8088000000.0,4138839045.0,-424000000.0,422000000.0,0.0,53000000.0,0.0,20000000.0,-62000000.0,0.0,-388000000.0,6000000.0,-2813000000.0,-2813000000.0,-2813000000.0,0.0,20000000.0,-0.494,2980000000.0,-2170000000.0,856000000.0,0.0,-6.612,-1.471,-1.468,2708000000.0,0.0,4.17,0.726,0.724,1103000000.0,-5763000000.0,5699000000.0,5699000000.0,158000000.0,-0.245,-2.958,-0.153,-0.368,70000000.0,1034000000.0,1.0,992527349.0,990000000,990000000.0,5.757,7020000000.0,0.0,137000000.0,228000000.0,7.091,1648000000.0
8,WFTIQ,MRT,2017-09-30,2017-09-30,2017-09-30,2020-03-19,-1489000000.0,12013000000.0,12222750000.0,5043000000.0,6970000000.0,0.459,1.341,-454000000.0,445000000.0,445000000.0,4837000000.0,-1403000000.0,2.042,8.004,7921000000.0,391000000.0,7530000000.0,7921000000.0,0.0,826000000.0,0.0,0.0,0.0,-779000000.0,47000000.0,0.008,47000000.0,-779000000.0,-1342000000.0,-1.43,-1.43,-1.43,1328000000.0,1610500000.0,1328000000.0,11635780524.0,-15.0,247.57,-798000000.0,-0.806,1.0,778000000.0,0.139,2575000000.0,563000000.0,14444000000.0,14134250000.0,1752000000.0,65000000.0,0.0,65000000.0,10629000000.0,2470000000.0,8159000000.0,4529780524.0,5000000.0,6000000.0,448000000.0,401000000.0,0.0,791000000.0,-434000000.0,0.0,-344000000.0,-8000000.0,-1424000000.0,-1424000000.0,-1424000000.0,0.0,21000000.0,-0.254,1600000000.0,-822000000.0,815000000.0,0.0,3.411,-3.181,-3.203,3989000000.0,0.0,4.58,0.807,0.808,1236000000.0,-3825000000.0,5615000000.0,5615000000.0,157000000.0,-0.117,-0.884,-0.055,-0.139,85000000.0,1026000000.0,1.0,989035049.0,990000000,990000000.0,5.672,9438000000.0,0.0,82000000.0,223000000.0,9.533,2573000000.0
9,WFTIQ,MRT,2017-06-30,2017-06-30,2017-06-30,2020-03-19,-1577000000.0,12052000000.0,12378250000.0,5047000000.0,7005000000.0,0.445,1.482,-447000000.0,584000000.0,584000000.0,4872000000.0,-2928000000.0,2.121,7.177,7690000000.0,152000000.0,7538000000.0,7690000000.0,0.0,869000000.0,0.0,0.0,0.0,-1655000000.0,-786000000.0,-0.143,-786000000.0,-1655000000.0,-2199000000.0,-3.15,-3.15,-3.15,1467000000.0,1859500000.0,1467000000.0,10807853781.0,-7.0,-13.75,-653000000.0,-0.66,1.0,639000000.0,0.116,2527000000.0,544000000.0,14251000000.0,13989000000.0,1728000000.0,63000000.0,0.0,63000000.0,10528000000.0,2380000000.0,8148000000.0,3814853781.0,132000000.0,8000000.0,448000000.0,430000000.0,0.0,745000000.0,-396000000.0,0.0,-206000000.0,-11000000.0,-2948000000.0,-2948000000.0,-2948000000.0,0.0,20000000.0,-0.535,2336000000.0,-1697000000.0,837000000.0,0.0,2.6,-1.294,-1.229,4111000000.0,0.0,3.87,0.692,0.695,1165000000.0,-3569000000.0,5511000000.0,5511000000.0,148000000.0,-0.238,-1.585,-0.118,-0.3,90000000.0,1035000000.0,1.0,985750331.0,990000000,990000000.0,5.567,9525000000.0,0.0,749000000.0,223000000.0,9.621,2667000000.0
10,WFTIQ,MRT,2017-03-31,2017-03-31,2017-03-31,2020-03-19,-1567000000.0,12162000000.0,12893250000.0,5106000000.0,7056000000.0,0.43,1.655,-445000000.0,546000000.0,546000000.0,4921000000.0,-3325000000.0,2.087,6.404,7539000000.0,240000000.0,7299000000.0,7539000000.0,0.0,914000000.0,0.0,0.0,0.0,-2187000000.0,-1273000000.0,-0.229,-1273000000.0,-2187000000.0,-2712000000.0,-3.61,-3.61,-3.61,1635000000.0,2523500000.0,1635000000.0,13084560092.0,-6.0,-10.279,-725000000.0,-0.734,1.0,629000000.0,0.113,2602000000.0,525000000.0,14106000000.0,14222000000.0,1700000000.0,65000000.0,0.0,65000000.0,10471000000.0,2447000000.0,8024000000.0,6539560092.0,82000000.0,-5000000.0,441000000.0,562000000.0,0.0,777000000.0,-402000000.0,0.0,-280000000.0,-13000000.0,-3342000000.0,-3342000000.0,-3342000000.0,0.0,17000000.0,-0.602,2641000000.0,-2012000000.0,803000000.0,0.0,4.0,-1.957,-1.842,4265000000.0,0.0,6.65,1.178,1.184,1292000000.0,-3398000000.0,5550000000.0,5550000000.0,153000000.0,-0.259,-1.324,-0.154,-0.394,90000000.0,1055000000.0,1.0,983392495.0,988000000,988000000.0,5.617,9560000000.0,0.0,630000000.0,234000000.0,9.676,2659000000.0
11,WFTIQ,MRT,2016-12-31,2016-12-31,2016-12-31,2020-03-19,-1610000000.0,12664000000.0,13481750000.0,4910000000.0,7754000000.0,0.426,2.268,-204000000.0,1037000000.0,1037000000.0,5189000000.0,-3373000000.0,2.022,5.266,7582000000.0,179000000.0,7403000000.0,7582000000.0,0.0,956000000.0,0.0,0.0,0.0,-2397000000.0,-1441000000.0,-0.251,-1441000000.0,-2397000000.0,-2896000000.0,-3.82,-3.82,-3.82,2012000000.0,3262500000.0,2012000000.0,11528506824.0,-5.0,-8.0,-508000000.0,-0.573,1.0,560000000.0,0.097,3045000000.0,499000000.0,13736000000.0,14299500000.0,1802000000.0,66000000.0,0.0,66000000.0,10596000000.0,2428000000.0,8168000000.0,4476506824.0,570000000.0,-11000000.0,1071000000.0,206000000.0,0.0,1061000000.0,-137000000.0,0.0,-304000000.0,-50000000.0,-3392000000.0,-3392000000.0,-3392000000.0,0.0,19000000.0,-0.59,2805000000.0,-2245000000.0,845000000.0,0.0,2.225,-1.32,-1.306,4480000000.0,0.0,4.99,0.779,0.77,1383000000.0,-2950000000.0,5749000000.0,5749000000.0,159000000.0,-0.252,-1.04,-0.168,-0.417,87000000.0,1103000000.0,1.0,897095556.0,887000000,887000000.0,6.481,9619000000.0,0.0,496000000.0,255000000.0,10.844,2482000000.0
12,WFTIQ,MRT,2016-09-30,2016-09-30,2016-09-30,2020-03-19,-1549000000.0,12635000000.0,14005750000.0,4598000000.0,8037000000.0,0.454,2.585,-222000000.0,440000000.0,440000000.0,5876000000.0,-4029000000.0,1.69,4.411,7492000000.0,555000000.0,6937000000.0,7492000000.0,0.0,1016000000.0,0.0,0.0,0.0,-3030000000.0,-2014000000.0,-0.317,-2014000000.0,-3030000000.0,-3510000000.0,-4.77,-4.77,-4.77,2324000000.0,3835500000.0,2324000000.0,11817371975.0,-4.0,-5.868,-334000000.0,-0.372,1.0,479000000.0,0.075,3104000000.0,480000000.0,13863000000.0,14499750000.0,1917000000.0,65000000.0,0.0,65000000.0,10252000000.0,2720000000.0,7532000000.0,5036371975.0,-79000000.0,-46000000.0,623000000.0,-83000000.0,0.0,329000000.0,-229000000.0,0.0,-112000000.0,-67000000.0,-4051000000.0,-4051000000.0,-4051000000.0,0.0,22000000.0,-0.637,3360000000.0,-2881000000.0,666000000.0,0.0,2.167,-1.243,-1.178,4708000000.0,0.0,5.62,0.793,0.795,1414000000.0,-2401000000.0,6355000000.0,6355000000.0,171000000.0,-0.289,-1.056,-0.209,-0.477,78000000.0,1264000000.0,1.0,896151597.0,899000000,899000000.0,7.069,9531000000.0,51000000.0,541000000.0,128000000.0,10.602,1878000000.0
13,WFTIQ,MRT,2016-06-30,2016-06-30,2016-06-30,2020-03-19,-1507000000.0,14112000000.0,15046750000.0,5049000000.0,9063000000.0,0.481,4.586,-305000000.0,452000000.0,452000000.0,6515000000.0,-2414000000.0,1.997,2.407,7233000000.0,290000000.0,6943000000.0,7233000000.0,0.0,1072000000.0,0.0,0.0,0.0,-2192000000.0,-1120000000.0,-0.155,-1120000000.0,-2192000000.0,-2657000000.0,-3.01,-3.01,-3.01,4123000000.0,4675500000.0,4123000000.0,11565081903.0,-5.0,-10.326,-178000000.0,-0.198,1.0,721000000.0,0.1,3182000000.0,465000000.0,15183000000.0,15217750000.0,2195000000.0,65000000.0,0.0,65000000.0,9925000000.0,2528000000.0,7397000000.0,4971081903.0,-159000000.0,-49000000.0,623000000.0,-387000000.0,0.0,116000000.0,-324000000.0,0.0,127000000.0,-78000000.0,-2441000000.0,-2441000000.0,-2441000000.0,0.0,27000000.0,-0.337,2755000000.0,-2034000000.0,790000000.0,0.0,1.206,-2.036,-1.844,5247000000.0,0.0,5.55,0.687,0.69,1484000000.0,-621000000.0,7236000000.0,7236000000.0,194000000.0,-0.162,-0.522,-0.144,-0.303,77000000.0,1341000000.0,1.0,895690433.0,899000000,899000000.0,8.049,10930000000.0,136000000.0,-216000000.0,111000000.0,12.158,2521000000.0
14,WFTIQ,MRT,2016-03-31,2016-03-31,2016-03-31,2020-03-19,-1498000000.0,14516000000.0,15927250000.0,5366000000.0,9150000000.0,0.516,5.647,-466000000.0,464000000.0,464000000.0,7293000000.0,-2335000000.0,1.543,2.147,7058000000.0,1212000000.0,5846000000.0,7058000000.0,0.0,1134000000.0,0.0,0.0,0.0,-2148000000.0,-1014000000.0,-0.123,-1014000000.0,-2148000000.0,-2611000000.0,-3.01,-3.01,-3.01,4591000000.0,5187750000.0,4591000000.0,13058444228.0,-6.0,-12.878,88000000.0,0.108,1.0,931000000.0,0.113,3216000000.0,463000000.0,14416000000.0,15765750000.0,2302000000.0,65000000.0,0.0,65000000.0,9857000000.0,3478000000.0,6379000000.0,6064444228.0,-48000000.0,-16000000.0,630000000.0,-671000000.0,0.0,-56000000.0,-452000000.0,0.0,554000000.0,-94000000.0,-2365000000.0,-2365000000.0,-2365000000.0,0.0,30000000.0,-0.288,2949000000.0,-2018000000.0,934000000.0,0.0,1.321,-2.564,-2.585,5471000000.0,0.0,7.78,0.737,0.769,1693000000.0,-56000000.0,8224000000.0,8224000000.0,212000000.0,-0.148,-0.456,-0.136,-0.261,79000000.0,1469000000.0,1.0,779491546.0,813000000,813000000.0,10.116,11300000000.0,133000000.0,-246000000.0,107000000.0,13.899,1888000000.0
15,WFTIQ,MRT,2015-12-31,2015-12-31,2015-12-31,2020-03-19,-1641000000.0,14760000000.0,16854000000.0,5564000000.0,9196000000.0,0.56,5.525,-653000000.0,467000000.0,467000000.0,8021000000.0,-1951000000.0,1.38,2.415,7434000000.0,1582000000.0,5852000000.0,7434000000.0,0.0,1200000000.0,0.0,0.0,0.0,-1662000000.0,-462000000.0,-0.049,-462000000.0,-1662000000.0,-2130000000.0,-2.55,-2.55,-2.55,4304000000.0,5672250000.0,4304000000.0,13721168631.0,-8.0,-29.699,62000000.0,0.08,1.0,1412000000.0,0.15,3159000000.0,468000000.0,14537000000.0,16621500000.0,2344000000.0,76000000.0,0.0,76000000.0,10395000000.0,4031000000.0,6364000000.0,6536168631.0,-7000000.0,-6000000.0,0.0,35000000.0,0.0,3000000.0,-659000000.0,0.0,715000000.0,-66000000.0,-1985000000.0,-1985000000.0,-1985000000.0,0.0,34000000.0,-0.21,2933000000.0,-1521000000.0,948000000.0,0.0,1.519,-3.293,-3.29,5679000000.0,0.0,8.39,0.693,0.693,1781000000.0,442000000.0,9433000000.0,9433000000.0,231000000.0,-0.118,-0.35,-0.1,-0.176,73000000.0,1580000000.0,1.0,779042745.0,779000000,779000000.0,12.109,11601000000.0,165000000.0,-145000000.0,330000000.0,14.892,1533000000.0
16,WFTIQ,MRT,2015-09-30,2015-09-30,2015-09-30,2020-03-19,-1447000000.0,16799000000.0,17886250000.0,6515000000.0,10284000000.0,0.623,7.297,-897000000.0,519000000.0,519000000.0,8995000000.0,-1214000000.0,1.619,1.943,7704000000.0,1684000000.0,6020000000.0,7704000000.0,0.0,1263000000.0,0.0,0.0,0.0,-828000000.0,435000000.0,0.039,435000000.0,-828000000.0,-1301000000.0,-1.61,-1.61,-1.61,5684000000.0,6335750000.0,5684000000.0,13787510758.0,-17.0,31.695,70000000.0,0.09,1.0,2153000000.0,0.193,3224000000.0,473000000.0,16735000000.0,17602750000.0,2767000000.0,83000000.0,0.0,83000000.0,11045000000.0,4025000000.0,7020000000.0,6574510758.0,-63000000.0,946000000.0,-22000000.0,-942000000.0,0.0,-956000000.0,46000000.0,-3000000.0,967000000.0,-120000000.0,-1252000000.0,-1252000000.0,-1252000000.0,0.0,38000000.0,-0.112,2573000000.0,-420000000.0,1015000000.0,0.0,1.157,-5.251,-5.267,6394000000.0,0.0,8.48,0.59,0.593,2045000000.0,1650000000.0,11148000000.0,11148000000.0,253000000.0,-0.07,-0.198,-0.047,-0.074,57000000.0,1760000000.0,1.0,775296080.0,779000000,779000000.0,14.311,13575000000.0,291000000.0,-49000000.0,132000000.0,17.426,2490000000.0
17,WFTIQ,MRT,2015-06-30,2015-06-30,2015-06-30,2020-03-19,-1090000000.0,17634000000.0,18868250000.0,7064000000.0,10570000000.0,0.678,7.933,-1145000000.0,611000000.0,611000000.0,10011000000.0,-964000000.0,1.708,1.845,7824000000.0,1556000000.0,6268000000.0,7824000000.0,0.0,1292000000.0,0.0,0.0,0.0,-410000000.0,882000000.0,0.069,882000000.0,-410000000.0,-891000000.0,-1.29,-1.29,-1.29,6172000000.0,6880500000.0,6172000000.0,16825340606.0,-41.0,19.076,38000000.0,0.049,1.0,2777000000.0,0.217,3335000000.0,481000000.0,17375000000.0,18439250000.0,2921000000.0,81000000.0,0.0,81000000.0,11387000000.0,4137000000.0,7250000000.0,9505340606.0,40000000.0,1709000000.0,-22000000.0,-1568000000.0,0.0,-1600000000.0,561000000.0,-3000000.0,1183000000.0,-104000000.0,-1005000000.0,-1005000000.0,-1005000000.0,0.0,41000000.0,-0.079,2785000000.0,-8000000.0,1104000000.0,0.0,1.54,-9.458,-9.512,6694000000.0,0.0,12.27,0.743,0.746,2259000000.0,1820000000.0,12788000000.0,12788000000.0,269000000.0,-0.053,-0.146,-0.022,-0.032,52000000.0,1906000000.0,1.0,774681386.0,778000000,778000000.0,16.437,14299000000.0,295000000.0,114000000.0,105000000.0,18.379,2927000000.0
18,WFTIQ,MRT,2015-03-31,2015-03-31,2015-03-31,2020-03-19,-1204000000.0,18223000000.0,19913000000.0,7592000000.0,10631000000.0,0.709,8.392,-1332000000.0,512000000.0,512000000.0,10824000000.0,-614000000.0,1.728,1.781,7832000000.0,1554000000.0,6278000000.0,7832000000.0,0.0,1336000000.0,0.0,0.0,0.0,88000000.0,1424000000.0,0.101,1424000000.0,88000000.0,-404000000.0,-0.85,-0.85,-0.85,6529000000.0,7331750000.0,6529000000.0,16574647579.0,188.0,11.639,-5000000.0,-0.006,1.0,3285000000.0,0.233,3311000000.0,492000000.0,17839000000.0,19301000000.0,3052000000.0,101000000.0,0.0,101000000.0,11625000000.0,4393000000.0,7232000000.0,9523647579.0,145000000.0,1718000000.0,0.0,-1466000000.0,0.0,-1478000000.0,383000000.0,-3000000.0,1327000000.0,-87000000.0,-661000000.0,-661000000.0,-661000000.0,0.0,47000000.0,-0.047,2699000000.0,586000000.0,1462000000.0,0.0,1.459,-14.408,-14.471,6932000000.0,0.0,12.3,0.675,0.678,2631000000.0,2309000000.0,14109000000.0,14109000000.0,285000000.0,-0.033,-0.09,0.005,0.006,49000000.0,1969000000.0,1.0,774280291.0,778000000,778000000.0,18.135,14912000000.0,294000000.0,257000000.0,198000000.0,19.167,3199000000.0
19,WFTIQ,MRT,2014-12-31,2014-12-31,2014-12-31,2020-03-19,-881000000.0,18889000000.0,20814750000.0,7944000000.0,10945000000.0,0.716,8.955,-1396000000.0,474000000.0,474000000.0,11461000000.0,-539000000.0,1.973,1.704,7525000000.0,727000000.0,6798000000.0,7525000000.0,0.0,1371000000.0,0.0,0.0,0.0,198000000.0,1569000000.0,0.105,1569000000.0,198000000.0,-300000000.0,-0.75,-0.75,-0.75,6958000000.0,7681250000.0,6958000000.0,16997391800.0,86.0,10.833,-433000000.0,-0.557,1.0,3450000000.0,0.231,3451000000.0,498000000.0,18462000000.0,20025500000.0,3087000000.0,106000000.0,0.0,106000000.0,11856000000.0,4027000000.0,7829000000.0,8860391800.0,39000000.0,1729000000.0,0.0,-1183000000.0,0.0,-1180000000.0,330000000.0,-3000000.0,963000000.0,-74000000.0,-584000000.0,-584000000.0,-584000000.0,0.0,45000000.0,-0.039,2784000000.0,666000000.0,1736000000.0,0.0,1.273,-15.172,-15.267,7123000000.0,0.0,11.45,0.594,0.597,3015000000.0,2427000000.0,14911000000.0,14911000000.0,290000000.0,-0.028,-0.076,0.01,0.013,49000000.0,2017000000.0,1.0,773833345.0,777000000,777000000.0,19.19,15438000000.0,303000000.0,284000000.0,230000000.0,19.869,3917000000.0
20,WFTIQ,MRT,2014-09-30,2014-09-30,2014-09-30,2020-03-19,-430000000.0,20727000000.0,21586750000.0,8927000000.0,11800000000.0,0.691,10.12,-1414000000.0,582000000.0,582000000.0,11687000000.0,-340000000.0,1.83,1.626,8719000000.0,1715000000.0,7004000000.0,8719000000.0,0.0,1396000000.0,0.0,0.0,0.0,330000000.0,1726000000.0,0.116,1726000000.0,330000000.0,-174000000.0,-0.49,-0.49,-0.49,7863000000.0,7982250000.0,7863000000.0,24941215560.0,76.0,14.45,-373000000.0,-0.48,1.0,3235000000.0,0.217,3905000000.0,504000000.0,20081000000.0,20570750000.0,3317000000.0,266000000.0,0.0,266000000.0,12785000000.0,4878000000.0,7907000000.0,16087215560.0,266000000.0,1211000000.0,22000000.0,-594000000.0,0.0,-591000000.0,-203000000.0,0.0,1041000000.0,19000000.0,-380000000.0,-380000000.0,-380000000.0,0.0,40000000.0,-0.025,2691000000.0,544000000.0,1784000000.0,0.0,2.046,-42.335,-42.449,7460000000.0,0.0,20.8,1.078,1.083,3315000000.0,2902000000.0,14922000000.0,14922000000.0,278000000.0,-0.018,-0.048,0.016,0.022,66000000.0,2041000000.0,1.0,773423825.0,777000000,784000000.0,19.205,16822000000.0,291000000.0,206000000.0,130000000.0,21.65,4049000000.0
21,WFTIQ,MRT,2014-06-30,2014-06-30,2014-06-30,2020-03-19,-223000000.0,21813000000.0,22139250000.0,9718000000.0,12095000000.0,0.671,10.266,-1400000000.0,571000000.0,571000000.0,11838000000.0,-398000000.0,1.675,1.725,9425000000.0,2404000000.0,7021000000.0,9425000000.0,0.0,1421000000.0,0.0,0.0,0.0,233000000.0,1654000000.0,0.111,1654000000.0,233000000.0,-278000000.0,-0.56,-0.56,-0.56,7977000000.0,8151500000.0,7977000000.0,26735539519.0,115.0,16.164,-383000000.0,-0.493,1.0,3027000000.0,0.204,4044000000.0,511000000.0,20822000000.0,20886500000.0,3365000000.0,262000000.0,0.0,262000000.0,13763000000.0,5801000000.0,7962000000.0,17770539519.0,276000000.0,464000000.0,22000000.0,170000000.0,0.0,180000000.0,-936000000.0,0.0,1017000000.0,15000000.0,-435000000.0,-435000000.0,-435000000.0,0.0,37000000.0,-0.029,2558000000.0,469000000.0,1822000000.0,0.0,2.228,-40.852,-41.071,7588000000.0,0.0,23.0,1.195,1.202,3340000000.0,2825000000.0,14865000000.0,14865000000.0,271000000.0,-0.02,-0.053,0.011,0.016,71000000.0,2031000000.0,1.0,772632153.0,777000000,777000000.0,19.131,17769000000.0,294000000.0,157000000.0,120000000.0,22.869,3917000000.0
22,WFTIQ,MRT,2014-03-31,2014-03-31,2014-03-31,2020-03-19,-389000000.0,21830000000.0,22344000000.0,8860000000.0,12970000000.0,0.672,10.215,-1471000000.0,367000000.0,367000000.0,12135000000.0,-376000000.0,1.523,1.748,9332000000.0,2293000000.0,7039000000.0,9332000000.0,74000000.0,1407000000.0,0.0,0.0,0.0,269000000.0,1676000000.0,0.112,1676000000.0,269000000.0,-242000000.0,-0.52,-0.52,-0.52,7927000000.0,8257500000.0,7927000000.0,21679737661.0,81.0,12.935,-637000000.0,-0.821,1.0,2887000000.0,0.192,4241000000.0,511000000.0,20737000000.0,20986000000.0,3403000000.0,297000000.0,0.0,297000000.0,13859000000.0,5817000000.0,8042000000.0,13387737661.0,81000000.0,413000000.0,0.0,299000000.0,0.0,293000000.0,-1058000000.0,0.0,834000000.0,12000000.0,-408000000.0,-408000000.0,-408000000.0,0.0,32000000.0,-0.027,2513000000.0,374000000.0,2012000000.0,0.0,1.689,-32.813,-33.385,8213000000.0,0.0,17.36,0.891,0.897,3723000000.0,2970000000.0,15022000000.0,15022000000.0,267000000.0,-0.018,-0.049,0.013,0.018,71000000.0,2039000000.0,1.0,771183045.0,776000000,776000000.0,19.358,17589000000.0,302000000.0,166000000.0,128000000.0,22.666,3043000000.0
23,WFTIQ,MRT,2013-12-31,2013-12-31,2013-12-31,2020-03-19,-187000000.0,21977000000.0,22556750000.0,9934000000.0,12043000000.0,0.677,10.573,-1584000000.0,435000000.0,435000000.0,12302000000.0,-314000000.0,1.726,1.688,8714000000.0,1653000000.0,7061000000.0,8714000000.0,127000000.0,1402000000.0,0.0,0.0,0.0,315000000.0,1717000000.0,0.112,1717000000.0,315000000.0,-201000000.0,-0.45,-0.45,-0.45,8162000000.0,8441500000.0,8162000000.0,20896931152.0,66.0,12.171,-355000000.0,-0.46,1.0,2961000000.0,0.194,3856000000.0,516000000.0,20643000000.0,21072750000.0,3200000000.0,296000000.0,0.0,296000000.0,13774000000.0,5757000000.0,8017000000.0,11917931152.0,135000000.0,480000000.0,0.0,12000000.0,0.0,6000000.0,-1104000000.0,0.0,1229000000.0,4000000.0,-345000000.0,-345000000.0,-345000000.0,0.0,31000000.0,-0.023,2438000000.0,523000000.0,1918000000.0,0.0,1.46,-34.545,-34.422,7689000000.0,0.0,15.49,0.781,0.783,3351000000.0,3011000000.0,15263000000.0,15263000000.0,265000000.0,-0.015,-0.041,0.015,0.021,67000000.0,2044000000.0,1.0,769395168.0,772000000,772000000.0,19.771,18121000000.0,292000000.0,144000000.0,183000000.0,23.473,4177000000.0
24,WFTIQ,MRT,2013-09-30,2013-09-30,2013-09-30,2020-03-19,-63000000.0,22937000000.0,22761250000.0,9073000000.0,13864000000.0,0.685,11.048,-1726000000.0,316000000.0,316000000.0,12385000000.0,-164000000.0,1.475,1.681,9295000000.0,2230000000.0,7065000000.0,9295000000.0,0.0,1382000000.0,0.0,0.0,0.0,595000000.0,1977000000.0,0.127,1977000000.0,595000000.0,81000000.0,-0.25,-0.25,-0.25,8540000000.0,8597500000.0,8540000000.0,20709008741.0,35.0,10.475,-454000000.0,-0.587,1.0,3198000000.0,0.205,4421000000.0,514000000.0,21344000000.0,21107500000.0,3580000000.0,686000000.0,0.0,686000000.0,14356000000.0,6151000000.0,8205000000.0,11769008741.0,-49000000.0,86000000.0,0.0,334000000.0,0.0,322000000.0,-1640000000.0,0.0,1272000000.0,-3000000.0,-196000000.0,-196000000.0,-196000000.0,0.0,32000000.0,-0.013,2352000000.0,846000000.0,2117000000.0,0.0,1.378,-60.046,-61.32,8397000000.0,0.0,15.33,0.755,0.76,4004000000.0,3282000000.0,15583000000.0,15583000000.0,266000000.0,-0.009,-0.023,0.028,0.038,66000000.0,1967000000.0,1.0,767710942.0,773000000,779000000.0,20.159,18516000000.0,362000000.0,277000000.0,0.0,23.953,2922000000.0
25,WFTIQ,MRT,2013-06-30,2013-06-30,2013-06-30,2020-03-19,-159000000.0,22632000000.0,22722250000.0,8948000000.0,13684000000.0,0.686,10.91,-1939000000.0,295000000.0,295000000.0,12316000000.0,-118000000.0,1.504,1.689,9235000000.0,2148000000.0,7087000000.0,9235000000.0,0.0,1359000000.0,0.0,0.0,0.0,678000000.0,2037000000.0,0.131,2037000000.0,678000000.0,166000000.0,-0.19,-0.19,-0.19,8401000000.0,8683000000.0,8401000000.0,19133018381.0,28.0,9.393,-762000000.0,-0.99,1.0,3266000000.0,0.21,4402000000.0,512000000.0,21220000000.0,21107250000.0,3637000000.0,671000000.0,0.0,671000000.0,14193000000.0,5950000000.0,8243000000.0,10491018381.0,-86000000.0,95000000.0,0.0,607000000.0,0.0,580000000.0,-1844000000.0,0.0,1177000000.0,1000000.0,-148000000.0,-148000000.0,-148000000.0,0.0,30000000.0,-0.009,2344000000.0,922000000.0,2144000000.0,0.0,1.249,-70.885,-72.105,8333000000.0,0.0,13.7,0.673,0.677,3837000000.0,3260000000.0,15582000000.0,15582000000.0,269000000.0,-0.007,-0.017,0.032,0.044,65000000.0,1956000000.0,1.0,765767765.0,770000000,770000000.0,20.236,18230000000.0,360000000.0,314000000.0,0.0,23.675,2998000000.0
26,WFTIQ,MRT,2013-03-31,2013-03-31,2013-03-31,2020-03-19,14000000.0,22681000000.0,22490000000.0,9057000000.0,13624000000.0,0.687,11.265,-2078000000.0,286000000.0,286000000.0,12161000000.0,-850000000.0,1.574,1.614,8928000000.0,1896000000.0,7032000000.0,8928000000.0,0.0,1329000000.0,0.0,0.0,0.0,-17000000.0,1312000000.0,0.085,1312000000.0,-17000000.0,-522000000.0,-1.15,-1.15,-1.15,8663000000.0,8729750000.0,8663000000.0,17622454788.0,-1037.0,13.432,-1008000000.0,-1.311,1.0,3300000000.0,0.213,4485000000.0,505000000.0,21084000000.0,20982500000.0,3744000000.0,660000000.0,0.0,660000000.0,13983000000.0,5754000000.0,8229000000.0,9288454788.0,-53000000.0,-16000000.0,0.0,1025000000.0,0.0,981000000.0,-2102000000.0,-8000000.0,1070000000.0,-2000000.0,-879000000.0,-879000000.0,-879000000.0,0.0,29000000.0,-0.057,2300000000.0,1000000000.0,2191000000.0,0.0,1.072,-10.567,-10.557,8299000000.0,0.0,12.14,0.601,0.604,3850000000.0,3378000000.0,15461000000.0,15461000000.0,262000000.0,-0.039,-0.101,-0.001,-0.001,64000000.0,1972000000.0,1.0,765111597.0,769000000,773000000.0,20.105,18196000000.0,371000000.0,357000000.0,0.0,23.662,3303000000.0
27,WFTIQ,MRT,2012-12-31,2012-12-31,2012-12-31,2020-03-19,163000000.0,22795000000.0,22258500000.0,9029000000.0,13766000000.0,0.684,11.485,-2194000000.0,300000000.0,300000000.0,11855000000.0,-750000000.0,1.581,1.591,8634000000.0,1585000000.0,7049000000.0,8634000000.0,281000000.0,1282000000.0,0.0,0.0,0.0,170000000.0,1452000000.0,0.095,1452000000.0,170000000.0,-316000000.0,-1.02,-1.02,-1.02,8786000000.0,8990000000.0,8786000000.0,17098603090.0,101.0,11.776,-973000000.0,-1.272,1.0,3360000000.0,0.221,4637000000.0,486000000.0,20782000000.0,20525250000.0,3675000000.0,646000000.0,0.0,646000000.0,13977000000.0,5710000000.0,8267000000.0,8557603090.0,-71000000.0,-104000000.0,65000000.0,990000000.0,0.0,1012000000.0,-2306000000.0,-8000000.0,1221000000.0,2000000.0,-778000000.0,-778000000.0,-778000000.0,0.0,28000000.0,-0.051,2269000000.0,1091000000.0,2108000000.0,0.0,0.974,-10.999,-10.971,8299000000.0,0.0,11.19,0.562,0.563,3885000000.0,3356000000.0,15215000000.0,15215000000.0,257000000.0,-0.035,-0.087,0.008,0.011,75000000.0,1940000000.0,1.0,764754521.0,765000000,765000000.0,19.889,18158000000.0,376000000.0,462000000.0,167000000.0,23.736,3319000000.0
28,WFTIQ,MRT,2012-09-30,2012-09-30,2012-09-30,2020-03-19,163000000.0,22781000000.0,21822500000.0,9099000000.0,13682000000.0,0.681,11.58,-2090000000.0,365000000.0,365000000.0,11434000000.0,-643000000.0,1.708,1.561,8906000000.0,1606000000.0,7300000000.0,8906000000.0,0.0,1228000000.0,0.0,0.0,0.0,313000000.0,1541000000.0,0.104,1541000000.0,313000000.0,-159000000.0,-0.88,-0.88,-0.88,8882000000.0,9124500000.0,8882000000.0,17183330850.0,55.0,11.151,-951000000.0,-1.24,1.0,3433000000.0,0.231,4653000000.0,472000000.0,21343000000.0,20047000000.0,3676000000.0,642000000.0,0.0,642000000.0,13866000000.0,5326000000.0,8540000000.0,9631330850.0,91000000.0,-177000000.0,65000000.0,1226000000.0,0.0,1233000000.0,-2282000000.0,-15000000.0,1139000000.0,1000000.0,-669000000.0,-669000000.0,-669000000.0,0.0,26000000.0,-0.045,2219000000.0,1214000000.0,2023000000.0,0.0,1.084,-14.397,-14.409,8122000000.0,0.0,12.68,0.648,0.654,3911000000.0,3478000000.0,14867000000.0,14867000000.0,258000000.0,-0.031,-0.073,0.016,0.021,71000000.0,1861000000.0,1.0,759568679.0,767000000,771000000.0,19.383,18128000000.0,308000000.0,510000000.0,0.0,23.635,3773000000.0
29,WFTIQ,MRT,2012-06-30,2012-06-30,2012-06-30,2020-03-19,-52000000.0,21703000000.0,21294069000.0,8501000000.0,13202000000.0,0.677,11.226,-1889000000.0,381000000.0,381000000.0,10947000000.0,-596000000.0,1.85,1.524,8574000000.0,1263000000.0,7311000000.0,8574000000.0,0.0,1185000000.0,0.0,0.0,0.0,411000000.0,1596000000.0,0.111,1596000000.0,411000000.0,-49000000.0,-0.81,-0.81,-0.81,8588000000.0,9372080250.0,8588000000.0,17145352416.0,42.0,10.743,-842000000.0,-1.101,1.0,3471000000.0,0.241,4581000000.0,460000000.0,20721000000.0,19435724500.0,3399000000.0,629000000.0,0.0,629000000.0,13092000000.0,4594000000.0,8498000000.0,9593352416.0,51000000.0,-221000000.0,65000000.0,1121000000.0,0.0,1152000000.0,-2140000000.0,-15000000.0,1047000000.0,-8000000.0,-618000000.0,-618000000.0,-618000000.0,0.0,22000000.0,-0.043,2162000000.0,1309000000.0,1635000000.0,0.0,1.117,-15.523,-15.593,7733000000.0,0.0,12.63,0.665,0.67,3608000000.0,3408000000.0,14418000000.0,14418000000.0,249000000.0,-0.029,-0.066,0.021,0.029,72000000.0,1813000000.0,1.0,759568679.0,765000000,765000000.0,18.847,17122000000.0,285000000.0,569000000.0,0.0,22.382,3907000000.0
30,WFTIQ,MRT,2012-03-31,2012-03-31,2012-03-31,2020-03-19,262000000.0,21755000000.0,20994476000.0,8087000000.0,13668000000.0,0.654,12.768,-1690000000.0,339000000.0,339000000.0,10245000000.0,303000000.0,1.65,1.24,7891000000.0,1902000000.0,5989000000.0,7891000000.0,0.0,1157000000.0,0.0,0.0,0.0,1341000000.0,2498000000.0,0.182,2498000000.0,1341000000.0,888000000.0,0.37,0.37,0.37,9704000000.0,9690660750.0,9704000000.0,18692585420.0,14.0,7.483,-524000000.0,-0.689,1.0,3478000000.0,0.253,5152000000.0,453000000.0,19255000000.0,18930651250.0,3301000000.0,634000000.0,0.0,634000000.0,12030000000.0,4900000000.0,7130000000.0,11457585420.0,90000000.0,-107000000.0,65000000.0,704000000.0,0.0,745000000.0,-1819000000.0,-7000000.0,1166000000.0,-2000000.0,282000000.0,282000000.0,282000000.0,0.0,21000000.0,0.021,2010000000.0,1468000000.0,1684000000.0,0.0,1.181,40.63,40.784,7591000000.0,0.0,15.09,0.835,0.836,3358000000.0,4257000000.0,13723000000.0,13723000000.0,247000000.0,0.013,0.029,0.071,0.098,82000000.0,1763000000.0,1.0,759283328.0,760000000,766000000.0,18.057,16603000000.0,273000000.0,606000000.0,0.0,21.846,3187000000.0
31,WFTIQ,MRT,2011-12-31,2011-12-31,2011-12-31,2020-03-19,80000000.0,21051000000.0,20511206250.0,7731000000.0,13320000000.0,0.633,12.382,-1532000000.0,371000000.0,371000000.0,9678000000.0,205000000.0,1.805,1.255,7606000000.0,1320000000.0,6286000000.0,7606000000.0,30000000.0,1136000000.0,0.0,0.0,0.0,1184000000.0,2320000000.0,0.179,2320000000.0,1184000000.0,731000000.0,0.25,0.25,0.25,9324000000.0,9677406750.0,9324000000.0,18381809965.0,16.0,7.923,-680000000.0,-0.903,1.0,3310000000.0,0.255,5134000000.0,453000000.0,18869000000.0,18799583750.0,3158000000.0,616000000.0,0.0,616000000.0,11706000000.0,4283000000.0,7423000000.0,11039557965.0,-45000000.0,-113000000.0,0.0,798000000.0,0.0,777000000.0,-1674000000.0,-14000000.0,852000000.0,0.0,189000000.0,189000000.0,189000000.0,0.0,16000000.0,0.015,2003000000.0,1307000000.0,1571000000.0,0.0,1.184,58.41,58.56,7287000000.0,0.0,14.64,0.85,0.849,3233000000.0,4134000000.0,12988000000.0,12988000000.0,245000000.0,0.009,0.02,0.063,0.091,83000000.0,1758000000.0,1.0,754068167.0,753000000,760000000.0,17.248,15917000000.0,274000000.0,542000000.0,178000000.0,21.138,3448000000.0
32,WFTIQ,MRT,2011-09-30,2011-09-30,2011-09-30,2020-03-19,80860000.0,20667276000.0,20048206250.0,7594548000.0,13072728000.0,0.609,13.093,-1390660000.0,273562000.0,273562000.0,9016933000.0,22957000.0,1.881,1.091,7615814000.0,1349624000.0,6266190000.0,7615814000.0,0.0,1119516000.0,0.0,0.0,0.0,1052834000.0,2172350000.0,0.178,2172350000.0,1052834000.0,596210000.0,0.01,0.01,0.01,9872321000.0,9609156750.0,9872321000.0,16181455426.0,15.0,7.449,-742511000.0,-0.985,1.0,3184085000.0,0.261,5073475000.0,456624000.0,18897898000.0,18542333750.0,3071830000.0,599730000.0,0.0,599730000.0,10770703000.0,4038155000.0,6732548000.0,9140575426.0,-677863000.0,-138698000.0,0.0,300505000.0,0.0,224908000.0,-1551448000.0,-7250000.0,648149000.0,528000.0,6594000.0,6594000.0,6594000.0,0.0,16363000.0,0.001,1987159000.0,1196926000.0,1565728000.0,0.0,0.926,1386.196,1221.0,7140692000.0,0.0,12.21,0.749,0.755,3180861000.0,4700272000.0,12201018000.0,12201018000.0,240156000.0,0.0,0.001,0.057,0.086,89833000.0,1747003000.0,1.0,748613876.0,754000000,760000000.0,16.182,15593801000.0,261500000.0,589616000.0,0.0,20.681,3556393000.0
33,WFTIQ,MRT,2011-06-30,2011-06-30,2011-06-30,2020-03-19,349343000.0,20504628000.0,19777699500.0,7365317000.0,13139311000.0,0.574,13.132,-1286548000.0,329555000.0,329555000.0,8432789000.0,-2104000.0,1.951,1.073,7370435000.0,1113724000.0,6256711000.0,7370435000.0,0.0,1100725000.0,0.0,0.0,0.0,919964000.0,2020689000.0,0.178,2020689000.0,919964000.0,479022000.0,-0.02,-0.02,-0.02,9862322000.0,9505261250.0,9862322000.0,20868638363.0,23.0,10.327,-449703000.0,-0.599,1.0,2927981000.0,0.258,5069869000.0,440942000.0,18700707000.0,18343835250.0,2939356000.0,558668000.0,0.0,558668000.0,10583414000.0,3774932000.0,6808482000.0,13972001363.0,106736000.0,-61891000.0,0.0,709017000.0,0.0,616733000.0,-1356248000.0,-7969000.0,836845000.0,9406000.0,-19753000.0,-19753000.0,-19753000.0,0.0,17649000.0,-0.002,1865631000.0,1062350000.0,1517806000.0,0.0,1.417,-707.336,-937.5,7244754000.0,0.0,18.75,1.23,1.239,3020645000.0,4518144000.0,11360770000.0,11360770000.0,235613000.0,-0.001,-0.002,0.05,0.081,97131000.0,1630018000.0,1.0,745173406.0,751000000,758000000.0,15.128,15434759000.0,273656000.0,498775000.0,0.0,20.552,3590385000.0
34,WFTIQ,MRT,2011-03-31,2011-03-31,2011-03-31,2020-03-19,330638000.0,19821921000.0,19283114500.0,6895867000.0,12926054000.0,0.557,12.92,-1122841000.0,249317000.0,249317000.0,7970540000.0,-102678000.0,2.305,1.048,7145954000.0,619490000.0,6526464000.0,7145954000.0,0.0,1076295000.0,0.0,0.0,0.0,742551000.0,1818846000.0,0.169,1818846000.0,742551000.0,319890000.0,-0.15,-0.15,-0.15,9650984000.0,9338124500.0,9650984000.0,23121554544.0,31.0,12.712,-146797000.0,-0.197,1.0,2775393000.0,0.258,4995519000.0,422661000.0,18730730000.0,17964473750.0,2759569000.0,551686000.0,0.0,551686000.0,10109538000.0,2992309000.0,7117229000.0,16771936544.0,41420000.0,-1211000.0,0.0,284367000.0,0.0,192140000.0,-1132892000.0,-9000000.0,976044000.0,6128000.0,-118643000.0,-118643000.0,-118643000.0,0.0,15965000.0,-0.011,1899954000.0,875439000.0,1433259000.0,0.0,1.738,-141.365,-150.667,7117261000.0,0.0,22.6,1.561,1.571,2923062000.0,4408046000.0,10745933000.0,10745933000.0,227143000.0,-0.006,-0.013,0.041,0.069,99026000.0,1672811000.0,1.0,742121086.0,747000000,758000000.0,14.385,14826402000.0,268814000.0,438533000.0,0.0,19.848,3903558000.0
35,WFTIQ,MRT,2010-12-31,2010-12-31,2010-12-31,2020-03-19,202000000.0,19199000000.0,19009078250.0,6495000000.0,12704000000.0,0.538,12.182,-1001000000.0,416000000.0,416000000.0,7590000000.0,-199000000.0,2.405,1.114,6765000000.0,235000000.0,6530000000.0,6765000000.0,0.0,1048000000.0,0.0,0.0,0.0,585000000.0,1633000000.0,0.16,1633000000.0,585000000.0,179000000.0,-0.29,-0.29,-0.29,9051000000.0,9252999000.0,9051000000.0,23230694189.0,40.0,14.226,154000000.0,0.207,1.0,2631000000.0,0.257,5007000000.0,406000000.0,17840000000.0,17616213500.0,2590000000.0,540000000.0,0.0,540000000.0,10081000000.0,2701000000.0,7380000000.0,16904485189.0,163000000.0,53000000.0,0.0,25000000.0,0.0,-65000000.0,-908000000.0,-2000000.0,1155000000.0,-19000000.0,-217000000.0,-217000000.0,-217000000.0,0.0,18000000.0,-0.021,1857000000.0,774000000.0,1335000000.0,0.0,1.868,-77.901,-78.621,6945000000.0,0.0,22.8,1.654,1.657,2629000000.0,3949000000.0,10221000000.0,10221000000.0,216000000.0,-0.011,-0.023,0.033,0.057,99000000.0,1641000000.0,1.0,741424789.0,743000000,743000000.0,13.756,14192000000.0,257000000.0,396000000.0,103000000.0,19.101,3794000000.0
36,WFTIQ,MRT,2010-09-30,2010-09-30,2010-09-30,2020-03-19,143123000.0,19585249000.0,18883500750.0,6888269000.0,12696980000.0,0.515,12.685,-1042754000.0,951382000.0,951382000.0,7332752000.0,-100672000.0,2.349,1.064,7277591000.0,582628000.0,6694963000.0,7277591000.0,0.0,1030388000.0,0.0,0.0,0.0,434567000.0,1464955000.0,0.151,1464955000.0,434567000.0,52037000.0,-0.16,-0.15,-0.16,9456739000.0,9330084250.0,9456739000.0,19082389480.0,44.0,13.026,27701000.0,0.037,1.0,2400225000.0,0.247,4875104000.0,382530000.0,18103904000.0,17464068250.0,2492751000.0,537505000.0,0.0,537505000.0,10058922000.0,2932450000.0,7126472000.0,12671592480.0,644666000.0,136727000.0,0.0,395782000.0,0.0,453333000.0,-865938000.0,-1751000.0,1070455000.0,-13184000.0,-115291000.0,-115291000.0,-115291000.0,0.0,14619000.0,-0.012,1825224000.0,575001000.0,1200627000.0,0.0,1.34,-109.91,-106.875,6931216000.0,0.0,17.1,1.302,1.31,2529003000.0,4435176000.0,9732977000.0,9732977000.0,208410000.0,-0.006,-0.012,0.025,0.045,96031000.0,1616814000.0,1.0,741028800.0,745502000,751394000.0,13.056,14710145000.0,260128000.0,167328000.0,154440000.0,19.732,3955819000.0
37,WFTIQ,MRT,2010-06-30,2010-06-30,2010-06-30,2020-03-19,-795000.0,18526288000.0,18658511000.0,6034761000.0,12491527000.0,0.501,12.37,-1073412000.0,222783000.0,222783000.0,7035795000.0,-162271000.0,2.093,1.007,6633580000.0,628108000.0,6005472000.0,6633580000.0,0.0,1002188000.0,0.0,0.0,0.0,313387000.0,1315575000.0,0.141,1315575000.0,313387000.0,-60110000.0,-0.25,-0.24,-0.25,9193775000.0,9374706500.0,9193775000.0,16361219327.0,52.0,12.437,-354589000.0,-0.477,1.0,2312377000.0,0.247,4870844000.0,373497000.0,17183261000.0,17344608250.0,2369008000.0,539817000.0,0.0,539817000.0,9261649000.0,2882980000.0,6378669000.0,9732268327.0,17390000.0,177067000.0,0.0,87577000.0,0.0,168781000.0,-856027000.0,-1522000.0,718823000.0,-14187000.0,-178190000.0,-178190000.0,-178190000.0,0.0,15919000.0,-0.019,1869218000.0,443159000.0,1127875000.0,0.0,1.059,-54.617,-52.56,6772300000.0,0.0,13.14,1.041,1.045,2468861000.0,4340523000.0,9348172000.0,9348172000.0,203253000.0,-0.01,-0.019,0.018,0.034,100823000.0,1665965000.0,1.0,740659690.0,743209000,743209000.0,12.578,13655444000.0,258536000.0,118080000.0,121200000.0,18.374,3151781000.0
38,WFTIQ,MRT,2010-03-31,2010-03-31,2010-03-31,2020-03-19,94260000.0,18725776000.0,18368353750.0,6101335000.0,12624441000.0,0.485,12.618,-1240244000.0,207099000.0,207099000.0,6677848000.0,-88188000.0,1.955,1.003,6836050000.0,991440000.0,5844610000.0,6836050000.0,0.0,957311000.0,0.0,0.0,0.0,364560000.0,1321871000.0,0.148,1321871000.0,364560000.0,-6716000.0,-0.16,-0.15,-0.16,9310482000.0,9263625250.0,9310482000.0,18174611474.0,50.0,13.749,-794946000.0,-1.077,1.0,2231588000.0,0.25,4896190000.0,371276000.0,17337689000.0,17317914750.0,2315337000.0,533248000.0,0.0,533248000.0,9338331000.0,3120848000.0,6217483000.0,11710291474.0,45262000.0,130689000.0,0.0,596362000.0,0.0,677472000.0,-1068206000.0,-491000.0,445298000.0,-9302000.0,-109365000.0,-109365000.0,-109365000.0,0.0,21177000.0,-0.012,1742313000.0,489275000.0,1121175000.0,0.0,1.258,-107.075,-99.125,6881544000.0,0.0,15.86,1.314,1.313,2654568000.0,4388413000.0,8909436000.0,8909436000.0,195836000.0,-0.006,-0.012,0.021,0.041,102545000.0,1546477000.0,1.0,738353813.0,737865000,737865000.0,12.075,13829586000.0,258790000.0,102649000.0,171586000.0,18.743,2980487000.0
39,WFTIQ,MRT,2009-12-31,2009-12-31,2009-12-31,2020-03-19,114742000.0,18696690000.0,17923197250.0,5981953000.0,12714737000.0,0.493,13.09,-1597000000.0,252519000.0,252519000.0,6464000000.0,113000000.0,1.994,0.989,6716839000.0,869581000.0,5847258000.0,6716839000.0,0.0,909000000.0,0.0,0.0,0.0,617000000.0,1526000000.0,0.173,1526000000.0,617000000.0,250000000.0,0.12,0.12,0.12,9359341000.0,9039020000.0,9359341000.0,19769592450.0,32.0,12.955,-990000000.0,-1.385,1.0,2369000000.0,0.268,4928891000.0,367000000.0,17231419000.0,17160726000.0,2238294000.0,533138000.0,0.0,533138000.0,9258317000.0,3000700000.0,6257617000.0,13203386450.0,14000000.0,113000000.0,0.0,833000000.0,0.0,907000000.0,-1511000000.0,-27000000.0,607000000.0,11000000.0,87000000.0,87000000.0,87000000.0,0.0,26000000.0,0.01,1682000000.0,687000000.0,1002359000.0,0.0,1.411,151.763,149.25,6989379000.0,0.0,17.91,1.495,1.45,2510948000.0,4456770000.0,8833000000.0,8833000000.0,196000000.0,0.005,0.01,0.036,0.07,106000000.0,1486000000.0,1.0,737207507.0,715000000,723000000.0,12.354,13767799000.0,259077000.0,163000000.0,201647000.0,19.256,2981253000.0
40,WFTIQ,MRT,2009-09-30,2009-09-30,2009-09-30,2020-03-19,46657000.0,18685290000.0,17368153000.0,6096248000.0,12589042000.0,0.52,13.306,-1964638000.0,306595000.0,306595000.0,6306334000.0,453452000.0,2.218,0.931,6872801000.0,1021123000.0,5851678000.0,6872801000.0,0.0,857775000.0,0.0,0.0,0.0,1015613000.0,1873388000.0,0.207,1873388000.0,1015613000.0,672811000.0,0.59,0.59,0.59,9635228000.0,8780409250.0,9635228000.0,21377573794.0,21.0,11.411,-1172030000.0,-1.619,1.0,2726297000.0,0.302,4876818000.0,342802000.0,17626064000.0,16553827750.0,2307659000.0,540902000.0,0.0,540902000.0,8968693000.0,2748614000.0,6220079000.0,15085274794.0,-29951000.0,-9403000.0,0.0,1170495000.0,0.0,1186331000.0,-2009186000.0,-35145000.0,792608000.0,296000.0,421408000.0,421408000.0,421408000.0,0.0,32044000.0,0.047,1618254000.0,1108043000.0,864656000.0,0.0,1.566,35.797,35.136,6887382000.0,0.0,20.73,1.67,1.662,2386843000.0,4808242000.0,9032631000.0,9032631000.0,197998000.0,0.024,0.048,0.061,0.112,117506000.0,1420256000.0,1.0,727702595.0,724114000,735109000.0,12.474,13808472000.0,259811000.0,251403000.0,0.0,19.069,3347634000.0
41,WFTIQ,MRT,2009-06-30,2009-06-30,2009-06-30,2020-03-19,-101587000.0,17365659000.0,16746558250.0,5634228000.0,11731431000.0,0.563,12.492,-2342316000.0,205272000.0,205272000.0,6348358000.0,799098000.0,2.515,0.975,6497571000.0,692535000.0,5805036000.0,6497571000.0,0.0,805897000.0,0.0,0.0,0.0,1402774000.0,2208671000.0,0.234,2208671000.0,1402774000.0,1089736000.0,1.09,1.08,1.09,8749450000.0,8467421750.0,8749450000.0,19683123706.0,14.0,8.912,-1322633000.0,-1.888,1.0,3080122000.0,0.327,4341000000.0,313038000.0,17076487000.0,15761163750.0,2259904000.0,488820000.0,0.0,488820000.0,8533042000.0,2240471000.0,6292571000.0,13657569706.0,-62706000.0,-577191000.0,0.0,1864154000.0,0.0,1868774000.0,-2948584000.0,-38077000.0,1019683000.0,-2579000.0,760254000.0,760254000.0,760254000.0,0.0,38844000.0,0.081,1580921000.0,1499201000.0,844953000.0,0.0,1.561,17.964,17.945,6533003000.0,0.0,19.56,1.449,1.453,2189769000.0,4730868000.0,9428480000.0,9428480000.0,200724000.0,0.045,0.09,0.089,0.149,113490000.0,1380197000.0,1.0,698239760.0,700424000,709412000.0,13.461,13024659000.0,250579000.0,329482000.0,0.0,18.595,3393757000.0
42,WFTIQ,MRT,2009-03-31,2009-03-31,2009-03-31,2020-03-19,-315369000.0,16945150000.0,16104279000.0,5692987000.0,11252163000.0,0.6,12.046,-2510731000.0,161716000.0,161716000.0,6353708000.0,1147897000.0,2.78,1.004,6187270000.0,382828000.0,5804442000.0,6187270000.0,0.0,763914000.0,0.0,0.0,0.0,1755272000.0,2519186000.0,0.261,2519186000.0,1755272000.0,1473333000.0,1.6,1.58,1.6,8412061000.0,8322301750.0,8412061000.0,13306736536.0,8.0,5.282,-1388874000.0,-1.989,1.0,3305595000.0,0.342,4213997000.0,281939000.0,16708934000.0,14885601750.0,2231643000.0,514707000.0,0.0,514707000.0,8449396000.0,2047773000.0,6401623000.0,7724932536.0,-464722000.0,-476970000.0,0.0,1411061000.0,0.0,1432385000.0,-3014778000.0,-38077000.0,1121857000.0,-4186000.0,1110303000.0,1110303000.0,1110303000.0,-6940000.0,37594000.0,0.115,1542019000.0,1763576000.0,940625000.0,0.0,0.918,6.957,6.919,6261761000.0,0.0,11.07,0.8,0.8,2287519000.0,4688887000.0,9659303000.0,9659303000.0,199041000.0,0.069,0.133,0.118,0.182,101894000.0,1342978000.0,1.0,697825884.0,698327000,702636000.0,13.832,12731153000.0,368581000.0,363030000.0,0.0,18.231,3645214000.0
43,WFTIQ,MRT,2008-12-31,2008-12-31,2008-12-31,2020-03-19,-266761000.0,16476513000.0,15489025000.0,5570282000.0,10906231000.0,0.62,12.194,-2508242000.0,238398000.0,238398000.0,6264774000.0,1280768000.0,1.843,0.97,5820202000.0,1255947000.0,4564255000.0,5820202000.0,0.0,731808000.0,0.0,0.0,0.0,1863012000.0,2594820000.0,0.27,2594820000.0,1863012000.0,1619333000.0,1.82,1.78,1.82,8324898000.0,8142149000.0,8324898000.0,12651065427.0,7.0,4.876,-1403674000.0,-2.056,1.0,3335790000.0,0.347,4232398000.0,243679000.0,14803826000.0,13937139250.0,2088342000.0,515770000.0,0.0,515770000.0,8071214000.0,3022093000.0,5049121000.0,7369501427.0,67684000.0,-501245000.0,0.0,1956154000.0,0.0,1977531000.0,-3010055000.0,-11568000.0,1104568000.0,-4360000.0,1246496000.0,1246496000.0,1246496000.0,12928000.0,34272000.0,0.13,1461966000.0,1873824000.0,886104000.0,0.0,0.885,5.912,5.945,5922172000.0,0.0,10.82,0.768,0.769,2442848000.0,4563335000.0,9600564000.0,9600564000.0,192659000.0,0.08,0.153,0.134,0.194,91384000.0,1269307000.0,1.0,681099947.0,682704000,698178000.0,14.063,12244115000.0,270252000.0,372837000.0,0.0,17.935,2548189000.0
44,WFTIQ,MRT,2008-09-30,2008-09-30,2008-09-30,2020-03-19,277169000.0,16198911000.0,14667636000.0,5507138000.0,10691773000.0,0.624,12.283,-2379113000.0,336546000.0,336546000.0,5972294000.0,1381793000.0,2.086,0.932,5618110000.0,1074000000.0,4544110000.0,5618110000.0,0.0,695321000.0,0.0,0.0,0.0,1844714000.0,2540035000.0,0.277,2540035000.0,1844714000.0,1616968000.0,1.96,1.92,1.96,8383278000.0,7912604250.0,8383278000.0,21432832008.0,12.0,8.438,-1443689000.0,-2.115,1.0,3185485000.0,0.348,4385076000.0,227746000.0,14455408000.0,12911918750.0,2021814000.0,485331000.0,0.0,485331000.0,7815633000.0,2639991000.0,5175642000.0,17111511008.0,210548000.0,-408593000.0,-63489000.0,2120483000.0,0.0,2079330000.0,-2807546000.0,-4122000.0,935424000.0,3340000.0,1336796000.0,1336796000.0,1336796000.0,18669000.0,44997000.0,0.146,1358039000.0,1827446000.0,813745000.0,0.0,2.041,12.8,12.827,5515079000.0,0.0,25.14,1.869,1.874,2425666000.0,4175967000.0,9157779000.0,9157779000.0,183999000.0,0.091,0.169,0.143,0.201,58307000.0,1174040000.0,1.0,680648807.0,682532000,701284000.0,13.417,11813835000.0,0.0,280172000.0,0.0,17.309,2867147000.0
45,WFTIQ,MRT,2008-06-30,2008-06-30,2008-06-30,2020-03-19,468341000.0,14796542000.0,13727758750.0,4927661000.0,9868881000.0,0.626,11.98,-2122457000.0,267978000.0,267978000.0,5604618000.0,1291520000.0,3.401,0.811,4589299000.0,49593000.0,4539706000.0,4589299000.0,0.0,667167000.0,0.0,0.0,0.0,1743939000.0,2411106000.0,0.281,2411106000.0,1743939000.0,1526520000.0,1.85,1.81,1.85,8168970000.0,7587225750.0,8168970000.0,37831154418.0,22.0,15.69,-1134920000.0,-1.664,1.0,2984356000.0,0.347,4094624000.0,217419000.0,13574239000.0,11833426750.0,1909239000.0,473571000.0,0.0,473571000.0,6627572000.0,1449000000.0,5178572000.0,33700551418.0,152474000.0,84751000.0,-45746000.0,1252108000.0,0.0,1237566000.0,-2075969000.0,-3449000.0,987537000.0,3340000.0,1258909000.0,1258909000.0,1258909000.0,20880000.0,32611000.0,0.147,1272061000.0,1712295000.0,664421000.0,0.0,4.125,26.77,26.805,4979621000.0,0.0,49.59,3.924,3.937,2111299000.0,3805367000.0,8588974000.0,8588974000.0,175172000.0,0.092,0.166,0.147,0.203,39887000.0,1096889000.0,1.0,679583614.0,681870000,701927000.0,12.596,10701918000.0,0.0,267611000.0,0.0,15.695,3478661000.0
46,WFTIQ,MRT,2008-03-31,2008-03-31,2008-03-31,2020-03-19,434765000.0,14484134000.0,12960973000.0,5101425000.0,9382709000.0,0.631,11.308,-1892022000.0,626438000.0,626438000.0,5342932000.0,1078522000.0,3.071,0.883,4757041000.0,193462000.0,4563579000.0,4757041000.0,0.0,639999000.0,0.0,0.0,0.0,1558555000.0,2198554000.0,0.269,2198554000.0,1558555000.0,1368242000.0,1.55,1.52,1.55,7691450000.0,7198839500.0,7691450000.0,28253431891.0,18.0,12.851,-1025734000.0,-1.508,1.0,2832737000.0,0.346,4038393000.0,190313000.0,12915084000.0,10838772500.0,1768047000.0,463221000.0,0.0,463221000.0,6792684000.0,1661260000.0,5131424000.0,24583590891.0,517227000.0,-164944000.0,-91204000.0,2150308000.0,0.0,2077444000.0,-2429845000.0,-335220000.0,866288000.0,3340000.0,1053235000.0,1053235000.0,1053235000.0,38990000.0,25287000.0,0.129,1208581000.0,1624156000.0,678078000.0,0.0,3.196,23.341,23.377,4582620000.0,0.0,36.235,3.007,3.015,2104837000.0,3434383000.0,8175669000.0,8175669000.0,171442000.0,0.081,0.146,0.144,0.191,38199000.0,1037139000.0,1.0,678448762.0,680190000,697086000.0,12.02,10445741000.0,0.0,315007000.0,0.0,15.357,3440165000.0
47,WFTIQ,MRT,2007-12-31,2007-12-31,2007-12-31,2020-03-19,437788000.0,13190957000.0,12009397000.0,4471769000.0,8719188000.0,0.652,10.94,-1658076000.0,170714000.0,170714000.0,5057610000.0,1090357000.0,2.03,0.781,3840555000.0,774220000.0,3066335000.0,3840555000.0,0.0,606226000.0,0.0,0.0,0.0,1574647000.0,2180873000.0,0.278,2180873000.0,1574647000.0,1403366000.0,1.58,1.54,1.58,7406719000.0,6865276750.0,7406719000.0,26507190372.0,17.0,12.154,-785570000.0,-1.16,1.0,2774452000.0,0.354,3955489000.0,171281000.0,10702944000.0,9379726000.0,1607684000.0,368618000.0,0.0,368618000.0,5784238000.0,2202365000.0,3581873000.0,23137629372.0,44427000.0,-190673000.0,-211998000.0,1588628000.0,0.0,1401629000.0,-2233048000.0,-335220000.0,872506000.0,3340000.0,1070606000.0,1070606000.0,1070606000.0,21369000.0,19751000.0,0.137,1150116000.0,1624336000.0,612775000.0,0.0,3.124,21.612,21.709,4153845000.0,0.0,34.3,2.954,2.965,1961854000.0,3170182000.0,7832062000.0,7832062000.0,169317000.0,0.089,0.156,0.168,0.201,36006000.0,980799000.0,1.0,674566454.0,677032000,695516000.0,11.568,9235468000.0,165508000.0,332760000.0,294976000.0,13.641,2269404000.0
48,WFTIQ,MRT,2007-09-30,2007-09-30,2007-09-30,2020-03-19,365193000.0,12439402000.0,11246469750.0,4172207000.0,8267195000.0,0.662,10.471,-1461882000.0,125998000.0,125998000.0,4782424000.0,1011597000.0,2.408,0.757,3495559000.0,431051000.0,3064508000.0,3495559000.0,0.0,568019000.0,0.0,0.0,0.0,1495472000.0,2063491000.0,0.277,2063491000.0,1495472000.0,1343720000.0,1.48,1.45,1.48,7081764000.0,6557296750.0,7081764000.0,25864587785.0,17.0,12.534,-567510000.0,-0.839,1.0,2665385000.0,0.358,3934650000.0,151752000.0,10141440000.0,8349673750.0,1639095000.0,356212000.0,0.0,356212000.0,5357638000.0,1732873000.0,3624765000.0,22639221785.0,5706000.0,-179345000.0,-188003000.0,1254838000.0,0.0,1094229000.0,-1990305000.0,-320280000.0,894372000.0,2410000.0,1011597000.0,1011597000.0,1011597000.0,18571000.0,0.0,0.136,1118101000.0,1547284000.0,556202000.0,0.0,3.197,22.38,22.696,3807593000.0,0.0,33.59,3.04,3.05,1868458000.0,2839171000.0,7447809000.0,7447809000.0,161797000.0,0.09,0.154,0.179,0.201,42508000.0,956304000.0,1.0,673986954.0,676352000,696496000.0,11.012,8504752000.0,0.0,332123000.0,230470000.0,12.574,2439334000.0
49,WFTIQ,MRT,2007-06-30,2007-06-30,2007-06-30,2020-03-19,236758000.0,11729399000.0,10610875250.0,3876289000.0,7853110000.0,0.676,9.777,-1317635000.0,115504000.0,115504000.0,4587023000.0,953087000.0,2.561,0.773,3340870000.0,268440000.0,3072430000.0,3340870000.0,0.0,532522000.0,0.0,0.0,0.0,1437848000.0,1970370000.0,0.275,1970370000.0,1437848000.0,1308803000.0,1.39,1.36,1.39,6615425000.0,6277261250.0,6615425000.0,21082310989.0,15.0,10.7,-474154000.0,-0.701,1.0,2585548000.0,0.36,3845852000.0,129045000.0,9595622000.0,7385591500.0,1515812000.0,358172000.0,0.0,358172000.0,5113974000.0,1513291000.0,3600683000.0,18632696989.0,-11871000.0,-230383000.0,-472799000.0,1486712000.0,0.0,1035203000.0,-1892965000.0,-317531000.0,843481000.0,2410000.0,953087000.0,953087000.0,953087000.0,18299000.0,0.0,0.133,1094268000.0,1491280000.0,527976000.0,0.0,2.817,19.55,19.871,3491395000.0,0.0,27.62,2.598,2.606,1740277000.0,2546458000.0,7172571000.0,7172571000.0,156839000.0,0.09,0.152,0.195,0.2,49900000.0,937429000.0,1.0,674608870.0,676662000,695634000.0,10.6,7883547000.0,0.0,355716000.0,227837000.0,11.651,2362998000.0
50,WFTIQ,MRT,2007-03-31,2007-03-31,2007-03-31,2020-03-19,124163000.0,10677830000.0,9985090750.0,3606550000.0,7071280000.0,0.691,9.376,-1224147000.0,109211000.0,109211000.0,4392827000.0,974624000.0,1.497,0.68,2558825000.0,989156000.0,1569669000.0,2558825000.0,0.0,502960000.0,0.0,0.0,0.0,1419991000.0,1922951000.0,0.279,1922951000.0,1419991000.0,1302602000.0,1.42,1.38,1.42,6357199000.0,6114226000.0,6357199000.0,17338025177.0,12.0,9.016,-184758000.0,-0.272,1.0,2502375000.0,0.363,3640127000.0,117389000.0,7078898000.0,6330457500.0,1372883000.0,0.0,0.0,0.0,4320631000.0,2408419000.0,1912212000.0,15250976177.0,-26099000.0,-157410000.0,-549235000.0,862069000.0,0.0,330823000.0,-1398721000.0,14240000.0,1039389000.0,2410000.0,974624000.0,974624000.0,974624000.0,8777000.0,0.0,0.141,1041339000.0,1461036000.0,574034000.0,0.0,2.399,15.648,15.88,3254051000.0,0.0,22.55,2.212,2.217,1703096000.0,2381148000.0,6895202000.0,6895202000.0,153500000.0,0.098,0.159,0.224,0.206,48001000.0,887839000.0,1.0,676318234.0,678020000,692616000.0,10.17,7037703000.0,0.0,327978000.0,109200000.0,10.38,1198131000.0
51,WFTIQ,MRT,2006-12-31,2006-12-31,2006-12-31,2020-03-19,119153000.0,10139248000.0,9535547000.0,3391775000.0,6747473000.0,0.69,8.92,-1082301000.0,126287000.0,126287000.0,4212833000.0,896369000.0,1.66,0.642,2213336000.0,648736000.0,1564600000.0,2213336000.0,0.0,482948000.0,0.0,0.0,0.0,1320402000.0,1803350000.0,0.274,1803350000.0,1320402000.0,1217842000.0,1.29,1.26,1.29,6174799000.0,5982324750.0,6174799000.0,16280601193.0,12.0,9.028,4718000.0,0.007,1.0,2366095000.0,0.36,3600417000.0,102560000.0,6582735000.0,5857662250.0,1239034000.0,31175000.0,0.0,31175000.0,3964449000.0,2043145000.0,1921304000.0,14196481193.0,-7958000.0,-154454000.0,-493137000.0,622525000.0,0.0,145112000.0,-1242499000.0,14240000.0,1087019000.0,2410000.0,896369000.0,896369000.0,896369000.0,9737000.0,0.0,0.136,1011408000.0,1354687000.0,509942000.0,0.0,2.299,15.838,16.198,2979271000.0,0.0,20.895,2.158,2.199,1560849000.0,2099307000.0,6578928000.0,6578928000.0,149429000.0,0.094,0.15,0.225,0.201,48618000.0,861979000.0,1.0,679420014.0,692246000,709664000.0,9.504,6538831000.0,144833000.0,321473000.0,354023000.0,9.446,1348630000.0
52,WFTIQ,MRT,2006-09-30,2006-09-30,2006-09-30,2020-03-19,178690000.0,9897024000.0,9145811000.0,3268010000.0,6629014000.0,0.681,8.622,-942304000.0,120292000.0,120292000.0,4048320000.0,868117000.0,1.611,0.66,2204412000.0,633038000.0,1571374000.0,2204412000.0,0.0,465904000.0,0.0,0.0,0.0,1313998000.0,1779902000.0,0.286,1779902000.0,1313998000.0,1209531000.0,1.285,1.24,1.285,5961622000.0,5855329250.0,5961622000.0,16128217897.0,12.0,9.061,-32535000.0,-0.047,1.0,2184430000.0,0.35,3666966000.0,104467000.0,6285111000.0,5363271750.0,1168952000.0,0.0,0.0,0.0,3935402000.0,2029067000.0,1906335000.0,14435397897.0,-62909000.0,-161328000.0,-427632000.0,298507000.0,0.0,-121983000.0,-844206000.0,276750000.0,909769000.0,-1489000.0,868117000.0,868117000.0,868117000.0,7473000.0,0.0,0.139,976797000.0,1207633000.0,475029000.0,0.0,2.421,16.628,16.233,2816868000.0,0.0,20.86,2.316,2.314,1522188000.0,1827305000.0,6232750000.0,6232750000.0,147345000.0,0.095,0.148,0.245,0.211,48945000.0,815889000.0,1.0,692013322.0,691466000,708942000.0,9.014,6230058000.0,0.0,341414000.0,115082000.0,9.01,1238943000.0
53,WFTIQ,MRT,2006-06-30,2006-06-30,2006-06-30,2020-03-19,160808000.0,9226261000.0,8832118250.0,2914640000.0,6311621000.0,0.636,8.547,-789591000.0,127375000.0,127375000.0,3719136000.0,681800000.0,1.458,0.547,1820195000.0,842903000.0,977292000.0,1820195000.0,0.0,424374000.0,0.0,0.0,0.0,1035618000.0,1459992000.0,0.26,1459992000.0,1035618000.0,941441000.0,1.025,0.985,1.025,5963284000.0,5729086500.0,5963284000.0,18858437484.0,18.0,12.917,83080000.0,0.119,1.0,1893677000.0,0.337,3545439000.0,94177000.0,5375086000.0,4952604000.0,1069754000.0,0.0,0.0,0.0,3262977000.0,1998556000.0,1264421000.0,17301105484.0,-178296000.0,-1060725000.0,-57783000.0,602948000.0,0.0,547771000.0,-1597249000.0,261677000.0,872671000.0,-1489000.0,681800000.0,681800000.0,681800000.0,4947000.0,0.0,0.121,982108000.0,911569000.0,455702000.0,0.0,2.901,25.376,24.205,2642594000.0,0.0,24.81,3.082,3.084,1340307000.0,1593102000.0,5612813000.0,5612813000.0,136244000.0,0.077,0.119,0.209,0.185,43277000.0,752283000.0,1.0,697344034.0,697706000,716866000.0,8.045,5680822000.0,0.0,259641000.0,55467000.0,8.142,916084000.0
54,WFTIQ,MRT,2006-03-31,2006-03-31,2006-03-31,2020-03-19,108612000.0,8879655000.0,7966133750.0,2821710000.0,6057945000.0,0.629,8.348,-673159000.0,135310000.0,135310000.0,3353972000.0,590141000.0,1.569,0.523,1692642000.0,711259000.0,981383000.0,1692642000.0,0.0,379711000.0,0.0,0.0,0.0,891905000.0,1271616000.0,0.254,1271616000.0,891905000.0,806386000.0,0.925,0.885,0.925,5829594000.0,5123465750.0,5829594000.0,17410487682.0,20.0,13.692,3615000.0,0.005,1.0,1657560000.0,0.331,3451097000.0,85519000.0,5187717000.0,4538243250.0,991621000.0,0.0,0.0,0.0,3050061000.0,1798173000.0,1251888000.0,15957895682.0,-178643000.0,-1001983000.0,75937000.0,487618000.0,0.0,563315000.0,-1417243000.0,261676000.0,676774000.0,-1489000.0,590141000.0,590141000.0,590141000.0,2836000.0,0.0,0.118,905601000.0,751959000.0,436743000.0,0.0,2.737,27.041,24.73,2480538000.0,0.0,22.875,3.184,3.187,1354404000.0,1406255000.0,5011532000.0,5011532000.0,122786000.0,0.074,0.115,0.197,0.178,36458000.0,689234000.0,1.0,697612926.0,698320000,716652000.0,7.177,5428558000.0,0.0,216245000.0,55838000.0,7.774,1023537000.0
55,WFTIQ,MRT,2005-12-31,2005-12-31,2005-12-31,2020-03-19,92652000.0,8580304000.0,7171220500.0,2638873000.0,5941431000.0,0.604,9.434,-536264000.0,134245000.0,134245000.0,2949067000.0,467420000.0,1.321,0.514,1586837000.0,954766000.0,632071000.0,1586837000.0,0.0,334330000.0,0.0,0.0,0.0,708814000.0,1043144000.0,0.241,1043144000.0,708814000.0,628625000.0,0.78,0.735,0.78,5666817000.0,4531289000.0,5666817000.0,14297418582.0,20.0,13.706,-33170000.0,-0.055,1.0,1384160000.0,0.319,3429582000.0,80189000.0,4605173000.0,4286751500.0,890121000.0,0.0,0.0,0.0,2913487000.0,1998141000.0,915346000.0,12584334582.0,-183194000.0,-975193000.0,191127000.0,379942000.0,0.0,570109000.0,-1254908000.0,260326000.0,503094000.0,-1489000.0,467420000.0,467420000.0,467420000.0,2675000.0,0.0,0.108,813562000.0,570598000.0,476363000.0,0.0,2.221,26.923,23.205,2367237000.0,0.0,18.1,2.904,2.509,1259990000.0,1202938000.0,4333227000.0,4333227000.0,107362000.0,0.065,0.103,0.165,0.164,28948000.0,612619000.0,1.0,695267104.0,600672000,644572000.0,7.214,5150722000.0,158653000.0,161205000.0,186364000.0,8.575,640732000.0
56,WFTIQ,MRT,2005-09-30,2005-09-30,2005-09-30,2020-03-19,166342000.0,8642253000.0,6412015000.0,2498483000.0,6143770000.0,0.586,9.065,-449045000.0,183201000.0,183201000.0,2567850000.0,357225000.0,1.11,0.584,1896285000.0,1271803000.0,624482000.0,1896285000.0,0.0,289485000.0,0.0,0.0,0.0,523982000.0,813467000.0,0.217,813467000.0,523982000.0,460374000.0,0.64,0.597,0.64,5456651000.0,3942932000.0,5456651000.0,10663636642.0,20.0,13.109,22356000.0,0.037,1.0,1186572000.0,0.316,3462300000.0,63608000.0,4642440000.0,4142576500.0,857689000.0,193429000.0,0.0,193429000.0,3185602000.0,2250597000.0,935005000.0,9527329642.0,66249000.0,-945594000.0,202651000.0,658983000.0,0.0,858479000.0,-1266407000.0,128232000.0,471401000.0,2776000.0,357225000.0,357225000.0,357225000.0,-1837000.0,0.0,0.095,733777000.0,452795000.0,412020000.0,0.0,1.746,26.67,26.82,2312809000.0,0.0,17.165,2.538,2.752,1147423000.0,959188000.0,3754422000.0,3754422000.0,95895000.0,0.056,0.091,0.126,0.14,25702000.0,557864000.0,1.0,555043964.0,601944000,623576000.0,6.237,5179953000.0,0.0,103149000.0,136663000.0,8.605,247886000.0
57,WFTIQ,MRT,2005-06-30,2005-06-30,2005-06-30,2020-03-19,84916000.0,5762323000.0,5566812000.0,2096593000.0,3665730000.0,0.624,6.371,-388167000.0,305671000.0,305671000.0,2358467000.0,379436000.0,1.712,0.627,1441978000.0,613007000.0,828971000.0,1441978000.0,0.0,270796000.0,0.0,0.0,0.0,557033000.0,827829000.0,0.238,827829000.0,557033000.0,495562000.0,0.69,0.645,0.69,3540801000.0,3333167000.0,3540801000.0,9133301763.0,16.0,11.033,102340000.0,0.184,1.0,1113480000.0,0.321,1956017000.0,61471000.0,3717643000.0,3983677250.0,764676000.0,174302000.0,0.0,174302000.0,2221522000.0,1224970000.0,996552000.0,8021779763.0,245891000.0,-11818000.0,153296000.0,-139322000.0,0.0,10538000.0,-257930000.0,142055000.0,490507000.0,2776000.0,379436000.0,379436000.0,379436000.0,-1509000.0,0.0,0.109,622456000.0,491024000.0,270149000.0,0.0,2.266,21.141,21.007,1427884000.0,0.0,14.495,2.31,2.32,809394000.0,911302000.0,3471947000.0,3471947000.0,89200000.0,0.068,0.114,0.14,0.16,18787000.0,533256000.0,1.0,553417024.0,555744000,614052000.0,6.247,3806306000.0,0.0,116126000.0,32767000.0,6.849,871623000.0
58,WFTIQ,MRT,2005-03-31,2005-03-31,2005-03-31,2020-03-19,122295000.0,5700002000.0,5380871750.0,2053971000.0,3646031000.0,0.609,6.278,-343692000.0,313953000.0,313953000.0,2242788000.0,358137000.0,3.115,0.647,1425475000.0,17930000.0,1407545000.0,1425475000.0,0.0,263581000.0,0.0,0.0,0.0,521637000.0,785218000.0,0.24,785218000.0,521637000.0,460091000.0,0.66,0.615,0.66,3460887000.0,3161347750.0,3460887000.0,9114229625.0,17.0,11.607,121033000.0,0.22,1.0,1034052000.0,0.316,1970404000.0,61546000.0,4181750000.0,4026591250.0,738197000.0,171774000.0,0.0,171774000.0,2239115000.0,659370000.0,1579745000.0,8005002625.0,258091000.0,10065000.0,153218000.0,-258418000.0,0.0,-106686000.0,-102724000.0,230903000.0,464725000.0,2776000.0,358137000.0,358137000.0,358137000.0,6097000.0,0.0,0.109,594618000.0,439434000.0,270414000.0,0.0,2.313,22.352,21.947,1391559000.0,0.0,14.485,2.443,2.437,801427000.0,816114000.0,3276840000.0,3276840000.0,85318000.0,0.067,0.113,0.13,0.159,14151000.0,509300000.0,1.0,552640844.0,551252000,609464000.0,5.944,3729598000.0,0.0,101954000.0,35303000.0,6.766,1394601000.0
59,WFTIQ,MRT,2004-12-31,2004-12-31,2004-12-31,2020-03-19,129291000.0,5543482000.0,5234757250.0,1943178000.0,3600304000.0,0.598,6.182,-331362000.0,317439000.0,317439000.0,2157542000.0,330146000.0,2.944,0.673,1426666000.0,22235000.0,1404431000.0,1426666000.0,0.0,255884000.0,0.0,0.0,0.0,486380000.0,742264000.0,0.237,742264000.0,486380000.0,422818000.0,0.615,0.575,0.615,3313389000.0,2993600750.0,3313389000.0,8304875956.0,17.0,11.189,172117000.0,0.321,1.0,974232000.0,0.311,1964230000.0,63562000.0,4028473000.0,3961917250.0,679607000.0,170202000.0,0.0,170202000.0,2230093000.0,660006000.0,1570087000.0,6969858956.0,261357000.0,-5725000.0,129549000.0,-267759000.0,0.0,-139609000.0,-105289000.0,231798000.0,503479000.0,2776000.0,330146000.0,330146000.0,330146000.0,7153000.0,0.0,0.105,575805000.0,398427000.0,279763000.0,0.0,2.104,21.111,20.854,1377182000.0,0.0,12.825,2.226,2.195,742291000.0,735518000.0,3131774000.0,3131774000.0,83552000.0,0.063,0.11,0.123,0.155,9061000.0,492253000.0,1.0,543458788.0,536000000,594736000.0,5.843,3579252000.0,96482000.0,92672000.0,81273000.0,6.678,1283172000.0
60,WFTIQ,MRT,2004-09-30,2004-09-30,2004-09-30,2020-03-19,14139000.0,5261441000.0,5097467750.0,1669680000.0,3591761000.0,0.581,5.624,-286137000.0,116952000.0,116952000.0,2055437000.0,245428000.0,2.41,0.744,1451969000.0,56548000.0,1395421000.0,1451969000.0,0.0,248716000.0,0.0,0.0,0.0,391128000.0,639844000.0,0.216,639844000.0,391128000.0,327636000.0,0.465,0.435,0.465,3017591000.0,2842270500.0,3017591000.0,8211188688.0,21.0,12.833,138881000.0,0.259,1.0,904147000.0,0.305,1896878000.0,63492000.0,4006843000.0,3929280250.0,649877000.0,253669000.0,0.0,253669000.0,2243850000.0,692737000.0,1551113000.0,6810676688.0,48098000.0,-26701000.0,92521000.0,-244512000.0,0.0,-153319000.0,-227821000.0,85017000.0,425018000.0,4220000.0,245428000.0,245428000.0,245428000.0,8314000.0,0.0,0.083,553104000.0,351043000.0,222733000.0,0.0,2.257,27.75,27.43,1312384000.0,0.0,12.755,2.301,2.313,683841000.0,601963000.0,2959584000.0,2959584000.0,79857000.0,0.048,0.086,0.1,0.132,6712000.0,473247000.0,1.0,533961324.0,536588000,596356000.0,5.516,3364563000.0,0.0,82208000.0,41948000.0,6.27,976943000.0
61,WFTIQ,MRT,2004-06-30,2004-06-30,2004-06-30,2020-03-19,-10694000.0,5018562000.0,5014728000.0,1486524000.0,3532038000.0,0.561,5.359,-292403000.0,59780000.0,59780000.0,1970773000.0,207743000.0,2.324,0.759,1460292000.0,84235000.0,1376057000.0,1460292000.0,0.0,243944000.0,0.0,0.0,0.0,340003000.0,583947000.0,0.208,583947000.0,340003000.0,274407000.0,0.397,0.372,0.397,2853524000.0,2739438250.0,2853524000.0,7482132029.0,22.0,12.813,28660000.0,0.054,1.0,842118000.0,0.299,1890191000.0,65596000.0,3889299000.0,3813662750.0,643874000.0,249570000.0,0.0,249570000.0,2165038000.0,639584000.0,1525454000.0,5961157029.0,10695000.0,-56983000.0,440358000.0,-488840000.0,0.0,-50094000.0,-264494000.0,84892000.0,321063000.0,4220000.0,207743000.0,207743000.0,207743000.0,8903000.0,0.0,0.074,525164000.0,316954000.0,204980000.0,0.0,2.089,28.695,28.325,1296061000.0,0.0,11.245,2.119,2.128,571696000.0,531866000.0,2812891000.0,2812891000.0,79378000.0,0.041,0.076,0.089,0.121,6473000.0,445786000.0,1.0,530116232.0,532428000,590388000.0,5.283,3128371000.0,0.0,66664000.0,24319000.0,5.876,846940000.0
62,WFTIQ,MRT,2004-03-31,2004-03-31,2004-03-31,2020-03-19,16083000.0,5115544000.0,4957173000.0,1511185000.0,3604359000.0,0.542,5.271,-304722000.0,55862000.0,55862000.0,1889079000.0,162427000.0,1.876,0.834,1576837000.0,188631000.0,1388206000.0,1576837000.0,0.0,238556000.0,0.0,0.0,0.0,291543000.0,530099000.0,0.197,530099000.0,291543000.0,220127000.0,0.317,0.298,0.317,2789899000.0,2568874000.0,2789899000.0,7078506444.0,24.0,13.353,13203000.0,0.025,1.0,797818000.0,0.297,1907827000.0,71416000.0,3923054000.0,3809595250.0,663963000.0,309454000.0,0.0,309454000.0,2325645000.0,805638000.0,1520007000.0,5547635444.0,17393000.0,-69249000.0,438217000.0,-359902000.0,0.0,75818000.0,-380570000.0,-6599000.0,317925000.0,4220000.0,162427000.0,162427000.0,162427000.0,3583000.0,0.0,0.06,510523000.0,287295000.0,240795000.0,0.0,1.988,34.155,33.147,1292650000.0,0.0,10.508,2.065,2.07,606614000.0,457977000.0,2686897000.0,2686897000.0,81750000.0,0.033,0.063,0.077,0.109,4841000.0,428773000.0,1.0,527969112.0,529248000,587800000.0,5.077,3207717000.0,0.0,57700000.0,20210000.0,6.061,705547000.0
63,WFTIQ,MRT,2003-12-31,2003-12-31,2003-12-31,2020-03-19,20734000.0,4994324000.0,4824100000.0,1425173000.0,3569151000.0,0.531,5.351,-309344000.0,56082000.0,56082000.0,1799518000.0,143352000.0,1.94,0.844,1586953000.0,207342000.0,1379611000.0,1586953000.0,0.0,232417000.0,0.0,0.0,0.0,271407000.0,503824000.0,0.197,503824000.0,271407000.0,194960000.0,0.285,0.27,0.285,2708068000.0,2380530500.0,2708068000.0,6251954168.0,23.0,12.409,-23942000.0,-0.047,1.0,762516000.0,0.298,1892598000.0,76447000.0,3897925000.0,3769490500.0,616748000.0,303654000.0,0.0,303654000.0,2286256000.0,734672000.0,1551584000.0,4726803168.0,7245000.0,-61527000.0,413972000.0,-316511000.0,0.0,94638000.0,-377015000.0,-6144000.0,285402000.0,4220000.0,143352000.0,143352000.0,143352000.0,3891000.0,0.0,0.056,491246000.0,271270000.0,234599000.0,0.0,1.745,32.973,31.579,1283982000.0,0.0,9.0,1.845,1.778,556306000.0,405372000.0,2562034000.0,2562034000.0,82439000.0,0.03,0.06,0.072,0.106,3195000.0,408807000.0,1.0,525200352.0,506096000,527044000.0,5.062,3101726000.0,75754000.0,51608000.0,90526000.0,6.129,690501000.0
64,WFTIQ,MRT,2003-09-30,2003-09-30,2003-09-30,2020-03-19,-30463000.0,4930482000.0,4699266250.0,1429434000.0,3501048000.0,0.51,4.951,-394968000.0,68854000.0,68854000.0,1678333000.0,126056000.0,1.366,0.892,1594005000.0,474391000.0,1119614000.0,1594005000.0,0.0,228910000.0,0.0,0.0,0.0,255304000.0,484214000.0,0.202,484214000.0,255304000.0,172440000.0,0.258,0.247,0.258,2606262000.0,2197137500.0,2606262000.0,6846502765.0,27.0,14.139,-69236000.0,-0.132,1.0,716226000.0,0.299,1864673000.0,82864000.0,3544373000.0,3717464000.0,627344000.0,297283000.0,0.0,297283000.0,2324220000.0,1046587000.0,1277633000.0,4960215765.0,11769000.0,-64173000.0,421613000.0,-335812000.0,0.0,83178000.0,-398160000.0,-4019000.0,325732000.0,1019000.0,126056000.0,126056000.0,126056000.0,1224000.0,0.0,0.053,473982000.0,242244000.0,211220000.0,0.0,1.903,39.349,36.609,1236959000.0,0.0,9.445,2.071,2.076,536840000.0,358491000.0,2394559000.0,2394559000.0,86423000.0,0.027,0.057,0.069,0.107,2668000.0,387559000.0,1.0,525168424.0,526384000,545860000.0,4.549,3065809000.0,62909000.0,46384000.0,42292000.0,5.824,382847000.0
65,WFTIQ,MRT,2003-06-30,2003-06-30,2003-06-30,2020-03-19,-30061000.0,4788342000.0,4566693750.0,1330735000.0,3457607000.0,0.511,4.469,-396497000.0,49085000.0,49085000.0,1650535000.0,-27998000.0,1.382,1.205,1935372000.0,415185000.0,1520187000.0,1935372000.0,0.0,225399000.0,0.0,0.0,0.0,33341000.0,258740000.0,0.111,258740000.0,33341000.0,-52763000.0,-0.057,-0.065,-0.057,2171267000.0,2018188250.0,2171267000.0,6927535107.0,208.0,26.774,-49621000.0,-0.102,1.0,681306000.0,0.292,1838443000.0,86104000.0,3873029000.0,3747040250.0,595796000.0,291128000.0,0.0,291128000.0,2617075000.0,963157000.0,1653918000.0,5061135107.0,663000.0,-98034000.0,21798000.0,65239000.0,0.0,84943000.0,-432175000.0,-2644000.0,346876000.0,1019000.0,-27998000.0,-27998000.0,-27998000.0,894000.0,0.0,-0.012,460900000.0,220406000.0,215716000.0,0.0,2.331,-180.768,-183.772,1212168000.0,0.0,10.475,2.17,2.183,510664000.0,324449000.0,2331841000.0,2331841000.0,86081000.0,-0.006,-0.014,0.009,0.014,444000.0,374819000.0,1.0,483163256.0,485884000,509636000.0,4.799,2949899000.0,65596000.0,-24765000.0,37448000.0,6.071,367578000.0
66,WFTIQ,MRT,2003-03-31,2003-03-31,2003-03-31,2020-03-19,-122790000.0,4583252000.0,4528240750.0,1297605000.0,3285647000.0,0.51,4.201,-369175000.0,38469000.0,38469000.0,1620858000.0,-17719000.0,1.433,1.251,1904869000.0,386225000.0,1518644000.0,1904869000.0,0.0,220991000.0,0.0,0.0,0.0,51796000.0,272787000.0,0.118,272787000.0,51796000.0,-33475000.0,-0.037,-0.042,-0.037,2036525000.0,2000404750.0,2036525000.0,6389730363.0,123.0,23.424,-64735000.0,-0.134,1.0,688655000.0,0.298,1781492000.0,85271000.0,3762635000.0,3757604250.0,564359000.0,289314000.0,0.0,289314000.0,2546727000.0,905525000.0,1641202000.0,4560388363.0,-33251000.0,-84095000.0,18480000.0,32746000.0,0.0,49560000.0,-388270000.0,0.0,304440000.0,1019000.0,-17719000.0,-17719000.0,-17719000.0,-929000.0,0.0,-0.008,450811000.0,237844000.0,177853000.0,0.0,2.239,-257.373,-255.203,1147677000.0,0.0,9.443,1.975,1.982,514922000.0,295621000.0,2309513000.0,2309513000.0,82227000.0,-0.004,-0.009,0.014,0.022,97000.0,368584000.0,1.0,482964084.0,484740000,506092000.0,4.764,2801760000.0,0.0,-15756000.0,26253000.0,5.78,392080000.0
67,WFTIQ,MRT,2002-12-31,2002-12-31,2002-12-31,2020-03-19,-147900000.0,4494989000.0,4500089750.0,1259239000.0,3235750000.0,0.509,4.112,-343345000.0,48837000.0,48837000.0,1595562000.0,-6030000.0,1.435,1.277,1878179000.0,364272000.0,1513907000.0,1878179000.0,0.0,214739000.0,0.0,0.0,0.0,74216000.0,288955000.0,0.126,288955000.0,74216000.0,-11203000.0,-0.013,-0.013,-0.013,1974496000.0,1978612250.0,1974496000.0,6647213436.0,90.0,23.004,-36450000.0,-0.076,1.0,692862000.0,0.303,1757035000.0,85419000.0,3689819000.0,3749537000.0,547744000.0,285901000.0,0.0,285901000.0,2520493000.0,877477000.0,1643016000.0,4810791436.0,-39995000.0,-98520000.0,31707000.0,63520000.0,0.0,93956000.0,-441865000.0,0.0,306895000.0,1019000.0,-6030000.0,-6030000.0,-6030000.0,-929000.0,0.0,-0.003,436701000.0,256161000.0,186326000.0,0.0,2.436,-797.81,-767.885,1126162000.0,0.0,9.982,2.102,2.095,485178000.0,262020000.0,2288424000.0,2288424000.0,79193000.0,-0.001,-0.003,0.02,0.032,0.0,357508000.0,1.0,481922508.0,480232000,480232000.0,4.765,2737954000.0,84963000.0,-5173000.0,88189000.0,5.701,381762000.0
68,WFTIQ,MRT,2002-09-30,2002-09-30,2002-09-30,2020-03-19,-176134000.0,4400192000.0,4450433000.0,1262157000.0,3138035000.0,0.532,3.932,-301382000.0,57085000.0,57085000.0,1652902000.0,16953000.0,1.451,1.328,1893507000.0,370746000.0,1522761000.0,1893507000.0,0.0,213602000.0,0.0,0.0,0.0,113098000.0,326700000.0,0.138,326700000.0,113098000.0,29598000.0,0.038,0.025,0.038,1890465000.0,1944548250.0,1890465000.0,6606339442.0,58.0,20.221,54216000.0,0.113,1.0,715079000.0,0.302,1704134000.0,83500000.0,3662678000.0,3739547000.0,539344000.0,282701000.0,0.0,282701000.0,2509727000.0,869802000.0,1639925000.0,4832928442.0,12353000.0,-291973000.0,27431000.0,293361000.0,0.0,319883000.0,-662401000.0,0.0,355598000.0,-727000.0,16953000.0,16953000.0,16953000.0,0.0,0.0,0.007,411711000.0,303368000.0,181440000.0,0.0,2.556,285.078,244.342,1091193000.0,0.0,9.285,2.041,1.885,484763000.0,230479000.0,2367981000.0,2367981000.0,70785000.0,0.004,0.009,0.03,0.048,0.0,340926000.0,1.0,520509256.0,480772000,480772000.0,4.925,2696058000.0,0.0,12645000.0,24288000.0,5.608,392355000.0
69,WFTIQ,MRT,2002-06-30,2002-06-30,2002-06-30,2020-03-19,-165919000.0,4634530000.0,4319776250.0,1272427000.0,3362103000.0,0.554,4.374,-297412000.0,48410000.0,48410000.0,1608836000.0,198776000.0,1.523,1.207,1821821000.0,315648000.0,1506173000.0,1821821000.0,0.0,214082000.0,0.0,0.0,0.0,390391000.0,604473000.0,0.253,604473000.0,390391000.0,307493000.0,0.42,0.4,0.42,2100133000.0,1896503250.0,2100133000.0,6892700194.0,18.0,11.403,14309000.0,0.03,1.0,782836000.0,0.327,1656982000.0,82898000.0,3915285000.0,3655255250.0,528452000.0,309706000.0,0.0,309706000.0,2534397000.0,835674000.0,1698723000.0,5168546194.0,10306000.0,-254699000.0,28512000.0,289584000.0,0.0,317245000.0,-621157000.0,0.0,311721000.0,2497000.0,198776000.0,198776000.0,198776000.0,0.0,0.0,0.083,420078000.0,362758000.0,190690000.0,0.0,2.461,26.002,25.714,1077913000.0,0.0,10.8,2.161,2.168,516540000.0,165674000.0,2391672000.0,2391672000.0,64042000.0,0.046,0.105,0.107,0.163,0.0,356036000.0,1.0,478569092.0,480132000,543036000.0,4.981,2977548000.0,0.0,108717000.0,95792000.0,6.202,436753000.0
70,WFTIQ,MRT,2002-03-31,2002-03-31,2002-03-31,2020-03-19,-195467000.0,4470648000.0,4117476000.0,1245806000.0,3224842000.0,0.576,4.09,-313551000.0,71720000.0,71720000.0,1560499000.0,216360000.0,1.503,1.293,1795874000.0,299375000.0,1496499000.0,1795874000.0,0.0,210995000.0,0.0,0.0,0.0,418817000.0,629812000.0,0.266,629812000.0,418817000.0,338236000.0,0.465,0.438,0.465,1949355000.0,1775448250.0,1949355000.0,7283462860.0,17.0,11.565,8993000.0,0.019,1.0,810307000.0,0.342,1635533000.0,80581000.0,3730366000.0,3515663500.0,525075000.0,490215000.0,0.0,490215000.0,2521293000.0,828903000.0,1692390000.0,5682271860.0,19512000.0,-400104000.0,25019000.0,452153000.0,0.0,477172000.0,-782701000.0,0.0,322544000.0,2497000.0,216360000.0,216360000.0,216360000.0,0.0,0.0,0.091,418766000.0,391541000.0,177799000.0,0.0,2.915,26.263,25.608,1050725000.0,0.0,11.908,2.397,2.394,469809000.0,313269000.0,2370806000.0,2370806000.0,57525000.0,0.053,0.122,0.119,0.177,0.0,361241000.0,1.0,477201080.0,476644000,535228000.0,4.974,2835115000.0,0.0,121876000.0,0.0,5.948,416903000.0
71,WFTIQ,MRT,2001-12-31,2001-12-31,2001-12-31,2020-03-19,-177204000.0,4296362000.0,3837160750.0,1231333000.0,3065029000.0,0.607,4.031,-333741000.0,88832000.0,88832000.0,1526836000.0,214651000.0,1.621,1.337,1690023000.0,190229000.0,1499794000.0,1690023000.0,0.0,208129000.0,0.0,0.0,0.0,411705000.0,619834000.0,0.266,619834000.0,411705000.0,337699000.0,0.47,0.44,0.47,1838240000.0,1630377000.0,1838240000.0,5696065557.0,14.0,9.19,-56679000.0,-0.124,1.0,801879000.0,0.344,1488097000.0,74006000.0,3649859000.0,3363743750.0,504986000.0,483038000.0,0.0,483038000.0,2458122000.0,759597000.0,1698525000.0,4276216557.0,-64976000.0,-423161000.0,11227000.0,611686000.0,0.0,622913000.0,-967448000.0,-206500000.0,277062000.0,2497000.0,214651000.0,214651000.0,214651000.0,0.0,0.0,0.092,413933000.0,387946000.0,219630000.0,0.0,2.326,19.922,19.819,1039616000.0,0.0,9.315,1.836,1.824,462145000.0,268050000.0,2328715000.0,2328715000.0,50777000.0,0.056,0.132,0.122,0.177,0.0,363156000.0,1.0,459067800.0,456072000,533020000.0,5.106,2808265000.0,69985000.0,123048000.0,143888000.0,6.158,471736000.0
72,WFTIQ,MRT,2001-09-30,2001-09-30,2001-09-30,2020-03-19,-151979000.0,3877565000.0,3628465000.0,1150074000.0,2727491000.0,0.618,3.69,-310598000.0,44732000.0,44732000.0,1422202000.0,76515000.0,1.397,1.283,1464581000.0,308955000.0,1155626000.0,1464581000.0,0.0,205615000.0,0.0,0.0,0.0,318408000.0,524023000.0,0.234,524023000.0,318408000.0,252599000.0,0.16,0.14,0.16,1698285000.0,1505431500.0,1698285000.0,4423472231.0,14.0,8.441,-85238000.0,-0.185,1.0,820438000.0,0.366,1148716000.0,65809000.0,3325511000.0,3190604750.0,483946000.0,482348000.0,0.0,482348000.0,2179280000.0,823187000.0,1356093000.0,2921968231.0,-53007000.0,-174019000.0,8278000.0,400703000.0,0.0,408843000.0,-691117000.0,-206500000.0,225360000.0,3907000.0,76515000.0,76515000.0,76515000.0,0.0,0.0,0.034,517059000.0,303379000.0,200574000.0,0.0,1.721,38.188,39.859,938782000.0,0.0,6.378,1.303,1.309,456757000.0,213526000.0,2242640000.0,2242640000.0,67853000.0,0.021,0.051,0.1,0.142,0.0,392888000.0,1.0,458168284.0,460272000,540324000.0,4.872,2728849000.0,0.0,176084000.0,0.0,5.929,326887000.0
73,WFTIQ,MRT,2001-06-30,2001-06-30,2001-06-30,2020-03-19,-153135000.0,3825329000.0,3510380750.0,1184726000.0,2640603000.0,0.597,3.554,-296645000.0,38116000.0,38116000.0,1361846000.0,37857000.0,1.376,1.367,1539620000.0,391014000.0,1148606000.0,1539620000.0,0.0,200439000.0,0.0,0.0,0.0,253603000.0,454042000.0,0.217,454042000.0,253603000.0,191778000.0,0.08,0.065,0.08,1615913000.0,1434693750.0,1615913000.0,6770599672.0,27.0,14.912,-68051000.0,-0.15,1.0,734343000.0,0.35,1108871000.0,61825000.0,3356918000.0,3099147500.0,437034000.0,483851000.0,0.0,483851000.0,2209416000.0,861044000.0,1348372000.0,5457726672.0,-243601000.0,-150778000.0,6397000.0,176524000.0,0.0,182891000.0,-653923000.0,-206500000.0,228594000.0,-1163000.0,37857000.0,37857000.0,37857000.0,0.0,0.0,0.018,495845000.0,238498000.0,196410000.0,0.0,3.377,144.167,150.0,888462000.0,0.0,12.0,2.604,2.603,556326000.0,153345000.0,2096189000.0,2096189000.0,54972000.0,0.011,0.026,0.082,0.121,0.0,384555000.0,1.0,454810556.0,454680000,542188000.0,4.61,2716458000.0,0.0,153921000.0,0.0,5.974,323682000.0
74,WFTIQ,MRT,2001-03-31,2001-03-31,2001-03-31,2020-03-19,-143667000.0,3349387000.0,3418055250.0,1064247000.0,2285140000.0,0.569,3.096,-226669000.0,52208000.0,52208000.0,1298595000.0,-5375000.0,1.667,1.446,1365081000.0,232127000.0,1132954000.0,1365081000.0,0.0,197863000.0,0.0,0.0,0.0,183500000.0,381363000.0,0.196,381363000.0,183500000.0,122879000.0,-0.015,-0.02,-0.015,1369070000.0,1371448500.0,1369070000.0,6452372410.0,35.0,16.919,-51057000.0,-0.115,1.0,646442000.0,0.332,901052000.0,60621000.0,3122687000.0,2994121250.0,389559000.0,479890000.0,0.0,479890000.0,1980317000.0,638521000.0,1341796000.0,5442370410.0,24657000.0,-57195000.0,4525000.0,335969000.0,0.0,340572000.0,-490364000.0,-206500000.0,175612000.0,-1163000.0,-5375000.0,-5375000.0,-5375000.0,0.0,0.0,-0.003,476567000.0,169875000.0,162663000.0,0.0,3.975,-1012.534,-822.5,714508000.0,0.0,12.338,2.798,2.805,473266000.0,96909000.0,1945037000.0,1945037000.0,42950000.0,-0.002,-0.004,0.061,0.094,0.0,377299000.0,1.0,441124248.0,442164000,499400000.0,4.399,2448335000.0,61837000.0,128254000.0,136028000.0,5.537,425726000.0
75,WFTIQ,MRT,2000-12-31,2000-12-31,2000-12-31,2020-03-19,-126642000.0,3461579000.0,3480720000.0,1241587000.0,2219992000.0,0.521,3.057,-178134000.0,153808000.0,153808000.0,1228086000.0,-42350000.0,2.683,1.586,1163810000.0,31134000.0,1132676000.0,1163810000.0,0.0,199109000.0,0.0,0.0,0.0,126362000.0,325471000.0,0.179,325471000.0,126362000.0,67100000.0,-0.098,-0.098,-0.098,1338458000.0,1488472250.0,1338458000.0,6268287468.0,50.0,19.259,-45631000.0,-0.104,1.0,586175000.0,0.323,1051562000.0,59262000.0,2957303000.0,2924769000.0,443588000.0,9229000.0,0.0,9229000.0,2123121000.0,462716000.0,1660405000.0,5192294468.0,109447000.0,-36940000.0,4542000.0,188453000.0,0.0,193181000.0,-215074000.0,0.0,132503000.0,-1163000.0,-42350000.0,-42350000.0,-42350000.0,3458000.0,0.0,-0.023,469249000.0,116926000.0,196200000.0,0.0,3.879,-122.604,-120.536,973025000.0,0.0,11.813,2.862,2.851,498663000.0,53399000.0,1814261000.0,1814261000.0,42950000.0,-0.012,-0.028,0.043,0.07,0.0,369981000.0,1.0,439559320.0,437828000,437828000.0,4.144,2410017000.0,72054000.0,109450000.0,164451000.0,5.504,778871000.0
76,WFTIQ,MRT,2000-09-30,2000-09-30,2000-09-30,2020-03-19,-128925000.0,3405228000.0,3493772500.0,1101565000.0,2303663000.0,0.473,3.223,-112188000.0,97739000.0,97739000.0,1165443000.0,30962000.0,2.445,1.406,1173732000.0,39502000.0,1134230000.0,1173732000.0,0.0,193029000.0,0.0,0.0,0.0,119509000.0,312538000.0,0.189,312538000.0,119509000.0,61162000.0,0.07,0.068,0.07,1415334000.0,1614778750.0,1415334000.0,5730117982.0,48.0,18.334,-119164000.0,-0.271,1.0,486596000.0,0.295,1071077000.0,58347000.0,2959682000.0,2876328000.0,431509000.0,0.0,0.0,0.0,1989894000.0,450462000.0,1539432000.0,4667850982.0,76570000.0,-37064000.0,2155000.0,233078000.0,0.0,235510000.0,-149252000.0,0.0,-6976000.0,-2712000.0,30962000.0,30962000.0,30962000.0,21247000.0,0.0,0.019,359056000.0,127540000.0,152671000.0,0.0,3.298,150.761,153.571,927950000.0,0.0,10.75,2.826,2.858,446516000.0,137011000.0,1652039000.0,1652039000.0,0.0,0.009,0.019,0.042,0.072,0.0,359056000.0,1.0,434218696.0,439168000,458000000.0,3.762,2334151000.0,72962000.0,30200000.0,205894000.0,5.315,651103000.0
77,WFTIQ,MRT,2000-06-30,2000-06-30,2000-06-30,2020-03-19,-97749000.0,3456027000.0,3503332750.0,1249966000.0,2206061000.0,0.432,3.129,-44892000.0,281717000.0,281717000.0,1079449000.0,-1654000.0,2.257,1.536,1343984000.0,216434000.0,1127550000.0,1343984000.0,0.0,183364000.0,0.0,0.0,0.0,71500000.0,254864000.0,0.168,254864000.0,71500000.0,17952000.0,-0.007,-0.008,-0.007,1362932000.0,1723993250.0,1362932000.0,5333409040.0,75.0,20.926,-45851000.0,-0.105,1.0,434052000.0,0.287,1027584000.0,53548000.0,2936813000.0,2828115750.0,419724000.0,0.0,0.0,0.0,2093095000.0,553897000.0,1539198000.0,4339715040.0,252966000.0,-92388000.0,701000.0,391108000.0,0.0,392071000.0,-137280000.0,0.0,-959000.0,-866000.0,-1654000.0,-1654000.0,-1654000.0,35362000.0,0.0,-0.001,333903000.0,100149000.0,139312000.0,0.0,3.184,-2623.77,-1428.571,874274000.0,0.0,10.0,2.867,2.878,423735000.0,114727000.0,1513501000.0,1513501000.0,0.0,0.0,-0.001,0.025,0.047,0.0,333903000.0,1.0,433971504.0,435584000,451620000.0,3.475,2428443000.0,63027000.0,19606000.0,212572000.0,5.575,696069000.0
78,WFTIQ,MRT,2000-03-31,2000-03-31,2000-03-31,2020-03-19,-100058000.0,3600046000.0,3399600750.0,942500000.0,2657546000.0,0.403,4.223,3999000.0,27551000.0,27551000.0,986733000.0,-16878000.0,1.275,0.96,1021245000.0,394262000.0,626983000.0,1021245000.0,0.0,176023000.0,0.0,0.0,0.0,43508000.0,219531000.0,0.16,219531000.0,43508000.0,-4418000.0,-0.042,-0.043,-0.042,1837165000.0,1758901000.0,1837165000.0,7250235078.0,167.0,33.026,33493000.0,0.077,1.0,383508000.0,0.28,1009429000.0,47926000.0,2845278000.0,2714479500.0,401029000.0,0.0,0.0,0.0,1762881000.0,739033000.0,1023848000.0,6342726078.0,-2390000.0,-79228000.0,305000.0,108806000.0,0.0,44211000.0,-75229000.0,0.0,29494000.0,-866000.0,-16878000.0,-16878000.0,-16878000.0,39315000.0,0.0,-0.012,307645000.0,75863000.0,131672000.0,0.0,3.452,-375.798,-348.214,878236000.0,0.0,14.625,4.629,4.643,385649000.0,592845000.0,1370241000.0,1370241000.0,0.0,-0.005,-0.01,0.016,0.032,0.0,307645000.0,1.0,433690672.0,435008000,445272000.0,3.15,2590617000.0,66028000.0,12460000.0,197900000.0,5.955,203467000.0
79,WFTIQ,MRT,1999-12-31,1999-12-31,1999-12-31,2020-03-19,-89797000.0,3513789000.0,3258929250.0,869149000.0,2644640000.0,0.381,4.553,-2001000.0,44361000.0,44361000.0,888695000.0,-20875000.0,1.305,0.906,951870000.0,322767000.0,629103000.0,951870000.0,0.0,166658000.0,0.0,0.0,0.0,32506000.0,199164000.0,0.161,199164000.0,32506000.0,-12398000.0,-0.052,-0.05,-0.052,1843684000.0,1669920500.0,1843684000.0,5217435616.0,161.0,26.197,61043000.0,0.151,1.0,351505000.0,0.283,991679000.0,44904000.0,2763539000.0,2630279000.0,364607000.0,0.0,0.0,0.0,1670105000.0,666080000.0,1004025000.0,4317050616.0,10230000.0,-88352000.0,-2897000.0,106198000.0,0.0,38405000.0,-90353000.0,0.0,63044000.0,-866000.0,-20875000.0,-20875000.0,-20875000.0,37081000.0,0.0,-0.017,287305000.0,64200000.0,117530000.0,0.0,2.342,-206.805,-192.019,898996000.0,0.0,9.985,3.481,3.261,352139000.0,586310000.0,1240200000.0,1240200000.0,0.0,-0.006,-0.013,0.012,0.026,0.0,287305000.0,1.0,432353592.0,404980000,411556000.0,3.062,2522110000.0,121664000.0,8477000.0,109518000.0,6.228,203069000.0
80,WFTIQ,MRT,1999-09-30,1999-09-30,1999-09-30,2020-03-19,-86803000.0,3443469000.0,3040135000.0,852476000.0,2590993000.0,0.385,4.566,114252000.0,21169000.0,21169000.0,848158000.0,-34744000.0,1.402,0.859,921554000.0,294010000.0,627544000.0,921554000.0,0.0,156202000.0,0.0,0.0,0.0,-1083000.0,155119000.0,0.133,155119000.0,-1083000.0,-44128000.0,-0.087,-0.085,-0.087,1852192000.0,1582469500.0,1852192000.0,3989469376.0,-3684.0,25.719,258242000.0,0.637,1.0,321356000.0,0.275,969046000.0,43045000.0,2766833000.0,2519001750.0,359446000.0,0.0,0.0,0.0,1591277000.0,607975000.0,983302000.0,3132421376.0,-22466000.0,-191492000.0,-1390000.0,-22715000.0,0.0,-88630000.0,-76651000.0,0.0,143990000.0,-1175000.0,-34744000.0,-34744000.0,-34744000.0,23415000.0,0.0,-0.03,303289000.0,18067000.0,96719000.0,0.0,1.691,-90.157,-91.954,901502000.0,0.0,8.0,2.678,2.775,345434000.0,596610000.0,1169514000.0,1169514000.0,0.0,-0.011,-0.022,0.0,-0.001,0.0,268839000.0,1.0,391552672.0,405632000,413924000.0,2.883,2474423000.0,0.0,-9384000.0,160549000.0,6.1,244501000.0
81,WFTIQ,MRT,1999-06-30,1999-06-30,1999-06-30,2020-03-19,-81700000.0,3041099000.0,2910322750.0,1046275000.0,1994824000.0,0.401,3.849,64840000.0,29952000.0,29952000.0,833728000.0,19103000.0,1.909,1.024,887000000.0,256043000.0,630957000.0,887000000.0,0.0,135382000.0,0.0,0.0,0.0,62032000.0,197414000.0,0.169,197414000.0,62032000.0,18254000.0,0.05,0.053,0.05,1502563000.0,1500299000.0,1502563000.0,4399925408.0,71.0,22.288,188550000.0,0.483,1.0,334412000.0,0.286,867710000.0,43778000.0,2482268000.0,2422649250.0,499951000.0,0.0,0.0,0.0,1538536000.0,548169000.0,990367000.0,3576619408.0,-29573000.0,-185804000.0,-1211000.0,35329000.0,0.0,-31733000.0,-120375000.0,0.0,123710000.0,-1175000.0,19103000.0,19103000.0,19103000.0,-11215000.0,0.0,0.016,290217000.0,44195000.0,110894000.0,0.0,2.38,187.228,183.1,1016032000.0,0.0,9.155,3.062,3.059,368157000.0,607703000.0,1168140000.0,1168140000.0,0.0,0.007,0.013,0.026,0.053,0.0,255767000.0,1.0,390673884.0,390344000,397720000.0,2.993,2173389000.0,0.0,-849000.0,182461000.0,5.568,498106000.0
82,WFTIQ,MRT,1999-03-31,1999-03-31,1999-03-31,2020-03-19,-90663000.0,3037360000.0,2880624500.0,1069064000.0,1968296000.0,0.493,3.805,8000.0,34736000.0,34736000.0,995689000.0,6232000.0,2.078,1.051,858042000.0,225431000.0,632611000.0,858042000.0,0.0,136667000.0,0.0,0.0,0.0,43636000.0,180303000.0,0.127,180303000.0,43636000.0,-2992000.0,0.018,0.02,0.018,1481243000.0,1498523500.0,1481243000.0,3338823149.0,77.0,18.518,83652000.0,0.215,1.0,424696000.0,0.299,837704000.0,46628000.0,2508476000.0,2381544250.0,522157000.0,0.0,0.0,0.0,1556117000.0,514486000.0,1041631000.0,2541786149.0,-4356000.0,-150783000.0,-2116000.0,68404000.0,0.0,66724000.0,-154114000.0,0.0,83644000.0,-610000.0,6232000.0,6232000.0,6232000.0,-15168000.0,0.0,0.004,402309000.0,22387000.0,108174000.0,0.0,1.716,407.86,362.778,1008014000.0,0.0,6.53,1.79,1.79,367298000.0,609723000.0,1420385000.0,1420385000.0,0.0,0.002,0.004,0.018,0.031,0.0,260212000.0,1.0,389247496.0,389260000,392028000.0,3.649,2199656000.0,54996000.0,-9224000.0,158495000.0,5.651,554578000.0
83,WFTIQ,MRT,1998-12-31,1998-12-31,1998-12-31,2020-03-19,-76389000.0,2638612000.0,2508899000.0,732096000.0,1906516000.0,0.544,3.848,-19824000.0,34131000.0,34131000.0,944408000.0,64837000.0,1.774,0.766,775092000.0,152194000.0,622898000.0,775092000.0,0.0,139558000.0,0.0,0.0,0.0,102029000.0,241587000.0,0.177,241587000.0,102029000.0,59540000.0,0.168,0.168,0.168,1493880000.0,1275462750.0,1493880000.0,2747054920.0,27.0,11.371,102028000.0,0.263,1.0,419441000.0,0.308,648570000.0,42489000.0,2318430000.0,2054079750.0,298555000.0,0.0,0.0,0.0,1144732000.0,412573000.0,732159000.0,1888802920.0,-31877000.0,-197684000.0,-36424000.0,100465000.0,0.0,64365000.0,-216919000.0,0.0,121852000.0,-1175000.0,64837000.0,64837000.0,64837000.0,-65720000.0,0.0,0.048,385949000.0,33492000.0,92274000.0,0.0,1.264,29.132,28.839,629276000.0,0.0,4.845,1.385,1.379,271867000.0,607185000.0,1363849000.0,1363849000.0,0.0,0.026,0.051,0.05,0.075,0.0,248302000.0,1.0,389845804.0,388260000,388260000.0,3.513,1990042000.0,60956000.0,-5297000.0,128212000.0,5.126,319523000.0
84,WFTIQ,MRT,1998-09-30,1998-09-30,1998-09-30,2020-03-19,-71764000.0,2924220000.0,2533723500.0,1177276000.0,1746944000.0,0.538,3.911,-132400000.0,48542000.0,48542000.0,912006000.0,139399000.0,1.854,0.919,906794000.0,259742000.0,647052000.0,906794000.0,0.0,116675000.0,0.0,0.0,0.0,209388000.0,326063000.0,0.239,326063000.0,209388000.0,172512000.0,0.358,0.358,0.358,1523510000.0,1266630000.0,1523510000.0,2906907909.0,14.0,8.915,-22556000.0,-0.058,1.0,451009000.0,0.331,766031000.0,36876000.0,2381423000.0,2020546750.0,552609000.0,0.0,0.0,0.0,1400710000.0,635018000.0,765692000.0,2103176909.0,-8293000.0,-381526000.0,-44908000.0,458933000.0,0.0,399377000.0,-516730000.0,0.0,109844000.0,-784000.0,139399000.0,139399000.0,139399000.0,-87543000.0,0.0,0.102,330569000.0,120440000.0,159025000.0,0.0,1.38,15.087,15.098,900616000.0,0.0,5.405,1.543,1.545,461323000.0,631354000.0,1363015000.0,1363015000.0,0.0,0.055,0.11,0.104,0.154,0.0,222922000.0,1.0,389116912.0,389544000,391276000.0,3.499,2158189000.0,0.0,33113000.0,136900000.0,5.54,542258000.0
85,WFTIQ,MRT,1998-06-30,1998-06-30,1998-06-30,2020-03-19,-52816000.0,2922306000.0,,1197553000.0,1724753000.0,,3.863,-147574000.0,66527000.0,66527000.0,1041489000.0,150371000.0,1.845,0.954,870258000.0,220795000.0,649463000.0,870258000.0,0.0,133081000.0,0.0,0.0,0.0,237408000.0,370489000.0,0.239,370489000.0,237408000.0,202159000.0,0.388,0.385,0.388,1495461000.0,,1495461000.0,2333434867.0,10.0,6.298,-46818000.0,-0.121,1.0,508986000.0,0.328,758993000.0,35249000.0,2317848000.0,,529069000.0,0.0,0.0,0.0,1426845000.0,649196000.0,777649000.0,1770545867.0,-28588000.0,-350366000.0,-38059000.0,423761000.0,0.0,373146000.0,-501706000.0,0.0,100756000.0,-784000.0,150371000.0,150371000.0,150371000.0,-67028000.0,0.0,0.097,340034000.0,168952000.0,192183000.0,0.0,1.184,11.775,23.84,872045000.0,0.0,9.25,1.142,2.309,507731000.0,588600000.0,1550475000.0,1550475000.0,0.0,,,,0.153,0.0,232387000.0,1.0,191410364.0,387084000,387084000.0,4.006,2163313000.0,0.0,51788000.0,163845000.0,5.589,548357000.0
86,WFTIQ,MRT,1998-03-31,1998-03-31,1998-03-31,2020-03-19,-16059000.0,1550458000.0,,675157000.0,875301000.0,,1.522,-185296000.0,25182000.0,25182000.0,1014960000.0,211003000.0,1.603,1.632,588071000.0,143496000.0,444575000.0,588071000.0,0.0,154416000.0,0.0,0.0,0.0,327535000.0,481951000.0,0.322,481951000.0,327535000.0,295431000.0,0.545,0.54,0.545,589000000.0,,589000000.0,2661338706.0,8.0,5.522,-19823000.0,-0.051,1.0,481681000.0,0.322,493470000.0,32104000.0,1198618000.0,,316202000.0,0.0,0.0,0.0,961458000.0,421259000.0,540199000.0,2212905706.0,-101433000.0,-333238000.0,-33077000.0,275361000.0,0.0,232173000.0,-497730000.0,23352000.0,165473000.0,-1349000.0,211003000.0,211003000.0,211003000.0,-67028000.0,0.0,0.141,225409000.0,256272000.0,148501000.0,0.0,3.757,10.488,21.243,327816000.0,0.0,11.578,1.479,2.994,270320000.0,263220000.0,1496641000.0,1496641000.0,0.0,,,,0.219,0.0,225409000.0,1.0,191138476.0,387044000,390500000.0,3.867,1056988000.0,0.0,84428000.0,121236000.0,2.731,253898000.0
87,WFTIQ,MRT,1997-12-31,1997-12-31,1997-12-31,2020-03-19,-38494000.0,2737910000.0,1795376500.0,1134076000.0,1603834000.0,0.756,3.796,-149879000.0,74211000.0,74211000.0,937593000.0,187763000.0,2.254,0.877,692243000.0,37421000.0,654822000.0,692243000.0,0.0,119321000.0,0.0,0.0,0.0,286712000.0,406033000.0,0.299,406033000.0,286712000.0,256074000.0,0.487,0.48,0.487,1458549000.0,956316500.0,1458549000.0,,,,-27835000.0,-0.072,1.0,419781000.0,0.309,668475000.0,30638000.0,2184298000.0,1306179000.0,455811000.0,0.0,0.0,0.0,1279361000.0,503169000.0,776192000.0,2472854033.0,-189694000.0,-348169000.0,1976000.0,178261000.0,0.0,170126000.0,-481080000.0,23352000.0,122044000.0,-784000.0,187763000.0,187763000.0,187763000.0,-67028000.0,0.0,0.138,206281000.0,213500000.0,218810000.0,0.0,1.695,13.17,26.566,866813000.0,0.0,12.938,1.822,3.662,524929000.0,542348000.0,1357374000.0,1357374000.0,0.0,0.105,0.196,0.22,0.211,0.0,206281000.0,1.0,191138476.0,384208000,390248000.0,3.533,2069435000.0,44904000.0,68311000.0,165687000.0,5.386,630907000.0
88,WFTIQ,MRT,1997-09-30,1997-09-30,1997-09-30,2020-03-19,,,,,,,,,,,,,,,,,,,,,,0.0,0.0,,,,,,,,,,,,,,,,,,1.0,,,,,,,,,,,,,,,,,,,,,,,,,,,,,,,,,,,,,,,,16.0,,,,,,,,,,,,,,1.0,,385384000,,,,,,,,
89,WFTIQ,MRT,1997-06-30,1997-06-30,1997-06-30,2020-03-19,,,,,,,,,,,,,,,,,,,,,,0.0,0.0,,,,,,,,,,,,,,,,,,1.0,,,,,,,,,,,,,,,,,,,,,,,,,,,,,,,,,,,,,,,,10.5,,,,,,,,,,,,,,1.0,,381848000,,,,,,,,
90,WFTIQ,MRT,1997-03-31,1997-03-31,1997-03-31,2020-03-19,,,,,,,,,,,,,,,,,,,,,,0.0,0.0,,,,,,,,,,,,,,,,,,1.0,,,,,,,,,,,,,,,,,,,,,,,,,,,,,,,,,,,,,,,,7.702,,,,,,,,,,,,,,1.0,,182688000,,,,,,,,
91,WFTIQ,MRT,1996-12-31,1996-12-31,1996-12-31,2020-03-19,-6331000.0,852843000.0,,558681000.0,294162000.0,,1.264,-152510000.0,223966000.0,223966000.0,1098925000.0,165822000.0,2.396,0.878,134783000.0,8073000.0,126710000.0,134783000.0,0.0,121830000.0,0.0,0.0,0.0,245703000.0,367533000.0,0.25,367533000.0,245703000.0,206335000.0,0.463,0.455,0.463,454084000.0,,454084000.0,,,,-24245000.0,-0.067,1.0,368345000.0,0.251,102474000.0,39368000.0,428060000.0,,157631000.0,23841000.0,23841000.0,0.0,398759000.0,233126000.0,165633000.0,,221310000.0,182803000.0,114100000.0,-40718000.0,0.0,78360000.0,14905000.0,0.0,128265000.0,-220000.0,165822000.0,165822000.0,165822000.0,-74392000.0,0.0,0.113,201322000.0,167023000.0,80783000.0,0.0,,,13.737,172724000.0,0.0,6.36,,1.558,119152000.0,158333000.0,1467270000.0,1467270000.0,0.0,,,,0.167,0.0,201322000.0,1.0,,359368000,363924000.0,4.083,750369000.0,27643000.0,40513000.0,120839000.0,2.088,325555000.0
92,WFTIQ,MRT,1995-12-31,1995-12-31,1995-12-31,2020-03-19,,,,,,,,-11132000.0,,,205230000.0,11311000.0,,,,,,,,12446000.0,,0.0,0.0,27358000.0,39804000.0,0.147,39804000.0,27358000.0,11071000.0,0.095,0.095,0.095,,,,,,,-27788000.0,-0.236,1.0,66445000.0,0.245,,16287000.0,,,,,,,,,,,630000.0,-30989000.0,72648000.0,-13539000.0,0.0,59407000.0,-42121000.0,0.0,-16656000.0,0.0,11311000.0,11311000.0,11311000.0,-8709000.0,0.0,0.042,48480000.0,17965000.0,,0.0,,,33.224,,0.0,3.156,,1.368,,,271675000.0,271675000.0,0.0,,,,0.101,0.0,48480000.0,1.0,,117792000,118908000.0,2.306,,,-240000.0,,,
