None,ticker,dimension,calendardate,datekey,reportperiod,lastupdated,accoci,assets,assetsavg,assetsc,assetsnc,assetturnover,bvps,capex,cashneq,cashnequsd,cor,consolinc,currentratio,de,debt,debtc,debtnc,debtusd,deferredrev,depamor,deposits,divyield,dps,ebit,ebitda,ebitdamargin,ebitdausd,ebitusd,ebt,eps,epsdil,epsusd,equity,equityavg,equityusd,ev,evebit,evebitda,fcf,fcfps,fxusd,gp,grossmargin,intangibles,intexp,invcap,invcapavg,inventory,investments,investmentsc,investmentsnc,liabilities,liabilitiesc,liabilitiesnc,marketcap,ncf,ncfbus,ncfcommon,ncfdebt,ncfdiv,ncff,ncfi,ncfinv,ncfo,ncfx,netinc,netinccmn,netinccmnusd,netincdis,netincnci,netmargin,opex,opinc,payables,payoutratio,pb,pe,pe1,ppnenet,prefdivis,price,ps,ps1,receivables,retearn,revenue,revenueusd,rnd,roa,roe,roic,ros,sbcomp,sgna,sharefactor,sharesbas,shareswa,shareswadil,sps,tangibles,taxassets,taxexp,taxliabilities,tbvps,workingcapital
0,PKG,MRY,2020-12-31,2020-12-31,2020-12-31,2021-09-07,-144500000.0,7433200000.0,7356350000,2750300000.0,4682900000.0,0.905,34.233,-421200000.0,974600000.0,974600000.0,5288800000.0,461000000.0,3.514,1.29,2737900000.0,70500000.0,2667400000.0,2737900000.0,0.0,409900000.0,0.0,0.024,3.37,726200000.0,1136100000.0,0.171,1136100000.0,726200000.0,632700000.0,4.86,4.84,4.86,3246300000.0,3183675000,3246300000.0,14864316593.0,20.0,13.084,611600000.0,6.449,1.0,1369400000.0,0.206,1159400000.0,93500000.0,7254500000.0,7271575000,787900000.0,148300000.0,105600000.0,42700000.0,4186900000.0,782600000.0,3404300000.0,13078116593.0,295100000.0,4600000.0,0.0,-1500000.0,-299600000.0,-311600000.0,-426100000.0,-3100000.0,1032800000.0,0.0,461000000.0,461000000.0,461000000.0,0.0,0.0,0.069,645500000.0,723900000.0,387000000.0,0.693,4.029,28.369,28.377,3427600000.0,0.0,137.91,1.964,1.964,832400000.0,2835500000.0,6658200000.0,6658200000.0,0.0,0.063,0.145,0.1,0.109,30000000.0,539600000.0,1.0,94830807.0,94830807.0,,70.211,6273800000.0,5100000.0,171700000.0,379400000.0,66.158,1967700000.0
1,PKG,MRY,2019-12-31,2019-12-31,2019-12-31,2021-09-07,-159500000.0,7235800000.0,7107475000,2478400000.0,4757400000.0,0.98,32.443,-399500000.0,679500000.0,679500000.0,5320300000.0,696400000.0,3.424,1.356,2734500000.0,64100000.0,2670400000.0,2734500000.0,0.0,387500000.0,0.0,0.028,3.16,1045800000.0,1433300000.0,0.206,1433300000.0,1045800000.0,917000000.0,7.36,7.34,7.36,3071000000.0,2955375000,3071000000.0,12604340349.0,12.0,8.794,807900000.0,8.535,1.0,1644000000.0,0.236,1257500000.0,128800000.0,7309500000.0,7224300000,794100000.0,146000000.0,87900000.0,58100000.0,4164800000.0,723800000.0,3441000000.0,10600740349.0,318000000.0,4100000.0,0.0,-27600000.0,-298700000.0,-342800000.0,-546600000.0,-146100000.0,1207400000.0,0.0,696400000.0,696400000.0,696400000.0,0.0,0.0,0.1,590300000.0,1053700000.0,351900000.0,0.429,3.452,15.222,15.216,3386000000.0,0.0,111.99,1.522,1.522,845600000.0,2704800000.0,6964300000.0,6964300000.0,0.0,0.098,0.236,0.145,0.15,30400000.0,557600000.0,1.0,94657919.0,94657919.0,,73.573,5978300000.0,26500000.0,220600000.0,340100000.0,63.157,1754600000.0
2,PKG,MRY,2018-12-31,2018-12-31,2018-12-31,2021-09-07,-138800000.0,6569700000.0,6381275000,2115100000.0,4454600000.0,1.099,28.28,-551400000.0,361500000.0,361500000.0,5369300000.0,738000000.0,3.049,1.458,2502700000.0,1400000.0,2501300000.0,2502700000.0,0.0,410900000.0,0.0,0.036,3.0,1065600000.0,1476500000.0,0.21,1476500000.0,1065600000.0,970500000.0,7.82,7.8,7.82,2672400000.0,2466100000,2672400000.0,10095144491.0,9.0,6.837,628700000.0,6.653,1.0,1645300000.0,0.235,1295500000.0,95100000.0,6721800000.0,6653125000,795600000.0,0.0,0.0,0.0,3897300000.0,693600000.0,3203700000.0,7886744491.0,144600000.0,-54800000.0,0.0,-151300000.0,-268100000.0,-427300000.0,-608200000.0,0.0,1180100000.0,0.0,738000000.0,738000000.0,738000000.0,0.0,0.0,0.105,577600000.0,1067700000.0,382200000.0,0.384,2.951,10.687,10.673,3108600000.0,0.0,83.46,1.124,1.124,901900000.0,2315800000.0,7014600000.0,7014600000.0,0.0,0.116,0.299,0.16,0.152,23500000.0,536400000.0,1.0,94497298.0,94497298.0,,74.231,5274200000.0,16700000.0,232500000.0,285200000.0,55.813,1421500000.0
3,PKG,MRY,2017-12-31,2017-12-31,2017-12-31,2021-09-07,-156900000.0,6197500000.0,5992825000,1915100000.0,4282400000.0,1.075,23.133,-343000000.0,216900000.0,216900000.0,4974100000.0,668600000.0,2.3,1.84,2650700000.0,151300000.0,2499400000.0,2650700000.0,0.0,391400000.0,0.0,0.021,2.52,931200000.0,1322600000.0,0.205,1322600000.0,931200000.0,828600000.0,7.09,7.07,7.09,2182600000.0,1977025000,2182600000.0,13636852654.0,15.0,10.311,513100000.0,5.438,1.0,1470800000.0,0.228,1293200000.0,102600000.0,6505400000.0,6403625000,762500000.0,0.0,0.0,0.0,4014900000.0,832700000.0,3182200000.0,11373952654.0,-22400000.0,-257200000.0,0.0,-14100000.0,-237600000.0,-269400000.0,-609100000.0,0.0,856100000.0,0.0,668600000.0,668600000.0,668600000.0,0.0,0.0,0.104,538300000.0,932500000.0,402900000.0,0.355,5.211,17.012,17.003,2924900000.0,0.0,120.55,1.765,1.765,830700000.0,1867400000.0,6444900000.0,6444900000.0,0.0,0.112,0.338,0.145,0.144,20600000.0,519900000.0,1.0,94350499.0,94350499.0,,68.308,4904300000.0,69500000.0,160000000.0,239500000.0,51.98,1082400000.0
4,PKG,MRY,2016-12-31,2016-12-31,2016-12-31,2021-09-07,-139600000.0,5777000000.0,5511900000,1696300000.0,4080700000.0,1.048,18.676,-274300000.0,239300000.0,239300000.0,4502900000.0,449600000.0,2.712,2.283,2667400000.0,27100000.0,2640300000.0,2667400000.0,0.0,358000000.0,0.0,0.028,2.36,783300000.0,1141300000.0,0.197,1141300000.0,783300000.0,688500000.0,4.76,4.75,4.76,1759800000.0,1685625000,1759800000.0,10385976971.0,13.0,9.1,532600000.0,5.652,1.0,1276100000.0,0.221,1105000000.0,94800000.0,6474700000.0,6251100000,723600000.0,0.0,0.0,0.0,4017200000.0,625400000.0,3391800000.0,7992276971.0,55100000.0,-484900000.0,-100300000.0,347500000.0,-216100000.0,17800000.0,-769600000.0,0.0,806900000.0,0.0,449600000.0,449600000.0,449600000.0,0.0,0.0,0.078,492800000.0,783300000.0,323800000.0,0.496,4.542,17.776,17.819,2895700000.0,0.0,84.82,1.383,1.383,689200000.0,1447100000.0,5779000000.0,5779000000.0,0.0,0.082,0.267,0.125,0.136,19700000.0,468500000.0,1.0,94226326.0,94226326.0,,61.331,4672000000.0,13900000.0,238900000.0,334700000.0,49.583,1070900000.0
5,PKG,MRY,2015-12-31,2015-12-31,2015-12-31,2021-09-07,-124900000.0,5272300000.0,5372450000,1554500000.0,3717800000.0,1.069,16.838,-314500000.0,184200000.0,184200000.0,4533700000.0,436800000.0,2.767,2.228,2319700000.0,7700000.0,2312000000.0,2319700000.0,0.0,356500000.0,0.0,0.035,2.2,750000000.0,1106500000.0,0.193,1106500000.0,750000000.0,664500000.0,4.47,4.47,4.47,1633300000.0,1598900000,1633300000.0,8277903527.0,11.0,7.481,454100000.0,4.681,1.0,1208000000.0,0.21,814800000.0,85500000.0,6031100000.0,6134175000,676800000.0,0.0,0.0,0.0,3639000000.0,561900000.0,3077100000.0,6116003527.0,59300000.0,24500000.0,-154700000.0,-47600000.0,-200800000.0,-411200000.0,-298100000.0,0.0,768600000.0,0.0,436800000.0,436800000.0,436800000.0,0.0,0.0,0.076,458000000.0,750000000.0,294200000.0,0.492,3.745,14.002,14.105,2832100000.0,0.0,63.05,1.065,1.065,636500000.0,1317300000.0,5741700000.0,5741700000.0,0.0,0.081,0.273,0.122,0.131,18200000.0,451300000.0,1.0,97002435.0,97002435.0,,59.191,4457500000.0,28200000.0,227700000.0,347000000.0,45.952,992600000.0
6,PKG,MRY,2014-12-31,2014-12-31,2014-12-31,2021-09-07,-153900000.0,5272800000.0,5292933500,1502900000.0,3769900000.0,1.106,15.464,-420200000.0,124900000.0,124900000.0,4623100000.0,392600000.0,2.46,2.466,2379300000.0,7600000.0,2371700000.0,2379300000.0,0.0,381600000.0,0.0,0.02,1.6,702700000.0,1084300000.0,0.185,1084300000.0,702700000.0,614300000.0,3.99,3.99,3.99,1521400000.0,1493410250,1521400000.0,9905626429.0,14.0,9.136,315900000.0,3.211,1.0,1229500000.0,0.21,840300000.0,88400000.0,6075900000.0,6077354000,664900000.0,0.0,0.0,0.0,3751400000.0,611000000.0,3140400000.0,7678828429.0,-66100000.0,-20500000.0,3700000.0,-193600000.0,-157400000.0,-351100000.0,-451100000.0,0.0,736100000.0,0.0,392600000.0,392600000.0,392600000.0,0.0,0.0,0.067,526800000.0,702700000.0,330500000.0,0.401,5.047,19.559,19.561,2857600000.0,0.0,78.05,1.312,1.312,646100000.0,1242200000.0,5852600000.0,5852600000.0,0.0,0.074,0.263,0.116,0.12,15600000.0,469500000.0,1.0,98383452.0,98383452.0,,59.488,4432500000.0,5100000.0,221700000.0,334200000.0,45.053,891900000.0
7,PKG,MRY,2013-12-31,2013-12-31,2013-12-31,2021-09-07,-65000000.0,5243800000.0,3257917000,1531000000.0,3712800000.0,1.125,14.049,-234400000.0,191000000.0,191000000.0,2797800000.0,441300000.0,2.318,2.865,2572700000.0,40000000.0,2532700000.0,2572700000.0,0.0,217900000.0,0.0,0.024,1.513,481900000.0,699800000.0,0.191,699800000.0,481900000.0,423600000.0,4.57,4.52,4.57,1356800000.0,1127258250,1356800000.0,6617210015.0,14.0,9.456,373800000.0,3.87,1.0,867500000.0,0.237,837400000.0,58300000.0,6127500000.0,3504907500,594300000.0,0.0,0.0,0.0,3887000000.0,660600000.0,3226400000.0,6206243015.0,-16400000.0,-1174500000.0,-4900000.0,923300000.0,-109100000.0,786800000.0,-1411400000.0,0.0,608200000.0,0.0,441300000.0,441300000.0,441300000.0,0.0,0.0,0.12,385600000.0,481900000.0,357500000.0,0.331,4.574,14.064,13.847,2805700000.0,0.0,63.28,1.693,1.667,643100000.0,1019100000.0,3665300000.0,3665300000.0,0.0,0.135,0.391,0.137,0.131,14800000.0,326600000.0,1.0,98075901.0,96579000.0,97547000.0,37.951,4406400000.0,70600000.0,-17700000.0,434800000.0,45.625,870400000.0
8,PKG,MRY,2012-12-31,2012-12-31,2012-12-31,2021-09-07,-11991000.0,2453768000.0,2558192000,937033000.0,1516735000.0,1.112,10.058,-128500000.0,207393000.0,207393000.0,2209200000.0,160200000.0,3.606,1.531,819498000.0,15964000.0,803534000.0,819498000.0,0.0,175400000.0,0.0,0.026,1.0,437600000.0,613000000.0,0.216,613000000.0,437600000.0,374700000.0,1.66,1.64,1.66,969461000.0,938555250,969461000.0,4460386246.0,10.0,7.276,275700000.0,2.86,1.0,634700000.0,0.223,105443000.0,62900000.0,2700584000.0,2745463750,268767000.0,0.0,0.0,0.0,1484307000.0,259846000.0,1224461000.0,3777822246.0,51100000.0,-35400000.0,-25300000.0,-40200000.0,-117800000.0,-245600000.0,-107500000.0,0.0,404200000.0,0.0,160200000.0,160200000.0,160200000.0,0.0,0.0,0.056,197100000.0,437600000.0,117510000.0,0.602,3.897,23.582,23.175,1366069000.0,0.0,38.47,1.328,1.304,352142000.0,703728000.0,2843900000.0,2843900000.0,0.0,0.063,0.171,0.159,0.154,11700000.0,280800000.0,1.0,98201774.0,96384000.0,97497000.0,29.506,2348325000.0,87816000.0,214500000.0,125109000.0,24.364,677187000.0
9,PKG,MRY,2011-12-31,2011-12-31,2011-12-31,2021-09-07,-97778000.0,2412499000.0,2281342500,812063000.0,1600436000.0,1.148,9.356,-280213000.0,156313000.0,156313000.0,2078088000.0,158027000.0,2.157,1.597,830280000.0,15718000.0,814562000.0,830280000.0,0.0,162839000.0,0.0,0.032,0.8,272749000.0,435588000.0,0.166,435588000.0,272749000.0,243504000.0,1.59,1.57,1.59,928910000.0,986040500,928910000.0,3150674635.0,12.0,7.233,65301000.0,0.658,1.0,542023000.0,0.207,83256000.0,29245000.0,2626710000.0,2405439500,254675000.0,0.0,0.0,0.0,1483589000.0,376500000.0,1107089000.0,2510426635.0,-40243000.0,-57340000.0,-118011000.0,149330000.0,-76012000.0,-35592000.0,-350165000.0,0.0,345514000.0,0.0,158027000.0,158027000.0,158027000.0,0.0,0.0,0.06,269274000.0,272749000.0,154855000.0,0.503,2.703,15.886,15.874,1476654000.0,0.0,25.24,0.958,0.956,319988000.0,673960000.0,2620111000.0,2620111000.0,0.0,0.069,0.16,0.113,0.104,9736000.0,258551000.0,1.0,99462228.0,99281000.0,100376000.0,26.391,2329243000.0,62789000.0,85477000.0,124379000.0,23.461,435563000.0
10,PKG,MRY,2010-12-31,2010-12-31,2010-12-31,2021-09-07,-44381000.0,2225910000.0,2195939000,799677000.0,1426233000.0,1.109,9.923,-318687000.0,196556000.0,196556000.0,1903406000.0,205435000.0,1.976,1.206,680601000.0,109670000.0,570931000.0,680601000.0,0.0,156298000.0,0.0,0.023,0.6,185382000.0,341680000.0,0.14,341680000.0,185382000.0,153104000.0,2.02,2.0,2.02,1009001000.0,950530750,1009001000.0,3157829722.0,17.0,9.242,31233000.0,0.307,1.0,532200000.0,0.219,49829000.0,32278000.0,2255516000.0,2240107000,241142000.0,0.0,0.0,0.0,1216909000.0,404610000.0,812299000.0,2649975722.0,-64171000.0,0.0,-31405000.0,-626000.0,-61798000.0,-92777000.0,-321314000.0,0.0,349920000.0,0.0,205435000.0,205435000.0,205435000.0,0.0,0.0,0.084,346818000.0,185382000.0,155163000.0,0.297,2.626,12.899,12.792,1337986000.0,0.0,25.84,1.088,1.079,294192000.0,690111000.0,2435606000.0,2435606000.0,0.0,0.094,0.216,0.083,0.076,7006000.0,240589000.0,1.0,102553240.0,101678000.0,102608000.0,23.954,2176081000.0,50232000.0,-52331000.0,113842000.0,21.402,395067000.0
11,PKG,MRY,2009-12-31,2009-12-31,2009-12-31,2021-09-07,-36036000.0,2152840000.0,2055716250,885214000.0,1267626000.0,1.045,8.849,-114083000.0,260727000.0,260727000.0,1721012000.0,265895000.0,2.386,1.395,680878000.0,109626000.0,571252000.0,680878000.0,0.0,151217000.0,0.0,0.026,0.6,352454000.0,503671000.0,0.235,503671000.0,352454000.0,316971000.0,2.62,2.6,2.62,898845000.0,810197500,898845000.0,2826304301.0,8.0,5.611,192048000.0,1.891,1.0,426577000.0,0.199,50644000.0,35483000.0,2151390000.0,2125393500,213396000.0,0.0,0.0,0.0,1253995000.0,370957000.0,883038000.0,2369651301.0,111330000.0,-3136000.0,1615000.0,-606000.0,-76898000.0,-75477000.0,-119324000.0,0.0,306131000.0,0.0,265895000.0,265895000.0,265895000.0,0.0,0.0,0.124,74123000.0,352454000.0,126813000.0,0.229,2.636,8.912,8.782,1182504000.0,0.0,23.01,1.103,1.088,243403000.0,546355000.0,2147589000.0,2147589000.0,0.0,0.129,0.328,0.166,0.164,7261000.0,228025000.0,1.0,102983542.0,101577000.0,102358000.0,21.142,2102196000.0,154643000.0,51076000.0,205227000.0,20.696,514257000.0
12,PKG,MRY,2008-12-31,2008-12-31,2008-12-31,2021-09-07,-38251000.0,1939741000.0,2044399250,633173000.0,1306568000.0,1.155,6.656,-131269000.0,149397000.0,149397000.0,1869135000.0,135609000.0,1.749,1.836,681135000.0,109606000.0,571529000.0,681135000.0,0.0,147769000.0,0.0,0.089,1.2,241812000.0,389581000.0,0.165,389581000.0,241812000.0,210143000.0,1.32,1.31,1.32,683949000.0,719361250,683949000.0,1887677434.0,8.0,4.845,138053000.0,1.344,1.0,491358000.0,0.208,49832000.0,31669000.0,2059665000.0,2045869750,206954000.0,0.0,0.0,0.0,1255792000.0,361982000.0,893810000.0,1378276434.0,-78746000.0,0.0,-63256000.0,-20381000.0,-125057000.0,-213532000.0,-134536000.0,0.0,269322000.0,0.0,135609000.0,135609000.0,135609000.0,0.0,0.0,0.057,249546000.0,241812000.0,101064000.0,0.909,2.015,10.164,10.197,1221019000.0,0.0,13.46,0.584,0.586,254898000.0,342072000.0,2360493000.0,2360493000.0,0.0,0.066,0.189,0.118,0.102,8695000.0,234287000.0,1.0,102397952.0,102753000.0,103593000.0,22.972,1889909000.0,15240000.0,74534000.0,210161000.0,18.393,271191000.0
13,PKG,MRY,2007-12-31,2007-12-31,2007-12-31,2021-09-07,-7165000.0,2035857000.0,2016199000,733037000.0,1302820000.0,1.149,7.282,-112328000.0,228143000.0,228143000.0,1791358000.0,170066000.0,1.303,1.676,677248000.0,278747000.0,398501000.0,677248000.0,0.0,148091000.0,0.0,0.037,1.05,293452000.0,441543000.0,0.191,441543000.0,293452000.0,267868000.0,1.63,1.61,1.63,760861000.0,741628500,760861000.0,3461238679.0,12.0,7.839,187821000.0,1.798,1.0,524648000.0,0.227,50916000.0,25584000.0,1871469000.0,1983674250,204356000.0,0.0,0.0,0.0,1274996000.0,562577000.0,712419000.0,2978217679.0,66306000.0,0.0,-10192000.0,-10149000.0,-105048000.0,-120656000.0,-113187000.0,1000000.0,300149000.0,0.0,170066000.0,170066000.0,170066000.0,0.0,0.0,0.073,232196000.0,292452000.0,132197000.0,0.644,3.914,17.512,17.301,1215298000.0,0.0,28.2,1.286,1.272,275921000.0,334060000.0,2316006000.0,2316006000.0,0.0,0.084,0.229,0.148,0.127,8830000.0,225689000.0,1.0,105610556.0,104483000.0,105459000.0,22.166,1984941000.0,17915000.0,97802000.0,246769000.0,18.998,170460000.0
14,PKG,MRY,2006-12-31,2006-12-31,2006-12-31,2021-09-07,-8079000.0,1986976000.0,1969195500,646718000.0,1340258000.0,1.111,6.677,-85379000.0,161837000.0,161837000.0,1743285000.0,125032000.0,1.665,1.872,686917000.0,119147000.0,567770000.0,686917000.0,0.0,154832000.0,0.0,0.045,1.0,225927000.0,380759000.0,0.174,380759000.0,225927000.0,194724000.0,1.21,1.2,1.21,691771000.0,682963500,691771000.0,2878315228.0,13.0,7.559,161253000.0,1.557,1.0,443761000.0,0.203,51911000.0,31203000.0,2071807000.0,2111474500,195946000.0,0.0,0.0,0.0,1295205000.0,388338000.0,906867000.0,2309714228.0,49168000.0,-4314000.0,7754000.0,-9096000.0,-105052000.0,-103509000.0,-93955000.0,0.0,246632000.0,0.0,125032000.0,125032000.0,125032000.0,0.0,0.0,0.057,217834000.0,225927000.0,119397000.0,0.826,3.339,18.473,18.264,1252291000.0,0.0,22.1,1.056,1.047,263159000.0,269296000.0,2187046000.0,2187046000.0,0.0,0.063,0.183,0.107,0.103,6298000.0,210725000.0,1.0,104511956.0,103599000.0,104485000.0,21.111,1935065000.0,19303000.0,69692000.0,271308000.0,18.678,258380000.0
15,PKG,MRY,2005-12-31,2005-12-31,2005-12-31,2021-09-07,19363000.0,1973298000.0,2049040500,553489000.0,1419809000.0,0.973,6.349,-125117000.0,112669000.0,112669000.0,1686847000.0,52604000.0,1.487,1.896,695203000.0,118030000.0,577173000.0,695203000.0,0.0,159096000.0,0.0,0.044,1.0,116126000.0,275222000.0,0.138,275222000.0,116126000.0,88034000.0,0.49,0.49,0.49,681420000.0,775669000,681420000.0,2992008174.0,26.0,10.871,117629000.0,1.096,1.0,306811000.0,0.154,63713000.0,28092000.0,2120025000.0,2184361250,191828000.0,0.0,0.0,0.0,1291878000.0,372094000.0,919784000.0,2481346174.0,-100652000.0,-33633000.0,-84884000.0,-169000.0,-96867000.0,-181920000.0,-161478000.0,0.0,242746000.0,0.0,52604000.0,52604000.0,52604000.0,0.0,0.0,0.026,190685000.0,116126000.0,124851000.0,2.041,3.641,47.17,46.837,1320511000.0,0.0,22.95,1.245,1.236,213181000.0,248404000.0,1993658000.0,1993658000.0,0.0,0.026,0.068,0.053,0.058,7094000.0,194041000.0,1.0,108119659.0,107334000.0,108098000.0,18.574,1909585000.0,28975000.0,35430000.0,295279000.0,17.791,181395000.0
16,PKG,MRY,2004-12-31,2004-12-31,2004-12-31,2021-09-07,22469000.0,2082774000.0,1978255500,677061000.0,1405713000.0,0.955,7.687,-107317000.0,213321000.0,213321000.0,1592371000.0,68730000.0,2.02,1.548,694892000.0,109168000.0,585724000.0,694892000.0,0.0,158908000.0,0.0,0.025,0.6,140491000.0,299399000.0,0.158,299399000.0,140491000.0,110915000.0,0.65,0.64,0.65,817570000.0,794172250,817570000.0,3094073821.0,22.0,10.334,108026000.0,1.016,1.0,297714000.0,0.158,22108000.0,29576000.0,2207133000.0,2206076750,179348000.0,0.0,0.0,0.0,1265204000.0,335104000.0,930100000.0,2518729821.0,41299000.0,-9082000.0,10398000.0,-3899000.0,-63729000.0,-57230000.0,-116814000.0,2000000.0,215343000.0,0.0,68730000.0,68730000.0,68730000.0,0.0,0.0,0.036,159223000.0,138491000.0,112905000.0,0.923,3.081,36.647,36.231,1345154000.0,0.0,23.55,1.333,1.325,216594000.0,303662000.0,1890085000.0,1890085000.0,0.0,0.035,0.087,0.064,0.074,8036000.0,180824000.0,1.0,106952434.0,106358000.0,107570000.0,17.771,2060666000.0,59113000.0,42185000.0,306569000.0,19.375,341957000.0
17,PKG,MRY,2003-12-31,2003-12-31,2003-12-31,2021-09-07,25607000.0,1985126000.0,1995242500,566534000.0,1418592000.0,0.87,7.622,-112200000.0,172022000.0,172022000.0,1437667000.0,-14358000.0,1.652,1.489,697961000.0,112763000.0,585198000.0,697961000.0,0.0,156669000.0,0.0,0.007,0.15,96856000.0,253525000.0,0.146,253525000.0,96856000.0,-24874000.0,-0.14,-0.14,-0.14,797480000.0,803913000,797480000.0,2896893436.0,30.0,11.426,131510000.0,1.257,1.0,297867000.0,0.172,5495000.0,121730000.0,2162593000.0,2263913250,166312000.0,0.0,0.0,0.0,1187646000.0,342977000.0,844669000.0,2304779436.0,40717000.0,-2652000.0,-5879000.0,-100461000.0,0.0,-86231000.0,-116762000.0,0.0,243710000.0,0.0,-14358000.0,-14358000.0,-14358000.0,0.0,0.0,-0.008,201011000.0,96856000.0,126924000.0,-1.071,2.89,-160.522,-156.143,1372823000.0,0.0,21.86,1.328,1.318,190862000.0,298869000.0,1735534000.0,1735534000.0,0.0,-0.007,-0.018,0.043,0.056,11261000.0,173861000.0,1.0,105433643.0,104628000.0,104628000.0,16.588,1979631000.0,29703000.0,-10516000.0,230949000.0,18.921,223557000.0
18,PKG,MRY,2002-12-31,2002-12-31,2002-12-31,2021-09-07,-812000.0,1982551000.0,1990618750,509554000.0,1472997000.0,0.872,7.576,-104598000.0,131305000.0,131305000.0,1411223000.0,48179000.0,1.717,1.491,742213000.0,113094000.0,629119000.0,742213000.0,0.0,149380000.0,0.0,0.0,0.0,145280000.0,294660000.0,0.17,294660000.0,145280000.0,77614000.0,0.46,0.45,0.46,795875000.0,786794750,795875000.0,2543609108.0,18.0,8.632,135418000.0,1.289,1.0,324635000.0,0.187,3854000.0,67666000.0,2292799000.0,2425486250,160549000.0,0.0,0.0,0.0,1186676000.0,296806000.0,889870000.0,1905099108.0,48840000.0,0.0,-28505000.0,-53046000.0,0.0,-81551000.0,-109625000.0,0.0,240016000.0,0.0,48179000.0,48179000.0,48179000.0,0.0,0.0,0.028,179355000.0,145280000.0,85807000.0,0.0,2.394,39.542,39.652,1408980000.0,0.0,18.24,1.097,1.104,175716000.0,329065000.0,1735858000.0,1735858000.0,0.0,0.024,0.061,0.06,0.084,4212000.0,171286000.0,1.0,104446223.0,105053000.0,107208000.0,16.524,1978697000.0,19384000.0,29435000.0,241372000.0,18.835,212748000.0
19,PKG,MRY,2001-12-31,2001-12-31,2001-12-31,2021-09-07,-2967000.0,1971780000.0,1964073500,448217000.0,1523563000.0,0.911,7.244,-126588000.0,82465000.0,82465000.0,1374130000.0,106418000.0,2.336,1.561,795217000.0,54000.0,795163000.0,795217000.0,0.0,141516000.0,0.0,0.0,0.0,248960000.0,390476000.0,0.218,390476000.0,248960000.0,173939000.0,1.0,0.98,1.0,769834000.0,744128750,769834000.0,2667088498.0,11.0,6.83,187709000.0,1.766,1.0,415826000.0,0.232,4037000.0,75021000.0,2488600000.0,2529400000,170173000.0,0.0,0.0,0.0,1201946000.0,191895000.0,1010051000.0,1916179498.0,74573000.0,-4827000.0,-30603000.0,-74239000.0,0.0,-104842000.0,-134882000.0,0.0,314297000.0,0.0,106418000.0,106418000.0,106418000.0,0.0,0.0,0.059,166371000.0,249455000.0,93873000.0,0.0,2.489,18.006,18.15,1451224000.0,0.0,18.15,1.071,1.078,170175000.0,280886000.0,1789956000.0,1789956000.0,0.0,0.054,0.143,0.098,0.139,9562000.0,162065000.0,1.0,105574628.0,106277000.0,108801000.0,16.842,1967743000.0,13346000.0,67521000.0,194452000.0,18.515,256322000.0
20,PKG,MRY,2000-12-31,2000-12-31,2000-12-31,2021-09-07,0.0,1942112000.0,2104600750,403709000.0,1538403000.0,0.913,6.554,-125742000.0,7892000.0,7892000.0,1418465000.0,161901000.0,1.847,1.825,869414000.0,239000.0,869175000.0,869414000.0,0.0,140841000.0,0.0,0.0,0.0,393774000.0,534615000.0,0.278,534615000.0,393774000.0,276091000.0,1.37,1.33,1.37,687424000.0,610641000,687424000.0,2879290852.0,7.0,5.386,215261000.0,2.052,1.0,503403000.0,0.262,1758000.0,117683000.0,2583328000.0,3026082000,159712000.0,0.0,0.0,0.0,1254688000.0,218548000.0,1036140000.0,1709559852.0,-2408000.0,-500000.0,127861000.0,-460221000.0,0.0,-460357000.0,116946000.0,0.0,341003000.0,0.0,161901000.0,143264000.0,143264000.0,0.0,0.0,0.075,158565000.0,344838000.0,113701000.0,0.0,2.487,11.933,11.766,1455990000.0,18637000.0,16.12,0.89,0.88,215994000.0,174468000.0,1921868000.0,1921868000.0,0.0,0.068,0.235,0.13,0.205,0.0,158565000.0,1.0,106052100.0,104890000.0,107518000.0,18.323,1940354000.0,14356000.0,114190000.0,151728000.0,18.499,185161000.0
21,PKG,MRY,1999-12-31,1999-12-31,1999-12-31,2021-09-07,0.0,2153208000.0,1760305500,401486000.0,1751722000.0,0.748,4.524,-87591000.0,10300000.0,10300000.0,1028582000.0,40500000.0,1.765,4.167,1330031000.0,829000.0,1329202000.0,1330031000.0,0.0,105935000.0,0.0,,0.0,185333000.0,291268000.0,0.221,291268000.0,185333000.0,77739000.0,0.34,0.32,0.34,416699000.0,662545500,416699000.0,,,,166857000.0,1.812,1.0,288760000.0,0.219,1532000.0,107594000.0,3243937000.0,2207314500,164919000.0,698000.0,698000.0,0.0,1736509000.0,227470000.0,1509039000.0,,10300000.0,-246500000.0,0.0,-430456000.0,0.0,-167780000.0,-76368000.0,0.0,254448000.0,0.0,40500000.0,31204000.0,31204000.0,0.0,0.0,0.024,107550000.0,181210000.0,127365000.0,0.0,,,,1647920000.0,9296000.0,,,,208356000.0,31204000.0,1317342000.0,1317342000.0,0.0,0.018,0.047,0.084,0.141,0.0,107550000.0,1.0,94600000.0,92108000.0,96549000.0,14.302,2151676000.0,8411000.0,37239000.0,69804000.0,23.36,174016000.0
0,PKG,MRQ,2021-06-30,2021-06-30,2021-06-30,2021-09-07,-139700000.0,7673600000.0,,2961100000.0,4712500000.0,,36.258,-131400000.0,972200000.0,972200000.0,1431100000.0,207300000.0,3.625,1.228,2736100000.0,70500000.0,2665600000.0,2736100000.0,0.0,104700000.0,0.0,0.028,1.0,299600000.0,404300000.0,0.215,404300000.0,299600000.0,274700000.0,2.18,2.17,2.18,3444300000.0,,3444300000.0,14615696418.0,16.0,10.83,96800000.0,1.019,1.0,448800000.0,0.239,1140500000.0,24900000.0,7480200000.0,,827200000.0,151600000.0,101700000.0,49900000.0,4229300000.0,816800000.0,3412500000.0,12864096418.0,-11200000.0,1700000.0,0.0,-400000.0,-95000000.0,-106700000.0,-132700000.0,-2700000.0,228200000.0,0.0,207300000.0,207300000.0,207300000.0,0.0,0.0,0.11,154200000.0,294600000.0,405300000.0,0.459,3.735,20.211,20.212,3473500000.0,0.0,135.42,1.813,1.813,981400000.0,3008500000.0,1879900000.0,1879900000.0,0.0,,,,,8500000.0,146300000.0,1.0,94994066.0,94994066.0,,19.79,6533100000.0,0.0,67400000.0,396300000.0,68.774,2144300000.0
1,PKG,MRQ,2021-03-31,2021-03-31,2021-03-31,2021-09-07,-142100000.0,7549000000.0,,2856900000.0,4692100000.0,,35.129,-85100000.0,983400000.0,983400000.0,1403500000.0,166500000.0,3.545,1.266,2735000000.0,71000000.0,2664000000.0,2735000000.0,0.0,100800000.0,0.0,0.027,1.0,243100000.0,343900000.0,0.19,343900000.0,243100000.0,219600000.0,1.75,1.75,1.75,3331200000.0,,3331200000.0,14515798219.0,19.0,12.406,106500000.0,1.123,1.0,403700000.0,0.223,1149800000.0,23500000.0,7345000000.0,,799600000.0,149500000.0,102500000.0,47000000.0,4217800000.0,805800000.0,3412000000.0,12752498219.0,8800000.0,700000.0,0.0,-400000.0,-94800000.0,-95300000.0,-87500000.0,-1800000.0,191600000.0,0.0,166500000.0,166500000.0,166500000.0,0.0,0.0,0.092,165400000.0,238300000.0,402500000.0,0.571,3.828,26.245,26.266,3444000000.0,0.0,134.48,1.887,1.887,908600000.0,2906300000.0,1807200000.0,1807200000.0,0.0,,,,,11600000.0,145000000.0,1.0,94828214.0,94828214.0,,19.058,6399200000.0,0.0,53100000.0,415200000.0,67.482,2051100000.0
2,PKG,MRQ,2020-12-31,2020-12-31,2020-12-31,2021-09-07,-144500000.0,7433200000.0,,2750300000.0,4682900000.0,,34.233,-167700000.0,974600000.0,974600000.0,1380900000.0,123600000.0,3.514,1.29,2737900000.0,70500000.0,2667400000.0,2737900000.0,0.0,100900000.0,0.0,0.024,1.0,189800000.0,290700000.0,0.17,290700000.0,189800000.0,165400000.0,1.3,1.3,1.3,3246300000.0,,3246300000.0,14864316593.0,20.0,13.084,103400000.0,1.09,1.0,333300000.0,0.194,1159400000.0,24400000.0,7254500000.0,,787900000.0,148300000.0,105600000.0,42700000.0,4186900000.0,782600000.0,3404300000.0,13078116593.0,25500000.0,200000.0,0.0,-400000.0,-75000000.0,-75400000.0,-170200000.0,-2500000.0,271100000.0,0.0,123600000.0,123600000.0,123600000.0,0.0,0.0,0.072,144100000.0,189200000.0,387000000.0,0.769,4.029,28.369,28.377,3427600000.0,0.0,137.91,1.964,1.964,832400000.0,2835500000.0,1714200000.0,1714200000.0,0.0,,,,,6200000.0,130300000.0,1.0,94830807.0,94830807.0,,18.076,6273800000.0,5100000.0,41800000.0,379400000.0,66.158,1967700000.0
3,PKG,MRQ,2020-09-30,2020-09-30,2020-09-30,2021-09-07,-150900000.0,7372600000.0,,2743700000.0,4628900000.0,,33.8,-102300000.0,949100000.0,949100000.0,1348300000.0,139100000.0,3.538,1.3,2735300000.0,69600000.0,2665700000.0,2735300000.0,0.0,100500000.0,0.0,0.029,0.79,210100000.0,310600000.0,0.183,310600000.0,210100000.0,185700000.0,1.47,1.46,1.47,3205400000.0,,3205400000.0,12221859149.0,16.0,10.379,195900000.0,2.066,1.0,345400000.0,0.204,1168900000.0,24400000.0,7214500000.0,,777600000.0,146400000.0,101200000.0,45200000.0,4167200000.0,775400000.0,3391800000.0,10341759149.0,95800000.0,100000.0,0.0,-300000.0,-74900000.0,-75300000.0,-127100000.0,-23800000.0,298200000.0,0.0,139100000.0,139100000.0,139100000.0,0.0,0.0,0.082,135900000.0,209500000.0,352100000.0,0.537,3.226,21.832,21.81,3362600000.0,0.0,109.05,1.552,1.552,864600000.0,2806700000.0,1693700000.0,1693700000.0,0.0,,,,,6000000.0,127100000.0,1.0,94835022.0,94835022.0,,17.859,6203700000.0,0.0,46600000.0,381000000.0,65.416,1968300000.0
4,PKG,MRQ,2020-06-30,2020-06-30,2020-06-30,2021-09-07,-153400000.0,7272000000.0,,2659000000.0,4613000000.0,,33.035,-80700000.0,853300000.0,853300000.0,1215800000.0,56700000.0,3.89,1.321,2733400000.0,68700000.0,2664700000.0,2733400000.0,0.0,108200000.0,0.0,0.032,0.79,116700000.0,224900000.0,0.146,224900000.0,116700000.0,91600000.0,0.6,0.59,0.6,3133100000.0,,3133100000.0,11437409244.0,14.0,9.331,146100000.0,1.54,1.0,325800000.0,0.211,1178400000.0,25100000.0,7290100000.0,,834500000.0,123200000.0,86900000.0,36300000.0,4138900000.0,683600000.0,3455300000.0,9465309244.0,89300000.0,4200000.0,0.0,-400000.0,-74900000.0,-85700000.0,-51800000.0,27100000.0,226800000.0,0.0,56700000.0,56700000.0,56700000.0,0.0,0.0,0.037,209700000.0,116100000.0,315200000.0,1.317,3.021,18.401,18.379,3344400000.0,0.0,99.8,1.408,1.408,817300000.0,2742900000.0,1541600000.0,1541600000.0,0.0,,,,,7700000.0,136300000.0,1.0,94842778.0,94842778.0,,16.254,6093600000.0,6100000.0,34900000.0,361100000.0,64.249,1975400000.0
5,PKG,MRQ,2020-03-31,2020-03-31,2020-03-31,2021-09-07,-157000000.0,7347600000.0,,2613600000.0,4734000000.0,,33.278,-70500000.0,764000000.0,764000000.0,1343700000.0,141700000.0,3.51,1.333,2736100000.0,65900000.0,2670200000.0,2736100000.0,0.0,100300000.0,0.0,0.036,0.79,209700000.0,310000000.0,0.181,310000000.0,209700000.0,190100000.0,1.5,1.49,1.5,3149900000.0,,3149900000.0,10273703926.0,10.0,7.471,166200000.0,1.756,1.0,365000000.0,0.214,1247900000.0,19600000.0,7327200000.0,,809900000.0,149400000.0,92300000.0,57100000.0,4197700000.0,744600000.0,3453100000.0,8218703926.0,84500000.0,100000.0,0.0,-400000.0,-74800000.0,-75200000.0,-77000000.0,-3900000.0,236700000.0,0.0,141700000.0,141700000.0,141700000.0,0.0,0.0,0.083,155900000.0,209100000.0,389000000.0,0.527,2.609,12.619,12.621,3373900000.0,0.0,86.83,1.184,1.184,879500000.0,2771100000.0,1708700000.0,1708700000.0,0.0,,,,,10100000.0,145900000.0,1.0,94652815.0,94652815.0,,18.052,6099700000.0,0.0,48400000.0,358000000.0,64.443,1869000000.0
6,PKG,MRQ,2019-12-31,2019-12-31,2019-12-31,2021-09-07,-159500000.0,7235800000.0,,2478400000.0,4757400000.0,,32.443,-135700000.0,679500000.0,679500000.0,1336700000.0,136200000.0,3.424,1.356,2734500000.0,64100000.0,2670400000.0,2734500000.0,0.0,98900000.0,0.0,0.028,0.79,233200000.0,332100000.0,0.193,332100000.0,233200000.0,172400000.0,1.43,1.43,1.43,3071000000.0,,3071000000.0,12604340349.0,12.0,8.794,193500000.0,2.044,1.0,383300000.0,0.223,1257500000.0,60800000.0,7309500000.0,,794100000.0,146000000.0,87900000.0,58100000.0,4164800000.0,723800000.0,3441000000.0,10600740349.0,-58800000.0,2700000.0,0.0,-26500000.0,-74800000.0,-109700000.0,-278300000.0,-146100000.0,329200000.0,0.0,136200000.0,136200000.0,136200000.0,0.0,0.0,0.079,148200000.0,235100000.0,351900000.0,0.552,3.452,15.222,15.216,3386000000.0,0.0,111.99,1.522,1.522,845600000.0,2704800000.0,1720000000.0,1720000000.0,0.0,,,,,5900000.0,137000000.0,1.0,94657919.0,94657919.0,,18.171,5978300000.0,26500000.0,36200000.0,340100000.0,63.157,1754600000.0
7,PKG,MRQ,2019-09-30,2019-09-30,2019-09-30,2021-09-07,-128800000.0,7191100000.0,,2531300000.0,4659800000.0,,32.058,-92900000.0,738300000.0,738300000.0,1339300000.0,179800000.0,3.284,1.37,2741900000.0,61900000.0,2680000000.0,2741900000.0,0.0,97900000.0,0.0,0.03,0.79,260900000.0,358800000.0,0.205,358800000.0,260900000.0,239300000.0,1.9,1.89,1.9,3034700000.0,,3034700000.0,12221325308.0,11.0,8.231,246900000.0,2.608,1.0,411400000.0,0.235,1267200000.0,21600000.0,7156800000.0,,806300000.0,0.0,0.0,0.0,4156400000.0,770700000.0,3385700000.0,10043725308.0,168900000.0,200000.0,0.0,-400000.0,-74600000.0,-75400000.0,-95500000.0,0.0,339800000.0,0.0,179800000.0,179800000.0,179800000.0,0.0,0.0,0.103,148600000.0,262800000.0,385500000.0,0.416,3.31,13.132,13.099,3342700000.0,0.0,106.1,1.437,1.437,932300000.0,2643700000.0,1750700000.0,1750700000.0,0.0,,,,,5900000.0,136900000.0,1.0,94662821.0,94662821.0,,18.494,5923900000.0,9500000.0,59500000.0,327600000.0,62.579,1760600000.0
8,PKG,MRQ,2019-06-30,2019-06-30,2019-06-30,2021-09-07,-132200000.0,7074400000.0,,2402700000.0,4671700000.0,,30.914,-92100000.0,569400000.0,569400000.0,1332000000.0,193600000.0,3.293,1.422,2747000000.0,61400000.0,2685600000.0,2747000000.0,0.0,95900000.0,0.0,0.033,0.79,278400000.0,374300000.0,0.213,374300000.0,278400000.0,256000000.0,2.05,2.04,2.05,2921200000.0,,2921200000.0,11290667222.0,10.0,7.402,210300000.0,2.226,1.0,427900000.0,0.243,1276900000.0,22400000.0,7245500000.0,,815700000.0,0.0,0.0,0.0,4153200000.0,729600000.0,3423600000.0,9007167222.0,127000000.0,1200000.0,0.0,-400000.0,-74600000.0,-82700000.0,-92700000.0,0.0,302400000.0,0.0,193600000.0,193600000.0,193600000.0,0.0,0.0,0.11,147500000.0,280400000.0,382800000.0,0.385,3.083,11.377,11.361,3345200000.0,0.0,95.32,1.278,1.278,947000000.0,2539200000.0,1759900000.0,1759900000.0,0.0,,,,,11700000.0,143700000.0,1.0,94493991.0,94493991.0,,18.624,5797500000.0,11400000.0,62400000.0,314800000.0,61.353,1673100000.0
9,PKG,MRQ,2019-03-31,2019-03-31,2019-03-31,2021-09-07,-135500000.0,6928600000.0,,2262400000.0,4666200000.0,,29.574,-78800000.0,442400000.0,442400000.0,1312300000.0,186800000.0,3.054,1.479,2725900000.0,58700000.0,2667200000.0,2725900000.0,0.0,94800000.0,0.0,0.032,0.79,273400000.0,368200000.0,0.212,368200000.0,273400000.0,249300000.0,1.98,1.97,1.98,2794600000.0,,2794600000.0,11532205523.0,10.0,7.566,157200000.0,1.664,1.0,421400000.0,0.243,1286000000.0,24100000.0,7185400000.0,,831700000.0,0.0,0.0,0.0,4134000000.0,740700000.0,3393300000.0,9391005523.0,80900000.0,0.0,0.0,-300000.0,-74700000.0,-75000000.0,-80100000.0,0.0,236000000.0,0.0,186800000.0,186800000.0,186800000.0,0.0,0.0,0.108,146000000.0,275400000.0,405100000.0,0.399,3.36,11.968,11.945,3327100000.0,0.0,99.38,1.331,1.331,930300000.0,2427800000.0,1733700000.0,1733700000.0,0.0,,,,,6900000.0,140000000.0,1.0,94495930.0,94495930.0,,18.347,5642600000.0,0.0,62500000.0,318400000.0,59.713,1521700000.0
10,PKG,MRQ,2018-12-31,2018-12-31,2018-12-31,2021-09-07,-138800000.0,6569700000.0,,2115100000.0,4454600000.0,,28.28,-147100000.0,361500000.0,361500000.0,1321100000.0,204600000.0,3.049,1.458,2502700000.0,1400000.0,2501300000.0,2502700000.0,0.0,97300000.0,0.0,0.036,0.79,286200000.0,383500000.0,0.22,383500000.0,286200000.0,264500000.0,2.17,2.16,2.17,2672400000.0,,2672400000.0,10095144491.0,9.0,6.837,198500000.0,2.101,1.0,425400000.0,0.244,1295500000.0,21700000.0,6721800000.0,,795600000.0,0.0,0.0,0.0,3897300000.0,693600000.0,3203700000.0,7886744491.0,67700000.0,-55300000.0,0.0,-300000.0,-74700000.0,-75000000.0,-202900000.0,0.0,345600000.0,0.0,204600000.0,204600000.0,204600000.0,0.0,0.0,0.117,138700000.0,286700000.0,382200000.0,0.364,2.951,10.687,10.673,3108600000.0,0.0,83.46,1.124,1.124,901900000.0,2315800000.0,1746500000.0,1746500000.0,0.0,,,,,6100000.0,129700000.0,1.0,94497298.0,94497298.0,,18.482,5274200000.0,16700000.0,59900000.0,285200000.0,55.813,1421500000.0
11,PKG,MRQ,2018-09-30,2018-09-30,2018-09-30,2021-09-07,-145100000.0,6500000000.0,,2114700000.0,4385300000.0,,26.775,-130400000.0,293800000.0,293800000.0,1366700000.0,206700000.0,2.759,1.569,2502200000.0,1400000.0,2500800000.0,2502200000.0,0.0,101400000.0,0.0,0.026,0.79,298000000.0,399400000.0,0.221,399400000.0,298000000.0,274100000.0,2.19,2.18,2.19,2530200000.0,,2530200000.0,12667672896.0,12.0,8.725,170600000.0,1.805,1.0,443200000.0,0.245,1262600000.0,23900000.0,6679300000.0,,780600000.0,0.0,0.0,0.0,3969800000.0,766500000.0,3203300000.0,10365472896.0,94200000.0,0.0,0.0,-300000.0,-74500000.0,-75000000.0,-131800000.0,0.0,301000000.0,0.0,206700000.0,206700000.0,206700000.0,0.0,0.0,0.114,144700000.0,298500000.0,438900000.0,0.361,4.097,12.92,12.905,3065100000.0,0.0,109.69,1.491,1.491,986200000.0,2185500000.0,1809900000.0,1809900000.0,0.0,,,,,6700000.0,134200000.0,1.0,94497884.0,94497884.0,,19.153,5237400000.0,5100000.0,67400000.0,279300000.0,55.423,1348200000.0
12,PKG,MRQ,2018-06-30,2018-06-30,2018-06-30,2021-09-07,-149000000.0,6315600000.0,,1956600000.0,4359000000.0,,25.311,-165900000.0,199600000.0,199600000.0,1346900000.0,186600000.0,2.733,1.645,2501800000.0,1400000.0,2500400000.0,2501800000.0,0.0,104100000.0,0.0,0.024,0.79,269100000.0,373200000.0,0.211,373200000.0,269100000.0,245300000.0,1.98,1.97,1.98,2388000000.0,,2388000000.0,12945815581.0,13.0,9.296,165100000.0,1.75,1.0,420600000.0,0.238,1272800000.0,23800000.0,6629200000.0,,763700000.0,0.0,0.0,0.0,3927600000.0,715800000.0,3211800000.0,10547015581.0,97200000.0,400000.0,0.0,-400000.0,-59500000.0,-67500000.0,-166300000.0,0.0,331000000.0,0.0,186600000.0,186600000.0,186600000.0,0.0,0.0,0.106,151000000.0,269600000.0,431700000.0,0.399,4.417,14.356,14.369,3026500000.0,0.0,111.79,1.555,1.555,920000000.0,2054000000.0,1767500000.0,1767500000.0,0.0,,,,,5600000.0,137700000.0,1.0,94346682.0,94346682.0,,18.734,5042800000.0,16700000.0,58700000.0,272800000.0,53.45,1240800000.0
13,PKG,MRQ,2018-03-31,2018-03-31,2018-03-31,2021-09-07,-153000000.0,6139800000.0,,1832600000.0,4307200000.0,,24.1,-108000000.0,102400000.0,102400000.0,1334500000.0,140100000.0,2.721,1.7,2501200000.0,1400000.0,2499800000.0,2501200000.0,0.0,108100000.0,0.0,0.022,0.63,212400000.0,320500000.0,0.19,320500000.0,212400000.0,186600000.0,1.48,1.48,1.48,2273800000.0,,2273800000.0,13067024939.0,14.0,9.699,94500000.0,1.002,1.0,356100000.0,0.211,1282800000.0,25800000.0,6582200000.0,,766400000.0,0.0,0.0,0.0,3866000000.0,673600000.0,3192400000.0,10633224939.0,-114500000.0,100000.0,0.0,-150300000.0,-59400000.0,-209800000.0,-107200000.0,0.0,202500000.0,0.0,140100000.0,140100000.0,140100000.0,0.0,0.0,0.083,143200000.0,212900000.0,427300000.0,0.426,4.676,15.381,15.396,2961400000.0,0.0,112.7,1.611,1.611,860200000.0,1949600000.0,1690600000.0,1690600000.0,0.0,,,,,5100000.0,134900000.0,1.0,94349822.0,94349822.0,,17.918,4857000000.0,48600000.0,46500000.0,256700000.0,51.479,1159000000.0
14,PKG,MRQ,2017-12-31,2017-12-31,2017-12-31,2021-09-07,-156900000.0,6197500000.0,,1915100000.0,4282400000.0,,23.133,-116800000.0,216900000.0,216900000.0,1312900000.0,268900000.0,2.3,1.84,2650700000.0,151300000.0,2499400000.0,2650700000.0,0.0,107700000.0,0.0,0.021,0.63,251100000.0,358800000.0,0.213,358800000.0,251100000.0,224000000.0,2.85,2.84,2.85,2182600000.0,,2182600000.0,13636852654.0,15.0,10.311,156000000.0,1.653,1.0,371400000.0,0.221,1293200000.0,27100000.0,6505400000.0,,762500000.0,0.0,0.0,0.0,4014900000.0,832700000.0,3182200000.0,11373952654.0,-153600000.0,-261600000.0,0.0,21500000.0,-59400000.0,-44900000.0,-381500000.0,0.0,272800000.0,0.0,268900000.0,268900000.0,268900000.0,0.0,0.0,0.16,119000000.0,252400000.0,402900000.0,0.221,5.211,17.012,17.003,2924900000.0,0.0,120.55,1.765,1.765,830700000.0,1867400000.0,1684300000.0,1684300000.0,0.0,,,,,5200000.0,133000000.0,1.0,94350499.0,94350499.0,,17.852,4904300000.0,69500000.0,-44900000.0,239500000.0,51.98,1082400000.0
15,PKG,MRQ,2017-09-30,2017-09-30,2017-09-30,2021-09-07,-131000000.0,6027200000.0,,2001800000.0,4025400000.0,,21.136,-86800000.0,370500000.0,370500000.0,1243100000.0,139100000.0,2.428,2.022,2633400000.0,157800000.0,2475600000.0,2633400000.0,0.0,97500000.0,0.0,0.022,0.63,242600000.0,340100000.0,0.207,340100000.0,242600000.0,216900000.0,1.47,1.47,1.47,1994200000.0,,1994200000.0,13134026350.0,15.0,10.479,110900000.0,1.175,1.0,397000000.0,0.242,1079900000.0,25700000.0,6385900000.0,,736600000.0,0.0,0.0,0.0,4033000000.0,824300000.0,3208700000.0,10820226350.0,49500000.0,1500000.0,0.0,-1900000.0,-59400000.0,-61500000.0,-86700000.0,0.0,197700000.0,0.0,139100000.0,139100000.0,139100000.0,0.0,0.0,0.085,154400000.0,242600000.0,379500000.0,0.429,5.426,21.2,21.198,2881600000.0,0.0,114.68,1.735,1.735,831300000.0,1658200000.0,1640100000.0,1640100000.0,0.0,,,,,5200000.0,129600000.0,1.0,94351468.0,94351468.0,,17.383,4947300000.0,20000000.0,77800000.0,342100000.0,52.435,1177500000.0
16,PKG,MRQ,2017-06-30,2017-06-30,2017-06-30,2021-09-07,-134000000.0,5903200000.0,,1863400000.0,4039800000.0,,20.239,-81600000.0,321000000.0,321000000.0,1219700000.0,143200000.0,2.451,2.096,2634800000.0,157800000.0,2477000000.0,2634800000.0,0.0,93700000.0,0.0,0.023,0.63,234100000.0,327800000.0,0.207,327800000.0,234100000.0,208600000.0,1.52,1.52,1.52,1906600000.0,,1906600000.0,12875724468.0,15.0,10.661,139900000.0,1.485,1.0,364300000.0,0.23,1087300000.0,25500000.0,6369500000.0,,734400000.0,0.0,0.0,0.0,3996600000.0,760200000.0,3236400000.0,10493524468.0,67000000.0,1200000.0,0.0,-2000000.0,-59400000.0,-71400000.0,-83100000.0,0.0,221500000.0,0.0,143200000.0,143200000.0,143200000.0,0.0,0.0,0.09,130200000.0,234100000.0,349200000.0,0.414,5.504,21.389,21.38,2872500000.0,0.0,111.39,1.726,1.726,755200000.0,1578800000.0,1584000000.0,1584000000.0,0.0,,,,,5600000.0,129600000.0,1.0,94205265.0,94205265.0,,16.814,4815900000.0,0.0,65400000.0,345200000.0,51.121,1103200000.0
17,PKG,MRQ,2017-03-31,2017-03-31,2017-03-31,2021-09-07,-136700000.0,5843400000.0,,1779100000.0,4064300000.0,,19.369,-57800000.0,254000000.0,254000000.0,1198300000.0,117400000.0,2.293,2.202,2636200000.0,157800000.0,2478400000.0,2636200000.0,0.0,92500000.0,0.0,0.027,0.63,203400000.0,295900000.0,0.193,295900000.0,203400000.0,179100000.0,1.25,1.24,1.25,1824700000.0,,1824700000.0,11059279740.0,14.0,9.471,106300000.0,1.128,1.0,338200000.0,0.22,1095900000.0,24300000.0,6353700000.0,,744500000.0,0.0,0.0,0.0,4018700000.0,776000000.0,3242700000.0,8631179740.0,14700000.0,1700000.0,0.0,-31700000.0,-59400000.0,-91600000.0,-57800000.0,0.0,164100000.0,0.0,117400000.0,117400000.0,117400000.0,0.0,0.0,0.076,134800000.0,203400000.0,367300000.0,0.504,4.73,18.63,18.622,2887200000.0,0.0,91.62,1.459,1.459,733300000.0,1504500000.0,1536500000.0,1536500000.0,0.0,,,,,4600000.0,127800000.0,1.0,94206284.0,94206284.0,,16.31,4747500000.0,0.0,61700000.0,374100000.0,50.395,1003100000.0
18,PKG,MRQ,2016-12-31,2016-12-31,2016-12-31,2021-09-07,-139600000.0,5777000000.0,,1696300000.0,4080700000.0,,18.676,-86200000.0,239300000.0,239300000.0,1149100000.0,110700000.0,2.712,2.283,2667400000.0,27100000.0,2640300000.0,2667400000.0,0.0,93700000.0,0.0,0.028,0.63,195900000.0,289600000.0,0.196,289600000.0,195900000.0,168600000.0,1.17,1.17,1.17,1759800000.0,,1759800000.0,10385976971.0,13.0,9.1,127200000.0,1.35,1.0,327500000.0,0.222,1105000000.0,27300000.0,6474700000.0,,723600000.0,0.0,0.0,0.0,4017200000.0,625400000.0,3391800000.0,7992276971.0,-40500000.0,-99300000.0,0.0,-6800000.0,-59400000.0,-67000000.0,-186900000.0,0.0,213400000.0,0.0,110700000.0,110700000.0,110700000.0,0.0,0.0,0.075,131600000.0,195900000.0,323800000.0,0.538,4.542,17.776,17.819,2895700000.0,0.0,84.82,1.383,1.383,689200000.0,1447100000.0,1476600000.0,1476600000.0,0.0,,,,,4700000.0,122500000.0,1.0,94226326.0,94226326.0,,15.671,4672000000.0,13900000.0,57900000.0,334700000.0,49.583,1070900000.0
19,PKG,MRQ,2016-09-30,2016-09-30,2016-09-30,2021-09-07,-114200000.0,5747200000.0,,1747000000.0,4000200000.0,,18.355,-66300000.0,279800000.0,279800000.0,1154500000.0,119300000.0,2.74,2.323,2673500000.0,27000000.0,2646500000.0,2673500000.0,0.0,88000000.0,0.0,0.028,0.63,206400000.0,294400000.0,0.198,294400000.0,206400000.0,183000000.0,1.27,1.26,1.27,1729600000.0,,1729600000.0,9760382944.0,13.0,8.744,151000000.0,1.602,1.0,329500000.0,0.222,1046900000.0,23400000.0,6456500000.0,,690600000.0,0.0,0.0,0.0,4017200000.0,637500000.0,3379700000.0,7657182944.0,66200000.0,-385900000.0,0.0,358100000.0,-51800000.0,303900000.0,-455000000.0,0.0,217300000.0,0.0,119300000.0,119300000.0,119300000.0,0.0,0.0,0.08,123100000.0,206400000.0,327000000.0,0.496,4.427,17.281,17.4,2878700000.0,0.0,81.26,1.345,1.345,713200000.0,1396900000.0,1484000000.0,1484000000.0,0.0,,,,,4700000.0,116900000.0,1.0,94230654.0,94230654.0,,15.749,4700300000.0,18300000.0,63700000.0,360900000.0,49.881,1109500000.0
20,PKG,MRQ,2016-06-30,2016-06-30,2016-06-30,2021-09-07,-116900000.0,5296100000.0,,1609900000.0,3686200000.0,,17.663,-68900000.0,213600000.0,213600000.0,1097300000.0,115900000.0,2.919,2.186,2316800000.0,7700000.0,2309100000.0,2316800000.0,0.0,87600000.0,0.0,0.033,0.55,200200000.0,287800000.0,0.203,287800000.0,200200000.0,177700000.0,1.23,1.23,1.23,1662300000.0,,1662300000.0,8454854651.0,11.0,7.489,116300000.0,1.236,1.0,320100000.0,0.226,803500000.0,22500000.0,6044300000.0,,671300000.0,0.0,0.0,0.0,3633800000.0,551500000.0,3082300000.0,6298854651.0,51300000.0,300000.0,0.0,-1900000.0,-51800000.0,-61700000.0,-72200000.0,0.0,185200000.0,0.0,115900000.0,115900000.0,115900000.0,0.0,0.0,0.082,119900000.0,200200000.0,308400000.0,0.447,3.789,13.948,14.21,2809900000.0,0.0,66.93,1.109,1.109,663400000.0,1337200000.0,1417400000.0,1417400000.0,0.0,,,,,4700000.0,114800000.0,1.0,94111081.0,94111081.0,,15.061,4492600000.0,1300000.0,61800000.0,353900000.0,47.737,1058400000.0
21,PKG,MRQ,2016-03-31,2016-03-31,2016-03-31,2021-09-07,-122400000.0,5227300000.0,,1528900000.0,3698400000.0,,16.878,-52900000.0,162300000.0,162300000.0,1102000000.0,103700000.0,2.804,2.286,2318300000.0,7700000.0,2310600000.0,2318300000.0,0.0,88700000.0,0.0,0.036,0.55,180800000.0,269500000.0,0.192,269500000.0,180800000.0,159200000.0,1.09,1.09,1.09,1590800000.0,,1590800000.0,7840605640.0,10.0,6.966,138100000.0,1.465,1.0,299000000.0,0.213,809100000.0,21600000.0,6028900000.0,,692500000.0,0.0,0.0,0.0,3636500000.0,545300000.0,3091200000.0,5692805640.0,-21900000.0,0.0,-100300000.0,-1900000.0,-53100000.0,-157400000.0,-55500000.0,0.0,191000000.0,0.0,103700000.0,103700000.0,103700000.0,0.0,0.0,0.074,118200000.0,180800000.0,309000000.0,0.505,3.579,12.659,13.017,2817900000.0,0.0,60.4,0.996,0.996,631400000.0,1286500000.0,1401000000.0,1401000000.0,0.0,,,,,5600000.0,114300000.0,1.0,94251749.0,94251749.0,,14.864,4418200000.0,0.0,55500000.0,370500000.0,46.877,983600000.0
22,PKG,MRQ,2015-12-31,2015-12-31,2015-12-31,2021-09-07,-124900000.0,5272300000.0,,1554500000.0,3717800000.0,,16.838,-96600000.0,184200000.0,184200000.0,1105800000.0,104200000.0,2.767,2.228,2319700000.0,7700000.0,2312000000.0,2319700000.0,0.0,88600000.0,0.0,0.035,0.55,175900000.0,264500000.0,0.19,264500000.0,175900000.0,153600000.0,1.08,1.08,1.08,1633300000.0,,1633300000.0,8277903527.0,11.0,7.481,130000000.0,1.34,1.0,285100000.0,0.205,814800000.0,22300000.0,6031100000.0,,676800000.0,0.0,0.0,0.0,3639000000.0,561900000.0,3077100000.0,6116003527.0,-2700000.0,1500000.0,-56600000.0,-16900000.0,-53500000.0,-134000000.0,-95300000.0,0.0,226600000.0,0.0,104200000.0,104200000.0,104200000.0,0.0,0.0,0.075,112100000.0,173000000.0,294200000.0,0.509,3.745,14.002,14.105,2832100000.0,0.0,63.05,1.065,1.065,636500000.0,1317300000.0,1390900000.0,1390900000.0,0.0,,,,,4500000.0,105400000.0,1.0,97002435.0,97002435.0,,14.339,4457500000.0,28200000.0,49400000.0,347000000.0,45.952,992600000.0
23,PKG,MRQ,2015-09-30,2015-09-30,2015-09-30,2021-09-07,-142000000.0,5422200000.0,,1679300000.0,3742900000.0,,16.526,-76000000.0,186900000.0,186900000.0,1142500000.0,127800000.0,2.672,2.357,2348800000.0,7600000.0,2341200000.0,2348800000.0,0.0,87700000.0,0.0,0.034,0.55,219400000.0,307100000.0,0.209,307100000.0,219400000.0,197700000.0,1.31,1.31,1.31,1615000000.0,,1615000000.0,8090999543.0,11.0,7.353,161500000.0,1.653,1.0,328300000.0,0.223,820400000.0,21700000.0,6135300000.0,,695900000.0,0.0,0.0,0.0,3807200000.0,628400000.0,3178800000.0,5879099543.0,23200000.0,0.0,-54800000.0,-26900000.0,-53800000.0,-135400000.0,-78900000.0,0.0,237500000.0,0.0,127800000.0,127800000.0,127800000.0,0.0,0.0,0.087,112700000.0,215600000.0,337000000.0,0.42,3.64,13.637,13.704,2842500000.0,0.0,60.16,1.016,1.016,683500000.0,1317900000.0,1470800000.0,1470800000.0,0.0,,,,,4600000.0,112700000.0,1.0,97724394.0,97724394.0,,15.05,4601800000.0,63200000.0,69900000.0,405000000.0,47.09,1050900000.0
24,PKG,MRQ,2015-06-30,2015-06-30,2015-06-30,2021-09-07,-145000000.0,5409900000.0,,1657400000.0,3752500000.0,,16.25,-86300000.0,163700000.0,163700000.0,1136600000.0,114000000.0,2.734,2.4,2375600000.0,7600000.0,2368000000.0,2375600000.0,0.0,86800000.0,0.0,0.03,0.55,197600000.0,284400000.0,0.196,284400000.0,197600000.0,175400000.0,1.16,1.16,1.16,1591000000.0,,1591000000.0,8369331364.0,12.0,7.685,109900000.0,1.122,1.0,317700000.0,0.218,826100000.0,22200000.0,6189500000.0,,667500000.0,0.0,0.0,0.0,3818900000.0,606200000.0,3212700000.0,6118231364.0,37300000.0,23000000.0,-35700000.0,-1900000.0,-54100000.0,-92600000.0,-66300000.0,0.0,196200000.0,0.0,114000000.0,114000000.0,114000000.0,0.0,0.0,0.078,120100000.0,197600000.0,339300000.0,0.474,3.846,15.007,15.094,2852700000.0,0.0,62.49,1.049,1.049,708000000.0,1293100000.0,1454300000.0,1454300000.0,0.0,,,,,4900000.0,115900000.0,1.0,97907367.0,97907367.0,,14.854,4583800000.0,59700000.0,61400000.0,405600000.0,46.818,1051200000.0
25,PKG,MRQ,2015-03-31,2015-03-31,2015-03-31,2021-09-07,-152300000.0,5385400000.0,,1614800000.0,3770600000.0,,15.821,-55600000.0,126400000.0,126400000.0,1148700000.0,90800000.0,2.599,2.46,2377500000.0,7600000.0,2369900000.0,2377500000.0,0.0,93400000.0,0.0,0.022,0.55,157100000.0,250500000.0,0.176,250500000.0,157100000.0,137900000.0,0.92,0.92,0.92,1556300000.0,,1556300000.0,9945813389.0,14.0,9.142,52700000.0,0.536,1.0,277000000.0,0.194,834400000.0,19200000.0,6180800000.0,,687600000.0,0.0,0.0,0.0,3829100000.0,621300000.0,3207800000.0,7691413389.0,1500000.0,0.0,-7600000.0,-1900000.0,-39400000.0,-49200000.0,-57600000.0,0.0,108300000.0,0.0,90800000.0,90800000.0,90800000.0,0.0,0.0,0.064,119900000.0,157100000.0,352700000.0,0.598,4.942,19.556,19.596,2864100000.0,0.0,78.19,1.315,1.315,676700000.0,1271600000.0,1425700000.0,1425700000.0,0.0,,,,,4200000.0,117300000.0,1.0,98368249.0,98368249.0,,14.493,4551000000.0,58400000.0,47100000.0,424000000.0,46.265,993500000.0
26,PKG,MRQ,2014-12-31,2014-12-31,2014-12-31,2021-09-07,-153900000.0,5272800000.0,,1502900000.0,3769900000.0,,15.464,-165300000.0,124900000.0,124900000.0,1136900000.0,98500000.0,2.46,2.466,2379300000.0,7600000.0,2371700000.0,2379300000.0,0.0,85100000.0,0.0,0.02,0.4,173200000.0,258300000.0,0.18,258300000.0,173200000.0,150100000.0,1.0,1.0,1.0,1521400000.0,,1521400000.0,9905626429.0,14.0,9.136,14100000.0,0.143,1.0,297000000.0,0.207,840300000.0,23100000.0,6075900000.0,,664900000.0,0.0,0.0,0.0,3751400000.0,611000000.0,3140400000.0,7678828429.0,-29400000.0,-200000.0,0.0,-1900000.0,-39400000.0,-41300000.0,-167500000.0,0.0,179400000.0,0.0,98500000.0,98500000.0,98500000.0,0.0,0.0,0.069,167800000.0,129200000.0,330500000.0,0.4,5.047,19.559,19.561,2857600000.0,0.0,78.05,1.312,1.312,646100000.0,1242200000.0,1433900000.0,1433900000.0,0.0,,,,,4000000.0,110500000.0,1.0,98383452.0,98383452.0,,14.575,4432500000.0,5100000.0,51600000.0,334200000.0,45.053,891900000.0
27,PKG,MRQ,2014-09-30,2014-09-30,2014-09-30,2021-09-07,-60944000.0,5330749000.0,,1597707000.0,3733042000.0,,15.775,-106700000.0,154323000.0,154323000.0,1198600000.0,104400000.0,2.315,2.435,2381121000.0,7582000.0,2373539000.0,2381121000.0,0.0,107400000.0,0.0,0.025,0.4,188400000.0,295800000.0,0.195,295800000.0,188400000.0,165300000.0,1.06,1.06,1.06,1552039000.0,,1552039000.0,8573337478.0,13.0,8.328,115900000.0,1.178,1.0,320300000.0,0.211,841007000.0,23100000.0,6026505000.0,,616962000.0,0.0,0.0,0.0,3778710000.0,690035000.0,3088675000.0,6278989478.0,-7700000.0,0.0,0.0,-75200000.0,-39400000.0,-118000000.0,-112300000.0,0.0,222600000.0,0.0,104400000.0,104400000.0,104400000.0,0.0,0.0,0.069,119600000.0,200700000.0,387854000.0,0.377,4.046,12.025,11.929,2818133000.0,0.0,63.82,1.105,1.105,717947000.0,1184155000.0,1518900000.0,1518900000.0,0.0,,,,,4000000.0,119600000.0,1.0,98385921.0,98385921.0,,15.438,4489742000.0,32280000.0,60900000.0,433262000.0,45.634,907672000.0
28,PKG,MRQ,2014-06-30,2014-06-30,2014-06-30,2021-09-07,-61330000.0,5304237000.0,,1574249000.0,3729988000.0,,15.08,-97300000.0,161991000.0,161991000.0,1157600000.0,99600000.0,2.393,2.578,2456339000.0,7565000.0,2448774000.0,2456339000.0,0.0,103100000.0,0.0,0.022,0.4,180200000.0,283300000.0,0.193,283300000.0,180200000.0,158800000.0,1.01,1.01,1.01,1482619000.0,,1482619000.0,9349633711.0,15.0,10.11,87500000.0,0.89,1.0,310800000.0,0.212,843365000.0,21400000.0,6097307000.0,,611342000.0,0.0,0.0,0.0,3821618000.0,657913000.0,3163705000.0,7028793711.0,-23700000.0,-20300000.0,400000.0,-50200000.0,-39300000.0,-90800000.0,-117700000.0,0.0,184800000.0,0.0,99600000.0,99600000.0,99600000.0,0.0,0.0,0.068,130600000.0,180200000.0,394743000.0,0.396,4.741,13.989,13.828,2817249000.0,0.0,71.49,1.403,1.403,704218000.0,1119367000.0,1468400000.0,1468400000.0,0.0,,,,,4000000.0,122900000.0,1.0,98318558.0,98318558.0,,14.935,4460872000.0,36961000.0,59200000.0,430947000.0,45.372,916336000.0
29,PKG,MRQ,2014-03-31,2014-03-31,2014-03-31,2021-09-07,-63203000.0,5263948000.0,,1561343000.0,3702605000.0,,14.435,-50900000.0,185706000.0,185706000.0,1129900000.0,90100000.0,2.427,2.713,2506546000.0,7547000.0,2498999000.0,2506546000.0,0.0,86000000.0,0.0,0.023,0.4,160900000.0,246900000.0,0.173,246900000.0,160900000.0,140100000.0,0.92,0.92,0.92,1417583000.0,,1417583000.0,9292560068.0,17.0,11.668,98400000.0,1.002,1.0,301400000.0,0.211,831651000.0,20800000.0,6109704000.0,,607306000.0,0.0,0.0,0.0,3846365000.0,643433000.0,3202932000.0,6910771068.0,-5300000.0,0.0,3300000.0,-66300000.0,-39300000.0,-101000000.0,-53600000.0,0.0,149300000.0,0.0,90100000.0,90100000.0,90100000.0,0.0,0.0,0.063,140500000.0,160900000.0,390630000.0,0.435,4.875,14.732,14.509,2800742000.0,0.0,70.37,1.592,1.592,696344000.0,1067661000.0,1431300000.0,1431300000.0,0.0,,,,,3600000.0,116500000.0,1.0,98206211.0,98206211.0,,14.574,4432297000.0,31985000.0,50000000.0,429946000.0,45.133,917910000.0
30,PKG,MRQ,2013-12-31,2013-12-31,2013-12-31,2021-09-07,-65000000.0,5243800000.0,,1531000000.0,3712800000.0,,14.049,-103990000.0,191000000.0,191000000.0,1005018000.0,228072000.0,2.318,2.865,2572700000.0,40000000.0,2532700000.0,2572700000.0,0.0,80488000.0,0.0,0.024,0.4,122921000.0,203409000.0,0.161,203409000.0,122921000.0,94954000.0,2.36,2.33,2.36,1356800000.0,,1356800000.0,6617210015.0,14.0,9.456,84042000.0,0.87,1.0,259405000.0,0.205,837400000.0,27967000.0,6127500000.0,,594300000.0,0.0,0.0,0.0,3887000000.0,660600000.0,3226400000.0,6206243015.0,-205602000.0,-1174500000.0,143000.0,935267000.0,-39217000.0,885247000.0,-1278881000.0,0.0,188032000.0,0.0,228072000.0,228072000.0,228072000.0,0.0,0.0,0.18,136484000.0,122921000.0,357500000.0,0.169,4.574,14.064,13.847,2805700000.0,0.0,63.28,1.693,1.667,643100000.0,1019100000.0,1264423000.0,1264423000.0,0.0,,,,,4844000.0,99994000.0,1.0,98075901.0,96579000.0,97547000.0,13.092,4406400000.0,70600000.0,-133118000.0,434800000.0,45.625,870400000.0
31,PKG,MRQ,2013-09-30,2013-09-30,2013-09-30,2021-09-07,-86094000.0,2657109000.0,,1135928000.0,1521181000.0,,11.36,-49519000.0,396595000.0,396595000.0,617841000.0,84682000.0,3.21,1.417,807562000.0,16013000.0,791549000.0,807562000.0,0.0,48433000.0,0.0,0.024,0.4,142782000.0,191215000.0,0.226,191215000.0,142782000.0,130932000.0,0.88,0.87,0.88,1099128000.0,,1099128000.0,6043887211.0,13.0,9.498,87612000.0,0.905,1.0,227599000.0,0.269,102902000.0,11850000.0,2611272000.0,,266892000.0,0.0,0.0,0.0,1557981000.0,353902000.0,1204079000.0,5602399211.0,26538000.0,0.0,-2019000.0,-3993000.0,-39225000.0,-60927000.0,-49666000.0,0.0,137131000.0,0.0,84682000.0,84682000.0,84682000.0,0.0,0.0,0.1,84817000.0,142782000.0,163928000.0,0.455,5.097,20.701,20.245,1369053000.0,0.0,57.09,1.786,1.761,409725000.0,787684000.0,845440000.0,845440000.0,0.0,,,,,3182000.0,77096000.0,1.0,98132759.0,96758000.0,97597000.0,8.738,2554207000.0,31238000.0,46250000.0,246383000.0,26.398,782026000.0
32,PKG,MRQ,2013-06-30,2013-06-30,2013-06-30,2021-09-07,-95314000.0,2614821000.0,,1102333000.0,1512488000.0,,10.902,-53615000.0,370057000.0,370057000.0,604980000.0,66252000.0,3.203,1.487,811545000.0,15997000.0,795548000.0,811545000.0,0.0,44683000.0,0.0,0.025,0.4,110197000.0,154880000.0,0.194,154880000.0,110197000.0,100965000.0,0.69,0.68,0.69,1051286000.0,,1051286000.0,5348419732.0,13.0,9.219,133655000.0,1.386,1.0,195250000.0,0.244,103749000.0,9232000.0,2608410000.0,,263008000.0,0.0,0.0,0.0,1563535000.0,344150000.0,1219385000.0,4800933732.0,102020000.0,0.0,-1391000.0,-3989000.0,-30658000.0,-31357000.0,-53893000.0,0.0,187270000.0,0.0,66252000.0,66252000.0,66252000.0,0.0,0.0,0.083,85053000.0,110197000.0,164910000.0,0.58,4.567,21.267,20.834,1363681000.0,0.0,48.96,1.592,1.566,403367000.0,753439000.0,800230000.0,800230000.0,0.0,,,,,3137000.0,74225000.0,1.0,98058287.0,96432000.0,97494000.0,8.298,2511072000.0,28197000.0,34713000.0,229917000.0,26.04,758183000.0
33,PKG,MRQ,2013-03-31,2013-03-31,2013-03-31,2021-09-07,-111284000.0,2515938000.0,,1011636000.0,1504302000.0,,10.391,-27276000.0,268037000.0,268037000.0,569961000.0,62294000.0,3.532,1.511,815523000.0,15980000.0,799543000.0,815523000.0,0.0,44296000.0,0.0,0.024,0.312,106000000.0,150296000.0,0.199,150296000.0,106000000.0,96749000.0,0.65,0.64,0.65,1001819000.0,,1001819000.0,5017247537.0,13.0,9.097,68491000.0,0.71,1.0,185246000.0,0.245,104596000.0,9251000.0,2672448000.0,,270181000.0,0.0,0.0,0.0,1514119000.0,286380000.0,1227739000.0,4405142537.0,60644000.0,0.0,-1633000.0,-3985000.0,0.0,-6163000.0,-28960000.0,0.0,95767000.0,0.0,62294000.0,62294000.0,62294000.0,0.0,0.0,0.082,79246000.0,106000000.0,142856000.0,0.48,4.397,21.525,21.066,1353202000.0,0.0,44.87,1.505,1.478,391683000.0,729727000.0,755207000.0,755207000.0,0.0,,,,,3637000.0,75285000.0,1.0,98175675.0,96415000.0,97416000.0,7.833,2411342000.0,57456000.0,34455000.0,225833000.0,25.01,725256000.0
34,PKG,MRQ,2012-12-31,2012-12-31,2012-12-31,2021-09-07,-11991000.0,2453768000.0,,937033000.0,1516735000.0,,10.058,-34129000.0,207393000.0,207393000.0,567581000.0,57411000.0,3.606,1.531,819498000.0,15964000.0,803534000.0,819498000.0,0.0,47406000.0,0.0,0.026,0.25,92560000.0,139966000.0,0.19,139966000.0,92560000.0,83189000.0,0.6,0.59,0.6,969461000.0,,969461000.0,4460386246.0,10.0,7.276,118260000.0,1.227,1.0,169021000.0,0.229,105443000.0,9371000.0,2700584000.0,,268767000.0,0.0,0.0,0.0,1484307000.0,259846000.0,1224461000.0,3777822246.0,66507000.0,-7000.0,103000.0,-4042000.0,-49024000.0,-51928000.0,-33954000.0,0.0,152389000.0,0.0,57411000.0,57411000.0,57411000.0,0.0,0.0,0.078,76461000.0,92560000.0,117510000.0,0.417,3.897,23.582,23.175,1366069000.0,0.0,38.47,1.328,1.304,352142000.0,703728000.0,736602000.0,736602000.0,0.0,,,,,3223000.0,72847000.0,1.0,98201774.0,96384000.0,97497000.0,7.642,2348325000.0,87816000.0,25778000.0,125109000.0,24.364,677187000.0
35,PKG,MRQ,2012-09-30,2012-09-30,2012-09-30,2021-09-07,-101968000.0,2455150000.0,,924833000.0,1530317000.0,,9.756,-25069000.0,140906000.0,140906000.0,560921000.0,39791000.0,3.01,1.612,823470000.0,15949000.0,807521000.0,823470000.0,0.0,42912000.0,0.0,0.026,0.25,92072000.0,134984000.0,0.187,134984000.0,92072000.0,61482000.0,0.41,0.41,0.41,940096000.0,,940096000.0,4274635883.0,10.0,7.337,76697000.0,0.796,1.0,162552000.0,0.225,106313000.0,30590000.0,2724144000.0,,260772000.0,0.0,0.0,0.0,1515054000.0,307257000.0,1207797000.0,3562662883.0,-374215000.0,0.0,-3282000.0,-425273000.0,-24480000.0,-451332000.0,-24649000.0,0.0,101766000.0,0.0,39791000.0,39791000.0,39791000.0,0.0,0.0,0.055,70480000.0,92072000.0,147308000.0,0.61,3.79,25.044,24.694,1376457000.0,0.0,36.3,1.29,1.267,379675000.0,670178000.0,723473000.0,723473000.0,0.0,,,,,2746000.0,68519000.0,1.0,98144983.0,96360000.0,97349000.0,7.508,2348837000.0,116457000.0,21691000.0,237412000.0,24.376,617576000.0
36,PKG,MRQ,2012-06-30,2012-06-30,2012-06-30,2021-09-07,-103035000.0,2831491000.0,,1285686000.0,1545805000.0,,9.585,-34500000.0,515121000.0,515121000.0,554360000.0,45154000.0,1.863,2.069,1227094000.0,415590000.0,811504000.0,1227094000.0,0.0,42444000.0,0.0,0.032,0.25,83858000.0,126302000.0,0.177,126302000.0,83858000.0,70602000.0,0.47,0.46,0.47,922720000.0,,922720000.0,3516091585.0,9.0,6.279,80600000.0,0.837,1.0,158108000.0,0.222,107149000.0,13256000.0,2746367000.0,,258620000.0,0.0,0.0,0.0,1908771000.0,689948000.0,1218823000.0,2768772585.0,431104000.0,138000.0,-9112000.0,393070000.0,-24631000.0,293162000.0,22842000.0,0.0,115100000.0,0.0,45154000.0,45154000.0,45154000.0,0.0,0.0,0.063,74250000.0,83858000.0,134113000.0,0.532,3.001,19.196,19.081,1393730000.0,0.0,28.24,1.022,1.004,353527000.0,661600000.0,712468000.0,712468000.0,0.0,,,,,3137000.0,70604000.0,1.0,98044355.0,96266000.0,97411000.0,7.401,2724342000.0,124489000.0,25448000.0,227107000.0,28.3,595738000.0
37,PKG,MRQ,2012-03-31,2012-03-31,2012-03-31,2021-09-07,-88865000.0,2492359000.0,,865196000.0,1627163000.0,,9.544,-34802000.0,84017000.0,84017000.0,526338000.0,17844000.0,2.697,1.703,831336000.0,15918000.0,815418000.0,831336000.0,0.0,42638000.0,0.0,0.029,0.25,169110000.0,211748000.0,0.315,211748000.0,169110000.0,159427000.0,0.18,0.18,0.18,921944000.0,,921944000.0,3586392784.0,10.0,6.615,143000.0,0.001,1.0,145019000.0,0.216,108172000.0,9683000.0,2810760000.0,,263283000.0,0.0,0.0,0.0,1570415000.0,320746000.0,1249669000.0,2912425784.0,-72296000.0,-35531000.0,-13009000.0,-3955000.0,-19665000.0,-35502000.0,-71739000.0,0.0,34945000.0,0.0,17844000.0,17844000.0,17844000.0,0.0,0.0,0.027,-24091000.0,169110000.0,153028000.0,1.389,3.159,21.035,21.136,1477130000.0,0.0,29.59,1.094,1.074,348272000.0,648693000.0,671357000.0,671357000.0,0.0,,,,,2594000.0,68830000.0,1.0,98426015.0,96598000.0,97729000.0,6.95,2384187000.0,143524000.0,141583000.0,252881000.0,24.682,544450000.0
38,PKG,MRQ,2011-12-31,2011-12-31,2011-12-31,2021-09-07,-97778000.0,2412499000.0,,812063000.0,1600436000.0,,9.356,-65682000.0,156313000.0,156313000.0,520072000.0,39465000.0,2.157,1.597,830280000.0,15718000.0,814562000.0,830280000.0,0.0,41806000.0,0.0,0.032,0.2,67807000.0,109613000.0,0.168,109613000.0,67807000.0,58513000.0,0.41,0.39,0.41,928910000.0,,928910000.0,3150674635.0,12.0,7.233,43015000.0,0.433,1.0,134234000.0,0.205,83256000.0,9294000.0,2626710000.0,,254675000.0,0.0,0.0,0.0,1483589000.0,376500000.0,1107089000.0,2510426635.0,116196000.0,-21697000.0,-31456000.0,149828000.0,-19959000.0,96517000.0,-89018000.0,0.0,108697000.0,0.0,39465000.0,39465000.0,39465000.0,0.0,0.0,0.06,66427000.0,67807000.0,154855000.0,0.488,2.703,15.886,15.874,1476654000.0,0.0,25.24,0.958,0.956,319988000.0,673960000.0,654306000.0,654306000.0,0.0,,,,,2545000.0,65164000.0,1.0,99462228.0,99281000.0,100376000.0,6.59,2329243000.0,62789000.0,19048000.0,124379000.0,23.461,435563000.0
39,PKG,MRQ,2011-09-30,2011-09-30,2011-09-30,2021-09-07,-62120000.0,2232743000.0,,669911000.0,1562832000.0,,9.832,-69800000.0,40117000.0,40117000.0,533077000.0,41777000.0,1.588,1.293,680365000.0,109706000.0,570659000.0,680365000.0,0.0,41099000.0,0.0,0.032,0.2,71180000.0,112279000.0,0.167,112279000.0,71180000.0,64453000.0,0.42,0.42,0.42,973551000.0,,973551000.0,2927729686.0,10.0,6.339,1834000.0,0.019,1.0,137747000.0,0.205,71661000.0,6727000.0,2379350000.0,,244375000.0,0.0,0.0,0.0,1259192000.0,421980000.0,837212000.0,2366464686.0,-79064000.0,-8701000.0,-47498000.0,-168000.0,-20258000.0,-67754000.0,-82944000.0,0.0,71634000.0,0.0,41777000.0,41777000.0,41777000.0,0.0,0.0,0.062,66567000.0,71180000.0,176677000.0,0.476,2.431,13.643,13.547,1434362000.0,0.0,23.3,0.913,0.89,338516000.0,678011000.0,670824000.0,670824000.0,0.0,,,,,2487000.0,65338000.0,1.0,101565008.0,99020000.0,100030000.0,6.775,2161082000.0,30910000.0,22676000.0,102515000.0,21.825,247931000.0
40,PKG,MRQ,2011-06-30,2011-06-30,2011-06-30,2021-09-07,-37320000.0,2259181000.0,,742288000.0,1516893000.0,,10.202,-80289000.0,119181000.0,119181000.0,528580000.0,39368000.0,1.744,1.212,680446000.0,109694000.0,570752000.0,680446000.0,0.0,40638000.0,0.0,0.025,0.2,67859000.0,108497000.0,0.163,108497000.0,67859000.0,61538000.0,0.39,0.39,0.39,1021205000.0,,1021205000.0,3360806422.0,15.0,8.932,20944000.0,0.209,1.0,136901000.0,0.206,70535000.0,6321000.0,2324176000.0,,226521000.0,0.0,0.0,0.0,1237976000.0,425735000.0,812241000.0,2853295422.0,-53833000.0,-26942000.0,-23167000.0,-167000.0,-20444000.0,-43350000.0,-111716000.0,0.0,101233000.0,0.0,39368000.0,39368000.0,39368000.0,0.0,0.0,0.059,69042000.0,67859000.0,189778000.0,0.513,2.794,12.682,12.608,1401516000.0,0.0,27.99,1.113,1.093,331249000.0,726208000.0,665481000.0,665481000.0,0.0,,,,,2954000.0,64544000.0,1.0,101939815.0,100094000.0,101128000.0,6.649,2188646000.0,35332000.0,22170000.0,111039000.0,21.866,316553000.0
41,PKG,MRQ,2011-03-31,2011-03-31,2011-03-31,2021-09-07,-38029000.0,2220947000.0,,772104000.0,1448843000.0,,10.13,-64442000.0,173014000.0,173014000.0,496359000.0,37417000.0,1.993,1.176,680525000.0,109682000.0,570843000.0,680525000.0,0.0,39296000.0,0.0,0.022,0.2,65903000.0,105199000.0,0.167,105199000.0,65903000.0,59000000.0,0.37,0.37,0.37,1020496000.0,,1020496000.0,3441081094.0,16.0,9.185,-492000.0,-0.005,1.0,133141000.0,0.212,49625000.0,6903000.0,2291522000.0,,233916000.0,0.0,0.0,0.0,1200451000.0,387311000.0,813140000.0,2957036094.0,-23542000.0,0.0,-15890000.0,-163000.0,-15351000.0,-21005000.0,-66487000.0,0.0,63950000.0,0.0,37417000.0,37417000.0,37417000.0,0.0,0.0,0.059,67238000.0,65903000.0,167822000.0,0.541,2.898,13.221,13.132,1360140000.0,0.0,28.89,1.176,1.158,308816000.0,707059000.0,629500000.0,629500000.0,0.0,,,,,1750000.0,63505000.0,1.0,102355005.0,100741000.0,101909000.0,6.249,2171322000.0,35604000.0,21583000.0,118249000.0,21.554,384793000.0
42,PKG,MRQ,2010-12-31,2010-12-31,2010-12-31,2021-09-07,-44381000.0,2225910000.0,,799677000.0,1426233000.0,,9.923,-89114000.0,196556000.0,196556000.0,479367000.0,54891000.0,1.976,1.206,680601000.0,109670000.0,570931000.0,680601000.0,0.0,39528000.0,0.0,0.023,0.15,96362000.0,135890000.0,0.217,135890000.0,96362000.0,88803000.0,0.54,0.53,0.54,1009001000.0,,1009001000.0,3157829722.0,17.0,9.242,49765000.0,0.489,1.0,147284000.0,0.235,49829000.0,7559000.0,2255516000.0,,241142000.0,0.0,0.0,0.0,1216909000.0,404610000.0,812299000.0,2649975722.0,23736000.0,0.0,-10112000.0,-161000.0,-15432000.0,-25521000.0,-89622000.0,0.0,138879000.0,0.0,54891000.0,54891000.0,54891000.0,0.0,0.0,0.088,50922000.0,96362000.0,155163000.0,0.278,2.626,12.899,12.792,1337986000.0,0.0,25.84,1.088,1.079,294192000.0,690111000.0,626651000.0,626651000.0,0.0,,,,,1603000.0,60897000.0,1.0,102553240.0,101678000.0,102608000.0,6.163,2176081000.0,50232000.0,33912000.0,113842000.0,21.402,395067000.0
43,PKG,MRQ,2010-09-30,2010-09-30,2010-09-30,2021-09-07,-54307000.0,2190032000.0,,813017000.0,1377015000.0,,9.494,-74317000.0,172820000.0,172820000.0,476312000.0,93320000.0,1.908,1.266,680674000.0,109659000.0,571015000.0,680674000.0,0.0,39042000.0,0.0,0.026,0.15,-12342000.0,26700000.0,0.042,26700000.0,-12342000.0,-20245000.0,0.92,0.91,0.92,966312000.0,,966312000.0,2900197770.0,18.0,9.181,28140000.0,0.276,1.0,166452000.0,0.259,50033000.0,7903000.0,2221790000.0,,226731000.0,0.0,0.0,0.0,1223720000.0,426063000.0,797657000.0,2400963770.0,-8691000.0,0.0,-20943000.0,-158000.0,-15455000.0,-36423000.0,-74725000.0,0.0,102457000.0,0.0,93320000.0,93320000.0,93320000.0,0.0,0.0,0.145,178794000.0,-12342000.0,169944000.0,0.163,2.485,11.475,11.193,1291555000.0,0.0,23.17,1.026,1.007,335000000.0,650565000.0,642764000.0,642764000.0,0.0,,,,,1615000.0,62746000.0,1.0,103623814.0,101776000.0,102687000.0,6.315,2139999000.0,57417000.0,-113565000.0,102497000.0,21.027,386954000.0
44,PKG,MRQ,2010-06-30,2010-06-30,2010-06-30,2021-09-07,-44188000.0,2203519000.0,,860796000.0,1342723000.0,,9.028,-92174000.0,181511000.0,181511000.0,483794000.0,38030000.0,2.168,1.392,680745000.0,109648000.0,571097000.0,680745000.0,0.0,39087000.0,0.0,0.027,0.15,67746000.0,106833000.0,0.174,106833000.0,67746000.0,59653000.0,0.37,0.37,0.37,921153000.0,,921153000.0,2754857177.0,10.0,6.51,1906000.0,0.019,1.0,131665000.0,0.214,50236000.0,8093000.0,2255490000.0,,207867000.0,0.0,0.0,0.0,1282366000.0,397027000.0,885339000.0,2271646177.0,-16090000.0,0.0,-2256000.0,-154000.0,-15460000.0,-17465000.0,-92705000.0,0.0,94080000.0,0.0,38030000.0,38030000.0,38030000.0,0.0,0.0,0.062,63919000.0,67746000.0,165835000.0,0.405,2.466,12.047,11.839,1256927000.0,0.0,22.02,1.009,0.998,308665000.0,572672000.0,615459000.0,615459000.0,0.0,,,,,2552000.0,60039000.0,1.0,103162860.0,102035000.0,102886000.0,6.032,2153283000.0,132793000.0,21623000.0,190756000.0,21.103,463769000.0
45,PKG,MRQ,2010-03-31,2010-03-31,2010-03-31,2021-09-07,-36414000.0,2164295000.0,,873748000.0,1290547000.0,,8.885,-63082000.0,197601000.0,197601000.0,463933000.0,19194000.0,2.365,1.39,680812000.0,109636000.0,571176000.0,680812000.0,0.0,38641000.0,0.0,0.024,0.15,33616000.0,72257000.0,0.131,72257000.0,33616000.0,24893000.0,0.19,0.19,0.19,905657000.0,,905657000.0,2955614437.0,9.0,6.039,-48578000.0,-0.477,1.0,86799000.0,0.158,50440000.0,8723000.0,2227632000.0,,215631000.0,0.0,0.0,0.0,1258638000.0,369434000.0,889204000.0,2535463437.0,-63126000.0,0.0,1906000.0,-153000.0,-15451000.0,-13368000.0,-64262000.0,0.0,14504000.0,0.0,19194000.0,19194000.0,19194000.0,0.0,0.0,0.035,53183000.0,33616000.0,158270000.0,0.789,2.8,9.774,9.613,1204480000.0,0.0,24.61,1.16,1.148,275727000.0,550092000.0,550732000.0,550732000.0,0.0,,,,,1236000.0,56907000.0,1.0,103025739.0,101928000.0,102876000.0,5.403,2113855000.0,162790000.0,5699000.0,206203000.0,20.739,504314000.0
46,PKG,MRQ,2009-12-31,2009-12-31,2009-12-31,2021-09-07,-36036000.0,2152840000.0,,885214000.0,1267626000.0,,8.849,-45511000.0,260727000.0,260727000.0,444719000.0,58683000.0,2.386,1.395,680878000.0,109626000.0,571252000.0,680878000.0,0.0,39317000.0,0.0,0.026,0.15,70799000.0,110116000.0,0.207,110116000.0,70799000.0,61845000.0,0.59,0.57,0.59,898845000.0,,898845000.0,2826304301.0,8.0,5.611,51327000.0,0.505,1.0,87538000.0,0.164,50644000.0,8954000.0,2151390000.0,,213396000.0,0.0,0.0,0.0,1253995000.0,370957000.0,883038000.0,2369651301.0,36440000.0,0.0,705000.0,-149000.0,-15442000.0,-14723000.0,-45675000.0,0.0,96838000.0,0.0,58683000.0,58683000.0,58683000.0,0.0,0.0,0.11,16739000.0,70799000.0,126813000.0,0.254,2.636,8.912,8.782,1182504000.0,0.0,23.01,1.103,1.088,243403000.0,546355000.0,532257000.0,532257000.0,0.0,,,,,1240000.0,55624000.0,1.0,102983542.0,101577000.0,102358000.0,5.24,2102196000.0,154643000.0,3162000.0,205227000.0,20.696,514257000.0
47,PKG,MRQ,2009-09-30,2009-09-30,2009-09-30,2021-09-07,-37185000.0,2111501000.0,,847503000.0,1263998000.0,,8.38,-18306000.0,224287000.0,224287000.0,443041000.0,72655000.0,2.301,1.477,680940000.0,109615000.0,571325000.0,680940000.0,0.0,37621000.0,0.0,0.037,0.15,96331000.0,133952000.0,0.242,133952000.0,96331000.0,87370000.0,0.71,0.71,0.71,852316000.0,,852316000.0,2587976553.0,8.0,5.356,49739000.0,0.489,1.0,110532000.0,0.2,50848000.0,8961000.0,2148999000.0,,208736000.0,0.0,0.0,0.0,1259185000.0,368307000.0,890878000.0,2099920553.0,31343000.0,-3136000.0,317000.0,-148000.0,-15377000.0,-15119000.0,-21583000.0,0.0,68045000.0,0.0,72655000.0,72655000.0,72655000.0,0.0,0.0,0.131,14201000.0,96331000.0,116734000.0,0.211,2.464,8.843,8.755,1177593000.0,0.0,20.4,0.972,0.96,274026000.0,503118000.0,553573000.0,553573000.0,0.0,,,,,1510000.0,57446000.0,1.0,102937282.0,101713000.0,102536000.0,5.442,2060653000.0,126489000.0,14715000.0,220591000.0,20.259,479196000.0
48,PKG,MRQ,2009-06-30,2009-06-30,2009-06-30,2021-09-07,-37581000.0,2046362000.0,,766355000.0,1280007000.0,,7.822,-22337000.0,192944000.0,192944000.0,430882000.0,108881000.0,2.183,1.578,681000000.0,109604000.0,571396000.0,681000000.0,0.0,37347000.0,0.0,0.056,0.15,135717000.0,173064000.0,0.315,173064000.0,135717000.0,126887000.0,1.07,1.07,1.07,793710000.0,,793710000.0,2201093230.0,7.0,4.842,68232000.0,0.672,1.0,118499000.0,0.216,49360000.0,8830000.0,2134047000.0,,206886000.0,0.0,0.0,0.0,1252652000.0,351011000.0,901641000.0,1660059230.0,52921000.0,0.0,579000.0,-144000.0,-15360000.0,-14892000.0,-22756000.0,0.0,90569000.0,0.0,108881000.0,108881000.0,108881000.0,0.0,0.0,0.198,-17218000.0,135717000.0,121447000.0,0.14,2.092,8.182,8.141,1194985000.0,0.0,16.2,0.745,0.738,263448000.0,445899000.0,549381000.0,549381000.0,0.0,,,,,3271000.0,58212000.0,1.0,102472792.0,101469000.0,102164000.0,5.414,1997002000.0,83283000.0,18006000.0,212060000.0,19.681,415344000.0
49,PKG,MRQ,2009-03-31,2009-03-31,2009-03-31,2021-09-07,-37980000.0,1912162000.0,,615469000.0,1296693000.0,,6.866,-27929000.0,140023000.0,140023000.0,402370000.0,25676000.0,1.829,1.748,681057000.0,109594000.0,571463000.0,681057000.0,0.0,36932000.0,0.0,0.081,0.15,49607000.0,86539000.0,0.169,86539000.0,49607000.0,40869000.0,0.25,0.25,0.25,695919000.0,,695919000.0,1864971248.0,8.0,4.876,22750000.0,0.224,1.0,110008000.0,0.215,49586000.0,8738000.0,2067138000.0,,205453000.0,0.0,0.0,0.0,1216243000.0,336472000.0,879771000.0,1333233248.0,-9374000.0,0.0,14000.0,-165000.0,-30719000.0,-30743000.0,-29310000.0,0.0,50679000.0,0.0,25676000.0,25676000.0,25676000.0,0.0,0.0,0.05,60401000.0,49607000.0,116761000.0,0.6,1.916,10.318,10.333,1210781000.0,0.0,13.02,0.581,0.575,255321000.0,352392000.0,512378000.0,512378000.0,0.0,,,,,1240000.0,56743000.0,1.0,102398867.0,101362000.0,102143000.0,5.055,1862576000.0,2537000.0,15193000.0,206481000.0,18.375,278997000.0
50,PKG,MRQ,2008-12-31,2008-12-31,2008-12-31,2021-09-07,-38251000.0,1939741000.0,,633173000.0,1306568000.0,,6.656,-33953000.0,149397000.0,149397000.0,432101000.0,30242000.0,1.749,1.836,681135000.0,109606000.0,571529000.0,681135000.0,0.0,37804000.0,0.0,0.089,0.3,51788000.0,89592000.0,0.164,89592000.0,51788000.0,42690000.0,0.3,0.29,0.3,683949000.0,,683949000.0,1887677434.0,8.0,4.845,53194000.0,0.518,1.0,113950000.0,0.209,49832000.0,9098000.0,2059665000.0,,206954000.0,0.0,0.0,0.0,1255792000.0,361982000.0,893810000.0,1378276434.0,1430000.0,0.0,-20313000.0,-172000.0,-31097000.0,-51569000.0,-34148000.0,0.0,87147000.0,0.0,30242000.0,30242000.0,30242000.0,0.0,0.0,0.055,62162000.0,51788000.0,101064000.0,1.0,2.015,10.164,10.197,1221019000.0,0.0,13.46,0.584,0.586,254898000.0,342072000.0,546051000.0,546051000.0,0.0,,,,,1254000.0,57914000.0,1.0,102397952.0,102753000.0,103593000.0,5.314,1889909000.0,15240000.0,12448000.0,210161000.0,18.393,271191000.0
51,PKG,MRQ,2008-09-30,2008-09-30,2008-09-30,2021-09-07,-12021000.0,1989430000.0,,700538000.0,1288892000.0,,7.147,-32510000.0,147967000.0,147967000.0,488734000.0,38102000.0,1.723,1.714,657368000.0,109055000.0,548313000.0,657368000.0,0.0,36682000.0,0.0,0.052,0.3,68705000.0,105387000.0,0.17,105387000.0,68705000.0,60634000.0,0.37,0.37,0.37,732970000.0,,732970000.0,2911369143.0,11.0,7.072,38880000.0,0.379,1.0,132051000.0,0.213,50100000.0,8071000.0,2042213000.0,,209154000.0,0.0,0.0,0.0,1256460000.0,406518000.0,849942000.0,2401660143.0,-149637000.0,0.0,-6929000.0,-150033000.0,-31157000.0,-188113000.0,-32914000.0,0.0,71390000.0,0.0,38102000.0,38102000.0,38102000.0,0.0,0.0,0.061,63346000.0,68705000.0,138315000.0,0.811,3.277,16.08,15.986,1200445000.0,0.0,23.18,1.003,0.993,305894000.0,345921000.0,620785000.0,620785000.0,0.0,,,,,3630000.0,60877000.0,1.0,103609152.0,102562000.0,103590000.0,6.053,1939330000.0,23714000.0,22532000.0,251464000.0,18.909,294020000.0
52,PKG,MRQ,2008-06-30,2008-06-30,2008-06-30,2021-09-07,-12005000.0,2127536000.0,,833733000.0,1293803000.0,,7.021,-31016000.0,297604000.0,297604000.0,488987000.0,35192000.0,1.521,1.939,807313000.0,259087000.0,548226000.0,807313000.0,0.0,36771000.0,0.0,0.053,0.3,64173000.0,100944000.0,0.164,100944000.0,64173000.0,55976000.0,0.34,0.34,0.34,723863000.0,,723863000.0,2729947077.0,10.0,6.427,35203000.0,0.341,1.0,127196000.0,0.206,50369000.0,8197000.0,2038587000.0,,205042000.0,0.0,0.0,0.0,1403673000.0,548289000.0,855384000.0,2233047077.0,-12764000.0,0.0,-15773000.0,-76000.0,-31269000.0,-46645000.0,-32338000.0,0.0,66219000.0,0.0,35192000.0,35192000.0,35192000.0,0.0,0.0,0.057,63023000.0,64173000.0,133293000.0,0.882,3.085,13.964,13.968,1205014000.0,0.0,21.51,0.944,0.938,295343000.0,338908000.0,616183000.0,616183000.0,0.0,,,,,1919000.0,57857000.0,1.0,103814369.0,103100000.0,103890000.0,5.977,2077167000.0,15899000.0,20784000.0,253130000.0,20.147,285444000.0
53,PKG,MRQ,2008-03-31,2008-03-31,2008-03-31,2021-09-07,-11828000.0,2120890000.0,,819765000.0,1301125000.0,,7.098,-33790000.0,310368000.0,310368000.0,459313000.0,32073000.0,1.564,1.879,807268000.0,258780000.0,548488000.0,807268000.0,0.0,36512000.0,0.0,0.049,0.3,57146000.0,93658000.0,0.162,93658000.0,57146000.0,50843000.0,0.31,0.31,0.31,736663000.0,,736663000.0,2781280993.0,9.0,6.308,10776000.0,0.104,1.0,118161000.0,0.205,50640000.0,6303000.0,2043014000.0,,204091000.0,0.0,0.0,0.0,1384227000.0,524136000.0,860091000.0,2332175993.0,82225000.0,0.0,-20241000.0,129900000.0,-31534000.0,72795000.0,-35136000.0,0.0,44566000.0,0.0,32073000.0,32073000.0,32073000.0,0.0,0.0,0.056,61015000.0,57146000.0,146733000.0,0.968,3.166,13.643,13.616,1211892000.0,0.0,22.33,0.999,0.993,278779000.0,334869000.0,577474000.0,577474000.0,0.0,,,,,1892000.0,57639000.0,1.0,104441379.0,103787000.0,104654000.0,5.564,2070250000.0,9536000.0,18770000.0,249878000.0,19.947,295629000.0
54,PKG,MRQ,2007-12-31,2007-12-31,2007-12-31,2021-09-07,-7165000.0,2035857000.0,,733037000.0,1302820000.0,,7.282,-44573000.0,228143000.0,228143000.0,448185000.0,43992000.0,1.303,1.676,677248000.0,278747000.0,398501000.0,677248000.0,0.0,36673000.0,0.0,0.037,0.3,75042000.0,111715000.0,0.193,111715000.0,75042000.0,69265000.0,0.43,0.41,0.43,760861000.0,,760861000.0,3461238679.0,12.0,7.839,72764000.0,0.696,1.0,131993000.0,0.228,50916000.0,5777000.0,1871469000.0,,204356000.0,0.0,0.0,0.0,1274996000.0,562577000.0,712419000.0,2978217679.0,33997000.0,0.0,-15267000.0,-39000.0,-26337000.0,-39508000.0,-43832000.0,1000000.0,117337000.0,0.0,43992000.0,43992000.0,43992000.0,0.0,0.0,0.076,57951000.0,74042000.0,132197000.0,0.698,3.914,17.512,17.301,1215298000.0,0.0,28.2,1.286,1.272,275921000.0,334060000.0,580178000.0,580178000.0,0.0,,,,,1930000.0,57282000.0,1.0,105610556.0,104483000.0,105459000.0,5.553,1984941000.0,17915000.0,25273000.0,246769000.0,18.998,170460000.0
55,PKG,MRQ,2007-09-30,2007-09-30,2007-09-30,2021-09-07,-9053000.0,2021354000.0,,726916000.0,1294438000.0,,7.241,-26043000.0,194146000.0,194146000.0,451483000.0,48656000.0,1.321,1.668,677167000.0,278710000.0,398457000.0,677167000.0,0.0,36936000.0,0.0,0.034,0.25,81490000.0,118426000.0,0.2,118426000.0,81490000.0,75743000.0,0.46,0.46,0.46,757715000.0,,757715000.0,3541327510.0,12.0,8.142,27116000.0,0.259,1.0,139558000.0,0.236,51193000.0,5747000.0,1902700000.0,,202668000.0,0.0,0.0,0.0,1263639000.0,550482000.0,713157000.0,3062318510.0,-13929000.0,0.0,-5034000.0,-10038000.0,-26314000.0,-40980000.0,-26108000.0,0.0,53159000.0,0.0,48656000.0,48656000.0,48656000.0,0.0,0.0,0.082,58068000.0,81490000.0,135413000.0,0.543,4.042,18.619,18.516,1208564000.0,0.0,29.07,1.338,1.329,300371000.0,321597000.0,591041000.0,591041000.0,0.0,,,,,1995000.0,55991000.0,1.0,105342914.0,104648000.0,105604000.0,5.648,1970161000.0,18947000.0,27087000.0,243677000.0,18.827,176434000.0
56,PKG,MRQ,2007-06-30,2007-06-30,2007-06-30,2021-09-07,-8729000.0,2034883000.0,,728067000.0,1306816000.0,,7.061,-21059000.0,208075000.0,208075000.0,445518000.0,46227000.0,1.816,1.756,687084000.0,119152000.0,567932000.0,687084000.0,0.0,36887000.0,0.0,0.04,0.25,80224000.0,117111000.0,0.2,117111000.0,80224000.0,73296000.0,0.44,0.44,0.44,738300000.0,,738300000.0,3203223453.0,11.0,7.418,81358000.0,0.778,1.0,140110000.0,0.239,51470000.0,6928000.0,2061572000.0,,198730000.0,0.0,0.0,0.0,1296583000.0,400850000.0,895733000.0,2663516453.0,60781000.0,0.0,4594000.0,-36000.0,-26243000.0,-20347000.0,-21289000.0,0.0,102417000.0,0.0,46227000.0,46227000.0,46227000.0,0.0,0.0,0.079,59886000.0,80224000.0,133755000.0,0.568,3.608,16.706,16.542,1219606000.0,0.0,25.31,1.172,1.164,289120000.0,299273000.0,585628000.0,585628000.0,0.0,,,,,3138000.0,57569000.0,1.0,105235735.0,104567000.0,105518000.0,5.601,1983413000.0,16326000.0,27069000.0,258900000.0,18.968,327217000.0
57,PKG,MRQ,2007-03-31,2007-03-31,2007-03-31,2021-09-07,-8404000.0,1972702000.0,,648856000.0,1323846000.0,,6.813,-20653000.0,147294000.0,147294000.0,446172000.0,31191000.0,1.794,1.78,687001000.0,119150000.0,567851000.0,687001000.0,0.0,37595000.0,0.0,0.041,0.25,56696000.0,94291000.0,0.169,94291000.0,56696000.0,49564000.0,0.3,0.3,0.3,709638000.0,,709638000.0,3084675063.0,12.0,7.502,6583000.0,0.063,1.0,112987000.0,0.202,51746000.0,7132000.0,2098956000.0,,200438000.0,0.0,0.0,0.0,1263064000.0,361707000.0,901357000.0,2559595063.0,-14543000.0,0.0,5515000.0,-36000.0,-26154000.0,-19821000.0,-21958000.0,0.0,27236000.0,0.0,31191000.0,31191000.0,31191000.0,0.0,0.0,0.056,56291000.0,56696000.0,125934000.0,0.833,3.607,17.617,17.429,1235915000.0,0.0,24.4,1.144,1.136,275292000.0,279353000.0,559159000.0,559159000.0,0.0,,,,,1767000.0,54847000.0,1.0,104901437.0,104166000.0,105065000.0,5.368,1920956000.0,11145000.0,18373000.0,258604000.0,18.441,287149000.0
58,PKG,MRQ,2006-12-31,2006-12-31,2006-12-31,2021-09-07,-8079000.0,1986976000.0,,646718000.0,1340258000.0,,6.677,-31948000.0,161837000.0,161837000.0,432270000.0,38400000.0,1.665,1.872,686917000.0,119147000.0,567770000.0,686917000.0,0.0,38830000.0,0.0,0.045,0.25,66274000.0,105104000.0,0.19,105104000.0,66274000.0,59176000.0,0.37,0.37,0.37,691771000.0,,691771000.0,2878315228.0,13.0,7.559,67893000.0,0.655,1.0,120784000.0,0.218,51911000.0,7098000.0,2071807000.0,,195946000.0,0.0,0.0,0.0,1295205000.0,388338000.0,906867000.0,2309714228.0,43606000.0,-89000.0,2143000.0,-36000.0,-26107000.0,-23645000.0,-32590000.0,0.0,99841000.0,0.0,38400000.0,38400000.0,38400000.0,0.0,0.0,0.069,54510000.0,66274000.0,119397000.0,0.676,3.339,18.473,18.264,1252291000.0,0.0,22.1,1.056,1.047,263159000.0,269296000.0,553054000.0,553054000.0,0.0,,,,,1487000.0,54987000.0,1.0,104511956.0,103599000.0,104485000.0,5.338,1935065000.0,19303000.0,20776000.0,271308000.0,18.678,258380000.0
59,PKG,MRQ,2006-09-30,2006-09-30,2006-09-30,2021-09-07,17032000.0,1992392000.0,,631147000.0,1361245000.0,,6.74,-13181000.0,118231000.0,118231000.0,440558000.0,43616000.0,1.593,1.851,686832000.0,119146000.0,567686000.0,686832000.0,0.0,38698000.0,0.0,0.043,0.25,76586000.0,115284000.0,0.2,115284000.0,76586000.0,68741000.0,0.42,0.42,0.42,698758000.0,,698758000.0,3017385962.0,18.0,9.313,53743000.0,0.518,1.0,134483000.0,0.234,66041000.0,7845000.0,2098843000.0,,200637000.0,0.0,0.0,0.0,1293634000.0,396109000.0,897525000.0,2415715962.0,24153000.0,-58000.0,3780000.0,-9036000.0,-25954000.0,-29263000.0,-13508000.0,0.0,66924000.0,0.0,43616000.0,43616000.0,43616000.0,0.0,0.0,0.076,57897000.0,76586000.0,126883000.0,0.595,3.457,27.361,27.294,1259225000.0,0.0,23.2,1.147,1.142,277659000.0,255390000.0,575041000.0,575041000.0,0.0,,,,,1683000.0,54975000.0,1.0,104125688.0,103672000.0,104583000.0,5.547,1926351000.0,24615000.0,25125000.0,303806000.0,18.581,235038000.0
60,PKG,MRQ,2006-06-30,2006-06-30,2006-06-30,2021-09-07,17809000.0,1976190000.0,,588575000.0,1387615000.0,,6.523,-23074000.0,94078000.0,94078000.0,439212000.0,32081000.0,1.526,1.929,695748000.0,118142000.0,577606000.0,695748000.0,0.0,38944000.0,0.0,0.045,0.25,57551000.0,96495000.0,0.175,96495000.0,57551000.0,49341000.0,0.31,0.31,0.31,674587000.0,,674587000.0,2913290140.0,25.0,10.592,56277000.0,0.544,1.0,111883000.0,0.203,66392000.0,8210000.0,2125739000.0,,194339000.0,0.0,0.0,0.0,1301603000.0,385729000.0,915874000.0,2285830140.0,26223000.0,-4167000.0,520000.0,-16000.0,-25946000.0,-25241000.0,-27887000.0,0.0,79351000.0,0.0,32081000.0,32081000.0,32081000.0,0.0,0.0,0.058,54332000.0,57551000.0,131466000.0,0.806,3.388,41.379,41.547,1284873000.0,0.0,22.02,1.118,1.114,263702000.0,237743000.0,551095000.0,551095000.0,0.0,,,,,1723000.0,51883000.0,1.0,103807000.0,103421000.0,104334000.0,5.329,1909798000.0,21796000.0,17260000.0,303513000.0,18.466,202846000.0
61,PKG,MRQ,2006-03-31,2006-03-31,2006-03-31,2021-09-07,18586000.0,1921224000.0,,521608000.0,1399616000.0,,6.451,-17176000.0,67855000.0,67855000.0,431245000.0,10935000.0,1.554,1.882,695315000.0,118030000.0,577285000.0,695315000.0,0.0,38360000.0,0.0,0.045,0.25,25516000.0,63876000.0,0.126,63876000.0,25516000.0,17466000.0,0.11,0.1,0.11,666738000.0,,666738000.0,2911056661.0,26.0,10.66,-16660000.0,-0.161,1.0,76611000.0,0.151,63455000.0,8050000.0,2149509000.0,,185981000.0,0.0,0.0,0.0,1254486000.0,335720000.0,918766000.0,2328522661.0,-44814000.0,0.0,1311000.0,-8000.0,-27045000.0,-25360000.0,-19970000.0,0.0,516000.0,0.0,10935000.0,10935000.0,10935000.0,0.0,0.0,0.022,51095000.0,25516000.0,116490000.0,2.273,3.492,45.729,46.75,1299711000.0,0.0,22.44,1.157,1.153,233168000.0,231449000.0,507856000.0,507856000.0,0.0,,,,,1405000.0,48880000.0,1.0,103766607.0,103355000.0,104238000.0,4.914,1857769000.0,22989000.0,6531000.0,288458000.0,17.975,185888000.0
62,PKG,MRQ,2005-12-31,2005-12-31,2005-12-31,2021-09-07,19363000.0,1973298000.0,,553489000.0,1419809000.0,,6.349,-26313000.0,112669000.0,112669000.0,415580000.0,1659000.0,1.487,1.896,695203000.0,118030000.0,577173000.0,695203000.0,0.0,40339000.0,0.0,0.044,0.25,8012000.0,48351000.0,0.102,48351000.0,8012000.0,1072000.0,0.01,0.01,0.01,681420000.0,,681420000.0,2992008174.0,26.0,10.871,47740000.0,0.445,1.0,57129000.0,0.121,63713000.0,6940000.0,2120025000.0,,191828000.0,0.0,0.0,0.0,1291878000.0,372094000.0,919784000.0,2481346174.0,-71760000.0,-593000.0,-92008000.0,-8000.0,-27027000.0,-119043000.0,-26770000.0,0.0,74053000.0,0.0,1659000.0,1659000.0,1659000.0,0.0,0.0,0.004,49117000.0,8012000.0,124851000.0,25.0,3.641,47.17,46.837,1320511000.0,0.0,22.95,1.245,1.236,213181000.0,248404000.0,472709000.0,472709000.0,0.0,,,,,835000.0,46572000.0,1.0,108119659.0,107334000.0,108098000.0,4.404,1909585000.0,28975000.0,-587000.0,295279000.0,17.791,181395000.0
63,PKG,MRQ,2005-09-30,2005-09-30,2005-09-30,2021-09-07,20140000.0,2070703000.0,,641375000.0,1429328000.0,,7.419,-29901000.0,184429000.0,184429000.0,431686000.0,10566000.0,1.787,1.592,695091000.0,118030000.0,577061000.0,695091000.0,0.0,40024000.0,0.0,0.046,0.25,26302000.0,66326000.0,0.129,66326000.0,26302000.0,19220000.0,0.1,0.1,0.1,798828000.0,,798828000.0,2626141210.0,15.0,7.838,44951000.0,0.417,1.0,80501000.0,0.157,53988000.0,7082000.0,2168501000.0,,187645000.0,0.0,0.0,0.0,1271875000.0,358876000.0,912999000.0,2096617210.0,18975000.0,0.0,1406000.0,-8000.0,-26941000.0,-25543000.0,-30334000.0,0.0,74852000.0,0.0,10566000.0,10566000.0,10566000.0,0.0,0.0,0.021,54199000.0,26302000.0,142198000.0,2.5,2.625,23.473,23.107,1338914000.0,0.0,19.41,1.041,1.038,227936000.0,273789000.0,512187000.0,512187000.0,0.0,,,,,1041000.0,50371000.0,1.0,108017373.0,107672000.0,108311000.0,4.757,2016715000.0,29753000.0,8654000.0,297437000.0,18.73,282499000.0
64,PKG,MRQ,2005-06-30,2005-06-30,2005-06-30,2021-09-07,20917000.0,2085444000.0,,644853000.0,1440591000.0,,7.574,-31993000.0,165454000.0,165454000.0,423410000.0,27760000.0,1.88,1.563,694978000.0,109030000.0,585948000.0,694978000.0,0.0,40257000.0,0.0,0.038,0.25,54280000.0,94537000.0,0.182,94537000.0,54280000.0,47204000.0,0.26,0.26,0.26,813542000.0,,813542000.0,2776154435.0,14.0,7.78,46828000.0,0.436,1.0,95915000.0,0.185,54168000.0,7076000.0,2217773000.0,,187261000.0,0.0,0.0,0.0,1271902000.0,343027000.0,928875000.0,2261417435.0,-14745000.0,-35546000.0,1873000.0,-77000.0,-26850000.0,-25054000.0,-68512000.0,0.0,78821000.0,0.0,27760000.0,27760000.0,27760000.0,0.0,0.0,0.053,41635000.0,54280000.0,140460000.0,0.962,2.78,21.879,21.701,1348191000.0,0.0,21.05,1.131,1.13,235832000.0,290250000.0,519325000.0,519325000.0,0.0,,,,,2741000.0,50275000.0,1.0,107430757.0,107418000.0,108225000.0,4.835,2031276000.0,29385000.0,19444000.0,299244000.0,18.91,301826000.0
65,PKG,MRQ,2005-03-31,2005-03-31,2005-03-31,2021-09-07,21693000.0,2066717000.0,,660834000.0,1405883000.0,,7.558,-36910000.0,180199000.0,180199000.0,416171000.0,12619000.0,2.012,1.555,694936000.0,109100000.0,585836000.0,694936000.0,0.0,38476000.0,0.0,0.029,0.25,27532000.0,66008000.0,0.135,66008000.0,27532000.0,20538000.0,0.12,0.12,0.12,808886000.0,,808886000.0,3089361456.0,18.0,9.367,-21890000.0,-0.205,1.0,73266000.0,0.15,21927000.0,6994000.0,2231146000.0,,184487000.0,0.0,0.0,0.0,1257831000.0,328381000.0,929450000.0,2607790456.0,-33122000.0,2506000.0,3845000.0,-76000.0,-16049000.0,-12280000.0,-35862000.0,0.0,15020000.0,0.0,12619000.0,12619000.0,12619000.0,0.0,0.0,0.026,45734000.0,27532000.0,147368000.0,2.083,3.224,29.656,29.265,1344686000.0,0.0,24.29,1.339,1.334,227404000.0,289431000.0,489437000.0,489437000.0,0.0,,,,,2477000.0,46823000.0,1.0,107360661.0,107019000.0,108053000.0,4.573,2044790000.0,53361000.0,7919000.0,301975000.0,19.107,332453000.0
66,PKG,MRQ,2004-12-31,2004-12-31,2004-12-31,2021-09-07,22469000.0,2082774000.0,,677061000.0,1405713000.0,,7.687,-32159000.0,213321000.0,213321000.0,404244000.0,38374000.0,2.02,1.548,694892000.0,109168000.0,585724000.0,694892000.0,0.0,40639000.0,0.0,0.025,0.15,67542000.0,108181000.0,0.22,108181000.0,67542000.0,60343000.0,0.36,0.36,0.36,817570000.0,,817570000.0,3094073821.0,22.0,10.334,79958000.0,0.752,1.0,88406000.0,0.179,22108000.0,7199000.0,2207133000.0,,179348000.0,0.0,0.0,0.0,1265204000.0,335104000.0,930100000.0,2518729821.0,93954000.0,29424000.0,759000.0,61000.0,-16036000.0,-15216000.0,-2947000.0,0.0,112117000.0,0.0,38374000.0,38374000.0,38374000.0,0.0,0.0,0.078,22608000.0,65798000.0,112905000.0,0.417,3.081,36.647,36.231,1345154000.0,0.0,23.55,1.333,1.325,216594000.0,303662000.0,492650000.0,492650000.0,0.0,,,,,1076000.0,47840000.0,1.0,106952434.0,106358000.0,107570000.0,4.632,2060666000.0,59113000.0,21969000.0,306569000.0,19.375,341957000.0
67,PKG,MRQ,2004-09-30,2004-09-30,2004-09-30,2021-09-07,23280000.0,1968859000.0,,557994000.0,1410865000.0,,7.475,-21022000.0,119367000.0,119367000.0,400774000.0,24607000.0,1.746,1.471,694711000.0,109099000.0,585612000.0,694711000.0,0.0,40026000.0,0.0,0.025,0.15,48103000.0,88129000.0,0.177,88129000.0,48103000.0,40673000.0,0.23,0.23,0.23,796799000.0,,796799000.0,3216705617.0,40.0,13.524,35891000.0,0.337,1.0,97979000.0,0.196,20405000.0,7430000.0,2204269000.0,,175870000.0,0.0,0.0,0.0,1172060000.0,319529000.0,852531000.0,2613218617.0,22100000.0,-204000.0,2925000.0,-78000.0,-15944000.0,-13097000.0,-21716000.0,0.0,56913000.0,0.0,24607000.0,24607000.0,24607000.0,0.0,0.0,0.049,49876000.0,48103000.0,116975000.0,0.652,3.28,85.587,84.379,1353416000.0,0.0,24.47,1.429,1.427,226068000.0,283443000.0,498753000.0,498753000.0,0.0,,,,,3197000.0,47531000.0,1.0,106792751.0,106602000.0,107765000.0,4.679,1948454000.0,23708000.0,16066000.0,234678000.0,18.278,238465000.0
68,PKG,MRQ,2004-06-30,2004-06-30,2004-06-30,2021-09-07,24058000.0,1935161000.0,,504668000.0,1430493000.0,,7.362,-26237000.0,91181000.0,91181000.0,396715000.0,12334000.0,1.638,1.476,694668000.0,109099000.0,585569000.0,694668000.0,0.0,39468000.0,0.0,0.019,0.15,28044000.0,67512000.0,0.144,67512000.0,28044000.0,20500000.0,0.12,0.11,0.12,781570000.0,,781570000.0,3145272116.0,52.0,14.362,18667000.0,0.176,1.0,70700000.0,0.151,19793000.0,7544000.0,2210764000.0,,166247000.0,0.0,0.0,0.0,1153591000.0,308091000.0,845500000.0,2538305116.0,6960000.0,-385000.0,2991000.0,-7000.0,-15910000.0,-12926000.0,-25018000.0,2000000.0,44904000.0,0.0,12334000.0,12334000.0,12334000.0,0.0,0.0,0.026,42912000.0,27788000.0,114239000.0,1.25,3.248,-96.112,-95.6,1371557000.0,0.0,23.9,1.43,1.43,206892000.0,273805000.0,467415000.0,467415000.0,0.0,,,,,785000.0,42912000.0,1.0,106205235.0,106157000.0,107454000.0,4.403,1915368000.0,24083000.0,8166000.0,226363000.0,18.043,196577000.0
69,PKG,MRQ,2004-03-31,2004-03-31,2004-03-31,2021-09-07,24834000.0,1926228000.0,,482909000.0,1443319000.0,,7.376,-27899000.0,87589000.0,87589000.0,390638000.0,-6585000.0,1.552,1.467,694556000.0,109099000.0,585457000.0,694556000.0,0.0,38775000.0,0.0,0.013,0.15,-3198000.0,35577000.0,0.082,35577000.0,-3198000.0,-10601000.0,-0.06,-0.06,-0.06,780750000.0,,780750000.0,2918693028.0,44.0,13.058,-26490000.0,-0.25,1.0,40629000.0,0.094,19992000.0,7403000.0,2202141000.0,,164017000.0,0.0,0.0,0.0,1145478000.0,311062000.0,834416000.0,2392754028.0,-81715000.0,-37917000.0,3723000.0,-3875000.0,-15839000.0,-15991000.0,-67133000.0,0.0,1409000.0,0.0,-6585000.0,-6585000.0,-6585000.0,0.0,0.0,-0.015,43827000.0,-3198000.0,123964000.0,-2.5,3.065,-85.242,-83.556,1384409000.0,0.0,22.56,1.372,1.37,188866000.0,276123000.0,431267000.0,431267000.0,0.0,,,,,2978000.0,42541000.0,1.0,106061792.0,105845000.0,105845000.0,4.075,1906236000.0,24196000.0,-4016000.0,218264000.0,18.01,171847000.0
70,PKG,MRQ,2003-12-31,2003-12-31,2003-12-31,2021-09-07,25607000.0,1985126000.0,,566534000.0,1418592000.0,,7.622,-34816000.0,172022000.0,172022000.0,362393000.0,177000.0,1.652,1.489,697961000.0,112763000.0,585198000.0,697961000.0,0.0,40098000.0,0.0,0.007,0.15,6532000.0,46630000.0,0.108,46630000.0,6532000.0,-1121000.0,0.0,0.0,0.0,797480000.0,,797480000.0,2896893436.0,30.0,11.426,59935000.0,0.573,1.0,68804000.0,0.16,5495000.0,7653000.0,2162593000.0,,166312000.0,0.0,0.0,0.0,1187646000.0,342977000.0,844669000.0,2304779436.0,55371000.0,147000.0,4949000.0,-10924000.0,0.0,-6365000.0,-33015000.0,0.0,94751000.0,0.0,177000.0,177000.0,177000.0,0.0,0.0,0.0,65376000.0,3428000.0,126924000.0,,2.89,-160.522,-156.143,1372823000.0,0.0,21.86,1.328,1.318,190862000.0,298869000.0,431197000.0,431197000.0,0.0,,,,,5757000.0,43541000.0,1.0,105433643.0,104628000.0,104628000.0,4.121,1979631000.0,29703000.0,-1298000.0,230949000.0,18.921,223557000.0
71,PKG,MRQ,2003-09-30,2003-09-30,2003-09-30,2021-09-07,26352000.0,1991586000.0,,570437000.0,1421149000.0,,7.701,-26140000.0,116651000.0,116651000.0,366192000.0,-32336000.0,1.894,1.479,708765000.0,109070000.0,599695000.0,708765000.0,0.0,39755000.0,0.0,0.0,0.0,29527000.0,69282000.0,0.156,69282000.0,29527000.0,-53066000.0,-0.31,-0.31,-0.31,803256000.0,,803256000.0,2631678030.0,21.0,9.376,46777000.0,0.448,1.0,78407000.0,0.176,3764000.0,82593000.0,2278814000.0,,166480000.0,0.0,0.0,0.0,1188330000.0,301122000.0,887208000.0,2024919031.0,-14800000.0,765000.0,3708000.0,-85513000.0,0.0,-61306000.0,-26411000.0,0.0,72917000.0,0.0,-32336000.0,-32336000.0,-32336000.0,0.0,0.0,-0.073,48880000.0,29527000.0,97064000.0,0.0,2.521,-930.997,-971.0,1376331000.0,0.0,19.42,1.176,1.176,202465000.0,314530000.0,444599000.0,444599000.0,0.0,,,,,2790000.0,46236000.0,1.0,104269775.0,104303000.0,104303000.0,4.263,1987822000.0,54240000.0,-20730000.0,267525000.0,19.058,269315000.0
72,PKG,MRQ,2003-06-30,2003-06-30,2003-06-30,2021-09-07,9466000.0,2003695000.0,,554697000.0,1448998000.0,,7.778,-28561000.0,131451000.0,131451000.0,357979000.0,10674000.0,1.935,1.467,738210000.0,109070000.0,629140000.0,738210000.0,0.0,38709000.0,0.0,0.0,0.0,33315000.0,72024000.0,0.165,72024000.0,33315000.0,17599000.0,0.1,0.1,0.1,812131000.0,,812131000.0,2527188424.0,19.0,8.761,8786000.0,0.084,1.0,78491000.0,0.18,3794000.0,15716000.0,2319965000.0,,164553000.0,0.0,0.0,0.0,1191564000.0,286695000.0,904869000.0,1929004424.0,-8564000.0,-3564000.0,-12439000.0,0.0,0.0,-12439000.0,-33472000.0,0.0,37347000.0,0.0,10674000.0,10674000.0,10674000.0,0.0,0.0,0.024,42072000.0,36419000.0,91405000.0,0.0,2.375,43.098,42.86,1388712000.0,0.0,18.43,1.113,1.11,193753000.0,346866000.0,436470000.0,436470000.0,0.0,,,,,1256000.0,42072000.0,1.0,104666545.0,104419000.0,106221000.0,4.18,1999901000.0,10105000.0,6925000.0,256160000.0,19.153,268002000.0
73,PKG,MRQ,2003-03-31,2003-03-31,2003-03-31,2021-09-07,-415000.0,2000563000.0,,542829000.0,1457734000.0,,7.676,-22683000.0,140015000.0,140015000.0,351103000.0,7127000.0,1.805,1.492,738199000.0,109070000.0,629129000.0,738199000.0,0.0,38107000.0,0.0,0.0,0.0,27482000.0,65589000.0,0.155,65589000.0,27482000.0,11714000.0,0.07,0.07,0.07,802785000.0,,802785000.0,2494395421.0,18.0,8.595,16012000.0,0.153,1.0,72165000.0,0.17,3765000.0,15768000.0,2294281000.0,,161593000.0,0.0,0.0,0.0,1197778000.0,300701000.0,897077000.0,1883487421.0,8710000.0,0.0,-2097000.0,-4024000.0,0.0,-6121000.0,-23864000.0,0.0,38695000.0,0.0,7127000.0,7127000.0,7127000.0,0.0,0.0,0.017,44683000.0,27482000.0,96511000.0,0.0,2.346,41.232,40.932,1395667000.0,0.0,18.01,1.08,1.08,190081000.0,336192000.0,423268000.0,423268000.0,0.0,,,,,1458000.0,42012000.0,1.0,104580090.0,104580000.0,106427000.0,4.047,1996798000.0,15255000.0,4587000.0,248644000.0,19.093,242128000.0
74,PKG,MRQ,2002-12-31,2002-12-31,2002-12-31,2021-09-07,-812000.0,1982551000.0,,509554000.0,1472997000.0,,7.62,-34852000.0,131305000.0,131305000.0,338276000.0,12360000.0,1.717,1.491,742213000.0,113094000.0,629119000.0,742213000.0,0.0,38265000.0,0.0,0.0,0.0,35515000.0,73780000.0,0.176,73780000.0,35515000.0,19080000.0,0.12,0.12,0.12,795875000.0,,795875000.0,2543609108.0,18.0,8.632,32086000.0,0.307,1.0,79916000.0,0.191,3854000.0,16435000.0,2292799000.0,,160549000.0,0.0,0.0,0.0,1186676000.0,296806000.0,889870000.0,1905099108.0,1613000.0,0.0,-4162000.0,-26000000.0,0.0,-30162000.0,-35163000.0,0.0,66938000.0,0.0,12360000.0,12360000.0,12360000.0,0.0,0.0,0.03,44401000.0,35515000.0,85807000.0,0.0,2.394,39.542,39.652,1408980000.0,0.0,18.24,1.097,1.104,175716000.0,329065000.0,418192000.0,418192000.0,0.0,,,,,763000.0,41672000.0,1.0,104446223.0,104441000.0,106407000.0,4.004,1978697000.0,19384000.0,6720000.0,241372000.0,18.946,212748000.0
75,PKG,MRQ,2002-09-30,2002-09-30,2002-09-30,2021-09-07,-1615000.0,2026880000.0,,548030000.0,1478850000.0,,7.503,-19626000.0,129692000.0,129692000.0,368953000.0,14598000.0,2.636,1.578,768202000.0,94000.0,768108000.0,768202000.0,0.0,37025000.0,0.0,0.0,0.0,40035000.0,77060000.0,0.169,77060000.0,40035000.0,23286000.0,0.14,0.14,0.14,786112000.0,,786112000.0,2519914397.0,16.0,8.242,69887000.0,0.667,1.0,86617000.0,0.19,3942000.0,16749000.0,2453547000.0,,157700000.0,0.0,0.0,0.0,1240768000.0,207901000.0,1032867000.0,1832084397.0,40260000.0,0.0,-17959000.0,-9070000.0,0.0,-27029000.0,-22224000.0,0.0,89513000.0,0.0,14598000.0,14598000.0,14598000.0,0.0,0.0,0.032,46582000.0,40035000.0,94833000.0,0.0,2.331,33.799,34.333,1411595000.0,0.0,17.51,1.059,1.06,201536000.0,316705000.0,455570000.0,455570000.0,0.0,,,,,764000.0,42973000.0,1.0,104630748.0,104775000.0,106863000.0,4.348,2022938000.0,40368000.0,8688000.0,245914000.0,19.307,340129000.0
76,PKG,MRQ,2002-06-30,2002-06-30,2002-06-30,2021-09-07,-2136000.0,1984365000.0,,487152000.0,1497213000.0,,7.469,-26499000.0,89432000.0,89432000.0,363700000.0,11595000.0,2.609,1.518,777262000.0,94000.0,777168000.0,777262000.0,0.0,37239000.0,0.0,0.0,0.0,36560000.0,73799000.0,0.165,73799000.0,36560000.0,19264000.0,0.11,0.11,0.11,788187000.0,,788187000.0,2799858841.0,15.0,8.494,13574000.0,0.129,1.0,83690000.0,0.187,4030000.0,17296000.0,2481435000.0,,152797000.0,0.0,0.0,0.0,1196178000.0,186730000.0,1009448000.0,2100025841.0,12014000.0,0.0,-989000.0,0.0,0.0,-989000.0,-27070000.0,0.0,40073000.0,0.0,11595000.0,11595000.0,11595000.0,0.0,0.0,0.026,47130000.0,36560000.0,100201000.0,0.0,2.664,30.541,30.6,1430088000.0,0.0,19.89,1.214,1.213,205462000.0,302107000.0,447390000.0,447390000.0,0.0,,,,,1358000.0,44929000.0,1.0,105581993.0,105527000.0,107810000.0,4.24,1980335000.0,15466000.0,7669000.0,213949000.0,18.766,300422000.0
77,PKG,MRQ,2002-03-31,2002-03-31,2002-03-31,2021-09-07,-1353000.0,1968679000.0,,459364000.0,1509315000.0,,7.367,-23621000.0,77418000.0,77418000.0,340294000.0,9626000.0,2.415,1.534,777251000.0,81000.0,777170000.0,777251000.0,0.0,36851000.0,0.0,0.0,0.0,33170000.0,70021000.0,0.169,70021000.0,33170000.0,15984000.0,0.09,0.09,0.09,777005000.0,,777005000.0,2799091337.0,13.0,7.758,19871000.0,0.188,1.0,74412000.0,0.179,4097000.0,17186000.0,2474164000.0,,160389000.0,0.0,0.0,0.0,1191674000.0,190251000.0,1001423000.0,2086339337.0,-5047000.0,0.0,-5395000.0,-17976000.0,0.0,-23371000.0,-25168000.0,0.0,43492000.0,0.0,9626000.0,9626000.0,9626000.0,0.0,0.0,0.023,41712000.0,32700000.0,96225000.0,0.0,2.685,23.594,23.843,1440268000.0,0.0,19.79,1.192,1.193,188396000.0,290512000.0,414706000.0,414706000.0,0.0,,,,,1327000.0,41712000.0,1.0,105423918.0,105476000.0,107760000.0,3.932,1964582000.0,14987000.0,6358000.0,204296000.0,18.626,269113000.0
78,PKG,MRQ,2001-12-31,2001-12-31,2001-12-31,2021-09-07,-2967000.0,1971780000.0,,448217000.0,1523563000.0,,7.298,-31631000.0,82465000.0,82465000.0,325487000.0,18386000.0,2.336,1.561,795217000.0,54000.0,795163000.0,795217000.0,0.0,36286000.0,0.0,0.0,0.0,48577000.0,84863000.0,0.205,84863000.0,48577000.0,29793000.0,0.17,0.17,0.17,769834000.0,,769834000.0,2667088498.0,11.0,6.83,45621000.0,0.433,1.0,87625000.0,0.212,4037000.0,18784000.0,2488600000.0,,170173000.0,0.0,0.0,0.0,1201946000.0,191895000.0,1010051000.0,1916179498.0,17168000.0,0.0,-5639000.0,-21000000.0,0.0,-26639000.0,-33445000.0,0.0,77252000.0,0.0,18386000.0,18386000.0,18386000.0,0.0,0.0,0.045,39048000.0,48577000.0,93873000.0,0.0,2.489,18.006,18.15,1451224000.0,0.0,18.15,1.071,1.078,170175000.0,280886000.0,413112000.0,413112000.0,0.0,,,,,9562000.0,37989000.0,1.0,105574628.0,105479000.0,107862000.0,3.917,1967743000.0,13346000.0,11407000.0,194452000.0,18.655,256322000.0
79,PKG,MRQ,2001-09-30,2001-09-30,2001-09-30,2021-09-07,-3440000.0,2002909000.0,,473497000.0,1529412000.0,,7.006,-37456000.0,65297000.0,65297000.0,346372000.0,29154000.0,2.037,1.681,816206000.0,70000.0,816136000.0,816206000.0,0.0,35579000.0,0.0,0.0,0.0,65364000.0,100943000.0,0.222,100943000.0,65364000.0,47545000.0,0.28,0.27,0.28,747053000.0,,747053000.0,2451494320.0,7.0,5.147,73726000.0,0.691,1.0,108842000.0,0.239,3681000.0,17819000.0,2517634000.0,,157354000.0,0.0,0.0,0.0,1255856000.0,232503000.0,1023353000.0,1650917320.0,49608000.0,-4000.0,-23898000.0,-70000.0,0.0,-23968000.0,-37606000.0,0.0,111182000.0,0.0,29154000.0,29154000.0,29154000.0,0.0,0.0,0.064,43478000.0,65364000.0,113986000.0,0.0,2.21,12.435,10.729,1452620000.0,0.0,15.45,0.896,0.894,222652000.0,262500000.0,455214000.0,455214000.0,0.0,,,,,0.0,40942000.0,1.0,106855490.0,106631000.0,109264000.0,4.269,1999228000.0,17706000.0,18391000.0,184609000.0,18.749,240994000.0
80,PKG,MRQ,2001-06-30,2001-06-30,2001-06-30,2021-09-07,-1256000.0,1934782000.0,,404781000.0,1530001000.0,,6.98,-38330000.0,15689000.0,15689000.0,354783000.0,31259000.0,2.212,1.601,816266000.0,70000.0,816196000.0,816266000.0,0.0,35430000.0,0.0,0.0,0.0,69554000.0,104984000.0,0.225,104984000.0,69554000.0,50698000.0,0.29,0.29,0.29,743979000.0,,743979000.0,2468068941.0,7.0,4.867,19108000.0,0.179,1.0,112181000.0,0.24,3748000.0,18856000.0,2548592000.0,,152188000.0,0.0,0.0,0.0,1190803000.0,183019000.0,1007784000.0,1656084941.0,-30582000.0,-4823000.0,-2529000.0,-42000000.0,0.0,-44529000.0,-43491000.0,0.0,57438000.0,0.0,31259000.0,31259000.0,31259000.0,0.0,0.0,0.067,42846000.0,69335000.0,101719000.0,0.0,2.226,11.531,10.084,1450026000.0,0.0,15.53,0.883,0.883,208605000.0,233346000.0,466964000.0,466964000.0,0.0,,,,,0.0,42135000.0,1.0,106637794.0,106584000.0,109119000.0,4.381,1931034000.0,14221000.0,19439000.0,173071000.0,18.117,221762000.0
81,PKG,MRQ,2001-03-31,2001-03-31,2001-03-31,2021-09-07,-857000.0,1946823000.0,,423182000.0,1523641000.0,,6.725,-19171000.0,46271000.0,46271000.0,347488000.0,27619000.0,2.178,1.72,858255000.0,70000.0,858185000.0,858255000.0,0.0,34221000.0,0.0,0.0,0.0,65465000.0,99686000.0,0.219,99686000.0,65465000.0,45903000.0,0.26,0.25,0.26,715649000.0,,715649000.0,2267782574.0,6.0,4.313,49254000.0,0.463,1.0,107178000.0,0.236,1701000.0,19562000.0,2562774000.0,,153259000.0,0.0,0.0,0.0,1231174000.0,194332000.0,1036842000.0,1406260574.0,38379000.0,0.0,1463000.0,-11169000.0,0.0,-9706000.0,-20340000.0,0.0,68425000.0,0.0,27619000.0,27619000.0,27619000.0,0.0,0.0,0.061,40999000.0,66179000.0,100196000.0,0.0,1.965,9.656,8.462,1443155000.0,0.0,13.2,0.74,0.739,203979000.0,202087000.0,454666000.0,454666000.0,0.0,,,,,0.0,40999000.0,1.0,106534892.0,106414000.0,108959000.0,4.273,1945122000.0,8300000.0,18284000.0,161035000.0,18.279,228850000.0
82,PKG,MRQ,2000-12-31,2000-12-31,2000-12-31,2021-09-07,0.0,1942112000.0,,403709000.0,1538403000.0,,6.554,-42685000.0,7892000.0,7892000.0,336982000.0,63369000.0,1.847,1.825,869414000.0,239000.0,869175000.0,869414000.0,0.0,34754000.0,0.0,0.0,0.0,135929000.0,170683000.0,0.366,170683000.0,135929000.0,110524000.0,0.61,0.59,0.61,687424000.0,,687424000.0,2879290852.0,7.0,5.386,59767000.0,0.57,1.0,128948000.0,0.277,1758000.0,25405000.0,2583328000.0,,159712000.0,0.0,0.0,0.0,1254688000.0,218548000.0,1036140000.0,1709559852.0,-28781000.0,0.0,899000.0,-333001000.0,0.0,-335667000.0,204434000.0,0.0,102452000.0,0.0,63369000.0,44732000.0,44732000.0,0.0,0.0,0.096,42053000.0,86895000.0,113701000.0,0.0,2.487,11.933,11.766,1455990000.0,0.0,16.12,0.89,0.88,215994000.0,174468000.0,465930000.0,465930000.0,0.0,,,,,0.0,42053000.0,1.0,106052100.0,104890000.0,107518000.0,4.442,1940354000.0,14356000.0,47155000.0,151728000.0,18.499,185161000.0
83,PKG,MRQ,2000-09-30,2000-09-30,2000-09-30,2021-09-07,0.0,2164676000.0,,436091000.0,1728585000.0,,5.881,-27540000.0,36673000.0,36673000.0,350431000.0,40009000.0,1.756,2.474,1206404000.0,12362000.0,1194042000.0,1206404000.0,0.0,35201000.0,0.0,0.0,0.0,96568000.0,131769000.0,0.27,131769000.0,96568000.0,66683000.0,0.38,0.37,0.38,623155000.0,,623155000.0,2441548000.0,7.0,5.151,100578000.0,0.949,1.0,137245000.0,0.281,1362000.0,29885000.0,3084740000.0,,159555000.0,550000.0,550000.0,0.0,1541521000.0,248305000.0,1293216000.0,1170701000.0,32296000.0,-500000.0,598000.0,-68831000.0,0.0,-68233000.0,-27589000.0,0.0,128118000.0,0.0,40009000.0,40009000.0,40009000.0,0.0,0.0,0.082,40677000.0,96568000.0,109576000.0,0.0,1.879,12.198,11.892,1630266000.0,0.0,11.06,0.598,0.599,227227000.0,111099000.0,487676000.0,487676000.0,0.0,,,,,0.0,38512000.0,1.0,105850000.0,105964000.0,108295000.0,4.602,2163314000.0,0.0,26674000.0,104449000.0,20.416,187786000.0
84,PKG,MRQ,2000-06-30,2000-06-30,2000-06-30,2021-09-07,0.0,2154759000.0,,414699000.0,1740060000.0,,5.504,-37419000.0,4377000.0,4377000.0,363708000.0,33277000.0,1.784,2.699,1275224000.0,42111000.0,1233113000.0,1275224000.0,0.0,35078000.0,0.0,0.0,0.0,88537000.0,123615000.0,0.251,123615000.0,88537000.0,56386000.0,0.31,0.31,0.31,582549000.0,,582549000.0,2363201000.0,8.0,5.318,27630000.0,0.261,1.0,128664000.0,0.261,1419000.0,32151000.0,3191788000.0,,155244000.0,618000.0,618000.0,0.0,1572210000.0,232399000.0,1339811000.0,1071202000.0,-19907000.0,0.0,-164000.0,-44633000.0,0.0,-44797000.0,-40159000.0,0.0,65049000.0,0.0,33277000.0,33277000.0,33277000.0,0.0,0.0,0.068,40127000.0,88537000.0,110041000.0,0.0,1.839,15.987,15.104,1638440000.0,0.0,10.12,0.56,0.56,229376000.0,71090000.0,492372000.0,492372000.0,0.0,,,,,0.0,39327000.0,1.0,105850000.0,105850000.0,108193000.0,4.652,2153340000.0,7604000.0,23109000.0,99105000.0,20.343,182300000.0
85,PKG,MRQ,2000-03-31,2000-03-31,2000-03-31,2021-09-07,0.0,2156856000.0,,422393000.0,1734463000.0,,5.409,-18098000.0,24284000.0,24284000.0,367344000.0,25246000.0,2.082,2.926,1316283000.0,70000.0,1316213000.0,1316283000.0,0.0,35808000.0,0.0,0.0,0.0,72741000.0,108549000.0,0.228,108549000.0,72741000.0,42499000.0,0.07,0.06,0.07,549436000.0,,549436000.0,2431156000.0,9.0,6.545,27286000.0,0.269,1.0,108546000.0,0.228,1475000.0,30242000.0,3244472000.0,,160346000.0,655000.0,655000.0,0.0,1607420000.0,202908000.0,1404512000.0,1111425000.0,13984000.0,0.0,126528000.0,-13756000.0,0.0,-11660000.0,-19740000.0,0.0,45384000.0,0.0,25246000.0,6609000.0,6609000.0,0.0,0.0,0.014,38672000.0,69874000.0,114464000.0,0.0,2.023,29.392,26.25,1634421000.0,18637000.0,10.5,0.62,0.595,218729000.0,37813000.0,475890000.0,475890000.0,0.0,,,,,0.0,38672000.0,1.0,105850000.0,101583000.0,104856000.0,4.685,2155381000.0,7027000.0,17253000.0,80967000.0,21.218,219485000.0
86,PKG,MRQ,1999-12-31,1999-12-31,1999-12-31,2021-09-07,0.0,2153208000.0,,401486000.0,1751722000.0,,4.524,-39689000.0,10300000.0,10300000.0,387995000.0,19567000.0,1.765,4.167,1330031000.0,829000.0,1329202000.0,1330031000.0,0.0,33929000.0,0.0,,0.0,76119000.0,110048000.0,0.22,110048000.0,76119000.0,42151000.0,0.17,0.16,0.17,416699000.0,,416699000.0,,,,45591000.0,0.495,1.0,112809000.0,0.225,1532000.0,33968000.0,3243937000.0,,164919000.0,698000.0,698000.0,0.0,1736509000.0,227470000.0,1509039000.0,,-20899000.0,0.0,0.0,-330395000.0,0.0,-331540000.0,225361000.0,0.0,85280000.0,0.0,19567000.0,16080000.0,16080000.0,0.0,0.0,0.032,54267000.0,58542000.0,127365000.0,0.0,,,,1647920000.0,3487000.0,,,,208356000.0,31204000.0,500804000.0,500804000.0,0.0,,,,,0.0,54267000.0,1.0,94600000.0,92108000.0,96549000.0,5.437,2151676000.0,8411000.0,22584000.0,69804000.0,23.36,174016000.0
87,PKG,MRQ,1999-09-30,1999-09-30,1999-09-30,2021-09-07,0.0,2425839000.0,,419026000.0,2006813000.0,,3.911,-24483000.0,31200000.0,31200000.0,343532000.0,14168000.0,1.939,5.781,1660405000.0,8196000.0,1652209000.0,1660405000.0,0.0,38354000.0,0.0,,0.0,63825000.0,102179000.0,0.23,102179000.0,63825000.0,24278000.0,0.12,0.11,0.12,357720000.0,,357720000.0,,,,-4541000.0,-0.05,1.0,99971000.0,0.225,1588000.0,39547000.0,3837367000.0,,155428000.0,1249000.0,590000.0,659000.0,2068119000.0,216089000.0,1852030000.0,,-15655000.0,0.0,0.0,-25061000.0,0.0,-6421000.0,-29176000.0,0.0,19942000.0,0.0,14168000.0,11037000.0,11037000.0,0.0,0.0,0.025,36468000.0,63503000.0,100047000.0,0.0,,,,1906924000.0,3131000.0,,,,213152000.0,15124000.0,443503000.0,443503000.0,0.0,,,,,0.0,36468000.0,1.0,94600000.0,91467000.0,97051000.0,4.849,2424251000.0,0.0,10110000.0,96099000.0,26.504,202937000.0
88,PKG,MRQ,1999-06-30,1999-06-30,1999-06-30,2021-09-07,,,,,,,,-4627000.0,,,297055000.0,6766000.0,,,,,,,,5292000.0,,,0.0,45390000.0,50682000.0,0.136,50682000.0,45390000.0,11311000.0,0.04,0.04,0.04,,,,,,,3093000.0,0.033,1.0,75980000.0,0.204,,34079000.0,,,,,,,,,,,46854000.0,-246500000.0,0.0,-48338000.0,0.0,296314000.0,-257180000.0,0.0,7720000.0,0.0,6766000.0,4088000.0,4088000.0,0.0,0.0,0.011,30590000.0,45390000.0,,0.0,,,,,2678000.0,,,,,,373035000.0,373035000.0,0.0,,,,,0.0,25136000.0,1.0,,93582000.0,95397000.0,3.986,,,4545000.0,,,
89,PKG,MRQ,1999-03-31,1999-04-11,1999-04-11,2021-09-07,,,,,,,,-18792000.0,,,35366000.0,1376000.0,,,,,,,,28360000.0,,,0.0,2275000.0,30635000.0,0.731,30635000.0,2275000.0,2275000.0,0.01,0.01,0.01,,,,,,,122714000.0,1.297,1.0,6537000.0,0.156,,0.0,,,,,,,,,,,0.0,0.0,0.0,-26662000.0,0.0,-126133000.0,-15373000.0,0.0,141506000.0,0.0,1376000.0,1376000.0,1376000.0,0.0,0.0,0.033,4262000.0,2275000.0,,0.0,,,,,0.0,,,,,,41903000.0,41903000.0,0.0,,,,,0.0,1825000.0,1.0,,94600000.0,94600000.0,0.443,,,899000.0,,,
90,PKG,MRQ,1998-12-31,1998-12-31,1998-12-31,2021-09-07,0.0,1367403000.0,,243563000.0,1123840000.0,,,,1000.0,1000.0,,,1.484,0.505,17552000.0,617000.0,16935000.0,17552000.0,0.0,,0.0,,0.0,,,,,,,,,,908392000.0,,908392000.0,,,,,,1.0,,,50110000.0,,1170692000.0,,150719000.0,28672000.0,27390000.0,1282000.0,459011000.0,164152000.0,294859000.0,,,,,,,,,,,,,,,,,,,,94145000.0,,,,,941356000.0,,,,,24361000.0,,,,,,,,,,,1.0,,,,,1317293000.0,0.0,,254064000.0,,79411000.0
91,PKG,MRQ,1998-09-30,1998-09-30,1998-09-30,2021-09-07,,,,,,,,,,,332845000.0,28610000.0,,,,,,,,,,,0.0,47909000.0,,,,47909000.0,47442000.0,,,,,,,,,,,,1.0,74255000.0,0.182,,467000.0,,,,,,,,,,,,,,,,,,,,,28610000.0,28610000.0,28610000.0,0.0,0.0,0.07,42395000.0,31860000.0,,,,,,,0.0,,,,,,407100000.0,407100000.0,0.0,,,,,,27238000.0,1.0,,,,,,,18832000.0,,,
0,PKG,MRT,2021-06-30,2021-06-30,2021-06-30,2021-09-07,-139700000.0,7673600000.0,7507100000.0,2961100000.0,4712500000.0,0.945,36.258,-486500000.0,972200000.0,972200000.0,5563800000.0,636500000.0,3.625,1.228,2736100000.0,70500000.0,2665600000.0,2736100000.0,0.0,406900000.0,0.0,0.028,3.79,942600000.0,1349500000.0,0.19,1349500000.0,942600000.0,845400000.0,6.7,6.68,6.7,3444300000.0,3306800000.0,3444300000.0,14615696418.0,16.0,10.83,502600000.0,5.291,1.0,1531200000.0,0.216,1140500000.0,97200000.0,7480200000.0,7323550000.0,827200000.0,151600000.0,101700000.0,49900000.0,4229300000.0,816800000.0,3412500000.0,12864096418.0,118900000.0,2700000.0,0.0,-1500000.0,-339700000.0,-352700000.0,-517500000.0,-30800000.0,989100000.0,0.0,636500000.0,636500000.0,636500000.0,0.0,0.0,0.09,599600000.0,931600000.0,405300000.0,0.566,3.735,20.211,20.212,3473500000.0,0.0,135.42,1.813,1.813,981400000.0,3008500000.0,7095000000.0,7095000000.0,0.0,0.085,0.192,0.129,0.133,32300000.0,548700000.0,1.0,94994066.0,94994066.0,,74.689,6533100000.0,0.0,208900000.0,396300000.0,68.774,2144300000.0
1,PKG,MRT,2021-03-31,2021-03-31,2021-03-31,2021-09-07,-142100000.0,7549000000.0,7406700000.0,2856900000.0,4692100000.0,0.912,35.129,-435800000.0,983400000.0,983400000.0,5348500000.0,485900000.0,3.545,1.266,2735000000.0,71000000.0,2664000000.0,2735000000.0,0.0,410400000.0,0.0,0.027,3.58,759700000.0,1170100000.0,0.173,1170100000.0,759700000.0,662300000.0,5.12,5.1,5.12,3331200000.0,3229000000.0,3331200000.0,14515798219.0,19.0,12.406,551900000.0,5.82,1.0,1408200000.0,0.208,1149800000.0,97400000.0,7345000000.0,7276025000.0,799600000.0,149500000.0,102500000.0,47000000.0,4217800000.0,805800000.0,3412000000.0,12752498219.0,219400000.0,5200000.0,0.0,-1500000.0,-319600000.0,-331700000.0,-436600000.0,-1000000.0,987700000.0,0.0,485900000.0,485900000.0,485900000.0,0.0,0.0,0.072,655100000.0,753100000.0,402500000.0,0.699,3.828,26.245,26.266,3444000000.0,0.0,134.48,1.887,1.887,908600000.0,2906300000.0,6756700000.0,6756700000.0,0.0,0.066,0.15,0.104,0.112,31500000.0,538700000.0,1.0,94828214.0,94828214.0,,71.252,6399200000.0,0.0,176400000.0,415200000.0,67.482,2051100000.0
2,PKG,MRT,2020-12-31,2020-12-31,2020-12-31,2021-09-07,-144500000.0,7433200000.0,7356350000.0,2750300000.0,4682900000.0,0.905,34.233,-421200000.0,974600000.0,974600000.0,5288800000.0,461000000.0,3.514,1.29,2737900000.0,70500000.0,2667400000.0,2737900000.0,0.0,409900000.0,0.0,0.024,3.37,726200000.0,1136100000.0,0.171,1136100000.0,726200000.0,632700000.0,4.86,4.84,4.86,3246300000.0,3183675000.0,3246300000.0,14864316593.0,20.0,13.084,611600000.0,6.449,1.0,1369400000.0,0.206,1159400000.0,93500000.0,7254500000.0,7271575000.0,787900000.0,148300000.0,105600000.0,42700000.0,4186900000.0,782600000.0,3404300000.0,13078116593.0,295100000.0,4600000.0,0.0,-1500000.0,-299600000.0,-311600000.0,-426100000.0,-3100000.0,1032800000.0,0.0,461000000.0,461000000.0,461000000.0,0.0,0.0,0.069,645500000.0,723900000.0,387000000.0,0.693,4.029,28.369,28.377,3427600000.0,0.0,137.91,1.964,1.964,832400000.0,2835500000.0,6658200000.0,6658200000.0,0.0,0.063,0.145,0.1,0.109,30000000.0,539600000.0,1.0,94830807.0,94830807.0,,70.211,6273800000.0,5100000.0,171700000.0,379400000.0,66.158,1967700000.0
3,PKG,MRT,2020-09-30,2020-09-30,2020-09-30,2021-09-07,-150900000.0,7372600000.0,7307000000.0,2743700000.0,4628900000.0,0.912,33.8,-389200000.0,949100000.0,949100000.0,5244500000.0,473700000.0,3.538,1.3,2735300000.0,69600000.0,2665700000.0,2735300000.0,0.0,407900000.0,0.0,0.029,3.16,769700000.0,1177600000.0,0.177,1177600000.0,769700000.0,639800000.0,5.0,4.97,5.0,3205400000.0,3139850000.0,3205400000.0,12221859149.0,16.0,10.379,701700000.0,7.399,1.0,1419500000.0,0.213,1168900000.0,129900000.0,7214500000.0,7285325000.0,777600000.0,146400000.0,101200000.0,45200000.0,4167200000.0,775400000.0,3391800000.0,10341759149.0,210800000.0,7100000.0,0.0,-27600000.0,-299400000.0,-345900000.0,-534200000.0,-146700000.0,1090900000.0,0.0,473700000.0,473700000.0,473700000.0,0.0,0.0,0.071,649700000.0,769800000.0,352100000.0,0.632,3.226,21.832,21.81,3362600000.0,0.0,109.05,1.552,1.552,864600000.0,2806700000.0,6664000000.0,6664000000.0,0.0,0.065,0.151,0.106,0.116,29700000.0,546300000.0,1.0,94835022.0,94835022.0,,70.269,6203700000.0,0.0,166100000.0,381000000.0,65.416,1968300000.0
4,PKG,MRT,2020-06-30,2020-06-30,2020-06-30,2021-09-07,-153400000.0,7272000000.0,7261625000.0,2659000000.0,4613000000.0,0.926,33.035,-379800000.0,853300000.0,853300000.0,5235500000.0,514400000.0,3.89,1.321,2733400000.0,68700000.0,2664700000.0,2733400000.0,0.0,405300000.0,0.0,0.032,3.16,820500000.0,1225800000.0,0.182,1225800000.0,820500000.0,693400000.0,5.43,5.4,5.43,3133100000.0,3097175000.0,3133100000.0,11437409244.0,14.0,9.331,752700000.0,7.936,1.0,1485500000.0,0.221,1178400000.0,127100000.0,7290100000.0,7270900000.0,834500000.0,123200000.0,86900000.0,36300000.0,4138900000.0,683600000.0,3455300000.0,9465309244.0,283900000.0,7200000.0,0.0,-27700000.0,-299100000.0,-346000000.0,-502600000.0,-122900000.0,1132500000.0,0.0,514400000.0,514400000.0,514400000.0,0.0,0.0,0.077,662400000.0,823100000.0,315200000.0,0.582,3.021,18.401,18.379,3344400000.0,0.0,99.8,1.408,1.408,817300000.0,2742900000.0,6721000000.0,6721000000.0,0.0,0.071,0.166,0.113,0.122,29600000.0,556100000.0,1.0,94842778.0,94842778.0,,70.865,6093600000.0,6100000.0,179000000.0,361100000.0,64.249,1975400000.0
5,PKG,MRT,2020-03-31,2020-03-31,2020-03-31,2021-09-07,-157000000.0,7347600000.0,7212225000.0,2613600000.0,4734000000.0,0.962,33.278,-391200000.0,764000000.0,764000000.0,5351700000.0,651300000.0,3.51,1.333,2736100000.0,65900000.0,2670200000.0,2736100000.0,0.0,393000000.0,0.0,0.036,3.16,982200000.0,1375200000.0,0.198,1375200000.0,982200000.0,857800000.0,6.88,6.85,6.88,3149900000.0,3044200000.0,3149900000.0,10273703926.0,10.0,7.471,816900000.0,8.63,1.0,1587600000.0,0.229,1247900000.0,124400000.0,7327200000.0,7259750000.0,809900000.0,149400000.0,92300000.0,57100000.0,4197700000.0,744600000.0,3453100000.0,8218703926.0,321600000.0,4200000.0,0.0,-27700000.0,-298800000.0,-343000000.0,-543500000.0,-150000000.0,1208100000.0,0.0,651300000.0,651300000.0,651300000.0,0.0,0.0,0.094,600200000.0,987400000.0,389000000.0,0.459,2.609,12.619,12.621,3373900000.0,0.0,86.83,1.184,1.184,879500000.0,2771100000.0,6939300000.0,6939300000.0,0.0,0.09,0.214,0.135,0.142,33600000.0,563500000.0,1.0,94652815.0,94652815.0,,73.313,6099700000.0,0.0,206500000.0,358000000.0,64.443,1869000000.0
6,PKG,MRT,2019-12-31,2019-12-31,2019-12-31,2021-09-07,-159500000.0,7235800000.0,7107475000.0,2478400000.0,4757400000.0,0.98,32.443,-399500000.0,679500000.0,679500000.0,5320300000.0,696400000.0,3.424,1.356,2734500000.0,64100000.0,2670400000.0,2734500000.0,0.0,387500000.0,0.0,0.028,3.16,1045800000.0,1433300000.0,0.206,1433300000.0,1045800000.0,917000000.0,7.36,7.34,7.36,3071000000.0,2955375000.0,3071000000.0,12604340349.0,12.0,8.794,807900000.0,8.535,1.0,1644000000.0,0.236,1257500000.0,128800000.0,7309500000.0,7224300000.0,794100000.0,146000000.0,87900000.0,58100000.0,4164800000.0,723800000.0,3441000000.0,10600740349.0,318000000.0,4100000.0,0.0,-27600000.0,-298700000.0,-342800000.0,-546600000.0,-146100000.0,1207400000.0,0.0,696400000.0,696400000.0,696400000.0,0.0,0.0,0.1,590300000.0,1053700000.0,351900000.0,0.429,3.452,15.222,15.216,3386000000.0,0.0,111.99,1.522,1.522,845600000.0,2704800000.0,6964300000.0,6964300000.0,0.0,0.098,0.236,0.145,0.15,30400000.0,557600000.0,1.0,94657919.0,94657919.0,,73.573,5978300000.0,26500000.0,220600000.0,340100000.0,63.157,1754600000.0
7,PKG,MRT,2019-09-30,2019-09-30,2019-09-30,2021-09-07,-128800000.0,7191100000.0,6940950000.0,2531300000.0,4659800000.0,1.007,32.058,-410900000.0,738300000.0,738300000.0,5304700000.0,764800000.0,3.284,1.37,2741900000.0,61900000.0,2680000000.0,2741900000.0,0.0,385900000.0,0.0,0.03,3.16,1098900000.0,1484800000.0,0.212,1484800000.0,1098900000.0,1009100000.0,8.1,8.06,8.1,3034700000.0,2855725000.0,3034700000.0,12221325308.0,11.0,8.231,812900000.0,8.587,1.0,1686100000.0,0.241,1267200000.0,89800000.0,7156800000.0,7077375000.0,806300000.0,0.0,0.0,0.0,4156400000.0,770700000.0,3385700000.0,10043725308.0,444500000.0,-53900000.0,0.0,-1400000.0,-298600000.0,-308100000.0,-471200000.0,0.0,1223800000.0,0.0,764800000.0,764800000.0,764800000.0,0.0,0.0,0.109,580800000.0,1105300000.0,385500000.0,0.39,3.31,13.132,13.099,3342700000.0,0.0,106.1,1.437,1.437,932300000.0,2643700000.0,6990800000.0,6990800000.0,0.0,0.11,0.268,0.155,0.157,30600000.0,550300000.0,1.0,94662821.0,94662821.0,,73.849,5923900000.0,9500000.0,244300000.0,327600000.0,62.579,1760600000.0
8,PKG,MRT,2019-06-30,2019-06-30,2019-06-30,2021-09-07,-132200000.0,7074400000.0,6768175000.0,2402700000.0,4671700000.0,1.042,30.914,-448400000.0,569400000.0,569400000.0,5332100000.0,791700000.0,3.293,1.422,2747000000.0,61400000.0,2685600000.0,2747000000.0,0.0,389400000.0,0.0,0.033,3.16,1136000000.0,1525400000.0,0.216,1525400000.0,1136000000.0,1043900000.0,8.39,8.35,8.39,2921200000.0,2729600000.0,2921200000.0,11290667222.0,10.0,7.402,736600000.0,7.795,1.0,1717900000.0,0.244,1276900000.0,92100000.0,7245500000.0,6958000000.0,815700000.0,0.0,0.0,0.0,4153200000.0,729600000.0,3423600000.0,9007167222.0,369800000.0,-54100000.0,0.0,-1300000.0,-298500000.0,-307700000.0,-507500000.0,0.0,1185000000.0,0.0,791700000.0,791700000.0,791700000.0,0.0,0.0,0.112,576900000.0,1141000000.0,382800000.0,0.377,3.083,11.377,11.361,3345200000.0,0.0,95.32,1.278,1.278,947000000.0,2539200000.0,7050000000.0,7050000000.0,0.0,0.117,0.29,0.163,0.161,31400000.0,547600000.0,1.0,94493991.0,94493991.0,,74.608,5797500000.0,11400000.0,252200000.0,314800000.0,61.353,1673100000.0
9,PKG,MRT,2019-03-31,2019-03-31,2019-03-31,2021-09-07,-135500000.0,6928600000.0,6578475000.0,2262400000.0,4666200000.0,1.073,29.574,-522200000.0,442400000.0,442400000.0,5347000000.0,784700000.0,3.054,1.479,2725900000.0,58700000.0,2667200000.0,2725900000.0,0.0,397600000.0,0.0,0.032,3.16,1126700000.0,1524300000.0,0.216,1524300000.0,1126700000.0,1033200000.0,8.32,8.28,8.32,2794600000.0,2596300000.0,2794600000.0,11532205523.0,10.0,7.566,691400000.0,7.317,1.0,1710600000.0,0.242,1286000000.0,93500000.0,7185400000.0,6803925000.0,831700000.0,0.0,0.0,0.0,4134000000.0,740700000.0,3393300000.0,9391005523.0,340000000.0,-54900000.0,0.0,-1300000.0,-283400000.0,-292500000.0,-581100000.0,0.0,1213600000.0,0.0,784700000.0,784700000.0,784700000.0,0.0,0.0,0.111,580400000.0,1130200000.0,405100000.0,0.38,3.36,11.968,11.945,3327100000.0,0.0,99.38,1.331,1.331,930300000.0,2427800000.0,7057600000.0,7057600000.0,0.0,0.119,0.302,0.166,0.16,25300000.0,541600000.0,1.0,94495930.0,94495930.0,,74.687,5642600000.0,0.0,248500000.0,318400000.0,59.713,1521700000.0
10,PKG,MRT,2018-12-31,2018-12-31,2018-12-31,2021-09-07,-138800000.0,6569700000.0,6381275000.0,2115100000.0,4454600000.0,1.099,28.28,-551400000.0,361500000.0,361500000.0,5369300000.0,738000000.0,3.049,1.458,2502700000.0,1400000.0,2501300000.0,2502700000.0,0.0,410900000.0,0.0,0.036,3.0,1065600000.0,1476500000.0,0.21,1476500000.0,1065600000.0,970500000.0,7.82,7.8,7.82,2672400000.0,2466100000.0,2672400000.0,10095144491.0,9.0,6.837,628700000.0,6.653,1.0,1645300000.0,0.235,1295500000.0,95100000.0,6721800000.0,6653125000.0,795600000.0,0.0,0.0,0.0,3897300000.0,693600000.0,3203700000.0,7886744491.0,144600000.0,-54800000.0,0.0,-151300000.0,-268100000.0,-427300000.0,-608200000.0,0.0,1180100000.0,0.0,738000000.0,738000000.0,738000000.0,0.0,0.0,0.105,577600000.0,1067700000.0,382200000.0,0.384,2.951,10.687,10.673,3108600000.0,0.0,83.46,1.124,1.124,901900000.0,2315800000.0,7014600000.0,7014600000.0,0.0,0.116,0.299,0.16,0.152,23500000.0,536400000.0,1.0,94497298.0,94497298.0,,74.231,5274200000.0,16700000.0,232500000.0,285200000.0,55.813,1421500000.0
11,PKG,MRT,2018-09-30,2018-09-30,2018-09-30,2021-09-07,-145100000.0,6500000000.0,6288225000.0,2114700000.0,4385300000.0,1.106,26.775,-521100000.0,293800000.0,293800000.0,5361000000.0,802300000.0,2.759,1.569,2502200000.0,1400000.0,2500800000.0,2502200000.0,0.0,421300000.0,0.0,0.026,2.84,1030600000.0,1451900000.0,0.209,1451900000.0,1030600000.0,930000000.0,8.5,8.47,8.5,2530200000.0,2343650000.0,2530200000.0,12667672896.0,12.0,8.725,586200000.0,6.203,1.0,1591300000.0,0.229,1262600000.0,100600000.0,6679300000.0,6599025000.0,780600000.0,0.0,0.0,0.0,3969800000.0,766500000.0,3203300000.0,10365472896.0,-76700000.0,-261100000.0,0.0,-129500000.0,-252800000.0,-397200000.0,-786800000.0,0.0,1107300000.0,0.0,802300000.0,802300000.0,802300000.0,0.0,0.0,0.115,557900000.0,1033400000.0,438900000.0,0.334,4.097,12.92,12.905,3065100000.0,0.0,109.69,1.491,1.491,986200000.0,2185500000.0,6952300000.0,6952300000.0,0.0,0.128,0.342,0.156,0.148,22600000.0,539800000.0,1.0,94497884.0,94497884.0,,73.571,5237400000.0,5100000.0,127700000.0,279300000.0,55.423,1348200000.0
12,PKG,MRT,2018-06-30,2018-06-30,2018-06-30,2021-09-07,-149000000.0,6315600000.0,6170025000.0,1956600000.0,4359000000.0,1.099,25.311,-477500000.0,199600000.0,199600000.0,5237400000.0,734700000.0,2.733,1.645,2501800000.0,1400000.0,2500400000.0,2501800000.0,0.0,417400000.0,0.0,0.024,2.68,975200000.0,1392600000.0,0.205,1392600000.0,975200000.0,872800000.0,7.78,7.76,7.78,2388000000.0,2209650000.0,2388000000.0,12945815581.0,13.0,9.296,526500000.0,5.58,1.0,1545100000.0,0.228,1272800000.0,102400000.0,6629200000.0,6525675000.0,763700000.0,0.0,0.0,0.0,3927600000.0,715800000.0,3211800000.0,10547015581.0,-121400000.0,-259600000.0,0.0,-131100000.0,-237700000.0,-383700000.0,-741700000.0,0.0,1004000000.0,0.0,734700000.0,734700000.0,734700000.0,0.0,0.0,0.108,567600000.0,977500000.0,431700000.0,0.344,4.417,14.356,14.369,3026500000.0,0.0,111.79,1.555,1.555,920000000.0,2054000000.0,6782500000.0,6782500000.0,0.0,0.119,0.332,0.149,0.144,21100000.0,535200000.0,1.0,94346682.0,94346682.0,,71.889,5042800000.0,16700000.0,138100000.0,272800000.0,53.45,1240800000.0
13,PKG,MRT,2018-03-31,2018-03-31,2018-03-31,2021-09-07,-153000000.0,6139800000.0,6066925000.0,1832600000.0,4307200000.0,1.088,24.1,-393200000.0,102400000.0,102400000.0,5110200000.0,691300000.0,2.721,1.7,2501200000.0,1400000.0,2499800000.0,2501200000.0,0.0,407000000.0,0.0,0.022,2.52,940200000.0,1347200000.0,0.204,1347200000.0,940200000.0,836100000.0,7.32,7.31,7.32,2273800000.0,2089300000.0,2273800000.0,13067024939.0,14.0,9.699,501300000.0,5.313,1.0,1488800000.0,0.226,1282800000.0,104100000.0,6582200000.0,6460750000.0,766400000.0,0.0,0.0,0.0,3866000000.0,673600000.0,3192400000.0,10633224939.0,-151600000.0,-258800000.0,0.0,-132700000.0,-237600000.0,-387600000.0,-658500000.0,0.0,894500000.0,0.0,691300000.0,691300000.0,691300000.0,0.0,0.0,0.105,546800000.0,942000000.0,427300000.0,0.344,4.676,15.381,15.396,2961400000.0,0.0,112.7,1.611,1.611,860200000.0,1949600000.0,6599000000.0,6599000000.0,0.0,0.114,0.331,0.146,0.142,21100000.0,527100000.0,1.0,94349822.0,94349822.0,,69.942,4857000000.0,48600000.0,144800000.0,256700000.0,51.479,1159000000.0
14,PKG,MRT,2017-12-31,2017-12-31,2017-12-31,2021-09-07,-156900000.0,6197500000.0,5992825000.0,1915100000.0,4282400000.0,1.075,23.133,-343000000.0,216900000.0,216900000.0,4974100000.0,668600000.0,2.3,1.84,2650700000.0,151300000.0,2499400000.0,2650700000.0,0.0,391400000.0,0.0,0.021,2.52,931200000.0,1322600000.0,0.205,1322600000.0,931200000.0,828600000.0,7.09,7.07,7.09,2182600000.0,1977025000.0,2182600000.0,13636852654.0,15.0,10.311,513100000.0,5.438,1.0,1470800000.0,0.228,1293200000.0,102600000.0,6505400000.0,6403625000.0,762500000.0,0.0,0.0,0.0,4014900000.0,832700000.0,3182200000.0,11373952654.0,-22400000.0,-257200000.0,0.0,-14100000.0,-237600000.0,-269400000.0,-609100000.0,0.0,856100000.0,0.0,668600000.0,668600000.0,668600000.0,0.0,0.0,0.104,538300000.0,932500000.0,402900000.0,0.355,5.211,17.012,17.003,2924900000.0,0.0,120.55,1.765,1.765,830700000.0,1867400000.0,6444900000.0,6444900000.0,0.0,0.112,0.338,0.145,0.144,20600000.0,519900000.0,1.0,94350499.0,94350499.0,,68.308,4904300000.0,69500000.0,160000000.0,239500000.0,51.98,1082400000.0
15,PKG,MRT,2017-09-30,2017-09-30,2017-09-30,2021-09-07,-131000000.0,6027200000.0,5887700000.0,2001800000.0,4025400000.0,1.059,21.136,-312400000.0,370500000.0,370500000.0,4810200000.0,510400000.0,2.428,2.022,2633400000.0,157800000.0,2475600000.0,2633400000.0,0.0,377400000.0,0.0,0.022,2.52,876000000.0,1253400000.0,0.201,1253400000.0,876000000.0,773200000.0,5.41,5.4,5.41,1994200000.0,1871325000.0,1994200000.0,13134026350.0,15.0,10.479,484300000.0,5.133,1.0,1427000000.0,0.229,1079900000.0,102800000.0,6385900000.0,6395950000.0,736600000.0,0.0,0.0,0.0,4033000000.0,824300000.0,3208700000.0,10820226350.0,90700000.0,-94900000.0,0.0,-42400000.0,-237600000.0,-291500000.0,-414500000.0,0.0,796700000.0,0.0,510400000.0,510400000.0,510400000.0,0.0,0.0,0.082,551000000.0,876000000.0,379500000.0,0.466,5.426,21.2,21.198,2881600000.0,0.0,114.68,1.735,1.735,831300000.0,1658200000.0,6237200000.0,6237200000.0,0.0,0.087,0.273,0.137,0.14,20100000.0,509500000.0,1.0,94351468.0,94351468.0,,66.106,4947300000.0,20000000.0,262800000.0,342100000.0,52.435,1177500000.0
16,PKG,MRT,2017-06-30,2017-06-30,2017-06-30,2021-09-07,-134000000.0,5903200000.0,5817700000.0,1863400000.0,4039800000.0,1.045,20.239,-291900000.0,321000000.0,321000000.0,4721600000.0,490600000.0,2.451,2.096,2634800000.0,157800000.0,2477000000.0,2634800000.0,0.0,367900000.0,0.0,0.023,2.52,839800000.0,1207700000.0,0.199,1207700000.0,839800000.0,739300000.0,5.21,5.19,5.21,1906600000.0,1805175000.0,1906600000.0,12875724468.0,15.0,10.661,524400000.0,5.567,1.0,1359500000.0,0.224,1087300000.0,100500000.0,6369500000.0,6413600000.0,734400000.0,0.0,0.0,0.0,3996600000.0,760200000.0,3236400000.0,10493524468.0,107400000.0,-482300000.0,0.0,317600000.0,-230000000.0,73900000.0,-782800000.0,0.0,816300000.0,0.0,490600000.0,490600000.0,490600000.0,0.0,0.0,0.081,519700000.0,839800000.0,349200000.0,0.484,5.504,21.389,21.38,2872500000.0,0.0,111.39,1.726,1.726,755200000.0,1578800000.0,6081100000.0,6081100000.0,0.0,0.084,0.272,0.131,0.138,19600000.0,496800000.0,1.0,94205265.0,94205265.0,,64.552,4815900000.0,0.0,248700000.0,345200000.0,51.121,1103200000.0
17,PKG,MRT,2017-03-31,2017-03-31,2017-03-31,2021-09-07,-136700000.0,5843400000.0,5665925000.0,1779100000.0,4064300000.0,1.044,19.369,-279200000.0,254000000.0,254000000.0,4599200000.0,463300000.0,2.293,2.202,2636200000.0,157800000.0,2478400000.0,2636200000.0,0.0,361800000.0,0.0,0.027,2.44,805900000.0,1167700000.0,0.197,1167700000.0,805900000.0,708400000.0,4.92,4.9,4.92,1824700000.0,1744100000.0,1824700000.0,11059279740.0,14.0,9.471,500800000.0,5.316,1.0,1315300000.0,0.222,1095900000.0,97500000.0,6353700000.0,6332300000.0,744500000.0,0.0,0.0,0.0,4018700000.0,776000000.0,3242700000.0,8631179740.0,91700000.0,-483200000.0,0.0,317700000.0,-222400000.0,83600000.0,-771900000.0,0.0,780000000.0,0.0,463300000.0,463300000.0,463300000.0,0.0,0.0,0.078,509400000.0,805900000.0,367300000.0,0.496,4.73,18.63,18.622,2887200000.0,0.0,91.62,1.459,1.459,733300000.0,1504500000.0,5914500000.0,5914500000.0,0.0,0.082,0.266,0.127,0.136,18700000.0,482000000.0,1.0,94206284.0,94206284.0,,62.782,4747500000.0,0.0,245100000.0,374100000.0,50.395,1003100000.0
18,PKG,MRT,2016-12-31,2016-12-31,2016-12-31,2021-09-07,-139600000.0,5777000000.0,5511900000.0,1696300000.0,4080700000.0,1.048,18.676,-274300000.0,239300000.0,239300000.0,4502900000.0,449600000.0,2.712,2.283,2667400000.0,27100000.0,2640300000.0,2667400000.0,0.0,358000000.0,0.0,0.028,2.36,783300000.0,1141300000.0,0.197,1141300000.0,783300000.0,688500000.0,4.76,4.75,4.76,1759800000.0,1685625000.0,1759800000.0,10385976971.0,13.0,9.1,532600000.0,5.652,1.0,1276100000.0,0.221,1105000000.0,94800000.0,6474700000.0,6251100000.0,723600000.0,0.0,0.0,0.0,4017200000.0,625400000.0,3391800000.0,7992276971.0,55100000.0,-484900000.0,-100300000.0,347500000.0,-216100000.0,17800000.0,-769600000.0,0.0,806900000.0,0.0,449600000.0,449600000.0,449600000.0,0.0,0.0,0.078,492800000.0,783300000.0,323800000.0,0.496,4.542,17.776,17.819,2895700000.0,0.0,84.82,1.383,1.383,689200000.0,1447100000.0,5779000000.0,5779000000.0,0.0,0.082,0.267,0.125,0.136,19700000.0,468500000.0,1.0,94226326.0,94226326.0,,61.331,4672000000.0,13900000.0,238900000.0,334700000.0,49.583,1070900000.0
19,PKG,MRT,2016-09-30,2016-09-30,2016-09-30,2021-09-07,-114200000.0,5747200000.0,5385725000.0,1747000000.0,4000200000.0,1.057,18.355,-284700000.0,279800000.0,279800000.0,4459600000.0,443100000.0,2.74,2.323,2673500000.0,27000000.0,2646500000.0,2673500000.0,0.0,352900000.0,0.0,0.028,2.28,763300000.0,1116200000.0,0.196,1116200000.0,763300000.0,673500000.0,4.67,4.66,4.67,1729600000.0,1654000000.0,1729600000.0,9760382944.0,13.0,8.744,535400000.0,5.682,1.0,1233700000.0,0.217,1046900000.0,89800000.0,6456500000.0,6140200000.0,690600000.0,0.0,0.0,0.0,4017200000.0,637500000.0,3379700000.0,7657182944.0,92900000.0,-384100000.0,-156900000.0,337400000.0,-210200000.0,-49200000.0,-678000000.0,0.0,820100000.0,0.0,443100000.0,443100000.0,443100000.0,0.0,0.0,0.078,473300000.0,760400000.0,327000000.0,0.488,4.427,17.281,17.4,2878700000.0,0.0,81.26,1.345,1.345,713200000.0,1396900000.0,5693300000.0,5693300000.0,0.0,0.082,0.268,0.124,0.134,19500000.0,451400000.0,1.0,94230654.0,94230654.0,,60.419,4700300000.0,18300000.0,230400000.0,360900000.0,49.881,1109500000.0
20,PKG,MRT,2016-06-30,2016-06-30,2016-06-30,2021-09-07,-116900000.0,5296100000.0,5304475000.0,1609900000.0,3686200000.0,1.071,17.663,-294400000.0,213600000.0,213600000.0,4447600000.0,451600000.0,2.919,2.186,2316800000.0,7700000.0,2309100000.0,2316800000.0,0.0,352600000.0,0.0,0.033,2.2,776300000.0,1128900000.0,0.199,1128900000.0,776300000.0,688200000.0,4.71,4.71,4.71,1662300000.0,1625350000.0,1662300000.0,8454854651.0,11.0,7.489,545900000.0,5.801,1.0,1232500000.0,0.217,803500000.0,88100000.0,6044300000.0,6059900000.0,671300000.0,0.0,0.0,0.0,3633800000.0,551500000.0,3082300000.0,6298854651.0,49900000.0,1800000.0,-211700000.0,-47600000.0,-212200000.0,-488500000.0,-301900000.0,0.0,840300000.0,0.0,451600000.0,451600000.0,451600000.0,0.0,0.0,0.08,462900000.0,769600000.0,308400000.0,0.467,3.789,13.948,14.21,2809900000.0,0.0,66.93,1.109,1.109,663400000.0,1337200000.0,5680100000.0,5680100000.0,0.0,0.085,0.278,0.128,0.137,19400000.0,447200000.0,1.0,94111081.0,94111081.0,,60.355,4492600000.0,1300000.0,236600000.0,353900000.0,47.737,1058400000.0
21,PKG,MRT,2016-03-31,2016-03-31,2016-03-31,2021-09-07,-122400000.0,5227300000.0,5332925000.0,1528900000.0,3698400000.0,1.072,16.878,-311800000.0,162300000.0,162300000.0,4486900000.0,449700000.0,2.804,2.286,2318300000.0,7700000.0,2310600000.0,2318300000.0,0.0,351800000.0,0.0,0.036,2.2,773700000.0,1125500000.0,0.197,1125500000.0,773700000.0,685900000.0,4.64,4.64,4.64,1590800000.0,1607525000.0,1590800000.0,7840605640.0,10.0,6.966,539500000.0,5.724,1.0,1230100000.0,0.215,809100000.0,87800000.0,6028900000.0,6096200000.0,692500000.0,0.0,0.0,0.0,3636500000.0,545300000.0,3091200000.0,5692805640.0,35900000.0,24500000.0,-247400000.0,-47600000.0,-214500000.0,-519400000.0,-296000000.0,0.0,851300000.0,0.0,449700000.0,449700000.0,449700000.0,0.0,0.0,0.079,463100000.0,767000000.0,309000000.0,0.474,3.579,12.659,13.017,2817900000.0,0.0,60.4,0.996,0.996,631400000.0,1286500000.0,5717000000.0,5717000000.0,0.0,0.084,0.28,0.127,0.135,19600000.0,448300000.0,1.0,94251749.0,94251749.0,,60.657,4418200000.0,0.0,236200000.0,370500000.0,46.877,983600000.0
22,PKG,MRT,2015-12-31,2015-12-31,2015-12-31,2021-09-07,-124900000.0,5272300000.0,5372450000.0,1554500000.0,3717800000.0,1.069,16.838,-314500000.0,184200000.0,184200000.0,4533700000.0,436800000.0,2.767,2.228,2319700000.0,7700000.0,2312000000.0,2319700000.0,0.0,356500000.0,0.0,0.035,2.2,750000000.0,1106500000.0,0.193,1106500000.0,750000000.0,664500000.0,4.47,4.47,4.47,1633300000.0,1598900000.0,1633300000.0,8277903527.0,11.0,7.481,454100000.0,4.681,1.0,1208000000.0,0.21,814800000.0,85500000.0,6031100000.0,6134175000.0,676800000.0,0.0,0.0,0.0,3639000000.0,561900000.0,3077100000.0,6116003527.0,59300000.0,24500000.0,-154700000.0,-47600000.0,-200800000.0,-411200000.0,-298100000.0,0.0,768600000.0,0.0,436800000.0,436800000.0,436800000.0,0.0,0.0,0.076,458000000.0,750000000.0,294200000.0,0.492,3.745,14.002,14.105,2832100000.0,0.0,63.05,1.065,1.065,636500000.0,1317300000.0,5741700000.0,5741700000.0,0.0,0.081,0.273,0.122,0.131,18200000.0,451300000.0,1.0,97002435.0,97002435.0,,59.191,4457500000.0,28200000.0,227700000.0,347000000.0,45.952,992600000.0
23,PKG,MRT,2015-09-30,2015-09-30,2015-09-30,2021-09-07,-142000000.0,5422200000.0,5372575000.0,1679300000.0,3742900000.0,1.077,16.526,-383200000.0,186900000.0,186900000.0,4564700000.0,431100000.0,2.672,2.357,2348800000.0,7600000.0,2341200000.0,2348800000.0,0.0,353000000.0,0.0,0.034,2.05,747300000.0,1100300000.0,0.19,1100300000.0,747300000.0,661100000.0,4.39,4.39,4.39,1615000000.0,1570925000.0,1615000000.0,8090999543.0,11.0,7.353,338200000.0,3.461,1.0,1220000000.0,0.211,820400000.0,86200000.0,6135300000.0,6145375000.0,695900000.0,0.0,0.0,0.0,3807200000.0,628400000.0,3178800000.0,5879099543.0,32600000.0,22800000.0,-98100000.0,-32600000.0,-186700000.0,-318500000.0,-370300000.0,0.0,721400000.0,0.0,431100000.0,431100000.0,431100000.0,0.0,0.0,0.075,520500000.0,699500000.0,337000000.0,0.467,3.64,13.637,13.704,2842500000.0,0.0,60.16,1.016,1.016,683500000.0,1317900000.0,5784700000.0,5784700000.0,0.0,0.08,0.274,0.122,0.129,17700000.0,456400000.0,1.0,97724394.0,97724394.0,,59.194,4601800000.0,63200000.0,230000000.0,405000000.0,47.09,1050900000.0
24,PKG,MRT,2015-06-30,2015-06-30,2015-06-30,2021-09-07,-145000000.0,5409900000.0,5349712250.0,1657400000.0,3752500000.0,1.09,16.25,-413900000.0,163700000.0,163700000.0,4620800000.0,407700000.0,2.734,2.4,2375600000.0,7600000.0,2368000000.0,2375600000.0,0.0,372700000.0,0.0,0.03,1.9,716300000.0,1089000000.0,0.187,1089000000.0,716300000.0,628700000.0,4.14,4.14,4.14,1591000000.0,1555184750.0,1591000000.0,8369331364.0,12.0,7.685,292600000.0,2.989,1.0,1212000000.0,0.208,826100000.0,87600000.0,6189500000.0,6118176250.0,667500000.0,0.0,0.0,0.0,3818900000.0,606200000.0,3212700000.0,6118231364.0,1700000.0,22800000.0,-43300000.0,-80900000.0,-172300000.0,-301100000.0,-403700000.0,0.0,706500000.0,0.0,407700000.0,407700000.0,407700000.0,0.0,0.0,0.07,527400000.0,684600000.0,339300000.0,0.459,3.846,15.007,15.094,2852700000.0,0.0,62.49,1.049,1.049,708000000.0,1293100000.0,5832800000.0,5832800000.0,0.0,0.076,0.262,0.117,0.123,17100000.0,463300000.0,1.0,97907367.0,97907367.0,,59.575,4583800000.0,59700000.0,221000000.0,405600000.0,46.818,1051200000.0
25,PKG,MRT,2015-03-31,2015-03-31,2015-03-31,2021-09-07,-152300000.0,5385400000.0,5323296500.0,1614800000.0,3770600000.0,1.098,15.821,-424900000.0,126400000.0,126400000.0,4641800000.0,393300000.0,2.599,2.46,2377500000.0,7600000.0,2369900000.0,2377500000.0,0.0,389000000.0,0.0,0.022,1.75,698900000.0,1087900000.0,0.186,1087900000.0,698900000.0,612100000.0,3.99,3.99,3.99,1556300000.0,1528089500.0,1556300000.0,9945813389.0,14.0,9.142,270200000.0,2.747,1.0,1205100000.0,0.206,834400000.0,86800000.0,6180800000.0,6095128000.0,687600000.0,0.0,0.0,0.0,3829100000.0,621300000.0,3207800000.0,7691413389.0,-59300000.0,-20500000.0,-7200000.0,-129200000.0,-157500000.0,-299300000.0,-455100000.0,0.0,695100000.0,0.0,393300000.0,393300000.0,393300000.0,0.0,0.0,0.067,537900000.0,667200000.0,352700000.0,0.439,4.942,19.556,19.596,2864100000.0,0.0,78.19,1.315,1.315,676700000.0,1271600000.0,5846900000.0,5846900000.0,0.0,0.074,0.257,0.115,0.12,16200000.0,470300000.0,1.0,98368249.0,98368249.0,,59.439,4551000000.0,58400000.0,218800000.0,424000000.0,46.265,993500000.0
26,PKG,MRT,2014-12-31,2014-12-31,2014-12-31,2021-09-07,-153900000.0,5272800000.0,5292933500.0,1502900000.0,3769900000.0,1.106,15.464,-420200000.0,124900000.0,124900000.0,4623100000.0,392600000.0,2.46,2.466,2379300000.0,7600000.0,2371700000.0,2379300000.0,0.0,381600000.0,0.0,0.02,1.6,702700000.0,1084300000.0,0.185,1084300000.0,702700000.0,614300000.0,3.99,3.99,3.99,1521400000.0,1493410250.0,1521400000.0,9905626429.0,14.0,9.136,315900000.0,3.211,1.0,1229500000.0,0.21,840300000.0,88400000.0,6075900000.0,6077354000.0,664900000.0,0.0,0.0,0.0,3751400000.0,611000000.0,3140400000.0,7678828429.0,-66100000.0,-20500000.0,3700000.0,-193600000.0,-157400000.0,-351100000.0,-451100000.0,0.0,736100000.0,0.0,392600000.0,392600000.0,392600000.0,0.0,0.0,0.067,526800000.0,702700000.0,330500000.0,0.401,5.047,19.559,19.561,2857600000.0,0.0,78.05,1.312,1.312,646100000.0,1242200000.0,5852600000.0,5852600000.0,0.0,0.074,0.263,0.116,0.12,15600000.0,469500000.0,1.0,98383452.0,98383452.0,,59.488,4432500000.0,5100000.0,221700000.0,334200000.0,45.053,891900000.0
27,PKG,MRT,2014-09-30,2014-09-30,2014-09-30,2021-09-07,-60944000.0,5330749000.0,5285683500.0,1597707000.0,3733042000.0,1.075,15.775,-358890000.0,154323000.0,154323000.0,4491118000.0,522172000.0,2.315,2.435,2381121000.0,7582000.0,2373539000.0,2381121000.0,0.0,376988000.0,0.0,0.025,1.6,652421000.0,1029409000.0,0.181,1029409000.0,652421000.0,559154000.0,5.35,5.32,5.35,1552039000.0,1452260250.0,1552039000.0,8573337478.0,13.0,8.328,385842000.0,3.922,1.0,1191905000.0,0.21,841007000.0,93267000.0,6026505000.0,6090254000.0,616962000.0,0.0,0.0,0.0,3778710000.0,690035000.0,3088675000.0,6278989478.0,-242302000.0,-1194800000.0,3843000.0,743567000.0,-157217000.0,575447000.0,-1562481000.0,0.0,744732000.0,0.0,522172000.0,522172000.0,522172000.0,0.0,0.0,0.092,527184000.0,664721000.0,387854000.0,0.299,4.046,12.025,11.929,2818133000.0,0.0,63.82,1.105,1.105,717947000.0,1184155000.0,5683023000.0,5683023000.0,0.0,0.099,0.36,0.107,0.115,16444000.0,458994000.0,1.0,98385921.0,98385921.0,,57.763,4489742000.0,32280000.0,36982000.0,433262000.0,45.634,907672000.0
28,PKG,MRT,2014-06-30,2014-06-30,2014-06-30,2021-09-07,-61330000.0,5304237000.0,4617273500.0,1574249000.0,3729988000.0,1.085,15.08,-301709000.0,161991000.0,161991000.0,3910359000.0,502454000.0,2.393,2.578,2456339000.0,7565000.0,2448774000.0,2456339000.0,0.0,318021000.0,0.0,0.022,1.6,606803000.0,924824000.0,0.185,924824000.0,606803000.0,524786000.0,5.17,5.13,5.17,1482619000.0,1339032500.0,1482619000.0,9349633711.0,15.0,10.11,357554000.0,3.637,1.0,1099204000.0,0.219,843365000.0,82017000.0,6097307000.0,5236445750.0,611342000.0,0.0,0.0,0.0,3821618000.0,657913000.0,3163705000.0,7028793711.0,-208064000.0,-1194800000.0,1824000.0,814774000.0,-157042000.0,632520000.0,-1499847000.0,0.0,659263000.0,0.0,502454000.0,502454000.0,502454000.0,0.0,0.0,0.1,492401000.0,606803000.0,394743000.0,0.309,4.741,13.989,13.828,2817249000.0,0.0,71.49,1.403,1.403,704218000.0,1119367000.0,5009563000.0,5009563000.0,0.0,0.109,0.375,0.116,0.121,15626000.0,416490000.0,1.0,98318558.0,98318558.0,,50.952,4460872000.0,36961000.0,22332000.0,430947000.0,45.372,916336000.0
29,PKG,MRT,2014-03-31,2014-03-31,2014-03-31,2021-09-07,-63203000.0,5263948000.0,3944919500.0,1561343000.0,3702605000.0,1.101,14.435,-258024000.0,185706000.0,185706000.0,3357739000.0,469106000.0,2.427,2.713,2506546000.0,7547000.0,2498999000.0,2506546000.0,0.0,259604000.0,0.0,0.023,1.6,536800000.0,796404000.0,0.183,796404000.0,536800000.0,466951000.0,4.85,4.8,4.85,1417583000.0,1231199250.0,1417583000.0,9292560068.0,17.0,11.668,403709000.0,4.111,1.0,983654000.0,0.227,831651000.0,69849000.0,6109704000.0,4364221500.0,607306000.0,0.0,0.0,0.0,3846365000.0,643433000.0,3202932000.0,6910771068.0,-82344000.0,-1174500000.0,33000.0,860985000.0,-148400000.0,691963000.0,-1436040000.0,0.0,661733000.0,0.0,469106000.0,469106000.0,469106000.0,0.0,0.0,0.108,446854000.0,536800000.0,390630000.0,0.33,4.875,14.732,14.509,2800742000.0,0.0,70.37,1.592,1.592,696344000.0,1067661000.0,4341393000.0,4341393000.0,0.0,0.119,0.381,0.123,0.124,14763000.0,367815000.0,1.0,98206211.0,98206211.0,,44.207,4432297000.0,31985000.0,-2155000.0,429946000.0,45.133,917910000.0
30,PKG,MRT,2013-12-31,2013-12-31,2013-12-31,2021-09-07,-65000000.0,5243800000.0,3257917000.0,1531000000.0,3712800000.0,1.125,14.049,-234400000.0,191000000.0,191000000.0,2797800000.0,441300000.0,2.318,2.865,2572700000.0,40000000.0,2532700000.0,2572700000.0,0.0,217900000.0,0.0,0.024,1.513,481900000.0,699800000.0,0.191,699800000.0,481900000.0,423600000.0,4.57,4.52,4.57,1356800000.0,1127258250.0,1356800000.0,6617210015.0,14.0,9.456,373800000.0,3.87,1.0,867500000.0,0.237,837400000.0,58300000.0,6127500000.0,3504907500.0,594300000.0,0.0,0.0,0.0,3887000000.0,660600000.0,3226400000.0,6206243015.0,-16400000.0,-1174500000.0,-4900000.0,923300000.0,-109100000.0,786800000.0,-1411400000.0,0.0,608200000.0,0.0,441300000.0,441300000.0,441300000.0,0.0,0.0,0.12,385600000.0,481900000.0,357500000.0,0.331,4.574,14.064,13.847,2805700000.0,0.0,63.28,1.693,1.667,643100000.0,1019100000.0,3665300000.0,3665300000.0,0.0,0.135,0.391,0.137,0.131,14800000.0,326600000.0,1.0,98075901.0,96579000.0,97547000.0,37.951,4406400000.0,70600000.0,-17700000.0,434800000.0,45.625,870400000.0
31,PKG,MRT,2013-09-30,2013-09-30,2013-09-30,2021-09-07,-86094000.0,2657109000.0,2560409000.0,1135928000.0,1521181000.0,1.225,11.36,-164539000.0,396595000.0,396595000.0,2360363000.0,270639000.0,3.21,1.417,807562000.0,16013000.0,791549000.0,807562000.0,0.0,184818000.0,0.0,0.024,1.363,451539000.0,636357000.0,0.203,636357000.0,451539000.0,411835000.0,2.82,2.78,2.82,1099128000.0,1030423500.0,1099128000.0,6043887211.0,13.0,9.498,408018000.0,4.217,1.0,777116000.0,0.248,102902000.0,39704000.0,2611272000.0,2648178500.0,266892000.0,0.0,0.0,0.0,1557981000.0,353902000.0,1204079000.0,5602399211.0,255709000.0,-7000.0,-4940000.0,-16009000.0,-118907000.0,-150375000.0,-166473000.0,0.0,572557000.0,0.0,270639000.0,270639000.0,270639000.0,0.0,0.0,0.086,325577000.0,451539000.0,163928000.0,0.483,5.097,20.701,20.245,1369053000.0,0.0,57.09,1.786,1.761,409725000.0,787684000.0,3137479000.0,3137479000.0,0.0,0.106,0.263,0.171,0.144,13179000.0,299453000.0,1.0,98132759.0,96758000.0,97597000.0,32.426,2554207000.0,31238000.0,141196000.0,246383000.0,26.398,782026000.0
32,PKG,MRT,2013-06-30,2013-06-30,2013-06-30,2021-09-07,-95314000.0,2614821000.0,2509919250.0,1102333000.0,1512488000.0,1.201,10.902,-140089000.0,370057000.0,370057000.0,2303443000.0,225748000.0,3.203,1.487,811545000.0,15997000.0,795548000.0,811545000.0,0.0,179297000.0,0.0,0.025,1.212,400829000.0,580126000.0,0.192,580126000.0,400829000.0,342385000.0,2.35,2.32,2.35,1051286000.0,990665500.0,1051286000.0,5348419732.0,13.0,9.219,397103000.0,4.118,1.0,712069000.0,0.236,103749000.0,58444000.0,2608410000.0,2676396500.0,263008000.0,0.0,0.0,0.0,1563535000.0,344150000.0,1219385000.0,4800933732.0,-145044000.0,-7000.0,-6203000.0,-437289000.0,-104162000.0,-540780000.0,-141456000.0,0.0,537192000.0,0.0,225748000.0,225748000.0,225748000.0,0.0,0.0,0.075,311240000.0,400829000.0,164910000.0,0.516,4.567,21.267,20.834,1363681000.0,0.0,48.96,1.592,1.566,403367000.0,753439000.0,3015512000.0,3015512000.0,0.0,0.09,0.228,0.15,0.133,12743000.0,290876000.0,1.0,98058287.0,96432000.0,97494000.0,31.271,2511072000.0,28197000.0,116637000.0,229917000.0,26.04,758183000.0
33,PKG,MRT,2013-03-31,2013-03-31,2013-03-31,2021-09-07,-111284000.0,2515938000.0,2564086750.0,1011636000.0,1504302000.0,1.142,10.391,-120974000.0,268037000.0,268037000.0,2252823000.0,204650000.0,3.532,1.511,815523000.0,15980000.0,799543000.0,815523000.0,0.0,177058000.0,0.0,0.024,1.062,374490000.0,551548000.0,0.188,551548000.0,374490000.0,312022000.0,2.13,2.1,2.13,1001819000.0,958524000.0,1001819000.0,5017247537.0,13.0,9.097,344048000.0,3.568,1.0,674927000.0,0.231,104596000.0,62468000.0,2672448000.0,2710885750.0,270181000.0,0.0,0.0,0.0,1514119000.0,286380000.0,1227739000.0,4405142537.0,184040000.0,131000.0,-13924000.0,-40230000.0,-98135000.0,-216261000.0,-64721000.0,0.0,465022000.0,0.0,204650000.0,204650000.0,204650000.0,0.0,0.0,0.07,300437000.0,374490000.0,142856000.0,0.499,4.397,21.525,21.066,1353202000.0,0.0,44.87,1.505,1.478,391683000.0,729727000.0,2927750000.0,2927750000.0,0.0,0.08,0.214,0.138,0.128,12743000.0,287255000.0,1.0,98175675.0,96415000.0,97416000.0,30.366,2411342000.0,57456000.0,107372000.0,225833000.0,25.01,725256000.0
34,PKG,MRT,2012-12-31,2012-12-31,2012-12-31,2021-09-07,-11991000.0,2453768000.0,2558192000.0,937033000.0,1516735000.0,1.112,10.058,-128500000.0,207393000.0,207393000.0,2209200000.0,160200000.0,3.606,1.531,819498000.0,15964000.0,803534000.0,819498000.0,0.0,175400000.0,0.0,0.026,1.0,437600000.0,613000000.0,0.216,613000000.0,437600000.0,374700000.0,1.66,1.64,1.66,969461000.0,938555250.0,969461000.0,4460386246.0,10.0,7.276,275700000.0,2.86,1.0,634700000.0,0.223,105443000.0,62900000.0,2700584000.0,2745463750.0,268767000.0,0.0,0.0,0.0,1484307000.0,259846000.0,1224461000.0,3777822246.0,51100000.0,-35400000.0,-25300000.0,-40200000.0,-117800000.0,-245600000.0,-107500000.0,0.0,404200000.0,0.0,160200000.0,160200000.0,160200000.0,0.0,0.0,0.056,197100000.0,437600000.0,117510000.0,0.602,3.897,23.582,23.175,1366069000.0,0.0,38.47,1.328,1.304,352142000.0,703728000.0,2843900000.0,2843900000.0,0.0,0.063,0.171,0.159,0.154,11700000.0,280800000.0,1.0,98201774.0,96384000.0,97497000.0,29.506,2348325000.0,87816000.0,214500000.0,125109000.0,24.364,677187000.0
35,PKG,MRT,2012-09-30,2012-09-30,2012-09-30,2021-09-07,-101968000.0,2455150000.0,2547874750.0,924833000.0,1530317000.0,1.084,9.756,-160053000.0,140906000.0,140906000.0,2161691000.0,142254000.0,3.01,1.612,823470000.0,15949000.0,807521000.0,823470000.0,0.0,169800000.0,0.0,0.026,0.95,412847000.0,582647000.0,0.211,582647000.0,412847000.0,350024000.0,1.47,1.44,1.47,940096000.0,928417500.0,940096000.0,4274635883.0,10.0,7.337,200455000.0,2.08,1.0,599913000.0,0.217,106313000.0,62823000.0,2724144000.0,2726995250.0,260772000.0,0.0,0.0,0.0,1515054000.0,307257000.0,1207797000.0,3562662883.0,100789000.0,-57090000.0,-56859000.0,113670000.0,-88735000.0,-97155000.0,-162564000.0,0.0,360508000.0,0.0,142254000.0,142254000.0,142254000.0,0.0,0.0,0.052,187066000.0,412847000.0,147308000.0,0.646,3.79,25.044,24.694,1376457000.0,0.0,36.3,1.29,1.267,379675000.0,670178000.0,2761604000.0,2761604000.0,0.0,0.056,0.153,0.151,0.149,11022000.0,273117000.0,1.0,98144983.0,96360000.0,97349000.0,28.659,2348837000.0,116457000.0,207770000.0,237412000.0,24.376,617576000.0
36,PKG,MRT,2012-06-30,2012-06-30,2012-06-30,2021-09-07,-103035000.0,2831491000.0,2492273000.0,1285686000.0,1545805000.0,1.087,9.585,-204784000.0,515121000.0,515121000.0,2133847000.0,144240000.0,1.863,2.069,1227094000.0,415590000.0,811504000.0,1227094000.0,0.0,167987000.0,0.0,0.032,0.9,391955000.0,559942000.0,0.207,559942000.0,391955000.0,352995000.0,1.48,1.45,1.48,922720000.0,936781250.0,922720000.0,3516091585.0,9.0,6.279,125592000.0,1.305,1.0,575108000.0,0.212,107149000.0,38960000.0,2746367000.0,2640796750.0,258620000.0,0.0,0.0,0.0,1908771000.0,689948000.0,1218823000.0,2768772585.0,395940000.0,-65791000.0,-101075000.0,538775000.0,-84513000.0,286423000.0,-220859000.0,0.0,330376000.0,0.0,144240000.0,144240000.0,144240000.0,0.0,0.0,0.053,183153000.0,391955000.0,134113000.0,0.608,3.001,19.196,19.081,1393730000.0,0.0,28.24,1.022,1.004,353527000.0,661600000.0,2708955000.0,2708955000.0,0.0,0.058,0.154,0.148,0.145,10763000.0,269936000.0,1.0,98044355.0,96266000.0,97411000.0,28.14,2724342000.0,124489000.0,208755000.0,227107000.0,28.3,595738000.0
37,PKG,MRT,2012-03-31,2012-03-31,2012-03-31,2021-09-07,-88865000.0,2492359000.0,2349195500.0,865196000.0,1627163000.0,1.133,9.544,-250573000.0,84017000.0,84017000.0,2108067000.0,138454000.0,2.697,1.703,831336000.0,15918000.0,815418000.0,831336000.0,0.0,166181000.0,0.0,0.029,0.85,375956000.0,542137000.0,0.204,542137000.0,375956000.0,343931000.0,1.4,1.38,1.4,921944000.0,961402500.0,921944000.0,3586392784.0,10.0,6.615,65936000.0,0.683,1.0,553901000.0,0.208,108172000.0,32025000.0,2810760000.0,2535249000.0,263283000.0,0.0,0.0,0.0,1570415000.0,320746000.0,1249669000.0,2912425784.0,-88997000.0,-92871000.0,-115130000.0,145538000.0,-80326000.0,-50089000.0,-355417000.0,0.0,316509000.0,0.0,138454000.0,138454000.0,138454000.0,0.0,0.0,0.052,177945000.0,375956000.0,153028000.0,0.607,3.159,21.035,21.136,1477130000.0,0.0,29.59,1.094,1.074,348272000.0,648693000.0,2661968000.0,2661968000.0,0.0,0.059,0.144,0.148,0.141,10580000.0,263876000.0,1.0,98426015.0,96598000.0,97729000.0,27.557,2384187000.0,143524000.0,205477000.0,252881000.0,24.682,544450000.0
38,PKG,MRT,2011-12-31,2011-12-31,2011-12-31,2021-09-07,-97778000.0,2412499000.0,2281342500.0,812063000.0,1600436000.0,1.148,9.356,-280213000.0,156313000.0,156313000.0,2078088000.0,158027000.0,2.157,1.597,830280000.0,15718000.0,814562000.0,830280000.0,0.0,162839000.0,0.0,0.032,0.8,272749000.0,435588000.0,0.166,435588000.0,272749000.0,243504000.0,1.59,1.57,1.59,928910000.0,986040500.0,928910000.0,3150674635.0,12.0,7.233,65301000.0,0.658,1.0,542023000.0,0.207,83256000.0,29245000.0,2626710000.0,2405439500.0,254675000.0,0.0,0.0,0.0,1483589000.0,376500000.0,1107089000.0,2510426635.0,-40243000.0,-57340000.0,-118011000.0,149330000.0,-76012000.0,-35592000.0,-350165000.0,0.0,345514000.0,0.0,158027000.0,158027000.0,158027000.0,0.0,0.0,0.06,269274000.0,272749000.0,154855000.0,0.503,2.703,15.886,15.874,1476654000.0,0.0,25.24,0.958,0.956,319988000.0,673960000.0,2620111000.0,2620111000.0,0.0,0.069,0.16,0.113,0.104,9736000.0,258551000.0,1.0,99462228.0,99281000.0,100376000.0,26.391,2329243000.0,62789000.0,85477000.0,124379000.0,23.461,435563000.0
39,PKG,MRT,2011-09-30,2011-09-30,2011-09-30,2021-09-07,-62120000.0,2232743000.0,2234695250.0,669911000.0,1562832000.0,1.16,9.832,-303645000.0,40117000.0,40117000.0,2037383000.0,173453000.0,1.588,1.293,680365000.0,109706000.0,570659000.0,680365000.0,0.0,160561000.0,0.0,0.032,0.75,301304000.0,461865000.0,0.178,461865000.0,301304000.0,273794000.0,1.72,1.71,1.72,973551000.0,1006063250.0,973551000.0,2927729686.0,10.0,6.339,72051000.0,0.728,1.0,555073000.0,0.214,71661000.0,27510000.0,2379350000.0,2312641000.0,244375000.0,0.0,0.0,0.0,1259192000.0,421980000.0,837212000.0,2366464686.0,-132703000.0,-35643000.0,-96667000.0,-659000.0,-71485000.0,-157630000.0,-350769000.0,0.0,375696000.0,0.0,173453000.0,173453000.0,173453000.0,0.0,0.0,0.067,253769000.0,301304000.0,176677000.0,0.436,2.431,13.643,13.547,1434362000.0,0.0,23.3,0.913,0.89,338516000.0,678011000.0,2592456000.0,2592456000.0,0.0,0.078,0.172,0.13,0.116,8794000.0,254284000.0,1.0,101565008.0,99020000.0,100030000.0,26.181,2161082000.0,30910000.0,100341000.0,102515000.0,21.825,247931000.0
40,PKG,MRT,2011-06-30,2011-06-30,2011-06-30,2021-09-07,-37320000.0,2259181000.0,2224017500.0,742288000.0,1516893000.0,1.153,10.202,-308162000.0,119181000.0,119181000.0,1980618000.0,224996000.0,1.744,1.212,680446000.0,109694000.0,570752000.0,680446000.0,0.0,158504000.0,0.0,0.025,0.7,217782000.0,376286000.0,0.147,376286000.0,217782000.0,189096000.0,2.22,2.2,2.22,1021205000.0,1004253500.0,1021205000.0,3360806422.0,15.0,8.932,98357000.0,0.983,1.0,583778000.0,0.228,70535000.0,28686000.0,2324176000.0,2273251000.0,226521000.0,0.0,0.0,0.0,1237976000.0,425735000.0,812241000.0,2853295422.0,-62330000.0,-26942000.0,-70112000.0,-649000.0,-66682000.0,-126299000.0,-342550000.0,0.0,406519000.0,0.0,224996000.0,224996000.0,224996000.0,0.0,0.0,0.088,365996000.0,217782000.0,189778000.0,0.315,2.794,12.682,12.608,1401516000.0,0.0,27.99,1.113,1.093,331249000.0,726208000.0,2564396000.0,2564396000.0,0.0,0.101,0.224,0.096,0.085,7922000.0,251692000.0,1.0,101939815.0,100094000.0,101128000.0,25.62,2188646000.0,35332000.0,-35900000.0,111039000.0,21.866,316553000.0
41,PKG,MRT,2011-03-31,2011-03-31,2011-03-31,2021-09-07,-38029000.0,2220947000.0,2210102000.0,772104000.0,1448843000.0,1.138,10.13,-320047000.0,173014000.0,173014000.0,1935832000.0,223658000.0,1.993,1.176,680525000.0,109682000.0,570843000.0,680525000.0,0.0,156953000.0,0.0,0.022,0.65,217669000.0,374622000.0,0.149,374622000.0,217669000.0,187211000.0,2.2,2.18,2.2,1020496000.0,979240500.0,1020496000.0,3441081094.0,16.0,9.185,79319000.0,0.787,1.0,578542000.0,0.23,49625000.0,30458000.0,2291522000.0,2256079500.0,233916000.0,0.0,0.0,0.0,1200451000.0,387311000.0,813140000.0,2957036094.0,-24587000.0,0.0,-49201000.0,-636000.0,-61698000.0,-100414000.0,-323539000.0,0.0,399366000.0,0.0,223658000.0,223658000.0,223658000.0,0.0,0.0,0.089,360873000.0,217669000.0,167822000.0,0.295,2.898,13.221,13.132,1360140000.0,0.0,28.89,1.176,1.158,308816000.0,707059000.0,2514374000.0,2514374000.0,0.0,0.101,0.228,0.096,0.087,7520000.0,247187000.0,1.0,102355005.0,100741000.0,101909000.0,24.959,2171322000.0,35604000.0,-36447000.0,118249000.0,21.554,384793000.0
42,PKG,MRT,2010-12-31,2010-12-31,2010-12-31,2021-09-07,-44381000.0,2225910000.0,2195939000.0,799677000.0,1426233000.0,1.109,9.923,-318687000.0,196556000.0,196556000.0,1903406000.0,205435000.0,1.976,1.206,680601000.0,109670000.0,570931000.0,680601000.0,0.0,156298000.0,0.0,0.023,0.6,185382000.0,341680000.0,0.14,341680000.0,185382000.0,153104000.0,2.02,2.0,2.02,1009001000.0,950530750.0,1009001000.0,3157829722.0,17.0,9.242,31233000.0,0.307,1.0,532200000.0,0.219,49829000.0,32278000.0,2255516000.0,2240107000.0,241142000.0,0.0,0.0,0.0,1216909000.0,404610000.0,812299000.0,2649975722.0,-64171000.0,0.0,-31405000.0,-626000.0,-61798000.0,-92777000.0,-321314000.0,0.0,349920000.0,0.0,205435000.0,205435000.0,205435000.0,0.0,0.0,0.084,346818000.0,185382000.0,155163000.0,0.297,2.626,12.899,12.792,1337986000.0,0.0,25.84,1.088,1.079,294192000.0,690111000.0,2435606000.0,2435606000.0,0.0,0.094,0.216,0.083,0.076,7006000.0,240589000.0,1.0,102553240.0,101678000.0,102608000.0,23.954,2176081000.0,50232000.0,-52331000.0,113842000.0,21.402,395067000.0
43,PKG,MRT,2010-09-30,2010-09-30,2010-09-30,2021-09-07,-54307000.0,2190032000.0,2177671500.0,813017000.0,1377015000.0,1.075,9.494,-275084000.0,172820000.0,172820000.0,1868758000.0,209227000.0,1.908,1.266,680674000.0,109659000.0,571015000.0,680674000.0,0.0,156087000.0,0.0,0.026,0.6,159819000.0,315906000.0,0.135,315906000.0,159819000.0,126146000.0,2.07,2.04,2.07,966312000.0,922991750.0,966312000.0,2900197770.0,18.0,9.181,32795000.0,0.322,1.0,472454000.0,0.202,50033000.0,33673000.0,2221790000.0,2214075500.0,226731000.0,0.0,0.0,0.0,1223720000.0,426063000.0,797657000.0,2400963770.0,-51467000.0,0.0,-20588000.0,-614000.0,-61808000.0,-81979000.0,-277367000.0,0.0,307879000.0,0.0,209227000.0,209227000.0,209227000.0,0.0,0.0,0.089,312635000.0,159819000.0,169944000.0,0.29,2.485,11.475,11.193,1291555000.0,0.0,23.17,1.026,1.007,335000000.0,650565000.0,2341212000.0,2341212000.0,0.0,0.096,0.227,0.072,0.068,6643000.0,235316000.0,1.0,103623814.0,101776000.0,102687000.0,23.004,2139999000.0,57417000.0,-83081000.0,102497000.0,21.027,386954000.0
44,PKG,MRT,2010-06-30,2010-06-30,2010-06-30,2021-09-07,-44188000.0,2203519000.0,2158038750.0,860796000.0,1342723000.0,1.044,9.028,-219073000.0,181511000.0,181511000.0,1835487000.0,188562000.0,2.168,1.392,680745000.0,109648000.0,571097000.0,680745000.0,0.0,154666000.0,0.0,0.027,0.6,268492000.0,423158000.0,0.188,423158000.0,268492000.0,233761000.0,1.86,1.84,1.86,921153000.0,894492750.0,921153000.0,2754857177.0,10.0,6.51,54394000.0,0.533,1.0,416534000.0,0.185,50236000.0,34731000.0,2255490000.0,2195877750.0,207867000.0,0.0,0.0,0.0,1282366000.0,397027000.0,885339000.0,2271646177.0,-11433000.0,-3136000.0,672000.0,-604000.0,-61730000.0,-60675000.0,-224225000.0,0.0,273467000.0,0.0,188562000.0,188562000.0,188562000.0,0.0,0.0,0.084,148042000.0,268492000.0,165835000.0,0.323,2.466,12.047,11.839,1256927000.0,0.0,22.02,1.009,0.998,308665000.0,572672000.0,2252021000.0,2252021000.0,0.0,0.087,0.211,0.122,0.119,6538000.0,230016000.0,1.0,103162860.0,102035000.0,102886000.0,22.071,2153283000.0,132793000.0,45199000.0,190756000.0,21.103,463769000.0
45,PKG,MRT,2010-03-31,2010-03-31,2010-03-31,2021-09-07,-36414000.0,2164295000.0,2118749500.0,873748000.0,1290547000.0,1.032,8.885,-149236000.0,197601000.0,197601000.0,1782575000.0,259413000.0,2.365,1.39,680812000.0,109636000.0,571176000.0,680812000.0,0.0,152926000.0,0.0,0.024,0.6,336463000.0,489389000.0,0.224,489389000.0,336463000.0,300995000.0,2.56,2.54,2.56,905657000.0,862632000.0,905657000.0,2955614437.0,9.0,6.039,120720000.0,1.184,1.0,403368000.0,0.185,50440000.0,35468000.0,2227632000.0,2165517000.0,215631000.0,0.0,0.0,0.0,1258638000.0,369434000.0,889204000.0,2535463437.0,57578000.0,-3136000.0,3507000.0,-594000.0,-61630000.0,-58102000.0,-154276000.0,0.0,269956000.0,0.0,259413000.0,259413000.0,259413000.0,0.0,0.0,0.119,66905000.0,336463000.0,158270000.0,0.234,2.8,9.774,9.613,1204480000.0,0.0,24.61,1.16,1.148,275727000.0,550092000.0,2185943000.0,2185943000.0,0.0,0.122,0.301,0.155,0.154,7257000.0,228189000.0,1.0,103025739.0,101928000.0,102876000.0,21.446,2113855000.0,162790000.0,41582000.0,206203000.0,20.739,504314000.0
46,PKG,MRT,2009-12-31,2009-12-31,2009-12-31,2021-09-07,-36036000.0,2152840000.0,2055716250.0,885214000.0,1267626000.0,1.045,8.849,-114083000.0,260727000.0,260727000.0,1721012000.0,265895000.0,2.386,1.395,680878000.0,109626000.0,571252000.0,680878000.0,0.0,151217000.0,0.0,0.026,0.6,352454000.0,503671000.0,0.235,503671000.0,352454000.0,316971000.0,2.62,2.6,2.62,898845000.0,810197500.0,898845000.0,2826304301.0,8.0,5.611,192048000.0,1.891,1.0,426577000.0,0.199,50644000.0,35483000.0,2151390000.0,2125393500.0,213396000.0,0.0,0.0,0.0,1253995000.0,370957000.0,883038000.0,2369651301.0,111330000.0,-3136000.0,1615000.0,-606000.0,-76898000.0,-75477000.0,-119324000.0,0.0,306131000.0,0.0,265895000.0,265895000.0,265895000.0,0.0,0.0,0.124,74123000.0,352454000.0,126813000.0,0.229,2.636,8.912,8.782,1182504000.0,0.0,23.01,1.103,1.088,243403000.0,546355000.0,2147589000.0,2147589000.0,0.0,0.129,0.328,0.166,0.164,7261000.0,228025000.0,1.0,102983542.0,101577000.0,102358000.0,21.142,2102196000.0,154643000.0,51076000.0,205227000.0,20.696,514257000.0
47,PKG,MRT,2009-09-30,2009-09-30,2009-09-30,2021-09-07,-37185000.0,2111501000.0,2002441500.0,847503000.0,1263998000.0,1.079,8.38,-102525000.0,224287000.0,224287000.0,1708394000.0,237454000.0,2.301,1.477,680940000.0,109615000.0,571325000.0,680940000.0,0.0,149704000.0,0.0,0.037,0.75,333443000.0,483147000.0,0.224,483147000.0,333443000.0,297816000.0,2.33,2.32,2.33,852316000.0,756473500.0,852316000.0,2587976553.0,8.0,5.356,193915000.0,1.906,1.0,452989000.0,0.21,50848000.0,35627000.0,2148999000.0,2102462250.0,208736000.0,0.0,0.0,0.0,1259185000.0,368307000.0,890878000.0,2099920553.0,76320000.0,-3136000.0,-19403000.0,-629000.0,-92553000.0,-112323000.0,-107797000.0,0.0,296440000.0,0.0,237454000.0,237454000.0,237454000.0,0.0,0.0,0.11,119546000.0,333443000.0,116734000.0,0.322,2.464,8.843,8.755,1177593000.0,0.0,20.4,0.972,0.96,274026000.0,503118000.0,2161383000.0,2161383000.0,0.0,0.119,0.314,0.159,0.154,7275000.0,230315000.0,1.0,102937282.0,101713000.0,102536000.0,21.25,2060653000.0,126489000.0,60362000.0,220591000.0,20.259,479196000.0
48,PKG,MRT,2009-06-30,2009-06-30,2009-06-30,2021-09-07,-37581000.0,2046362000.0,1971923750.0,766355000.0,1280007000.0,1.13,7.822,-116729000.0,192944000.0,192944000.0,1754087000.0,202901000.0,2.183,1.578,681000000.0,109604000.0,571396000.0,681000000.0,0.0,148765000.0,0.0,0.056,0.9,305817000.0,454582000.0,0.204,454582000.0,305817000.0,271080000.0,1.99,1.98,1.99,793710000.0,726637000.0,793710000.0,2201093230.0,7.0,4.842,183056000.0,1.804,1.0,474508000.0,0.213,49360000.0,34737000.0,2134047000.0,2075765750.0,206886000.0,0.0,0.0,0.0,1252652000.0,351011000.0,901641000.0,1660059230.0,-104660000.0,0.0,-26649000.0,-150514000.0,-108333000.0,-285317000.0,-119128000.0,0.0,299785000.0,0.0,202901000.0,202901000.0,202901000.0,0.0,0.0,0.091,168691000.0,305817000.0,121447000.0,0.452,2.092,8.182,8.141,1194985000.0,0.0,16.2,0.745,0.738,263448000.0,445899000.0,2228595000.0,2228595000.0,0.0,0.103,0.279,0.147,0.137,9395000.0,233746000.0,1.0,102472792.0,101469000.0,102164000.0,21.963,1997002000.0,83283000.0,68179000.0,212060000.0,19.681,415344000.0
49,PKG,MRT,2009-03-31,2009-03-31,2009-03-31,2021-09-07,-37980000.0,1912162000.0,1992217250.0,615469000.0,1296693000.0,1.152,6.866,-125408000.0,140023000.0,140023000.0,1812192000.0,129212000.0,1.829,1.748,681057000.0,109594000.0,571463000.0,681057000.0,0.0,148189000.0,0.0,0.081,1.05,234273000.0,382462000.0,0.167,382462000.0,234273000.0,200169000.0,1.26,1.25,1.26,695919000.0,709175250.0,695919000.0,1864971248.0,8.0,4.876,150027000.0,1.48,1.0,483205000.0,0.211,49586000.0,34104000.0,2067138000.0,2051900750.0,205453000.0,0.0,0.0,0.0,1216243000.0,336472000.0,879771000.0,1333233248.0,-170345000.0,0.0,-43001000.0,-150446000.0,-124242000.0,-317070000.0,-128710000.0,0.0,275435000.0,0.0,129212000.0,129212000.0,129212000.0,0.0,0.0,0.056,248932000.0,234273000.0,116761000.0,0.833,1.916,10.318,10.333,1210781000.0,0.0,13.02,0.581,0.575,255321000.0,352392000.0,2295397000.0,2295397000.0,0.0,0.065,0.182,0.114,0.102,8043000.0,233391000.0,1.0,102398867.0,101362000.0,102143000.0,22.646,1862576000.0,2537000.0,70957000.0,206481000.0,18.375,278997000.0
50,PKG,MRT,2008-12-31,2008-12-31,2008-12-31,2021-09-07,-38251000.0,1939741000.0,2044399250.0,633173000.0,1306568000.0,1.155,6.656,-131269000.0,149397000.0,149397000.0,1869135000.0,135609000.0,1.749,1.836,681135000.0,109606000.0,571529000.0,681135000.0,0.0,147769000.0,0.0,0.089,1.2,241812000.0,389581000.0,0.165,389581000.0,241812000.0,210143000.0,1.32,1.31,1.32,683949000.0,719361250.0,683949000.0,1887677434.0,8.0,4.845,138053000.0,1.344,1.0,491358000.0,0.208,49832000.0,31669000.0,2059665000.0,2045869750.0,206954000.0,0.0,0.0,0.0,1255792000.0,361982000.0,893810000.0,1378276434.0,-78746000.0,0.0,-63256000.0,-20381000.0,-125057000.0,-213532000.0,-134536000.0,0.0,269322000.0,0.0,135609000.0,135609000.0,135609000.0,0.0,0.0,0.057,249546000.0,241812000.0,101064000.0,0.909,2.015,10.164,10.197,1221019000.0,0.0,13.46,0.584,0.586,254898000.0,342072000.0,2360493000.0,2360493000.0,0.0,0.066,0.189,0.118,0.102,8695000.0,234287000.0,1.0,102397952.0,102753000.0,103593000.0,22.972,1889909000.0,15240000.0,74534000.0,210161000.0,18.393,271191000.0
51,PKG,MRT,2008-09-30,2008-09-30,2008-09-30,2021-09-07,-12021000.0,1989430000.0,2068428250.0,700538000.0,1288892000.0,1.158,7.147,-141889000.0,147967000.0,147967000.0,1885219000.0,149359000.0,1.723,1.714,657368000.0,109055000.0,548313000.0,657368000.0,0.0,146638000.0,0.0,0.052,1.2,265066000.0,411704000.0,0.172,411704000.0,265066000.0,236718000.0,1.45,1.43,1.45,732970000.0,738589250.0,732970000.0,2911369143.0,11.0,7.072,157623000.0,1.537,1.0,509401000.0,0.213,50100000.0,28348000.0,2042213000.0,1998820750.0,209154000.0,0.0,0.0,0.0,1256460000.0,406518000.0,849942000.0,2401660143.0,-46179000.0,0.0,-58210000.0,-20248000.0,-120297000.0,-201471000.0,-144220000.0,1000000.0,299512000.0,0.0,149359000.0,149359000.0,149359000.0,0.0,0.0,0.062,245335000.0,264066000.0,138315000.0,0.828,3.277,16.08,15.986,1200445000.0,0.0,23.18,1.003,0.993,305894000.0,345921000.0,2394620000.0,2394620000.0,0.0,0.072,0.202,0.133,0.111,9371000.0,233655000.0,1.0,103609152.0,102562000.0,103590000.0,23.348,1939330000.0,23714000.0,87359000.0,251464000.0,18.909,294020000.0
52,PKG,MRT,2008-06-30,2008-06-30,2008-06-30,2021-09-07,-12005000.0,2127536000.0,2076409250.0,833733000.0,1293803000.0,1.139,7.021,-135422000.0,297604000.0,297604000.0,1847968000.0,159913000.0,1.521,1.939,807313000.0,259087000.0,548226000.0,807313000.0,0.0,146892000.0,0.0,0.053,1.15,277851000.0,424743000.0,0.18,424743000.0,277851000.0,251827000.0,1.54,1.52,1.54,723863000.0,744775500.0,723863000.0,2729947077.0,10.0,6.427,145859000.0,1.415,1.0,516908000.0,0.219,50369000.0,26024000.0,2038587000.0,1963942500.0,205042000.0,0.0,0.0,0.0,1403673000.0,548289000.0,855384000.0,2233047077.0,89529000.0,0.0,-56315000.0,119747000.0,-115454000.0,-54338000.0,-137414000.0,1000000.0,281281000.0,0.0,159913000.0,159913000.0,159913000.0,0.0,0.0,0.068,240057000.0,276851000.0,133293000.0,0.747,3.085,13.964,13.968,1205014000.0,0.0,21.51,0.944,0.938,295343000.0,338908000.0,2364876000.0,2364876000.0,0.0,0.077,0.215,0.141,0.117,7736000.0,228769000.0,1.0,103814369.0,103100000.0,103890000.0,22.938,2077167000.0,15899000.0,91914000.0,253130000.0,20.147,285444000.0
53,PKG,MRT,2008-03-31,2008-03-31,2008-03-31,2021-09-07,-11828000.0,2120890000.0,2053246000.0,819765000.0,1301125000.0,1.137,7.098,-125465000.0,310368000.0,310368000.0,1804499000.0,170948000.0,1.564,1.879,807268000.0,258780000.0,548488000.0,807268000.0,0.0,147008000.0,0.0,0.049,1.1,293902000.0,440910000.0,0.189,440910000.0,293902000.0,269147000.0,1.64,1.62,1.64,736663000.0,748384750.0,736663000.0,2781280993.0,9.0,6.308,192014000.0,1.85,1.0,529822000.0,0.227,50640000.0,24755000.0,2043014000.0,1969688750.0,204091000.0,0.0,0.0,0.0,1384227000.0,524136000.0,860091000.0,2332175993.0,163074000.0,0.0,-35948000.0,119787000.0,-110428000.0,-28040000.0,-126365000.0,1000000.0,317479000.0,0.0,170948000.0,170948000.0,170948000.0,0.0,0.0,0.073,236920000.0,292902000.0,146733000.0,0.671,3.166,13.643,13.616,1211892000.0,0.0,22.33,0.999,0.993,278779000.0,334869000.0,2334321000.0,2334321000.0,0.0,0.083,0.228,0.149,0.126,8955000.0,228481000.0,1.0,104441379.0,103787000.0,104654000.0,22.491,2070250000.0,9536000.0,98199000.0,249878000.0,19.947,295629000.0
54,PKG,MRT,2007-12-31,2007-12-31,2007-12-31,2021-09-07,-7165000.0,2035857000.0,2016199000.0,733037000.0,1302820000.0,1.149,7.282,-112328000.0,228143000.0,228143000.0,1791358000.0,170066000.0,1.303,1.676,677248000.0,278747000.0,398501000.0,677248000.0,0.0,148091000.0,0.0,0.037,1.05,293452000.0,441543000.0,0.191,441543000.0,293452000.0,267868000.0,1.63,1.61,1.63,760861000.0,741628500.0,760861000.0,3461238679.0,12.0,7.839,187821000.0,1.798,1.0,524648000.0,0.227,50916000.0,25584000.0,1871469000.0,1983674250.0,204356000.0,0.0,0.0,0.0,1274996000.0,562577000.0,712419000.0,2978217679.0,66306000.0,0.0,-10192000.0,-10149000.0,-105048000.0,-120656000.0,-113187000.0,1000000.0,300149000.0,0.0,170066000.0,170066000.0,170066000.0,0.0,0.0,0.073,232196000.0,292452000.0,132197000.0,0.644,3.914,17.512,17.301,1215298000.0,0.0,28.2,1.286,1.272,275921000.0,334060000.0,2316006000.0,2316006000.0,0.0,0.084,0.229,0.148,0.127,8830000.0,225689000.0,1.0,105610556.0,104483000.0,105459000.0,22.166,1984941000.0,17915000.0,97802000.0,246769000.0,18.998,170460000.0
55,PKG,MRT,2007-09-30,2007-09-30,2007-09-30,2021-09-07,-9053000.0,2021354000.0,2003978750.0,726916000.0,1294438000.0,1.142,7.241,-99703000.0,194146000.0,194146000.0,1775443000.0,164474000.0,1.321,1.668,677167000.0,278710000.0,398457000.0,677167000.0,0.0,150248000.0,0.0,0.034,1.0,284684000.0,434932000.0,0.19,434932000.0,284684000.0,257779000.0,1.57,1.57,1.57,757715000.0,724356000.0,757715000.0,3541327510.0,12.0,8.142,182950000.0,1.748,1.0,513439000.0,0.224,51193000.0,26905000.0,1902700000.0,2033758750.0,202668000.0,0.0,0.0,0.0,1263639000.0,550482000.0,713157000.0,3062318510.0,75915000.0,-89000.0,7218000.0,-10146000.0,-104818000.0,-104793000.0,-101945000.0,0.0,282653000.0,0.0,164474000.0,164474000.0,164474000.0,0.0,0.0,0.072,228755000.0,284684000.0,135413000.0,0.637,4.042,18.619,18.516,1208564000.0,0.0,29.07,1.338,1.329,300371000.0,321597000.0,2288882000.0,2288882000.0,0.0,0.082,0.227,0.14,0.124,8387000.0,223394000.0,1.0,105342914.0,104648000.0,105604000.0,21.872,1970161000.0,18947000.0,93305000.0,243677000.0,18.827,176434000.0
56,PKG,MRT,2007-06-30,2007-06-30,2007-06-30,2021-09-07,-8729000.0,2034883000.0,1996738250.0,728067000.0,1306816000.0,1.138,7.061,-86841000.0,208075000.0,208075000.0,1764518000.0,159434000.0,1.816,1.756,687084000.0,119152000.0,567932000.0,687084000.0,0.0,152010000.0,0.0,0.04,1.0,279780000.0,431790000.0,0.19,431790000.0,279780000.0,250777000.0,1.53,1.53,1.53,738300000.0,709616750.0,738300000.0,3203223453.0,11.0,7.418,209577000.0,2.004,1.0,508364000.0,0.224,51470000.0,29003000.0,2061572000.0,2082794500.0,198730000.0,0.0,0.0,0.0,1296583000.0,400850000.0,895733000.0,2663516453.0,113997000.0,-147000.0,16032000.0,-9144000.0,-104458000.0,-93076000.0,-89345000.0,0.0,296418000.0,0.0,159434000.0,159434000.0,159434000.0,0.0,0.0,0.07,228584000.0,279780000.0,133755000.0,0.654,3.608,16.706,16.542,1219606000.0,0.0,25.31,1.172,1.164,289120000.0,299273000.0,2272882000.0,2272882000.0,0.0,0.08,0.225,0.134,0.123,8075000.0,222378000.0,1.0,105235735.0,104567000.0,105518000.0,21.736,1983413000.0,16326000.0,91343000.0,258900000.0,18.968,327217000.0
57,PKG,MRT,2007-03-31,2007-03-31,2007-03-31,2021-09-07,-8404000.0,1972702000.0,1982065000.0,648856000.0,1323846000.0,1.129,6.813,-88856000.0,147294000.0,147294000.0,1758212000.0,145288000.0,1.794,1.78,687001000.0,119150000.0,567851000.0,687001000.0,0.0,154067000.0,0.0,0.041,1.0,257107000.0,411174000.0,0.184,411174000.0,257107000.0,226822000.0,1.4,1.4,1.4,709638000.0,693688500.0,709638000.0,3084675063.0,12.0,7.502,184496000.0,1.771,1.0,480137000.0,0.215,51746000.0,30285000.0,2098956000.0,2098836250.0,200438000.0,0.0,0.0,0.0,1263064000.0,361707000.0,901357000.0,2559595063.0,79439000.0,-4314000.0,11958000.0,-9124000.0,-104161000.0,-97970000.0,-95943000.0,0.0,273352000.0,0.0,145288000.0,145288000.0,145288000.0,0.0,0.0,0.065,223030000.0,257107000.0,125934000.0,0.714,3.607,17.617,17.429,1235915000.0,0.0,24.4,1.144,1.136,275292000.0,279353000.0,2238349000.0,2238349000.0,0.0,0.073,0.209,0.122,0.115,6660000.0,216692000.0,1.0,104901437.0,104166000.0,105065000.0,21.488,1920956000.0,11145000.0,81534000.0,258604000.0,18.441,287149000.0
58,PKG,MRT,2006-12-31,2006-12-31,2006-12-31,2021-09-07,-8079000.0,1986976000.0,1969195500.0,646718000.0,1340258000.0,1.111,6.677,-85379000.0,161837000.0,161837000.0,1743285000.0,125032000.0,1.665,1.872,686917000.0,119147000.0,567770000.0,686917000.0,0.0,154832000.0,0.0,0.045,1.0,225927000.0,380759000.0,0.174,380759000.0,225927000.0,194724000.0,1.21,1.2,1.21,691771000.0,682963500.0,691771000.0,2878315228.0,13.0,7.559,161253000.0,1.557,1.0,443761000.0,0.203,51911000.0,31203000.0,2071807000.0,2111474500.0,195946000.0,0.0,0.0,0.0,1295205000.0,388338000.0,906867000.0,2309714228.0,49168000.0,-4314000.0,7754000.0,-9096000.0,-105052000.0,-103509000.0,-93955000.0,0.0,246632000.0,0.0,125032000.0,125032000.0,125032000.0,0.0,0.0,0.057,217834000.0,225927000.0,119397000.0,0.826,3.339,18.473,18.264,1252291000.0,0.0,22.1,1.056,1.047,263159000.0,269296000.0,2187046000.0,2187046000.0,0.0,0.063,0.183,0.107,0.103,6298000.0,210725000.0,1.0,104511956.0,103599000.0,104485000.0,21.111,1935065000.0,19303000.0,69692000.0,271308000.0,18.678,258380000.0
59,PKG,MRT,2006-09-30,2006-09-30,2006-09-30,2021-09-07,17032000.0,1992392000.0,1965776000.0,631147000.0,1361245000.0,1.072,6.74,-79744000.0,118231000.0,118231000.0,1726595000.0,88291000.0,1.593,1.851,686832000.0,119146000.0,567686000.0,686832000.0,0.0,156341000.0,0.0,0.043,1.0,167665000.0,324006000.0,0.154,324006000.0,167665000.0,136620000.0,0.85,0.84,0.85,698758000.0,680375750.0,698758000.0,3017385962.0,18.0,9.313,141100000.0,1.361,1.0,380106000.0,0.18,66041000.0,31045000.0,2098843000.0,2123529000.0,200637000.0,0.0,0.0,0.0,1293634000.0,396109000.0,897525000.0,2415715962.0,-66198000.0,-4818000.0,-86397000.0,-9068000.0,-105972000.0,-198907000.0,-88135000.0,0.0,220844000.0,0.0,88291000.0,88291000.0,88291000.0,0.0,0.0,0.042,212441000.0,167665000.0,126883000.0,1.176,3.457,27.361,27.294,1259225000.0,0.0,23.2,1.147,1.142,277659000.0,255390000.0,2106701000.0,2106701000.0,0.0,0.045,0.13,0.079,0.08,5646000.0,202310000.0,1.0,104125688.0,103672000.0,104583000.0,20.321,1926351000.0,24615000.0,48329000.0,303806000.0,18.581,235038000.0
60,PKG,MRT,2006-06-30,2006-06-30,2006-06-30,2021-09-07,17809000.0,1976190000.0,1985353750.0,588575000.0,1387615000.0,1.029,6.523,-96464000.0,94078000.0,94078000.0,1717723000.0,55241000.0,1.526,1.929,695748000.0,118142000.0,577606000.0,695748000.0,0.0,157667000.0,0.0,0.045,1.0,117381000.0,275048000.0,0.135,275048000.0,117381000.0,87099000.0,0.53,0.52,0.53,674587000.0,705393250.0,674587000.0,2913290140.0,25.0,10.592,132308000.0,1.279,1.0,326124000.0,0.16,66392000.0,30282000.0,2125739000.0,2140943500.0,194339000.0,0.0,0.0,0.0,1301603000.0,385729000.0,915874000.0,2285830140.0,-71376000.0,-4760000.0,-88771000.0,-40000.0,-106959000.0,-195187000.0,-104961000.0,0.0,228772000.0,0.0,55241000.0,55241000.0,55241000.0,0.0,0.0,0.027,208743000.0,117381000.0,131466000.0,1.887,3.388,41.379,41.547,1284873000.0,0.0,22.02,1.118,1.114,263702000.0,237743000.0,2043847000.0,2043847000.0,0.0,0.028,0.078,0.055,0.057,5004000.0,197706000.0,1.0,103807000.0,103421000.0,104334000.0,19.762,1909798000.0,21796000.0,31858000.0,303513000.0,18.466,202846000.0
61,PKG,MRT,2006-03-31,2006-03-31,2006-03-31,2021-09-07,18586000.0,1921224000.0,2012667250.0,521608000.0,1399616000.0,1.0,6.451,-105383000.0,67855000.0,67855000.0,1701921000.0,50920000.0,1.554,1.882,695315000.0,118030000.0,577285000.0,695315000.0,0.0,158980000.0,0.0,0.045,1.0,114110000.0,273090000.0,0.136,273090000.0,114110000.0,84962000.0,0.48,0.47,0.48,666738000.0,740132000.0,666738000.0,2911056661.0,26.0,10.66,122859000.0,1.189,1.0,310156000.0,0.154,63455000.0,29148000.0,2149509000.0,2163952000.0,185981000.0,0.0,0.0,0.0,1254486000.0,335720000.0,918766000.0,2328522661.0,-112344000.0,-36139000.0,-87418000.0,-101000.0,-107863000.0,-195000000.0,-145586000.0,0.0,228242000.0,0.0,50920000.0,50920000.0,50920000.0,0.0,0.0,0.025,196046000.0,114110000.0,116490000.0,2.083,3.492,45.729,46.75,1299711000.0,0.0,22.44,1.157,1.153,233168000.0,231449000.0,2012077000.0,2012077000.0,0.0,0.025,0.069,0.053,0.057,6022000.0,196098000.0,1.0,103766607.0,103355000.0,104238000.0,19.468,1857769000.0,22989000.0,34042000.0,288458000.0,17.975,185888000.0
62,PKG,MRT,2005-12-31,2005-12-31,2005-12-31,2021-09-07,19363000.0,1973298000.0,2049040500.0,553489000.0,1419809000.0,0.973,6.349,-125117000.0,112669000.0,112669000.0,1686847000.0,52604000.0,1.487,1.896,695203000.0,118030000.0,577173000.0,695203000.0,0.0,159096000.0,0.0,0.044,1.0,116126000.0,275222000.0,0.138,275222000.0,116126000.0,88034000.0,0.49,0.49,0.49,681420000.0,775669000.0,681420000.0,2992008174.0,26.0,10.871,117629000.0,1.096,1.0,306811000.0,0.154,63713000.0,28092000.0,2120025000.0,2184361250.0,191828000.0,0.0,0.0,0.0,1291878000.0,372094000.0,919784000.0,2481346174.0,-100652000.0,-33633000.0,-84884000.0,-169000.0,-96867000.0,-181920000.0,-161478000.0,0.0,242746000.0,0.0,52604000.0,52604000.0,52604000.0,0.0,0.0,0.026,190685000.0,116126000.0,124851000.0,2.041,3.641,47.17,46.837,1320511000.0,0.0,22.95,1.245,1.236,213181000.0,248404000.0,1993658000.0,1993658000.0,0.0,0.026,0.068,0.053,0.058,7094000.0,194041000.0,1.0,108119659.0,107334000.0,108098000.0,18.574,1909585000.0,28975000.0,35430000.0,295279000.0,17.791,181395000.0
63,PKG,MRT,2005-09-30,2005-09-30,2005-09-30,2021-09-07,20140000.0,2070703000.0,2076409500.0,641375000.0,1429328000.0,0.97,7.419,-130963000.0,184429000.0,184429000.0,1675511000.0,89319000.0,1.787,1.592,695091000.0,118030000.0,577061000.0,695091000.0,0.0,159396000.0,0.0,0.046,0.9,175656000.0,335052000.0,0.166,335052000.0,175656000.0,147305000.0,0.84,0.84,0.84,798828000.0,809706500.0,798828000.0,2626141210.0,15.0,7.838,149847000.0,1.392,1.0,338088000.0,0.168,53988000.0,28351000.0,2168501000.0,2206138250.0,187645000.0,0.0,0.0,0.0,1271875000.0,358876000.0,912999000.0,2096617210.0,65062000.0,-3616000.0,7883000.0,-100000.0,-85876000.0,-78093000.0,-137655000.0,0.0,280810000.0,0.0,89319000.0,89319000.0,89319000.0,0.0,0.0,0.044,164176000.0,173912000.0,142198000.0,1.071,2.625,23.473,23.107,1338914000.0,0.0,19.41,1.041,1.038,227936000.0,273789000.0,2013599000.0,2013599000.0,0.0,0.043,0.11,0.08,0.087,7335000.0,195309000.0,1.0,108017373.0,107672000.0,108311000.0,18.701,2016715000.0,29753000.0,57986000.0,297437000.0,18.73,282499000.0
64,PKG,MRT,2005-06-30,2005-06-30,2005-06-30,2021-09-07,20917000.0,2085444000.0,2050948500.0,644853000.0,1440591000.0,0.975,7.574,-122084000.0,165454000.0,165454000.0,1644599000.0,103360000.0,1.88,1.563,694978000.0,109030000.0,585948000.0,694978000.0,0.0,159398000.0,0.0,0.038,0.8,197457000.0,356855000.0,0.178,356855000.0,197457000.0,168758000.0,0.97,0.97,0.97,813542000.0,809199250.0,813542000.0,2776154435.0,14.0,7.78,140787000.0,1.311,1.0,355566000.0,0.178,54168000.0,28699000.0,2217773000.0,2215080250.0,187261000.0,0.0,0.0,0.0,1271902000.0,343027000.0,928875000.0,2261417435.0,68187000.0,-3820000.0,9402000.0,-170000.0,-74879000.0,-65647000.0,-129037000.0,0.0,262871000.0,0.0,103360000.0,103360000.0,103360000.0,0.0,0.0,0.052,159853000.0,195713000.0,140460000.0,0.825,2.78,21.879,21.701,1348191000.0,0.0,21.05,1.131,1.13,235832000.0,290250000.0,2000165000.0,2000165000.0,0.0,0.05,0.128,0.089,0.099,9491000.0,192469000.0,1.0,107430757.0,107418000.0,108225000.0,18.62,2031276000.0,29385000.0,65398000.0,299244000.0,18.91,301826000.0
65,PKG,MRT,2005-03-31,2005-03-31,2005-03-31,2021-09-07,21693000.0,2066717000.0,2013377750.0,660834000.0,1405883000.0,0.968,7.558,-116328000.0,180199000.0,180199000.0,1617904000.0,87934000.0,2.012,1.555,694936000.0,109100000.0,585836000.0,694936000.0,0.0,158609000.0,0.0,0.029,0.7,171221000.0,329830000.0,0.169,329830000.0,171221000.0,142054000.0,0.83,0.82,0.83,808886000.0,801206250.0,808886000.0,3089361456.0,18.0,9.367,112626000.0,1.052,1.0,330351000.0,0.17,21927000.0,29167000.0,2231146000.0,2213328000.0,184487000.0,0.0,0.0,0.0,1257831000.0,328381000.0,929450000.0,2607790456.0,89892000.0,31341000.0,10520000.0,-100000.0,-63939000.0,-53519000.0,-85543000.0,2000000.0,228954000.0,0.0,87934000.0,87934000.0,87934000.0,0.0,0.0,0.045,161130000.0,169221000.0,147368000.0,0.843,3.224,29.656,29.265,1344686000.0,0.0,24.29,1.339,1.334,227404000.0,289431000.0,1948255000.0,1948255000.0,0.0,0.044,0.11,0.077,0.088,7535000.0,185106000.0,1.0,107360661.0,107019000.0,108053000.0,18.205,2044790000.0,53361000.0,54120000.0,301975000.0,19.107,332453000.0
66,PKG,MRT,2004-12-31,2004-12-31,2004-12-31,2021-09-07,22469000.0,2082774000.0,1978255500.0,677061000.0,1405713000.0,0.955,7.687,-107317000.0,213321000.0,213321000.0,1592371000.0,68730000.0,2.02,1.548,694892000.0,109168000.0,585724000.0,694892000.0,0.0,158908000.0,0.0,0.025,0.6,140491000.0,299399000.0,0.158,299399000.0,140491000.0,110915000.0,0.65,0.64,0.65,817570000.0,794172250.0,817570000.0,3094073821.0,22.0,10.334,108026000.0,1.016,1.0,297714000.0,0.158,22108000.0,29576000.0,2207133000.0,2206076750.0,179348000.0,0.0,0.0,0.0,1265204000.0,335104000.0,930100000.0,2518729821.0,41299000.0,-9082000.0,10398000.0,-3899000.0,-63729000.0,-57230000.0,-116814000.0,2000000.0,215343000.0,0.0,68730000.0,68730000.0,68730000.0,0.0,0.0,0.036,159223000.0,138491000.0,112905000.0,0.923,3.081,36.647,36.231,1345154000.0,0.0,23.55,1.333,1.325,216594000.0,303662000.0,1890085000.0,1890085000.0,0.0,0.035,0.087,0.064,0.074,8036000.0,180824000.0,1.0,106952434.0,106358000.0,107570000.0,17.771,2060666000.0,59113000.0,42185000.0,306569000.0,19.375,341957000.0
67,PKG,MRT,2004-09-30,2004-09-30,2004-09-30,2021-09-07,23280000.0,1968859000.0,1953843500.0,557994000.0,1410865000.0,0.936,7.475,-109974000.0,119367000.0,119367000.0,1550520000.0,30533000.0,1.746,1.471,694711000.0,109099000.0,585612000.0,694711000.0,0.0,158367000.0,0.0,0.025,0.6,79481000.0,237848000.0,0.13,237848000.0,79481000.0,49451000.0,0.29,0.28,0.29,796799000.0,789149750.0,796799000.0,3216705617.0,40.0,13.524,88003000.0,0.826,1.0,278112000.0,0.152,20405000.0,30030000.0,2204269000.0,2194941750.0,175870000.0,0.0,0.0,0.0,1172060000.0,319529000.0,852531000.0,2613218617.0,2716000.0,-38359000.0,14588000.0,-14884000.0,-47693000.0,-48379000.0,-146882000.0,2000000.0,197977000.0,0.0,30533000.0,30533000.0,30533000.0,0.0,0.0,0.017,201991000.0,76121000.0,116975000.0,2.069,3.28,85.587,84.379,1353416000.0,0.0,24.47,1.429,1.427,226068000.0,283443000.0,1828632000.0,1828632000.0,0.0,0.016,0.039,0.036,0.043,12717000.0,176525000.0,1.0,106792751.0,106602000.0,107765000.0,17.154,1948454000.0,23708000.0,18918000.0,234678000.0,18.278,238465000.0
68,PKG,MRT,2004-06-30,2004-06-30,2004-06-30,2021-09-07,24058000.0,1935161000.0,1959525250.0,504668000.0,1430493000.0,0.906,7.362,-115092000.0,91181000.0,91181000.0,1515938000.0,-26410000.0,1.638,1.476,694668000.0,109099000.0,585569000.0,694668000.0,0.0,158096000.0,0.0,0.019,0.45,60905000.0,219001000.0,0.123,219001000.0,60905000.0,-44288000.0,-0.25,-0.26,-0.25,781570000.0,790764000.0,781570000.0,3145272116.0,52.0,14.362,98889000.0,0.932,1.0,258540000.0,0.146,19793000.0,105193000.0,2210764000.0,2213578000.0,166247000.0,0.0,0.0,0.0,1153591000.0,308091000.0,845500000.0,2538305116.0,-34184000.0,-37390000.0,15371000.0,-100319000.0,-31749000.0,-96588000.0,-151577000.0,2000000.0,213981000.0,0.0,-26410000.0,-26410000.0,-26410000.0,0.0,0.0,-0.015,200995000.0,57545000.0,114239000.0,-1.8,3.248,-96.112,-95.6,1371557000.0,0.0,23.9,1.43,1.43,206892000.0,273805000.0,1774478000.0,1774478000.0,0.0,-0.013,-0.033,0.028,0.034,12310000.0,175230000.0,1.0,106205235.0,106157000.0,107454000.0,16.716,1915368000.0,24083000.0,-17878000.0,226363000.0,18.043,196577000.0
69,PKG,MRT,2004-03-31,2004-03-31,2004-03-31,2021-09-07,24834000.0,1926228000.0,1976658750.0,482909000.0,1443319000.0,0.882,7.376,-117416000.0,87589000.0,87589000.0,1477202000.0,-28070000.0,1.552,1.467,694556000.0,109099000.0,585457000.0,694556000.0,0.0,157337000.0,0.0,0.013,0.3,66176000.0,223513000.0,0.128,223513000.0,66176000.0,-47189000.0,-0.27,-0.27,-0.27,780750000.0,798404250.0,780750000.0,2918693028.0,44.0,13.058,89008000.0,0.841,1.0,266331000.0,0.153,19992000.0,113365000.0,2202141000.0,2240878250.0,164017000.0,0.0,0.0,0.0,1145478000.0,311062000.0,834416000.0,2392754028.0,-49708000.0,-40569000.0,-59000.0,-100312000.0,-15839000.0,-96101000.0,-160031000.0,0.0,206424000.0,0.0,-28070000.0,-28070000.0,-28070000.0,0.0,0.0,-0.016,200155000.0,66176000.0,123964000.0,-1.111,3.065,-85.242,-83.556,1384409000.0,0.0,22.56,1.372,1.37,188866000.0,276123000.0,1743533000.0,1743533000.0,0.0,-0.014,-0.035,0.03,0.038,12781000.0,174390000.0,1.0,106061792.0,105845000.0,105845000.0,16.473,1906236000.0,24196000.0,-19119000.0,218264000.0,18.01,171847000.0
70,PKG,MRT,2003-12-31,2003-12-31,2003-12-31,2021-09-07,25607000.0,1985126000.0,1995242500.0,566534000.0,1418592000.0,0.87,7.622,-112200000.0,172022000.0,172022000.0,1437667000.0,-14358000.0,1.652,1.489,697961000.0,112763000.0,585198000.0,697961000.0,0.0,156669000.0,0.0,0.007,0.15,96856000.0,253525000.0,0.146,253525000.0,96856000.0,-24874000.0,-0.14,-0.14,-0.14,797480000.0,803913000.0,797480000.0,2896893436.0,30.0,11.426,131510000.0,1.257,1.0,297867000.0,0.172,5495000.0,121730000.0,2162593000.0,2263913250.0,166312000.0,0.0,0.0,0.0,1187646000.0,342977000.0,844669000.0,2304779436.0,40717000.0,-2652000.0,-5879000.0,-100461000.0,0.0,-86231000.0,-116762000.0,0.0,243710000.0,0.0,-14358000.0,-14358000.0,-14358000.0,0.0,0.0,-0.008,201011000.0,96856000.0,126924000.0,-1.071,2.89,-160.522,-156.143,1372823000.0,0.0,21.86,1.328,1.318,190862000.0,298869000.0,1735534000.0,1735534000.0,0.0,-0.007,-0.018,0.043,0.056,11261000.0,173861000.0,1.0,105433643.0,104628000.0,104628000.0,16.588,1979631000.0,29703000.0,-10516000.0,230949000.0,18.921,223557000.0
71,PKG,MRT,2003-09-30,2003-09-30,2003-09-30,2021-09-07,26352000.0,1991586000.0,1994598750.0,570437000.0,1421149000.0,0.864,7.701,-112236000.0,116651000.0,116651000.0,1413550000.0,-2175000.0,1.894,1.479,708765000.0,109070000.0,599695000.0,708765000.0,0.0,154836000.0,0.0,0.0,0.0,125839000.0,280675000.0,0.163,280675000.0,125839000.0,-4673000.0,-0.02,-0.02,-0.02,803256000.0,803511750.0,803256000.0,2631678030.0,21.0,9.376,103661000.0,0.994,1.0,308979000.0,0.179,3764000.0,130512000.0,2278814000.0,2296464750.0,166480000.0,0.0,0.0,0.0,1188330000.0,301122000.0,887208000.0,2024919031.0,-13041000.0,-2799000.0,-14990000.0,-115537000.0,0.0,-110028000.0,-118910000.0,0.0,215897000.0,0.0,-2175000.0,-2175000.0,-2175000.0,0.0,0.0,-0.001,180036000.0,128943000.0,97064000.0,0.0,2.521,-930.997,-971.0,1376331000.0,0.0,19.42,1.176,1.176,202465000.0,314530000.0,1722529000.0,1722529000.0,0.0,-0.001,-0.003,0.055,0.073,6267000.0,171992000.0,1.0,104269775.0,104303000.0,104303000.0,16.515,1987822000.0,54240000.0,-2498000.0,267525000.0,19.058,269315000.0
72,PKG,MRT,2003-06-30,2003-06-30,2003-06-30,2021-09-07,9466000.0,2003695000.0,2003422250.0,554697000.0,1448998000.0,0.865,7.778,-105722000.0,131451000.0,131451000.0,1416311000.0,44759000.0,1.935,1.467,738210000.0,109070000.0,629140000.0,738210000.0,0.0,152106000.0,0.0,0.0,0.0,136347000.0,288453000.0,0.166,288453000.0,136347000.0,71679000.0,0.43,0.43,0.43,812131000.0,799225750.0,812131000.0,2527188424.0,19.0,8.761,126771000.0,1.214,1.0,317189000.0,0.183,3794000.0,64668000.0,2319965000.0,2340148000.0,164553000.0,0.0,0.0,0.0,1191564000.0,286695000.0,904869000.0,1929004424.0,42019000.0,-3564000.0,-36657000.0,-39094000.0,0.0,-75751000.0,-114723000.0,0.0,232493000.0,0.0,44759000.0,44759000.0,44759000.0,0.0,0.0,0.026,177738000.0,139451000.0,91405000.0,0.0,2.375,43.098,42.86,1388712000.0,0.0,18.43,1.113,1.11,193753000.0,346866000.0,1733500000.0,1733500000.0,0.0,0.022,0.056,0.058,0.079,4241000.0,168729000.0,1.0,104666545.0,104419000.0,106221000.0,16.601,1999901000.0,10105000.0,26920000.0,256160000.0,19.153,268002000.0
73,PKG,MRT,2003-03-31,2003-03-31,2003-03-31,2021-09-07,-415000.0,2000563000.0,1998589750.0,542829000.0,1457734000.0,0.873,7.676,-103660000.0,140015000.0,140015000.0,1422032000.0,45680000.0,1.805,1.492,738199000.0,109070000.0,629129000.0,738199000.0,0.0,150636000.0,0.0,0.0,0.0,139592000.0,290228000.0,0.166,290228000.0,139592000.0,73344000.0,0.44,0.44,0.44,802785000.0,793239750.0,802785000.0,2494395421.0,18.0,8.595,131559000.0,1.258,1.0,322388000.0,0.185,3765000.0,66248000.0,2294281000.0,2380515500.0,161593000.0,0.0,0.0,0.0,1197778000.0,300701000.0,897077000.0,1883487421.0,62597000.0,0.0,-25207000.0,-39094000.0,0.0,-64301000.0,-108321000.0,0.0,235219000.0,0.0,45680000.0,45680000.0,45680000.0,0.0,0.0,0.026,182796000.0,139592000.0,96511000.0,0.0,2.346,41.232,40.932,1395667000.0,0.0,18.01,1.08,1.08,190081000.0,336192000.0,1744420000.0,1744420000.0,0.0,0.023,0.058,0.059,0.08,4343000.0,171586000.0,1.0,104580090.0,104580000.0,106427000.0,16.68,1996798000.0,15255000.0,27664000.0,248644000.0,19.093,242128000.0
74,PKG,MRT,2002-12-31,2002-12-31,2002-12-31,2021-09-07,-812000.0,1982551000.0,1990618750.0,509554000.0,1472997000.0,0.872,7.576,-104598000.0,131305000.0,131305000.0,1411223000.0,48179000.0,1.717,1.491,742213000.0,113094000.0,629119000.0,742213000.0,0.0,149380000.0,0.0,0.0,0.0,145280000.0,294660000.0,0.17,294660000.0,145280000.0,77614000.0,0.46,0.45,0.46,795875000.0,786794750.0,795875000.0,2543609108.0,18.0,8.632,135418000.0,1.289,1.0,324635000.0,0.187,3854000.0,67666000.0,2292799000.0,2425486250.0,160549000.0,0.0,0.0,0.0,1186676000.0,296806000.0,889870000.0,1905099108.0,48840000.0,0.0,-28505000.0,-53046000.0,0.0,-81551000.0,-109625000.0,0.0,240016000.0,0.0,48179000.0,48179000.0,48179000.0,0.0,0.0,0.028,179355000.0,145280000.0,85807000.0,0.0,2.394,39.542,39.652,1408980000.0,0.0,18.24,1.097,1.104,175716000.0,329065000.0,1735858000.0,1735858000.0,0.0,0.024,0.061,0.06,0.084,4212000.0,171286000.0,1.0,104446223.0,105053000.0,107208000.0,16.524,1978697000.0,19384000.0,29435000.0,241372000.0,18.835,212748000.0
75,PKG,MRT,2002-09-30,2002-09-30,2002-09-30,2021-09-07,-1615000.0,2026880000.0,1987926000.0,548030000.0,1478850000.0,0.871,7.503,-101377000.0,129692000.0,129692000.0,1398434000.0,54205000.0,2.636,1.578,768202000.0,94000.0,768108000.0,768202000.0,0.0,147401000.0,0.0,0.0,0.0,158342000.0,305743000.0,0.177,305743000.0,158342000.0,88327000.0,0.51,0.51,0.51,786112000.0,780284500.0,786112000.0,2519914397.0,16.0,8.242,148953000.0,1.422,1.0,332344000.0,0.192,3942000.0,70015000.0,2453547000.0,2474436500.0,157700000.0,0.0,0.0,0.0,1240768000.0,207901000.0,1032867000.0,1832084397.0,64395000.0,0.0,-29982000.0,-48046000.0,0.0,-78028000.0,-107907000.0,0.0,250330000.0,0.0,54205000.0,54205000.0,54205000.0,0.0,0.0,0.031,174472000.0,157872000.0,94833000.0,0.0,2.331,33.799,34.333,1411595000.0,0.0,17.51,1.059,1.06,201536000.0,316705000.0,1730778000.0,1730778000.0,0.0,0.027,0.069,0.064,0.091,13011000.0,167603000.0,1.0,104630748.0,104775000.0,106863000.0,16.519,2022938000.0,40368000.0,34122000.0,245914000.0,19.307,340129000.0
76,PKG,MRT,2002-06-30,2002-06-30,2002-06-30,2021-09-07,-2136000.0,1984365000.0,1981933250.0,487152000.0,1497213000.0,0.873,7.469,-119207000.0,89432000.0,89432000.0,1375853000.0,68761000.0,2.609,1.518,777262000.0,94000.0,777168000.0,777262000.0,0.0,145955000.0,0.0,0.0,0.0,183671000.0,329626000.0,0.19,329626000.0,183671000.0,112586000.0,0.65,0.64,0.65,788187000.0,770519750.0,788187000.0,2799858841.0,15.0,8.494,152792000.0,1.448,1.0,354569000.0,0.205,4030000.0,71085000.0,2481435000.0,2490458250.0,152797000.0,0.0,0.0,0.0,1196178000.0,186730000.0,1009448000.0,2100025841.0,73743000.0,-4000.0,-35921000.0,-39046000.0,0.0,-74967000.0,-123289000.0,0.0,271999000.0,0.0,68761000.0,68761000.0,68761000.0,0.0,0.0,0.04,171368000.0,183201000.0,100201000.0,0.0,2.664,30.541,30.6,1430088000.0,0.0,19.89,1.214,1.213,205462000.0,302107000.0,1730422000.0,1730422000.0,0.0,0.035,0.089,0.074,0.106,12247000.0,165572000.0,1.0,105581993.0,105527000.0,107810000.0,16.398,1980335000.0,15466000.0,43825000.0,213949000.0,18.766,300422000.0
77,PKG,MRT,2002-03-31,2002-03-31,2002-03-31,2021-09-07,-1353000.0,1968679000.0,1969537500.0,459364000.0,1509315000.0,0.889,7.367,-131038000.0,77418000.0,77418000.0,1366936000.0,88425000.0,2.415,1.534,777251000.0,81000.0,777170000.0,777251000.0,0.0,144146000.0,0.0,0.0,0.0,216665000.0,360811000.0,0.206,360811000.0,216665000.0,144020000.0,0.83,0.82,0.83,777005000.0,759467750.0,777005000.0,2799091337.0,13.0,7.758,158326000.0,1.501,1.0,383060000.0,0.219,4097000.0,72645000.0,2474164000.0,2507247500.0,160389000.0,0.0,0.0,0.0,1191674000.0,190251000.0,1001423000.0,2086339337.0,31147000.0,-4827000.0,-37461000.0,-81046000.0,0.0,-118507000.0,-139710000.0,0.0,289364000.0,0.0,88425000.0,88425000.0,88425000.0,0.0,0.0,0.051,167084000.0,215976000.0,96225000.0,0.0,2.685,23.594,23.843,1440268000.0,0.0,19.79,1.192,1.193,188396000.0,290512000.0,1749996000.0,1749996000.0,0.0,0.045,0.116,0.086,0.124,10889000.0,162778000.0,1.0,105423918.0,105476000.0,107760000.0,16.591,1964582000.0,14987000.0,55595000.0,204296000.0,18.626,269113000.0
78,PKG,MRT,2001-12-31,2001-12-31,2001-12-31,2021-09-07,-2967000.0,1971780000.0,1964073500.0,448217000.0,1523563000.0,0.911,7.244,-126588000.0,82465000.0,82465000.0,1374130000.0,106418000.0,2.336,1.561,795217000.0,54000.0,795163000.0,795217000.0,0.0,141516000.0,0.0,0.0,0.0,248960000.0,390476000.0,0.218,390476000.0,248960000.0,173939000.0,1.0,0.98,1.0,769834000.0,744128750.0,769834000.0,2667088498.0,11.0,6.83,187709000.0,1.766,1.0,415826000.0,0.232,4037000.0,75021000.0,2488600000.0,2529400000.0,170173000.0,0.0,0.0,0.0,1201946000.0,191895000.0,1010051000.0,1916179498.0,74573000.0,-4827000.0,-30603000.0,-74239000.0,0.0,-104842000.0,-134882000.0,0.0,314297000.0,0.0,106418000.0,106418000.0,106418000.0,0.0,0.0,0.059,166371000.0,249455000.0,93873000.0,0.0,2.489,18.006,18.15,1451224000.0,0.0,18.15,1.071,1.078,170175000.0,280886000.0,1789956000.0,1789956000.0,0.0,0.054,0.143,0.098,0.139,9562000.0,162065000.0,1.0,105574628.0,106277000.0,108801000.0,16.842,1967743000.0,13346000.0,67521000.0,194452000.0,18.515,256322000.0
79,PKG,MRT,2001-09-30,2001-09-30,2001-09-30,2021-09-07,-3440000.0,2002909000.0,1956656500.0,473497000.0,1529412000.0,0.942,7.006,-137642000.0,65297000.0,65297000.0,1385625000.0,151401000.0,2.037,1.681,816206000.0,70000.0,816136000.0,816206000.0,0.0,139984000.0,0.0,0.0,0.0,336312000.0,476296000.0,0.258,476296000.0,336312000.0,254670000.0,1.44,1.4,1.44,747053000.0,723526250.0,747053000.0,2451494320.0,7.0,5.147,201855000.0,1.893,1.0,457149000.0,0.248,3681000.0,81642000.0,2517634000.0,2553082000.0,157354000.0,0.0,0.0,0.0,1255856000.0,232503000.0,1023353000.0,1650917320.0,28624000.0,-4827000.0,-24065000.0,-386240000.0,0.0,-413870000.0,102997000.0,0.0,339497000.0,0.0,151401000.0,132764000.0,132764000.0,0.0,0.0,0.072,169376000.0,287773000.0,113986000.0,0.0,2.21,12.435,10.729,1452620000.0,0.0,15.45,0.896,0.894,222652000.0,262500000.0,1842774000.0,1842774000.0,0.0,0.068,0.183,0.132,0.183,0.0,166129000.0,1.0,106855490.0,106631000.0,109264000.0,17.282,1999228000.0,17706000.0,103269000.0,184609000.0,18.749,240994000.0
80,PKG,MRT,2001-06-30,2001-06-30,2001-06-30,2021-09-07,-1256000.0,1934782000.0,1997098250.0,404781000.0,1530001000.0,0.939,6.98,-127726000.0,15689000.0,15689000.0,1389684000.0,162256000.0,2.212,1.601,816266000.0,70000.0,816196000.0,816266000.0,0.0,139606000.0,0.0,0.0,0.0,367516000.0,507122000.0,0.27,507122000.0,367516000.0,273808000.0,1.54,1.5,1.54,743979000.0,692551750.0,743979000.0,2468068941.0,7.0,4.867,228707000.0,2.146,1.0,485552000.0,0.259,3748000.0,93708000.0,2548592000.0,2694858500.0,152188000.0,0.0,0.0,0.0,1190803000.0,183019000.0,1007784000.0,1656084941.0,11312000.0,-5323000.0,431000.0,-455001000.0,0.0,-458135000.0,113014000.0,0.0,356433000.0,0.0,162256000.0,143619000.0,143619000.0,0.0,0.0,0.077,166575000.0,318977000.0,101719000.0,0.0,2.226,11.531,10.084,1450026000.0,0.0,15.53,0.883,0.883,208605000.0,233346000.0,1875236000.0,1875236000.0,0.0,0.072,0.207,0.136,0.196,0.0,163699000.0,1.0,106637794.0,106584000.0,109119000.0,17.594,1931034000.0,14221000.0,111552000.0,173071000.0,18.117,221762000.0
81,PKG,MRT,2001-03-31,2001-03-31,2001-03-31,2021-09-07,-857000.0,1946823000.0,2052092500.0,423182000.0,1523641000.0,0.926,6.725,-126815000.0,46271000.0,46271000.0,1398609000.0,164274000.0,2.178,1.72,858255000.0,70000.0,858185000.0,858255000.0,0.0,139254000.0,0.0,0.0,0.0,386499000.0,525753000.0,0.277,525753000.0,386499000.0,279496000.0,1.56,1.52,1.56,715649000.0,652194250.0,715649000.0,2267782574.0,6.0,4.313,237229000.0,2.229,1.0,502035000.0,0.264,1701000.0,107003000.0,2562774000.0,2855657500.0,153259000.0,0.0,0.0,0.0,1231174000.0,194332000.0,1036842000.0,1406260574.0,21987000.0,-500000.0,2796000.0,-457634000.0,0.0,-458403000.0,116346000.0,0.0,364044000.0,0.0,164274000.0,145637000.0,145637000.0,0.0,0.0,0.077,163856000.0,338179000.0,100196000.0,0.0,1.965,9.656,8.462,1443155000.0,0.0,13.2,0.74,0.739,203979000.0,202087000.0,1900644000.0,1900644000.0,0.0,0.071,0.223,0.135,0.203,0.0,160891000.0,1.0,106534892.0,106414000.0,108959000.0,17.861,1945122000.0,8300000.0,115222000.0,161035000.0,18.279,228850000.0
82,PKG,MRT,2000-12-31,2000-12-31,2000-12-31,2021-09-07,0.0,1942112000.0,2104600750.0,403709000.0,1538403000.0,0.913,6.554,-125742000.0,7892000.0,7892000.0,1418465000.0,161901000.0,1.847,1.825,869414000.0,239000.0,869175000.0,869414000.0,0.0,140841000.0,0.0,0.0,0.0,393774000.0,534615000.0,0.278,534615000.0,393774000.0,276091000.0,1.37,1.33,1.37,687424000.0,610641000.0,687424000.0,2879290852.0,7.0,5.386,215261000.0,2.052,1.0,503403000.0,0.262,1758000.0,117683000.0,2583328000.0,3026082000.0,159712000.0,0.0,0.0,0.0,1254688000.0,218548000.0,1036140000.0,1709559852.0,-2408000.0,-500000.0,127861000.0,-460221000.0,0.0,-460357000.0,116946000.0,0.0,341003000.0,0.0,161901000.0,143264000.0,143264000.0,0.0,0.0,0.075,158565000.0,344838000.0,113701000.0,0.0,2.487,11.933,11.766,1455990000.0,18637000.0,16.12,0.89,0.88,215994000.0,174468000.0,1921868000.0,1921868000.0,0.0,0.068,0.235,0.13,0.205,0.0,158565000.0,1.0,106052100.0,104890000.0,107518000.0,18.323,1940354000.0,14356000.0,114190000.0,151728000.0,18.499,185161000.0
83,PKG,MRT,2000-09-30,2000-09-30,2000-09-30,2021-09-07,0.0,2164676000.0,2157374750.0,436091000.0,1728585000.0,0.907,5.881,-122746000.0,36673000.0,36673000.0,1469478000.0,118099000.0,1.756,2.474,1206404000.0,12362000.0,1194042000.0,1206404000.0,0.0,140016000.0,0.0,0.0,0.0,333965000.0,473981000.0,0.242,473981000.0,333965000.0,207719000.0,0.93,0.9,0.93,623155000.0,542959750.0,623155000.0,2441548000.0,7.0,5.151,201085000.0,1.898,1.0,487264000.0,0.249,1362000.0,126246000.0,3084740000.0,3191234250.0,159555000.0,550000.0,550000.0,0.0,1541521000.0,248305000.0,1293216000.0,1170701000.0,5474000.0,-500000.0,126962000.0,-457615000.0,0.0,-456230000.0,137873000.0,0.0,323831000.0,0.0,118099000.0,95975000.0,95975000.0,0.0,0.0,0.049,173743000.0,313521000.0,109576000.0,0.0,1.879,12.198,11.892,1630266000.0,22124000.0,11.06,0.598,0.599,227227000.0,111099000.0,1956742000.0,1956742000.0,0.0,0.044,0.177,0.105,0.171,0.0,170778000.0,1.0,105850000.0,105964000.0,108295000.0,18.466,2163314000.0,0.0,89620000.0,104449000.0,20.416,187786000.0
84,PKG,MRT,2000-06-30,2000-06-30,2000-06-30,2021-09-07,0.0,2154759000.0,2222665500.0,414699000.0,1740060000.0,0.86,5.504,-119689000.0,4377000.0,4377000.0,1462579000.0,92258000.0,1.784,2.699,1275224000.0,42111000.0,1233113000.0,1275224000.0,0.0,143169000.0,0.0,0.0,0.0,301222000.0,444391000.0,0.232,444391000.0,301222000.0,165314000.0,0.67,0.64,0.67,582549000.0,476601000.0,582549000.0,2363201000.0,8.0,5.318,95966000.0,0.907,1.0,449990000.0,0.235,1419000.0,135908000.0,3191788000.0,3379391000.0,155244000.0,618000.0,618000.0,0.0,1572210000.0,232399000.0,1339811000.0,1071202000.0,-42477000.0,0.0,126364000.0,-413845000.0,0.0,-394418000.0,136286000.0,0.0,215655000.0,0.0,92258000.0,67003000.0,67003000.0,0.0,0.0,0.035,169534000.0,280456000.0,110041000.0,0.0,1.839,15.987,15.104,1638440000.0,25255000.0,10.12,0.56,0.56,229376000.0,71090000.0,1912569000.0,1912569000.0,0.0,0.03,0.141,0.089,0.157,0.0,168734000.0,1.0,105850000.0,105850000.0,108193000.0,18.069,2153340000.0,7604000.0,73056000.0,99105000.0,20.343,182300000.0
85,PKG,MRT,2000-03-31,2000-03-31,2000-03-31,2021-09-07,0.0,2156856000.0,,422393000.0,1734463000.0,,5.409,-86897000.0,24284000.0,24284000.0,1395926000.0,65747000.0,2.082,2.926,1316283000.0,70000.0,1316213000.0,1316283000.0,0.0,113383000.0,0.0,0.0,0.0,258075000.0,371458000.0,0.207,371458000.0,258075000.0,120239000.0,0.4,0.37,0.4,549436000.0,,549436000.0,2431156000.0,9.0,6.545,71429000.0,0.703,1.0,397306000.0,0.222,1475000.0,137836000.0,3244472000.0,,160346000.0,655000.0,655000.0,0.0,1607420000.0,202908000.0,1404512000.0,1111425000.0,24284000.0,-246500000.0,126528000.0,-417550000.0,0.0,-53307000.0,-80735000.0,0.0,158326000.0,0.0,65747000.0,37814000.0,37814000.0,0.0,0.0,0.021,159997000.0,237309000.0,114464000.0,0.0,2.023,29.392,26.25,1634421000.0,27933000.0,10.5,0.62,0.595,218729000.0,37813000.0,1793232000.0,1793232000.0,0.0,,,,0.144,0.0,154543000.0,1.0,105850000.0,101583000.0,104856000.0,17.653,2155381000.0,7027000.0,54492000.0,80967000.0,21.218,219485000.0
86,PKG,MRT,1999-12-31,1999-12-31,1999-12-31,2021-09-07,0.0,2153208000.0,1760305500.0,401486000.0,1751722000.0,0.748,4.524,-87591000.0,10300000.0,10300000.0,1028582000.0,40500000.0,1.765,4.167,1330031000.0,829000.0,1329202000.0,1330031000.0,0.0,105935000.0,0.0,,0.0,185333000.0,291268000.0,0.221,291268000.0,185333000.0,77739000.0,0.34,0.32,0.34,416699000.0,662545500.0,416699000.0,,,,166857000.0,1.812,1.0,288760000.0,0.219,1532000.0,107594000.0,3243937000.0,2207314500.0,164919000.0,698000.0,698000.0,0.0,1736509000.0,227470000.0,1509039000.0,,10300000.0,-246500000.0,0.0,-430456000.0,0.0,-167780000.0,-76368000.0,0.0,254448000.0,0.0,40500000.0,31204000.0,31204000.0,0.0,0.0,0.024,107550000.0,181210000.0,127365000.0,0.0,,,,1647920000.0,9296000.0,,,,208356000.0,31204000.0,1317342000.0,1317342000.0,0.0,0.018,0.047,0.084,0.141,0.0,107550000.0,1.0,94600000.0,92108000.0,96549000.0,14.302,2151676000.0,8411000.0,37239000.0,69804000.0,23.36,174016000.0
87,PKG,MRT,1999-09-30,1999-09-30,1999-09-30,2021-09-07,0.0,2425839000.0,,419026000.0,2006813000.0,,3.911,-1156540000.0,31200000.0,31200000.0,639859000.0,,1.939,5.781,1660405000.0,8196000.0,1652209000.0,1660405000.0,0.0,74551000.0,0.0,,0.0,,,,,,,,,,357720000.0,,357720000.0,,,,-975229000.0,-10.662,1.0,160858000.0,0.201,1588000.0,73380000.0,3837367000.0,,155428000.0,1249000.0,590000.0,659000.0,2068119000.0,216089000.0,1852030000.0,,31199000.0,-246500000.0,0.0,1508952000.0,0.0,1257389000.0,-1407501000.0,0.0,181311000.0,0.0,,,,,,,37210000.0,123648000.0,100047000.0,,,,,1906924000.0,5809000.0,,,,213152000.0,15124000.0,800717000.0,800717000.0,,,,,,0.0,54804000.0,1.0,94600000.0,91467000.0,,8.754,2424251000.0,0.0,-88792000.0,96099000.0,26.504,202937000.0
88,PKG,MRT,1999-06-30,1999-06-30,1999-06-30,2021-09-07,,,,,,,,,,,,,,,,,,,,,,,0.0,,,,,,,,,,,,,,,,,,1.0,,,,,,,,,,,,,,,,,,,,,,,,,,,,,,,,,,,,,,,,,,,,,,,,,,,,,,1.0,,93582000.0,,,,,,,,
89,PKG,MRT,1999-03-31,1999-04-11,1999-04-11,2021-09-07,,,,,,,,,,,,,,,,,,,,,,,0.0,,,,,,,,,,,,,,,,,,1.0,,,,,,,,,,,,,,,,,,,,,,,,,,,,,,,,,,,,,,,,,,,,,,,,,,,,,,1.0,,94600000.0,,,,,,,,
90,PKG,MRT,1998-12-31,1998-12-31,1998-12-31,2021-09-07,0.0,1367403000.0,,243563000.0,1123840000.0,,,,1000.0,1000.0,,,1.484,0.505,17552000.0,617000.0,16935000.0,17552000.0,0.0,,0.0,,,,,,,,,,,,908392000.0,,908392000.0,,,,,,1.0,,,50110000.0,,1170692000.0,,150719000.0,28672000.0,27390000.0,1282000.0,459011000.0,164152000.0,294859000.0,,,,,,,,,,,,,,,,,,,,94145000.0,,,,,941356000.0,,,,,24361000.0,,,,,,,,,,,1.0,,,,,1317293000.0,0.0,,254064000.0,,79411000.0
91,PKG,MRT,1998-09-30,1998-09-30,1998-09-30,2021-09-07,,,,,,,,,,,,,,,,,,,,,,,0.0,,,,,,,,,,,,,,,,,,1.0,,,,,,,,,,,,,,,,,,,,,,,,,,,,,,,,,,,,,,,,,,,,,,,,,,,,,,1.0,,,,,,,,,,
