None,ticker,dimension,calendardate,datekey,reportperiod,lastupdated,accoci,assets,assetsavg,assetsc,assetsnc,assetturnover,bvps,capex,cashneq,cashnequsd,cor,consolinc,currentratio,de,debt,debtc,debtnc,debtusd,deferredrev,depamor,deposits,divyield,dps,ebit,ebitda,ebitdamargin,ebitdausd,ebitusd,ebt,eps,epsdil,epsusd,equity,equityavg,equityusd,ev,evebit,evebitda,fcf,fcfps,fxusd,gp,grossmargin,intangibles,intexp,invcap,invcapavg,inventory,investments,investmentsc,investmentsnc,liabilities,liabilitiesc,liabilitiesnc,marketcap,ncf,ncfbus,ncfcommon,ncfdebt,ncfdiv,ncff,ncfi,ncfinv,ncfo,ncfx,netinc,netinccmn,netinccmnusd,netincdis,netincnci,netmargin,opex,opinc,payables,payoutratio,pb,pe,pe1,ppnenet,prefdivis,price,ps,ps1,receivables,retearn,revenue,revenueusd,rnd,roa,roe,roic,ros,sbcomp,sgna,sharefactor,sharesbas,shareswa,shareswadil,sps,tangibles,taxassets,taxexp,taxliabilities,tbvps,workingcapital
0,LUMN,MRY,2020-12-31,2020-12-31,2020-12-31,2021-09-07,-2813000000.0,59394000000.0,62555000000.0,3176000000.0,56218000000.0,0.331,10.344,-3576000000.0,406000000.0,406000000.0,8934000000.0,-1232000000.0,0.479,4.321,32216000000.0,2806000000.0,29410000000.0,32216000000.0,753000000.0,4710000000.0,0.0,0.103,1.0,886000000.0,5596000000.0,0.27,5596000000.0,886000000.0,-782000000.0,-1.14,-1.14,-1.14,11162000000.0,12901000000.0,11162000000.0,43164029492.0,49.0,7.713,2948000000.0,2.732,1.0,11778000000.0,0.569,27089000000.0,1668000000.0,57481000000.0,59592750000.0,0.0,0.0,0.0,0.0,48232000000.0,6634000000.0,41598000000.0,10697029492.0,-1290000000.0,0.0,0.0,-3054000000.0,-1109000000.0,-4250000000.0,-3564000000.0,0.0,6524000000.0,0.0,-1232000000.0,-1232000000.0,-1232000000.0,0.0,0.0,-0.059,10816000000.0,962000000.0,1134000000.0,-0.877,0.958,-8.683,-8.553,26338000000.0,0.0,9.75,0.516,0.508,1962000000.0,-8031000000.0,20712000000.0,20712000000.0,0.0,-0.02,-0.095,0.015,0.043,175000000.0,3464000000.0,1.0,1097131230.0,1079130000.0,1079130000.0,19.193,32305000000.0,0.0,450000000.0,3656000000.0,29.936,-3458000000.0
1,LUMN,MRY,2019-12-31,2019-12-31,2019-12-31,2021-09-07,-2680000000.0,64742000000.0,64691500000.0,4768000000.0,59974000000.0,0.332,12.572,-3535000000.0,1690000000.0,1690000000.0,9134000000.0,-5269000000.0,0.657,3.806,35110000000.0,2716000000.0,32394000000.0,35110000000.0,804000000.0,4829000000.0,0.0,0.076,1.0,-2745000000.0,2084000000.0,0.097,2084000000.0,-2745000000.0,-4766000000.0,-4.92,-4.92,-4.92,13470000000.0,13594750000.0,13470000000.0,49865926411.0,-18.0,23.928,3145000000.0,2.935,1.0,12324000000.0,0.574,31101000000.0,2021000000.0,59803000000.0,62265000000.0,0.0,0.0,0.0,0.0,51272000000.0,7258000000.0,44014000000.0,14401926411.0,1199000000.0,0.0,0.0,-750000000.0,-1100000000.0,-1911000000.0,-3570000000.0,0.0,6680000000.0,0.0,-5269000000.0,-5269000000.0,-5269000000.0,0.0,0.0,-0.246,15050000000.0,-2726000000.0,1724000000.0,-0.203,1.069,-2.733,-2.685,26079000000.0,0.0,13.21,0.671,0.66,2259000000.0,-6814000000.0,21458000000.0,21458000000.0,0.0,-0.081,-0.388,-0.044,-0.128,162000000.0,3715000000.0,1.0,1090229100.0,1071441000.0,1071441000.0,20.027,33641000000.0,0.0,503000000.0,3229000000.0,31.398,-2490000000.0
2,LUMN,MRY,2018-12-31,2018-12-31,2018-12-31,2021-09-07,-2461000000.0,70256000000.0,73191500000.0,3820000000.0,66436000000.0,0.309,18.603,-3017000000.0,518000000.0,518000000.0,9999000000.0,-1733000000.0,0.691,2.543,36061000000.0,652000000.0,35409000000.0,36061000000.0,832000000.0,5120000000.0,0.0,0.143,2.16,614000000.0,5734000000.0,0.254,5734000000.0,614000000.0,-1563000000.0,-1.63,-1.63,-1.63,19828000000.0,22265750000.0,19828000000.0,52508987940.0,86.0,9.157,4015000000.0,3.767,1.0,12581000000.0,0.557,38810000000.0,2177000000.0,61458000000.0,63023250000.0,0.0,0.0,0.0,0.0,50428000000.0,5531000000.0,44897000000.0,16371987940.0,-69000000.0,0.0,0.0,-1661000000.0,-2312000000.0,-4023000000.0,-3078000000.0,0.0,7032000000.0,0.0,-1733000000.0,-1733000000.0,-1733000000.0,0.0,0.0,-0.077,12011000000.0,570000000.0,1933000000.0,-1.325,0.826,-9.447,-9.294,26408000000.0,0.0,15.15,0.725,0.715,2398000000.0,-1643000000.0,22580000000.0,22580000000.0,0.0,-0.024,-0.078,0.01,0.027,186000000.0,4165000000.0,1.0,1080659270.0,1065866000.0,1065866000.0,21.185,31446000000.0,0.0,170000000.0,2864000000.0,29.503,-1711000000.0
3,LUMN,MRY,2017-12-31,2017-12-31,2017-12-31,2021-09-07,-1995000000.0,75611000000.0,55918500000.0,4194000000.0,71417000000.0,0.316,37.417,-1577000000.0,587000000.0,587000000.0,8203000000.0,1389000000.0,0.863,2.219,37726000000.0,443000000.0,37283000000.0,37726000000.0,892000000.0,3936000000.0,0.0,0.129,2.16,2021000000.0,5957000000.0,0.337,5957000000.0,2021000000.0,540000000.0,2.21,2.21,2.21,23491000000.0,15710750000.0,23491000000.0,36644975594.0,18.0,6.152,2301000000.0,3.665,1.0,9453000000.0,0.535,43248000000.0,1481000000.0,64645000000.0,46833750000.0,0.0,0.0,0.0,0.0,52120000000.0,4857000000.0,47263000000.0,17830975594.0,363000000.0,-7289000000.0,0.0,6826000000.0,-1453000000.0,5356000000.0,-8871000000.0,0.0,3878000000.0,0.0,1389000000.0,1389000000.0,1389000000.0,0.0,0.0,0.079,7444000000.0,2009000000.0,1555000000.0,0.977,0.759,12.837,7.548,26852000000.0,0.0,16.68,1.01,0.593,2557000000.0,1103000000.0,17656000000.0,17656000000.0,0.0,0.025,0.088,0.043,0.114,111000000.0,3508000000.0,1.0,1069003333.0,627808000.0,628693000.0,28.123,32363000000.0,0.0,-849000000.0,2783000000.0,51.549,-663000000.0
4,LUMN,MRY,2016-12-31,2016-12-31,2016-12-31,2021-09-07,-2117000000.0,47017000000.0,47112000000.0,5162000000.0,41855000000.0,0.371,24.834,-2951000000.0,224000000.0,224000000.0,7774000000.0,626000000.0,0.965,2.509,19688000000.0,1503000000.0,18185000000.0,19688000000.0,672000000.0,3916000000.0,0.0,0.091,2.16,2338000000.0,6254000000.0,0.358,6254000000.0,2338000000.0,1020000000.0,1.16,1.16,1.16,13399000000.0,13828000000.0,13399000000.0,32578293883.0,14.0,5.209,1657000000.0,3.071,1.0,9696000000.0,0.555,23978000000.0,1318000000.0,37154000000.0,36631500000.0,0.0,0.0,0.0,0.0,33618000000.0,5349000000.0,28269000000.0,13000293883.0,96000000.0,0.0,0.0,-341000000.0,-1167000000.0,-1518000000.0,-2994000000.0,0.0,4608000000.0,0.0,626000000.0,626000000.0,626000000.0,0.0,0.0,0.036,7363000000.0,2333000000.0,1179000000.0,1.862,0.97,20.767,20.5,17039000000.0,0.0,23.78,0.744,0.734,2017000000.0,-1000000.0,17470000000.0,17470000000.0,0.0,0.013,0.045,0.064,0.134,80000000.0,3447000000.0,1.0,546690239.0,539549000.0,540679000.0,32.379,23039000000.0,0.0,394000000.0,3772000000.0,42.7,-187000000.0
5,LUMN,MRY,2015-12-31,2015-12-31,2015-12-31,2021-09-07,-1934000000.0,47604000000.0,48713750000.0,2650000000.0,44954000000.0,0.367,25.366,-2841000000.0,126000000.0,126000000.0,7778000000.0,878000000.0,0.576,2.386,20225000000.0,1503000000.0,18722000000.0,20225000000.0,743000000.0,4189000000.0,0.0,0.086,2.16,2628000000.0,6817000000.0,0.381,6817000000.0,2628000000.0,1316000000.0,1.58,1.58,1.58,14060000000.0,14415500000.0,14060000000.0,33871945798.0,13.0,4.969,2312000000.0,4.171,1.0,10122000000.0,0.565,26225000000.0,1312000000.0,36874000000.0,37629250000.0,0.0,0.0,0.0,0.0,33544000000.0,4604000000.0,28940000000.0,13812945798.0,-1000000.0,-4000000.0,-819000000.0,-292000000.0,-1198000000.0,-2301000000.0,-2853000000.0,0.0,5153000000.0,0.0,878000000.0,878000000.0,878000000.0,0.0,0.0,0.049,7543000000.0,2579000000.0,968000000.0,1.367,0.982,15.732,15.924,18069000000.0,0.0,25.16,0.772,0.779,1943000000.0,272000000.0,17900000000.0,17900000000.0,0.0,0.018,0.061,0.07,0.147,73000000.0,3354000000.0,1.0,549004205.0,554278000.0,555093000.0,32.294,21379000000.0,0.0,438000000.0,3887000000.0,38.571,-1954000000.0
6,LUMN,MRY,2014-12-31,2014-12-31,2014-12-31,2021-09-07,-2017000000.0,49103000000.0,50382250000.0,2696000000.0,46407000000.0,0.358,26.429,-2984000000.0,128000000.0,128000000.0,7846000000.0,772000000.0,0.688,2.269,20503000000.0,550000000.0,19953000000.0,20503000000.0,726000000.0,4428000000.0,0.0,0.055,2.16,2421000000.0,6849000000.0,0.38,6849000000.0,2421000000.0,1110000000.0,1.36,1.36,1.36,15023000000.0,16216000000.0,15023000000.0,43005515418.0,18.0,6.279,2204000000.0,3.877,1.0,10185000000.0,0.565,27295000000.0,1311000000.0,38265000000.0,38912250000.0,0.0,0.0,0.0,0.0,34080000000.0,3918000000.0,30162000000.0,22588515418.0,-40000000.0,-93000000.0,-600000000.0,-321000000.0,-1228000000.0,-2151000000.0,-3077000000.0,0.0,5188000000.0,0.0,772000000.0,772000000.0,772000000.0,0.0,0.0,0.043,7775000000.0,2410000000.0,1226000000.0,1.588,1.504,29.26,29.103,18433000000.0,0.0,39.58,1.253,1.248,1988000000.0,147000000.0,18031000000.0,18031000000.0,0.0,0.015,0.048,0.062,0.134,79000000.0,3347000000.0,1.0,570705291.0,568435000.0,569739000.0,31.72,21808000000.0,0.0,338000000.0,3463000000.0,38.365,-1222000000.0
7,LUMN,MRY,2013-12-31,2013-12-31,2013-12-31,2021-09-07,-802000000.0,51787000000.0,52688500000.0,3907000000.0,47880000000.0,0.343,28.609,-2968000000.0,168000000.0,168000000.0,7507000000.0,-239000000.0,0.886,2.012,20966000000.0,785000000.0,20181000000.0,20966000000.0,737000000.0,4541000000.0,0.0,0.068,2.16,1522000000.0,6063000000.0,0.335,6063000000.0,1522000000.0,224000000.0,-0.4,-0.4,-0.4,17191000000.0,17790250000.0,17191000000.0,39141604884.0,26.0,6.456,2591000000.0,4.312,1.0,10588000000.0,0.585,28411000000.0,1298000000.0,39765000000.0,39630000000.0,0.0,0.0,0.0,0.0,34596000000.0,4409000000.0,30187000000.0,18825604884.0,-43000000.0,-160000000.0,-1513000000.0,376000000.0,-1301000000.0,-2454000000.0,-3148000000.0,0.0,5559000000.0,0.0,-239000000.0,-239000000.0,-239000000.0,0.0,0.0,-0.013,9135000000.0,1453000000.0,1111000000.0,-5.4,1.095,-78.768,-79.625,18646000000.0,0.0,31.85,1.04,1.058,1977000000.0,66000000.0,18095000000.0,18095000000.0,0.0,-0.005,-0.013,0.038,0.084,71000000.0,3502000000.0,1.0,591070797.0,600892000.0,600892000.0,30.114,23376000000.0,1165000000.0,463000000.0,5092000000.0,38.902,-502000000.0
8,LUMN,MRY,2012-12-31,2012-12-31,2012-12-31,2021-09-07,-1701000000.0,53940000000.0,55126000000.0,3638000000.0,50302000000.0,0.333,31.101,-2728000000.0,211000000.0,211000000.0,7639000000.0,777000000.0,0.792,1.796,20605000000.0,1205000000.0,19400000000.0,20605000000.0,642000000.0,4780000000.0,0.0,0.074,2.9,2569000000.0,7349000000.0,0.4,7349000000.0,2569000000.0,1250000000.0,1.25,1.25,1.25,19289000000.0,20108750000.0,19289000000.0,44933206233.0,17.0,6.114,3337000000.0,5.38,1.0,10737000000.0,0.584,30597000000.0,1319000000.0,39142000000.0,39758250000.0,0.0,0.0,0.0,0.0,34651000000.0,4595000000.0,30056000000.0,24421206233.0,83000000.0,0.0,73000000.0,-1213000000.0,-1811000000.0,-3295000000.0,-2690000000.0,0.0,6065000000.0,3000000.0,777000000.0,777000000.0,777000000.0,0.0,0.0,0.042,8024000000.0,2713000000.0,1207000000.0,2.32,1.266,31.43,31.296,18909000000.0,0.0,39.12,1.329,1.32,1917000000.0,1285000000.0,18376000000.0,18376000000.0,0.0,0.014,0.039,0.065,0.14,110000000.0,3244000000.0,1.0,624263963.0,620205000.0,622285000.0,29.629,23343000000.0,958000000.0,473000000.0,3920000000.0,37.638,-957000000.0
9,LUMN,MRY,2011-12-31,2011-12-31,2011-12-31,2021-09-07,-1012000000.0,56044000000.0,47380614500.0,3517000000.0,52527000000.0,0.324,39.091,-2411000000.0,128000000.0,128000000.0,6325000000.0,573000000.0,0.876,1.691,21836000000.0,480000000.0,21356000000.0,21836000000.0,573000000.0,4026000000.0,0.0,0.078,2.9,2020000000.0,6046000000.0,0.394,6046000000.0,2020000000.0,948000000.0,1.07,1.07,1.07,20827000000.0,18524234000.0,20827000000.0,44027944316.0,22.0,7.282,1790000000.0,3.36,1.0,9026000000.0,0.588,32214000000.0,1072000000.0,41521000000.0,34196985500.0,0.0,0.0,0.0,0.0,35217000000.0,4017000000.0,31200000000.0,22974944316.0,-45000000.0,-1252000000.0,72000000.0,1030000000.0,-1556000000.0,-577000000.0,-3647000000.0,0.0,4201000000.0,-22000000.0,573000000.0,573000000.0,573000000.0,0.0,0.0,0.037,7001000000.0,2025000000.0,1400000000.0,2.71,1.103,40.096,34.766,19444000000.0,0.0,37.2,1.497,1.291,1950000000.0,2319000000.0,15351000000.0,15351000000.0,0.0,0.012,0.031,0.059,0.132,0.0,2975000000.0,1.0,617606030.0,532780000.0,534121000.0,28.813,23830000000.0,1046000000.0,375000000.0,4183000000.0,44.728,-500000000.0
10,LUMN,MRY,2010-12-31,2010-12-31,2010-12-31,2021-09-07,-141000000.0,22038000000.0,22194834500.0,1143000000.0,20895000000.0,0.317,32.09,-864000000.0,173000000.0,173000000.0,2544000000.0,948000000.0,1.131,1.284,7328000000.0,12000000.0,7316000000.0,7328000000.0,190000000.0,1434000000.0,0.0,0.063,2.9,2075000000.0,3509000000.0,0.498,3509000000.0,2075000000.0,1531000000.0,3.13,3.13,3.13,9647000000.0,9571503500.0,9647000000.0,21316130153.0,10.0,6.075,1181000000.0,3.929,1.0,4498000000.0,0.639,11813000000.0,544000000.0,16369000000.0,17403901250.0,0.0,0.0,0.0,0.0,12391000000.0,1011000000.0,11380000000.0,14000895153.0,11000000.0,0.0,113000000.0,-426000000.0,-879000000.0,-1175000000.0,-859000000.0,0.0,2045000000.0,0.0,948000000.0,948000000.0,948000000.0,0.0,0.0,0.135,2438000000.0,2060000000.0,300000000.0,0.927,1.451,14.769,14.751,8754000000.0,0.0,46.17,1.988,1.971,713000000.0,3302000000.0,7042000000.0,7042000000.0,0.0,0.043,0.099,0.119,0.295,0.0,1004000000.0,1.0,303246592.0,300619000.0,301297000.0,23.425,10225000000.0,183000000.0,583000000.0,2493000000.0,34.013,132000000.0
11,LUMN,MRY,2009-12-31,2009-12-31,2009-12-31,2021-09-07,-85306000.0,22562729000.0,15335076250.0,1123591000.0,21439138000.0,0.324,47.587,-755000000.0,161807000.0,161807000.0,1801000000.0,647000000.0,0.658,1.384,7753718000.0,500065000.0,7253653000.0,7753718000.0,182374000.0,975000000.0,0.0,0.077,2.8,1316000000.0,2291000000.0,0.461,2291000000.0,1316000000.0,949000000.0,3.23,3.23,3.23,9460939000.0,6292631000.0,9460939000.0,18466194261.0,14.0,8.06,819000000.0,4.119,1.0,3173000000.0,0.638,11382575000.0,367000000.0,17064870000.0,11784117500.0,35755000.0,0.0,0.0,0.0,13095930000.0,1707195000.0,11388735000.0,10773386261.0,-81000000.0,77000000.0,41000000.0,-453000000.0,-560000000.0,-976000000.0,-679000000.0,0.0,1574000000.0,0.0,647000000.0,647000000.0,647000000.0,0.0,0.0,0.13,1940000000.0,1233000000.0,394687000.0,0.867,1.139,16.651,11.211,9097139000.0,0.0,36.21,2.166,1.447,685589000.0,3232769000.0,4974000000.0,4974000000.0,0.0,0.042,0.103,0.112,0.265,0.0,965000000.0,1.0,297525166.0,198813000.0,199057000.0,25.018,11180154000.0,199003000.0,302000000.0,2355322000.0,56.235,-583604000.0
12,LUMN,MRY,2008-12-31,2008-12-31,2008-12-31,2021-09-07,-123489000.0,8254195000.0,8203322000.0,555407000.0,7698788000.0,0.317,30.931,-419972000.0,243327000.0,243327000.0,955473000.0,365732000.0,1.212,1.608,3314526000.0,20407000.0,3294119000.0,3314526000.0,56570000.0,523786000.0,0.0,0.079,2.167,762306000.0,1286092000.0,0.495,1286092000.0,762306000.0,560089000.0,3.53,3.53,3.53,3163240000.0,3283625250.0,3163240000.0,5822448800.0,8.0,4.527,433328000.0,4.237,1.0,1644274000.0,0.632,4161957000.0,202217000.0,6705047000.0,6688718500.0,8862000.0,0.0,0.0,0.0,5086387000.0,458390000.0,4627997000.0,2736782800.0,208925000.0,0.0,-332665000.0,277714000.0,-220266000.0,-255380000.0,-388995000.0,34945000.0,853300000.0,0.0,365732000.0,365732000.0,365732000.0,0.0,0.0,0.141,922922000.0,721352000.0,135086000.0,0.614,0.865,7.483,7.742,2895892000.0,0.0,27.33,1.053,1.075,216016000.0,3146255000.0,2599747000.0,2599747000.0,0.0,0.045,0.111,0.114,0.293,15267000.0,399136000.0,1.0,100138412.0,102268000.0,102560000.0,25.421,4092238000.0,43697000.0,194357000.0,898239000.0,40.015,97017000.0
13,LUMN,MRY,2007-12-31,2007-12-31,2007-12-31,2021-09-07,-42707000.0,8184553000.0,8195212500.0,292399000.0,7892154000.0,0.324,31.174,-317814000.0,34402000.0,34402000.0,937375000.0,418370000.0,0.397,1.401,3014255000.0,279898000.0,2734357000.0,3014255000.0,57637000.0,536255000.0,0.0,0.006,0.26,831848000.0,1368103000.0,0.515,1368103000.0,831848000.0,618942000.0,3.79,3.79,3.79,3409205000.0,3259472500.0,3409205000.0,7430483489.0,9.0,5.431,712172000.0,6.512,1.0,1718866000.0,0.647,4010916000.0,212906000.0,6416955000.0,6458849750.0,8558000.0,0.0,0.0,0.0,4775348000.0,736535000.0,4038813000.0,4486726489.0,8734000.0,-301599000.0,-411272000.0,28860000.0,-29052000.0,-402064000.0,-619188000.0,0.0,1029986000.0,0.0,418370000.0,418370000.0,418370000.0,0.0,0.0,0.158,925788000.0,793078000.0,120381000.0,0.069,1.316,10.724,10.939,3108376000.0,0.0,41.46,1.689,1.707,223027000.0,3245302000.0,2656241000.0,2656241000.0,0.0,0.051,0.128,0.129,0.313,13535000.0,389533000.0,1.0,108218198.0,109360000.0,112787000.0,24.289,4173637000.0,0.0,200572000.0,103194000.0,38.164,-444136000.0
14,LUMN,MRY,2006-12-31,2006-12-31,2006-12-31,2021-09-07,-104942000.0,7441007000.0,7451189500.0,290117000.0,7150890000.0,0.329,27.35,-308206000.0,25668000.0,25668000.0,888414000.0,370027000.0,0.47,1.332,2590864000.0,178012000.0,2412852000.0,2590864000.0,51614000.0,523506000.0,0.0,0.006,0.25,787106000.0,1310612000.0,0.535,1310612000.0,787106000.0,591149000.0,3.17,3.17,3.17,3190951000.0,3235082750.0,3190951000.0,7590824570.0,10.0,5.792,532513000.0,4.564,1.0,1559316000.0,0.637,3431136000.0,195957000.0,5957502000.0,5930455750.0,6628000.0,0.0,0.0,0.0,4250056000.0,617565000.0,3632491000.0,5011594570.0,-133178000.0,122819000.0,-704385000.0,-58995000.0,-29203000.0,-780166000.0,-193731000.0,0.0,840719000.0,0.0,370027000.0,370027000.0,370027000.0,0.0,0.0,0.151,893778000.0,665538000.0,129350000.0,0.079,1.571,13.544,13.773,3109277000.0,0.0,43.66,2.047,2.081,227346000.0,3150933000.0,2447730000.0,2447730000.0,0.0,0.05,0.114,0.133,0.322,-130000.0,370272000.0,1.0,114786866.0,116671000.0,122229000.0,20.98,4009871000.0,0.0,221122000.0,107412000.0,34.369,-327448000.0
15,LUMN,MRY,2005-12-31,2005-12-31,2005-12-31,2021-09-07,-9619000.0,7762707000.0,7754451250.0,423016000.0,7339691000.0,0.32,27.646,-410872000.0,158846000.0,158846000.0,821929000.0,334479000.0,0.567,1.146,2652806000.0,276736000.0,2376070000.0,2652806000.0,48917000.0,531931000.0,0.0,0.007,0.24,739571000.0,1271502000.0,0.513,1271502000.0,739571000.0,537770000.0,2.55,2.55,2.55,3617273000.0,3511249750.0,3617273000.0,6910089361.0,9.0,5.435,556206000.0,4.251,1.0,1657323000.0,0.668,3432649000.0,201801000.0,6077788000.0,6257839500.0,6998000.0,0.0,0.0,0.0,4145434000.0,746230000.0,3399204000.0,4343744361.0,-8369000.0,-75453000.0,-501385000.0,-349172000.0,-31862000.0,-491716000.0,-483731000.0,0.0,967078000.0,0.0,334479000.0,334479000.0,334479000.0,0.0,0.0,0.135,920920000.0,736403000.0,104444000.0,0.094,1.201,12.987,13.004,3304486000.0,0.0,33.16,1.752,1.75,236714000.0,3358162000.0,2479252000.0,2479252000.0,0.0,0.043,0.095,0.118,0.298,4721000.0,388989000.0,1.0,130993497.0,130841000.0,136087000.0,18.949,4330058000.0,0.0,203291000.0,169181000.0,33.094,-323214000.0
16,LUMN,MRY,2004-12-31,2004-12-31,2004-12-31,2021-09-07,-8334000.0,7796953000.0,7792032500.0,419847000.0,7377106000.0,0.309,24.85,-385316000.0,167215000.0,167215000.0,755413000.0,337244000.0,0.607,1.287,3011636000.0,249617000.0,2762019000.0,3011636000.0,50860000.0,500904000.0,0.0,0.006,0.23,758423000.0,1259327000.0,0.523,1259327000.0,758423000.0,547372000.0,2.45,2.45,2.45,3409765000.0,3396324500.0,3409765000.0,7626379895.0,10.0,6.056,570515000.0,4.158,1.0,1651959000.0,0.686,3433864000.0,211051000.0,6515892000.0,6649205750.0,5361000.0,0.0,0.0,0.0,4387188000.0,691618000.0,3695570000.0,4773234895.0,-35966000.0,-2000000.0,-371528000.0,-179393000.0,-31861000.0,-578486000.0,-413311000.0,-25000000.0,955831000.0,0.0,337244000.0,337244000.0,337244000.0,0.0,0.0,0.14,898006000.0,753953000.0,141618000.0,0.094,1.4,14.154,14.478,3341401000.0,0.0,35.47,1.983,2.022,232580000.0,3055545000.0,2407372000.0,2407372000.0,0.0,0.043,0.099,0.114,0.315,0.0,397102000.0,1.0,134571043.0,137215000.0,142144000.0,17.545,4363089000.0,0.0,210128000.0,102411000.0,31.797,-271771000.0
17,LUMN,MRY,2003-12-31,2003-12-31,2003-12-31,2021-09-07,0.0,7895852000.0,7775136500.0,462939000.0,7432913000.0,0.305,24.227,-377939000.0,203181000.0,203181000.0,739210000.0,344707000.0,0.982,1.27,3181755000.0,72453000.0,3109302000.0,3181755000.0,44612000.0,503652000.0,0.0,0.007,0.22,758710000.0,1262362000.0,0.533,1262362000.0,758710000.0,531959000.0,2.4,2.4,2.4,3478516000.0,3317293250.0,3478516000.0,7780599839.0,10.0,6.164,690025000.0,4.806,1.0,1628400000.0,0.688,3425001000.0,226751000.0,6978042000.0,7008424750.0,9229000.0,0.0,0.0,0.0,4417336000.0,471383000.0,3945953000.0,4703998839.0,199520000.0,-86243000.0,33980000.0,-432258000.0,-32017000.0,-403806000.0,-464638000.0,0.0,1067964000.0,0.0,344707000.0,344707000.0,344707000.0,0.0,0.0,0.146,878004000.0,750396000.0,124320000.0,0.092,1.352,13.646,13.592,3455481000.0,0.0,32.62,1.987,1.978,236187000.0,2750162000.0,2367610000.0,2367610000.0,0.0,0.044,0.104,0.108,0.32,0.0,374352000.0,1.0,144205973.0,143583000.0,148779000.0,16.489,4470851000.0,0.0,187252000.0,78614000.0,31.138,-8444000.0
18,LUMN,MRY,2002-12-31,2002-12-31,2002-12-31,2021-09-07,-36703000.0,7770408000.0,7213132750.0,295902000.0,7474506000.0,0.273,21.806,-382123000.0,3661000.0,3661000.0,635164000.0,801624000.0,0.762,1.516,3648869000.0,70737000.0,3578132000.0,3648869000.0,41884000.0,450197000.0,0.0,0.007,0.21,1128974000.0,1579171000.0,0.801,1579171000.0,1128974000.0,907129000.0,5.66,5.66,5.66,3088004000.0,2753605250.0,3088004000.0,7574057691.0,7.0,4.796,411311000.0,2.904,1.0,1336832000.0,0.678,3427281000.0,221845000.0,7600231000.0,6836929000.0,10150000.0,0.0,0.0,0.0,4682404000.0,388104000.0,4294300000.0,4189819691.0,165000.0,-2245026000.0,29125000.0,518373000.0,-30156000.0,506341000.0,-2623089000.0,0.0,793434000.0,0.0,801624000.0,801624000.0,801624000.0,-608091000.0,0.0,0.407,761426000.0,575406000.0,64825000.0,0.037,1.357,5.227,5.191,3531645000.0,0.0,29.38,2.125,2.11,272992000.0,2437472000.0,1971996000.0,1971996000.0,0.0,0.111,0.291,0.165,0.573,0.0,311229000.0,1.0,142607886.0,141613000.0,144408000.0,13.925,4343127000.0,0.0,105505000.0,69080000.0,30.669,-92202000.0
19,LUMN,MRY,2001-12-31,2001-12-31,2001-12-31,2021-09-07,0.0,6318684000.0,6402159000.0,229913000.0,6088771000.0,0.262,16.607,-377331000.0,3496000.0,3496000.0,826948000.0,343031000.0,0.186,1.703,3096334000.0,1008834000.0,2087500000.0,3096334000.0,29308000.0,407038000.0,0.0,0.006,0.2,659922000.0,1066960000.0,0.635,1066960000.0,659922000.0,434399000.0,2.43,2.43,2.43,2337380000.0,2234384000.0,2337380000.0,7723488070.0,12.0,7.239,195555000.0,1.389,1.0,852556000.0,0.508,2087158000.0,225523000.0,6085482000.0,6336099000.0,10916000.0,0.0,0.0,0.0,3981304000.0,1238882000.0,2742422000.0,4628174070.0,-7911000.0,-47131000.0,7351000.0,-375620000.0,-28653000.0,-395373000.0,-417196000.0,0.0,572886000.0,0.0,343031000.0,343031000.0,343031000.0,-193950000.0,0.0,0.204,427251000.0,425305000.0,61056000.0,0.082,1.98,13.492,13.498,2736142000.0,0.0,32.8,2.756,2.749,205990000.0,1666004000.0,1679504000.0,1679504000.0,0.0,0.054,0.154,0.104,0.393,0.0,20213000.0,1.0,141102868.0,140743000.0,142307000.0,11.933,4231526000.0,0.0,91368000.0,27937000.0,30.066,-1008969000.0
20,LUMN,MRY,2000-12-31,2000-12-31,2000-12-31,2021-09-07,25471000.0,6393290000.0,5538805750.0,376504000.0,6016786000.0,0.253,14.508,-391069000.0,19039000.0,19039000.0,671992000.0,231474000.0,0.506,2.146,3476254000.0,425962000.0,3050292000.0,3476254000.0,40879000.0,322817000.0,0.0,0.005,0.19,498318000.0,821135000.0,0.586,821135000.0,498318000.0,315016000.0,1.65,1.65,1.65,2032079000.0,1963111750.0,2032079000.0,8435704241.0,17.0,10.273,47164000.0,0.337,1.0,730365000.0,0.521,2509033000.0,183302000.0,6598102000.0,5816294750.0,38532000.0,0.0,0.0,0.0,4361211000.0,743370000.0,3617841000.0,5028157241.0,-44738000.0,-1515683000.0,7996000.0,1335683000.0,-26815000.0,1313808000.0,-1913594000.0,0.0,438233000.0,0.0,231474000.0,231474000.0,231474000.0,-107245000.0,0.0,0.165,344228000.0,386137000.0,127287000.0,0.115,2.474,21.722,21.667,2959293000.0,0.0,35.75,3.586,3.571,182454000.0,1351626000.0,1402357000.0,1402357000.0,0.0,0.042,0.118,0.086,0.355,0.0,21411000.0,1.0,140647755.0,140069000.0,141864000.0,10.012,3884257000.0,0.0,83542000.0,40023000.0,27.731,-366866000.0
21,LUMN,MRY,1999-12-31,1999-12-31,1999-12-31,2021-09-07,64362000.0,4705407000.0,4675611250.0,286073000.0,4419334000.0,0.359,13.309,94487000.0,56640000.0,56640000.0,0.0,239769000.0,0.925,1.546,2140409000.0,62098000.0,2078311000.0,2140409000.0,33656000.0,348816000.0,0.0,0.004,0.18,579829000.0,928645000.0,0.554,928645000.0,579829000.0,429272000.0,1.72,1.72,1.72,1847992000.0,1701951000.0,1847992000.0,8676319962.0,15.0,9.343,503189000.0,3.624,1.0,1676669000.0,1.0,1644884000.0,150557000.0,4835115000.0,5037036750.0,28769000.0,0.0,0.0,0.0,2857415000.0,309177000.0,2548238000.0,6618011962.0,50898000.0,1247000.0,19182000.0,-422866000.0,-25413000.0,-427577000.0,69773000.0,0.0,408702000.0,0.0,239769000.0,239769000.0,239769000.0,0.0,0.0,0.143,348816000.0,1327853000.0,78450000.0,0.105,3.581,27.602,27.547,2256458000.0,0.0,47.38,3.947,3.924,128338000.0,1146967000.0,1676669000.0,1676669000.0,0.0,0.051,0.141,0.115,0.346,0.0,0.0,1.0,139679442.0,138848000.0,141432000.0,12.076,3060523000.0,0.0,189503000.0,40999000.0,22.042,-23104000.0
22,LUMN,MRY,1998-12-31,1998-12-31,1998-12-31,2021-09-07,7217000.0,4935455000.0,4733865000.0,226238000.0,4709217000.0,0.333,11.178,-178612000.0,5742000.0,5742000.0,0.0,228757000.0,0.742,2.223,2611010000.0,53010000.0,2558000000.0,2611010000.0,32721000.0,328554000.0,0.0,0.004,0.173,555010000.0,883564000.0,0.56,883564000.0,555010000.0,387458000.0,1.67,1.67,1.67,1531482000.0,1443046250.0,1531482000.0,8639596938.0,16.0,9.778,289162000.0,2.111,1.0,1577085000.0,1.0,1956701000.0,167552000.0,5279178000.0,5386079750.0,23709000.0,0.0,0.0,0.0,3403973000.0,304844000.0,3099129000.0,6205836938.0,-20275000.0,-199054000.0,15033000.0,-63972000.0,-24179000.0,-112404000.0,-375645000.0,0.0,467774000.0,0.0,228757000.0,228757000.0,228757000.0,0.0,0.0,0.145,328554000.0,1248531000.0,87627000.0,0.104,4.052,27.129,26.946,2351453000.0,0.0,45.0,3.935,3.909,130289000.0,932611000.0,1577085000.0,1577085000.0,0.0,0.048,0.159,0.103,0.352,0.0,0.0,1.0,137907488.0,137010000.0,140105000.0,11.511,2978754000.0,0.0,158701000.0,33411000.0,21.741,-78606000.0
23,LUMN,MRY,1997-12-31,1997-12-31,1997-12-31,2021-09-07,11893000.0,4709401000.0,2819352750.0,283480000.0,4425921000.0,0.32,9.633,21480000.0,26017000.0,26017000.0,0.0,255978000.0,0.88,2.622,2664785000.0,55244000.0,2609541000.0,2664785000.0,24213000.0,159495000.0,0.0,0.007,0.164,464815000.0,624310000.0,0.693,624310000.0,464815000.0,408341000.0,1.89,1.89,1.89,1300272000.0,1194249250.0,1300272000.0,3592687701.0,8.0,5.755,318799000.0,2.362,1.0,901521000.0,1.0,1767352000.0,56474000.0,5258809000.0,3006386250.0,21994000.0,0.0,0.0,0.0,3409129000.0,322008000.0,3087121000.0,3019324701.0,17615000.0,-1526989000.0,14156000.0,1233343000.0,-22671000.0,1223423000.0,-1503127000.0,22500000.0,297319000.0,0.0,255978000.0,255978000.0,255978000.0,0.0,0.0,0.284,159495000.0,742026000.0,83378000.0,0.087,2.322,11.795,11.713,2258563000.0,0.0,22.138,3.349,3.315,143613000.0,728033000.0,901521000.0,901521000.0,0.0,0.091,0.214,0.155,0.516,0.0,0.0,1.0,136387886.0,134984000.0,137412000.0,6.679,2942049000.0,0.0,152363000.0,74898000.0,21.796,-38528000.0
24,LUMN,MRY,1996-12-31,1996-12-31,1996-12-31,2021-09-07,0.0,2028505000.0,1945463000.0,109234000.0,1919271000.0,0.385,7.613,-222885000.0,8402000.0,8402000.0,0.0,129077000.0,0.758,0.973,645849000.0,19919000.0,625930000.0,645849000.0,15122000.0,132021000.0,0.0,0.012,0.16,248304000.0,380325000.0,0.507,380325000.0,248304000.0,203642000.0,0.64,0.951,0.64,1028153000.0,958288500.0,1028153000.0,,,,41767000.0,0.309,1.0,749677000.0,1.0,532410000.0,44662000.0,1989398000.0,1931064000.0,8222000.0,0.0,0.0,0.0,1000352000.0,144144000.0,856208000.0,1852811442.0,-138000.0,-11779000.0,10089000.0,-11571000.0,-21775000.0,-22999000.0,-241791000.0,1667000.0,264652000.0,0.0,129077000.0,129077000.0,129077000.0,0.0,0.0,0.172,132021000.0,617656000.0,60548000.0,0.25,1.802,14.354,21.438,1149012000.0,0.0,13.72,2.471,2.471,60181000.0,494726000.0,749677000.0,749677000.0,0.0,0.066,0.135,0.129,0.331,0.0,0.0,1.0,135044566.0,135044566.0,,5.551,1496095000.0,0.0,74565000.0,13913000.0,11.079,-34910000.0
25,LUMN,MRY,1995-12-31,1995-12-31,1995-12-31,2021-09-07,0.0,1862421000.0,,95329000.0,1767092000.0,,,-176639000.0,8540000.0,8540000.0,0.0,114776000.0,0.681,1.096,652428000.0,29524000.0,622904000.0,652428000.0,13043000.0,113770000.0,0.0,0.01,0.148,226683000.0,340453000.0,0.528,340453000.0,226683000.0,183068000.0,0.591,0.867,0.591,888424000.0,,888424000.0,,,,39099000.0,,1.0,644840000.0,1.0,493655000.0,43615000.0,1872730000.0,,6608000.0,0.0,0.0,0.0,973997000.0,139924000.0,834073000.0,,1386000.0,-45186000.0,6522000.0,27610000.0,-19351000.0,13454000.0,-227806000.0,833000.0,215738000.0,0.0,114776000.0,114776000.0,114776000.0,0.0,0.0,0.178,113770000.0,531070000.0,55329000.0,0.25,,,23.877,1047808000.0,0.0,14.111,,,50943000.0,387424000.0,644840000.0,644840000.0,0.0,,,,0.352,0.0,0.0,1.0,,,,,1368766000.0,0.0,68292000.0,12489000.0,,-44595000.0
26,LUMN,MRY,1994-12-31,1994-12-31,1994-12-31,2021-09-07,,,,,,,,-190301000.0,,,0.0,100238000.0,,,,,,,,95713000.0,,0.011,0.142,204115000.0,299828000.0,0.531,299828000.0,204115000.0,161538000.0,0.836,0.8,0.836,,,,,,,9503000.0,,1.0,564601000.0,1.0,,42577000.0,,,,,,,,,,,-2623000.0,-55526000.0,4814000.0,87935000.0,-17184000.0,77828000.0,-280255000.0,-25000000.0,199804000.0,0.0,100238000.0,100238000.0,100238000.0,0.0,0.0,0.178,95713000.0,468888000.0,,0.17,,,15.683,,0.0,13.111,,,,,564601000.0,564601000.0,0.0,,,,0.362,0.0,0.0,1.0,,,,,,,61300000.0,,,
0,LUMN,MRQ,2021-06-30,2021-06-30,2021-06-30,2021-09-07,-2710000000.0,58947000000.0,,3746000000.0,55201000000.0,,10.775,-615000000.0,935000000.0,935000000.0,2115000000.0,506000000.0,0.575,4.036,31558000000.0,2984000000.0,28574000000.0,31558000000.0,748000000.0,1041000000.0,0.0,0.074,0.25,1058000000.0,2099000000.0,0.426,2099000000.0,1058000000.0,674000000.0,0.47,0.47,0.47,11706000000.0,,11706000000.0,46362197391.0,40.0,8.084,1024000000.0,0.943,1.0,2809000000.0,0.57,26530000000.0,384000000.0,56530000000.0,,0.0,0.0,0.0,0.0,47241000000.0,6510000000.0,40731000000.0,15021197391.0,443000000.0,0.0,0.0,-298000000.0,-274000000.0,-576000000.0,-620000000.0,0.0,1639000000.0,0.0,506000000.0,506000000.0,506000000.0,0.0,0.0,0.103,1803000000.0,1006000000.0,966000000.0,0.532,1.283,-15.946,-15.621,25993000000.0,0.0,13.59,0.742,0.729,1905000000.0,-7050000000.0,4924000000.0,4924000000.0,0.0,,,,,42000000.0,762000000.0,1.0,1105312538.0,1086453000.0,1093402000.0,4.532,32417000000.0,0.0,168000000.0,3937000000.0,29.837,-2764000000.0
1,LUMN,MRQ,2021-03-31,2021-03-31,2021-03-31,2021-09-07,-2845000000.0,58828000000.0,,3293000000.0,55535000000.0,,10.442,-681000000.0,486000000.0,486000000.0,2136000000.0,475000000.0,0.423,4.205,31827000000.0,4228000000.0,27599000000.0,31827000000.0,758000000.0,1150000000.0,0.0,0.075,0.25,1021000000.0,2171000000.0,0.432,2171000000.0,1021000000.0,632000000.0,0.44,0.44,0.44,11303000000.0,,11303000000.0,46452928383.0,45.0,8.114,844000000.0,0.78,1.0,2893000000.0,0.575,26738000000.0,389000000.0,55644000000.0,,0.0,0.0,0.0,0.0,47525000000.0,7787000000.0,39738000000.0,14642928383.0,76000000.0,0.0,0.0,-435000000.0,-294000000.0,-774000000.0,-675000000.0,0.0,1525000000.0,0.0,475000000.0,475000000.0,475000000.0,0.0,0.0,0.094,1906000000.0,987000000.0,1017000000.0,0.568,1.295,-13.672,-13.485,26091000000.0,0.0,13.35,0.714,0.704,1883000000.0,-7556000000.0,5029000000.0,5029000000.0,0.0,,,,,20000000.0,756000000.0,1.0,1096848568.0,1082474000.0,1091586000.0,4.646,32090000000.0,0.0,157000000.0,3817000000.0,29.645,-4494000000.0
2,LUMN,MRQ,2020-12-31,2020-12-31,2020-12-31,2021-09-07,-2813000000.0,59394000000.0,,3176000000.0,56218000000.0,,10.33,-724000000.0,406000000.0,406000000.0,2231000000.0,-2289000000.0,0.479,4.321,32216000000.0,2806000000.0,29410000000.0,32216000000.0,753000000.0,1195000000.0,0.0,0.103,0.25,-1812000000.0,-617000000.0,-0.12,-617000000.0,-1812000000.0,-2208000000.0,-2.12,-2.12,-2.12,11162000000.0,,11162000000.0,43164029492.0,49.0,7.713,958000000.0,0.887,1.0,2894000000.0,0.565,27089000000.0,396000000.0,57481000000.0,,0.0,0.0,0.0,0.0,48232000000.0,6634000000.0,41598000000.0,10697029492.0,-120000000.0,0.0,0.0,-802000000.0,-272000000.0,-1078000000.0,-724000000.0,0.0,1682000000.0,0.0,-2289000000.0,-2289000000.0,-2289000000.0,0.0,0.0,-0.447,4703000000.0,-1809000000.0,1134000000.0,-0.118,0.958,-8.683,-8.553,26338000000.0,0.0,9.75,0.516,0.508,1962000000.0,-8031000000.0,5125000000.0,5125000000.0,0.0,,,,,55000000.0,866000000.0,1.0,1097131230.0,1080504000.0,1066416000.0,4.743,32305000000.0,0.0,81000000.0,3656000000.0,29.898,-3458000000.0
3,LUMN,MRQ,2020-09-30,2020-09-30,2020-09-30,2021-09-07,-2795000000.0,62599000000.0,,3504000000.0,59095000000.0,,12.669,-953000000.0,526000000.0,526000000.0,2236000000.0,366000000.0,0.596,3.573,32993000000.0,1888000000.0,31105000000.0,32993000000.0,738000000.0,1193000000.0,0.0,0.099,0.25,889000000.0,2082000000.0,0.403,2082000000.0,889000000.0,480000000.0,0.34,0.34,0.34,13689000000.0,,13689000000.0,44084157431.0,12.0,5.34,841000000.0,0.778,1.0,2931000000.0,0.567,30039000000.0,409000000.0,59148000000.0,,0.0,0.0,0.0,0.0,48910000000.0,5879000000.0,43031000000.0,11074157431.0,-1237000000.0,0.0,0.0,-1806000000.0,-275000000.0,-2089000000.0,-942000000.0,0.0,1794000000.0,0.0,366000000.0,366000000.0,366000000.0,0.0,0.0,0.071,2043000000.0,888000000.0,1364000000.0,0.735,0.809,8.652,8.479,26290000000.0,0.0,10.09,0.53,0.522,2143000000.0,-5743000000.0,5167000000.0,5167000000.0,0.0,,,,,31000000.0,850000000.0,1.0,1097537902.0,1080505000.0,1085666000.0,4.782,32560000000.0,0.0,114000000.0,3610000000.0,30.134,-2375000000.0
4,LUMN,MRQ,2020-06-30,2020-06-30,2020-06-30,2021-09-07,-2902000000.0,64171000000.0,,4858000000.0,59313000000.0,,12.471,-960000000.0,1763000000.0,1763000000.0,2232000000.0,377000000.0,0.65,3.767,34773000000.0,3359000000.0,31414000000.0,34773000000.0,759000000.0,1162000000.0,0.0,0.1,0.25,927000000.0,2089000000.0,0.402,2089000000.0,927000000.0,513000000.0,0.35,0.35,0.35,13462000000.0,,13462000000.0,45758946284.0,13.0,5.503,789000000.0,0.731,1.0,2960000000.0,0.57,30372000000.0,414000000.0,59337000000.0,,0.0,0.0,0.0,0.0,50709000000.0,7472000000.0,43237000000.0,11007946284.0,193000000.0,0.0,0.0,-320000000.0,-271000000.0,-597000000.0,-959000000.0,0.0,1749000000.0,0.0,377000000.0,377000000.0,377000000.0,0.0,0.0,0.073,2057000000.0,903000000.0,1448000000.0,0.714,0.818,9.053,8.876,26079000000.0,0.0,10.03,0.522,0.514,2182000000.0,-6109000000.0,5192000000.0,5192000000.0,0.0,,,,,20000000.0,895000000.0,1.0,1097502122.0,1079475000.0,1082567000.0,4.81,33799000000.0,0.0,136000000.0,3431000000.0,31.311,-2614000000.0
5,LUMN,MRQ,2020-03-31,2020-03-31,2020-03-31,2021-09-07,-2955000000.0,64056000000.0,,4690000000.0,59366000000.0,,12.358,-939000000.0,1591000000.0,1591000000.0,2235000000.0,314000000.0,0.822,3.82,36342000000.0,1545000000.0,34797000000.0,36342000000.0,788000000.0,1160000000.0,0.0,0.106,0.25,882000000.0,2042000000.0,0.391,2042000000.0,882000000.0,433000000.0,0.29,0.29,0.29,13291000000.0,,13291000000.0,45042051333.0,12.0,5.335,360000000.0,0.335,1.0,2993000000.0,0.572,30699000000.0,449000000.0,62405000000.0,,0.0,0.0,0.0,0.0,50765000000.0,5703000000.0,45062000000.0,10307051333.0,-126000000.0,0.0,0.0,-126000000.0,-291000000.0,-486000000.0,-939000000.0,0.0,1299000000.0,0.0,314000000.0,314000000.0,314000000.0,0.0,0.0,0.06,2013000000.0,980000000.0,1581000000.0,0.862,0.775,8.518,8.372,27623000000.0,0.0,9.46,0.485,0.479,2175000000.0,-6486000000.0,5228000000.0,5228000000.0,0.0,,,,,69000000.0,853000000.0,1.0,1089540310.0,1075459000.0,1081754000.0,4.861,33357000000.0,0.0,119000000.0,3311000000.0,31.017,-1013000000.0
6,LUMN,MRQ,2019-12-31,2019-12-31,2019-12-31,2021-09-07,-2680000000.0,64742000000.0,,4768000000.0,59974000000.0,,12.554,-901000000.0,1690000000.0,1690000000.0,2257000000.0,223000000.0,0.657,3.806,35110000000.0,2716000000.0,32394000000.0,35110000000.0,804000000.0,1210000000.0,0.0,0.076,0.25,833000000.0,2043000000.0,0.385,2043000000.0,833000000.0,349000000.0,0.21,0.21,0.21,13470000000.0,,13470000000.0,49865926411.0,-18.0,23.928,1008000000.0,0.939,1.0,3049000000.0,0.575,31101000000.0,484000000.0,59803000000.0,,0.0,0.0,0.0,0.0,51272000000.0,7258000000.0,44014000000.0,14401926411.0,286000000.0,0.0,0.0,-429000000.0,-271000000.0,-724000000.0,-899000000.0,0.0,1909000000.0,0.0,223000000.0,223000000.0,223000000.0,0.0,0.0,0.042,2202000000.0,847000000.0,1724000000.0,1.19,1.069,-2.733,-2.685,26079000000.0,0.0,13.21,0.671,0.66,2259000000.0,-6814000000.0,5306000000.0,5306000000.0,0.0,,,,,48000000.0,992000000.0,1.0,1090229100.0,1073001000.0,1073001000.0,4.945,33641000000.0,0.0,126000000.0,3229000000.0,31.352,-2490000000.0
7,LUMN,MRQ,2019-09-30,2019-09-30,2019-09-30,2021-09-07,-2499000000.0,64728000000.0,,4589000000.0,60139000000.0,,12.749,-929000000.0,1431000000.0,1431000000.0,2334000000.0,302000000.0,0.696,3.734,36895000000.0,2163000000.0,34732000000.0,36895000000.0,798000000.0,1235000000.0,0.0,0.103,0.25,906000000.0,2141000000.0,0.4,2141000000.0,906000000.0,410000000.0,0.28,0.28,0.28,13674000000.0,,13674000000.0,49915797682.0,-9.0,-95.441,959000000.0,0.894,1.0,3016000000.0,0.564,31386000000.0,496000000.0,62217000000.0,,0.0,0.0,0.0,0.0,51054000000.0,6589000000.0,44465000000.0,13612797682.0,991000000.0,0.0,0.0,339000000.0,-275000000.0,57000000.0,-954000000.0,0.0,1888000000.0,0.0,302000000.0,302000000.0,302000000.0,0.0,0.0,0.056,2066000000.0,950000000.0,1712000000.0,0.893,0.996,-1.722,-1.684,27595000000.0,0.0,12.48,0.646,0.635,2290000000.0,-7018000000.0,5350000000.0,5350000000.0,0.0,,,,,38000000.0,831000000.0,1.0,1090769045.0,1072543000.0,1074790000.0,4.988,33342000000.0,0.0,108000000.0,3298000000.0,31.087,-2000000000.0
8,LUMN,MRQ,2019-06-30,2019-06-30,2019-06-30,2021-09-07,-2419000000.0,64508000000.0,,3878000000.0,60630000000.0,,12.78,-799000000.0,440000000.0,440000000.0,2243000000.0,371000000.0,0.597,3.711,36743000000.0,2083000000.0,34660000000.0,36743000000.0,852000000.0,1196000000.0,0.0,0.134,0.25,1020000000.0,2216000000.0,0.412,2216000000.0,1020000000.0,502000000.0,0.35,0.35,0.35,13692000000.0,,13692000000.0,49900085749.0,-9.0,-101.217,902000000.0,0.842,1.0,3132000000.0,0.583,31734000000.0,518000000.0,62582000000.0,,0.0,0.0,0.0,0.0,50816000000.0,6495000000.0,44321000000.0,12822085749.0,-34000000.0,0.0,0.0,-652000000.0,-269000000.0,-924000000.0,-811000000.0,0.0,1701000000.0,0.0,371000000.0,371000000.0,371000000.0,0.0,0.0,0.069,2156000000.0,976000000.0,1634000000.0,0.714,0.936,-1.616,-1.581,27704000000.0,0.0,11.76,0.595,0.585,2446000000.0,-7321000000.0,5375000000.0,5375000000.0,0.0,,,,,43000000.0,960000000.0,1.0,1090313414.0,1071341000.0,1072813000.0,5.017,32774000000.0,0.0,131000000.0,3200000000.0,30.592,-2617000000.0
9,LUMN,MRQ,2019-03-31,2019-03-31,2019-03-31,2021-09-07,-2429000000.0,64788000000.0,,3820000000.0,60968000000.0,,12.67,-906000000.0,474000000.0,474000000.0,2300000000.0,-6165000000.0,0.711,3.784,37552000000.0,1193000000.0,36359000000.0,37552000000.0,841000000.0,1188000000.0,0.0,0.156,0.25,-5504000000.0,-4316000000.0,-0.795,-4316000000.0,-5504000000.0,-6027000000.0,-5.77,-5.77,-5.77,13543000000.0,,13543000000.0,48489600880.0,-9.0,-76.242,276000000.0,0.258,1.0,3127000000.0,0.576,32035000000.0,523000000.0,64458000000.0,,0.0,0.0,0.0,0.0,51245000000.0,5373000000.0,45872000000.0,12946600880.0,-44000000.0,0.0,0.0,-8000000.0,-285000000.0,-320000000.0,-906000000.0,0.0,1182000000.0,0.0,-6165000000.0,-6165000000.0,-6165000000.0,0.0,0.0,-1.136,8626000000.0,-5499000000.0,1481000000.0,-0.043,0.956,-1.616,-1.594,27745000000.0,0.0,11.99,0.587,0.581,2347000000.0,-7693000000.0,5427000000.0,5427000000.0,0.0,,,,,33000000.0,932000000.0,1.0,1079783226.0,1068878000.0,1068878000.0,5.077,32753000000.0,0.0,138000000.0,3087000000.0,30.642,-1553000000.0
10,LUMN,MRQ,2018-12-31,2018-12-31,2018-12-31,2021-09-07,-2461000000.0,70256000000.0,,3820000000.0,66436000000.0,,18.579,-882000000.0,518000000.0,518000000.0,1794000000.0,-2412000000.0,0.691,2.543,36061000000.0,652000000.0,35409000000.0,36061000000.0,832000000.0,1262000000.0,0.0,0.143,0.54,-1826000000.0,-564000000.0,-0.115,-564000000.0,-1826000000.0,-2365000000.0,-2.27,-2.27,-2.27,19828000000.0,,19828000000.0,52508987940.0,86.0,9.157,1114000000.0,1.044,1.0,3121000000.0,0.635,38810000000.0,539000000.0,61458000000.0,,0.0,0.0,0.0,0.0,50428000000.0,5531000000.0,44897000000.0,16371987940.0,98000000.0,0.0,0.0,-437000000.0,-577000000.0,-1016000000.0,-882000000.0,0.0,1996000000.0,0.0,-2412000000.0,-2412000000.0,-2412000000.0,0.0,0.0,-0.491,4962000000.0,-1841000000.0,1933000000.0,-0.238,0.826,-9.447,-9.294,26408000000.0,0.0,15.15,0.725,0.715,2398000000.0,-1643000000.0,4915000000.0,4915000000.0,0.0,,,,,42000000.0,974000000.0,1.0,1080659270.0,1067234000.0,1054286000.0,4.605,31446000000.0,0.0,47000000.0,2864000000.0,29.465,-1711000000.0
11,LUMN,MRQ,2018-09-30,2018-09-30,2018-09-30,2021-09-07,-2454000000.0,73371000000.0,,4114000000.0,69257000000.0,,21.373,-684000000.0,390000000.0,390000000.0,2672000000.0,272000000.0,0.778,2.218,36527000000.0,778000000.0,35749000000.0,36527000000.0,983000000.0,1285000000.0,0.0,0.102,0.54,886000000.0,2171000000.0,0.373,2171000000.0,886000000.0,329000000.0,0.25,0.25,0.25,22803000000.0,,22803000000.0,59513613515.0,20.0,7.411,1103000000.0,1.034,1.0,3146000000.0,0.541,41936000000.0,557000000.0,62286000000.0,,0.0,30000000.0,3000000.0,27000000.0,50568000000.0,5286000000.0,45282000000.0,22898613515.0,-312000000.0,0.0,0.0,-826000000.0,-579000000.0,-1415000000.0,-684000000.0,0.0,1787000000.0,0.0,272000000.0,272000000.0,272000000.0,0.0,0.0,0.047,2252000000.0,894000000.0,1387000000.0,2.16,1.004,12.75,9.06,26168000000.0,0.0,21.2,0.996,0.984,2465000000.0,777000000.0,5818000000.0,5818000000.0,0.0,,,,,49000000.0,967000000.0,1.0,1080123279.0,1066904000.0,1072351000.0,5.453,31435000000.0,0.0,57000000.0,2911000000.0,29.464,-1172000000.0
12,LUMN,MRQ,2018-06-30,2018-06-30,2018-06-30,2021-09-07,-2490000000.0,74346000000.0,,4451000000.0,69895000000.0,,21.592,-649000000.0,700000000.0,700000000.0,2730000000.0,292000000.0,0.985,2.234,37315000000.0,437000000.0,36878000000.0,37315000000.0,750000000.0,1290000000.0,0.0,0.116,0.54,783000000.0,2073000000.0,0.351,2073000000.0,783000000.0,237000000.0,0.27,0.27,0.27,22989000000.0,,22989000000.0,56949695889.0,22.0,7.834,933000000.0,0.876,1.0,3172000000.0,0.537,42251000000.0,546000000.0,64189000000.0,,0.0,32000000.0,5000000.0,27000000.0,51357000000.0,4521000000.0,46836000000.0,20109695889.0,195000000.0,0.0,0.0,-55000000.0,-576000000.0,-643000000.0,-744000000.0,0.0,1582000000.0,0.0,292000000.0,292000000.0,292000000.0,0.0,0.0,0.049,2405000000.0,767000000.0,1360000000.0,2.0,0.875,12.444,8.248,26494000000.0,0.0,18.64,0.948,0.936,2471000000.0,1040000000.0,5902000000.0,5902000000.0,0.0,,,,,54000000.0,1115000000.0,1.0,1078846346.0,1064711000.0,1068819000.0,5.543,32095000000.0,0.0,-55000000.0,2751000000.0,30.144,-70000000.0
13,LUMN,MRQ,2018-03-31,2018-03-31,2018-03-31,2021-09-07,-2288000000.0,74793000000.0,,4183000000.0,70610000000.0,,21.996,-802000000.0,537000000.0,537000000.0,2803000000.0,115000000.0,0.877,2.19,37377000000.0,437000000.0,36940000000.0,37377000000.0,820000000.0,1283000000.0,0.0,0.131,0.54,771000000.0,2054000000.0,0.346,2054000000.0,771000000.0,236000000.0,0.11,0.11,0.11,23443000000.0,,23443000000.0,54716827468.0,25.0,8.41,865000000.0,0.812,1.0,3142000000.0,0.529,42706000000.0,535000000.0,64160000000.0,,0.0,0.0,0.0,0.0,51350000000.0,4767000000.0,46583000000.0,17577827468.0,-50000000.0,0.0,0.0,-343000000.0,-580000000.0,-949000000.0,-768000000.0,0.0,1667000000.0,0.0,115000000.0,115000000.0,115000000.0,0.0,0.0,0.019,2392000000.0,750000000.0,1508000000.0,4.909,0.75,13.108,8.134,26826000000.0,0.0,16.43,0.906,0.903,2432000000.0,1336000000.0,5945000000.0,5945000000.0,0.0,,,,,41000000.0,1109000000.0,1.0,1069861684.0,1065796000.0,1069183000.0,5.578,32087000000.0,0.0,121000000.0,2586000000.0,30.106,-584000000.0
14,LUMN,MRQ,2017-12-31,2017-12-31,2017-12-31,2021-09-07,-1995000000.0,75611000000.0,,4194000000.0,71417000000.0,,37.417,735000000.0,587000000.0,587000000.0,2498000000.0,1117000000.0,0.863,2.219,37726000000.0,443000000.0,37283000000.0,37726000000.0,892000000.0,1197000000.0,0.0,0.129,0.54,535000000.0,1732000000.0,0.325,1732000000.0,535000000.0,54000000.0,1.71,1.71,1.71,23491000000.0,,23491000000.0,36644975594.0,18.0,6.152,1913000000.0,3.047,1.0,2825000000.0,0.531,43248000000.0,481000000.0,64645000000.0,,0.0,0.0,0.0,0.0,52120000000.0,4857000000.0,47263000000.0,17830975594.0,-5577000000.0,-8756000000.0,0.0,1844000000.0,-572000000.0,1266000000.0,-8021000000.0,0.0,1178000000.0,0.0,1117000000.0,1117000000.0,1117000000.0,0.0,0.0,0.21,2301000000.0,524000000.0,1555000000.0,0.316,0.759,12.837,7.548,26852000000.0,0.0,16.68,1.01,0.593,2557000000.0,1103000000.0,5323000000.0,5323000000.0,0.0,,,,,47000000.0,1104000000.0,1.0,1069003333.0,627808000.0,628693000.0,8.479,32363000000.0,0.0,-1063000000.0,2783000000.0,51.549,-663000000.0
15,LUMN,MRQ,2017-09-30,2017-09-30,2017-09-30,2021-09-07,-1994000000.0,50536000000.0,,2694000000.0,47842000000.0,,23.933,-750000000.0,6164000000.0,6164000000.0,1927000000.0,92000000.0,0.825,2.899,24978000000.0,124000000.0,24854000000.0,24978000000.0,642000000.0,910000000.0,0.0,0.114,0.54,501000000.0,1411000000.0,0.35,1411000000.0,501000000.0,139000000.0,0.17,0.17,0.17,12960000000.0,,12960000000.0,29107615298.0,15.0,5.219,208000000.0,0.384,1.0,2107000000.0,0.522,23391000000.0,362000000.0,42693000000.0,,0.0,0.0,0.0,0.0,37576000000.0,3266000000.0,34310000000.0,10387615298.0,-193000000.0,-6000000.0,0.0,-104000000.0,-291000000.0,-395000000.0,-756000000.0,0.0,958000000.0,0.0,92000000.0,92000000.0,92000000.0,0.0,0.0,0.023,1620000000.0,487000000.0,939000000.0,3.176,0.802,33.082,32.586,17634000000.0,0.0,18.9,0.625,0.616,1888000000.0,34000000.0,4034000000.0,4034000000.0,0.0,,,,,21000000.0,710000000.0,1.0,549609275.0,541521000.0,541963000.0,7.449,27145000000.0,0.0,47000000.0,3485000000.0,50.127,-572000000.0
16,LUMN,MRQ,2017-06-30,2017-06-30,2017-06-30,2021-09-07,-2050000000.0,50925000000.0,,2908000000.0,48017000000.0,,24.172,-827000000.0,6357000000.0,6357000000.0,1890000000.0,17000000.0,0.897,2.892,25077000000.0,196000000.0,24881000000.0,25077000000.0,644000000.0,949000000.0,0.0,0.09,0.54,360000000.0,1309000000.0,0.32,1309000000.0,360000000.0,40000000.0,0.03,0.03,0.03,13086000000.0,,13086000000.0,32570632064.0,17.0,5.677,-142000000.0,-0.262,1.0,2200000000.0,0.538,23596000000.0,320000000.0,42806000000.0,,0.0,0.0,0.0,0.0,37839000000.0,3243000000.0,34596000000.0,13105632064.0,6141000000.0,1473000000.0,-3000000.0,5112000000.0,-294000000.0,4818000000.0,638000000.0,0.0,685000000.0,0.0,17000000.0,17000000.0,17000000.0,0.0,0.0,0.004,1833000000.0,367000000.0,944000000.0,18.0,1.002,35.042,34.609,17583000000.0,0.0,23.88,0.772,0.762,1868000000.0,-51000000.0,4090000000.0,4090000000.0,0.0,,,,,22000000.0,884000000.0,1.0,548812063.0,541361000.0,542151000.0,7.555,27329000000.0,0.0,23000000.0,3520000000.0,50.482,-335000000.0
17,LUMN,MRQ,2017-03-31,2017-03-31,2017-03-31,2021-09-07,-2086000000.0,46602000000.0,,4968000000.0,41634000000.0,,24.62,-735000000.0,214000000.0,214000000.0,1888000000.0,163000000.0,0.975,2.502,19679000000.0,1499000000.0,18180000000.0,19679000000.0,656000000.0,880000000.0,0.0,0.092,0.54,625000000.0,1505000000.0,0.358,1505000000.0,625000000.0,307000000.0,0.3,0.3,0.3,13306000000.0,,13306000000.0,32348782272.0,14.0,5.328,322000000.0,0.596,1.0,2321000000.0,0.551,23780000000.0,318000000.0,37191000000.0,,0.0,0.0,0.0,0.0,33296000000.0,5096000000.0,28200000000.0,12882782272.0,-8000000.0,0.0,3000000.0,-26000000.0,-296000000.0,-333000000.0,-732000000.0,0.0,1057000000.0,0.0,163000000.0,163000000.0,163000000.0,0.0,0.0,0.039,1690000000.0,631000000.0,994000000.0,1.8,0.968,23.296,23.108,17016000000.0,0.0,23.57,0.746,0.737,1854000000.0,110000000.0,4209000000.0,4209000000.0,0.0,,,,,21000000.0,810000000.0,1.0,546575404.0,540458000.0,541522000.0,7.788,22822000000.0,0.0,144000000.0,3921000000.0,42.227,-128000000.0
18,LUMN,MRQ,2016-12-31,2016-12-31,2016-12-31,2021-09-07,-2117000000.0,47017000000.0,,5162000000.0,41855000000.0,,24.815,-963000000.0,224000000.0,224000000.0,1929000000.0,42000000.0,0.965,2.509,19688000000.0,1503000000.0,18185000000.0,19688000000.0,672000000.0,958000000.0,0.0,0.091,0.54,394000000.0,1352000000.0,0.315,1352000000.0,394000000.0,74000000.0,0.08,0.08,0.08,13399000000.0,,13399000000.0,32578293883.0,14.0,5.209,133000000.0,0.246,1.0,2360000000.0,0.55,23978000000.0,320000000.0,37154000000.0,,0.0,0.0,0.0,0.0,33618000000.0,5349000000.0,28269000000.0,13000293883.0,82000000.0,24000000.0,-5000000.0,259000000.0,-291000000.0,-32000000.0,-982000000.0,0.0,1096000000.0,0.0,42000000.0,42000000.0,42000000.0,0.0,0.0,0.01,1955000000.0,405000000.0,1179000000.0,6.75,0.97,20.767,20.5,17039000000.0,0.0,23.78,0.744,0.734,2017000000.0,-1000000.0,4289000000.0,4289000000.0,0.0,,,,,20000000.0,997000000.0,1.0,546690239.0,539963000.0,541237000.0,7.943,23039000000.0,0.0,32000000.0,3772000000.0,42.668,-187000000.0
19,LUMN,MRQ,2016-09-30,2016-09-30,2016-09-30,2021-09-07,-1855000000.0,46796000000.0,,2728000000.0,44068000000.0,,25.735,-735000000.0,140000000.0,140000000.0,1996000000.0,152000000.0,0.576,2.369,19718000000.0,1534000000.0,18184000000.0,19718000000.0,710000000.0,995000000.0,0.0,0.079,0.54,576000000.0,1571000000.0,0.359,1571000000.0,576000000.0,249000000.0,0.28,0.28,0.28,13892000000.0,,13892000000.0,34400944674.0,13.0,5.125,176000000.0,0.326,1.0,2386000000.0,0.545,25538000000.0,327000000.0,36103000000.0,,0.0,0.0,0.0,0.0,32904000000.0,4733000000.0,28171000000.0,14975944674.0,-51000000.0,0.0,2000000.0,59000000.0,-290000000.0,-229000000.0,-733000000.0,0.0,911000000.0,0.0,152000000.0,152000000.0,152000000.0,0.0,0.0,0.035,1793000000.0,593000000.0,1036000000.0,1.929,1.078,16.243,16.231,17840000000.0,0.0,27.43,0.848,0.839,1957000000.0,79000000.0,4382000000.0,4382000000.0,0.0,,,,,20000000.0,798000000.0,1.0,545969547.0,539806000.0,540917000.0,8.118,21258000000.0,0.0,97000000.0,3983000000.0,39.381,-2005000000.0
20,LUMN,MRQ,2016-06-30,2016-06-30,2016-06-30,2021-09-07,-1881000000.0,47118000000.0,,2791000000.0,44327000000.0,,25.916,-649000000.0,191000000.0,191000000.0,1949000000.0,196000000.0,0.576,2.369,19616000000.0,1451000000.0,18165000000.0,19616000000.0,727000000.0,987000000.0,0.0,0.074,0.54,657000000.0,1644000000.0,0.374,1644000000.0,657000000.0,317000000.0,0.36,0.36,0.36,13985000000.0,,13985000000.0,35427967389.0,13.0,5.173,529000000.0,0.98,1.0,2449000000.0,0.557,25744000000.0,340000000.0,35957000000.0,,0.0,0.0,0.0,0.0,33133000000.0,4842000000.0,28291000000.0,15840967389.0,-247000000.0,-24000000.0,-1000000.0,-451000000.0,-296000000.0,-751000000.0,-674000000.0,0.0,1178000000.0,0.0,196000000.0,196000000.0,196000000.0,0.0,0.0,0.045,1802000000.0,647000000.0,1067000000.0,1.5,1.133,16.247,16.298,17894000000.0,0.0,29.01,0.888,0.878,1972000000.0,115000000.0,4398000000.0,4398000000.0,0.0,,,,,22000000.0,815000000.0,1.0,546051961.0,539627000.0,540375000.0,8.15,21374000000.0,0.0,121000000.0,4130000000.0,39.609,-2051000000.0
21,LUMN,MRQ,2016-03-31,2016-03-31,2016-03-31,2021-09-07,-1907000000.0,47517000000.0,,2926000000.0,44591000000.0,,26.051,-604000000.0,438000000.0,438000000.0,1900000000.0,236000000.0,0.765,2.385,20025000000.0,517000000.0,19508000000.0,20025000000.0,730000000.0,976000000.0,0.0,0.068,0.54,711000000.0,1687000000.0,0.383,1687000000.0,711000000.0,380000000.0,0.44,0.44,0.44,14036000000.0,,14036000000.0,37480537470.0,14.0,5.501,819000000.0,1.52,1.0,2501000000.0,0.568,25966000000.0,331000000.0,37312000000.0,,0.0,0.0,0.0,0.0,33481000000.0,3826000000.0,29655000000.0,17381537470.0,312000000.0,0.0,4000000.0,-208000000.0,-290000000.0,-506000000.0,-605000000.0,0.0,1423000000.0,0.0,236000000.0,236000000.0,236000000.0,0.0,0.0,0.054,1813000000.0,688000000.0,1039000000.0,1.227,1.238,18.852,19.024,17963000000.0,0.0,31.96,0.974,0.965,1871000000.0,213000000.0,4401000000.0,4401000000.0,0.0,,,,,18000000.0,837000000.0,1.0,543852862.0,538799000.0,540187000.0,8.168,21551000000.0,0.0,144000000.0,4054000000.0,39.998,-900000000.0
22,LUMN,MRQ,2015-12-31,2015-12-31,2015-12-31,2021-09-07,-1934000000.0,47604000000.0,,2650000000.0,44954000000.0,,25.96,-831000000.0,126000000.0,126000000.0,1915000000.0,338000000.0,0.576,2.386,20225000000.0,1503000000.0,18722000000.0,20225000000.0,743000000.0,1053000000.0,0.0,0.086,0.54,758000000.0,1811000000.0,0.405,1811000000.0,758000000.0,430000000.0,0.61,0.61,0.61,14060000000.0,,14060000000.0,33871945798.0,13.0,4.969,366000000.0,0.676,1.0,2561000000.0,0.572,26225000000.0,328000000.0,36874000000.0,,0.0,0.0,0.0,0.0,33544000000.0,4604000000.0,28940000000.0,13812945798.0,-228000000.0,0.0,-289000000.0,-22000000.0,-293000000.0,-594000000.0,-831000000.0,0.0,1197000000.0,0.0,338000000.0,338000000.0,338000000.0,0.0,0.0,0.076,1836000000.0,725000000.0,968000000.0,0.885,0.982,15.732,15.924,18069000000.0,0.0,25.16,0.772,0.779,1943000000.0,272000000.0,4476000000.0,4476000000.0,0.0,,,,,16000000.0,783000000.0,1.0,549004205.0,541606000.0,542493000.0,8.264,21379000000.0,0.0,92000000.0,3887000000.0,39.473,-1954000000.0
23,LUMN,MRQ,2015-09-30,2015-09-30,2015-09-30,2021-09-07,-1941000000.0,48754000000.0,,3350000000.0,45404000000.0,,25.68,-764000000.0,355000000.0,355000000.0,1993000000.0,205000000.0,0.604,2.421,20414000000.0,1910000000.0,18504000000.0,20414000000.0,736000000.0,1048000000.0,0.0,0.086,0.54,658000000.0,1706000000.0,0.375,1706000000.0,658000000.0,329000000.0,0.37,0.37,0.37,14250000000.0,,14250000000.0,34340204251.0,15.0,5.184,711000000.0,1.281,1.0,2561000000.0,0.562,26487000000.0,329000000.0,36779000000.0,,0.0,0.0,0.0,0.0,34504000000.0,5547000000.0,28957000000.0,14142204251.0,200000000.0,0.0,-262000000.0,47000000.0,-296000000.0,-511000000.0,-764000000.0,0.0,1475000000.0,0.0,205000000.0,205000000.0,205000000.0,0.0,0.0,0.045,1905000000.0,656000000.0,1087000000.0,1.459,0.992,19.426,19.323,18068000000.0,0.0,25.12,0.792,0.78,1951000000.0,177000000.0,4554000000.0,4554000000.0,0.0,,,,,19000000.0,857000000.0,1.0,562985838.0,554897000.0,555156000.0,8.207,22267000000.0,450000000.0,124000000.0,4277000000.0,40.128,-2197000000.0
24,LUMN,MRQ,2015-06-30,2015-06-30,2015-06-30,2021-09-07,-1959000000.0,48977000000.0,,3305000000.0,45672000000.0,,26.112,-644000000.0,155000000.0,155000000.0,1959000000.0,143000000.0,0.689,2.358,20353000000.0,1519000000.0,18834000000.0,20353000000.0,745000000.0,1048000000.0,0.0,0.074,0.54,561000000.0,1609000000.0,0.364,1609000000.0,561000000.0,234000000.0,0.26,0.26,0.26,14587000000.0,,14587000000.0,36863950879.0,16.0,5.553,501000000.0,0.897,1.0,2460000000.0,0.557,26743000000.0,327000000.0,37635000000.0,,0.0,0.0,0.0,0.0,34390000000.0,4797000000.0,29593000000.0,16562950879.0,0.0,-4000000.0,-91000000.0,-100000000.0,-305000000.0,-497000000.0,-648000000.0,0.0,1145000000.0,0.0,143000000.0,143000000.0,143000000.0,0.0,0.0,0.032,1911000000.0,549000000.0,1049000000.0,2.077,1.135,23.295,23.317,18089000000.0,0.0,29.38,0.929,0.921,1955000000.0,87000000.0,4419000000.0,4419000000.0,0.0,,,,,20000000.0,863000000.0,1.0,563749179.0,558640000.0,559220000.0,7.91,22234000000.0,596000000.0,91000000.0,4257000000.0,39.8,-1492000000.0
25,LUMN,MRQ,2015-03-31,2015-03-31,2015-03-31,2021-09-07,-2001000000.0,49520000000.0,,3468000000.0,46052000000.0,,26.274,-602000000.0,155000000.0,155000000.0,1911000000.0,192000000.0,0.969,2.354,20456000000.0,202000000.0,20254000000.0,20456000000.0,739000000.0,1040000000.0,0.0,0.063,0.54,651000000.0,1691000000.0,0.38,1691000000.0,651000000.0,323000000.0,0.34,0.34,0.34,14765000000.0,,14765000000.0,40114992107.0,17.0,5.925,734000000.0,1.306,1.0,2540000000.0,0.571,27013000000.0,328000000.0,39229000000.0,,0.0,0.0,0.0,0.0,34755000000.0,3579000000.0,31176000000.0,19571992107.0,27000000.0,0.0,-177000000.0,-217000000.0,-304000000.0,-699000000.0,-610000000.0,0.0,1336000000.0,0.0,192000000.0,192000000.0,192000000.0,0.0,0.0,0.043,1891000000.0,649000000.0,1068000000.0,1.588,1.326,25.719,25.784,18183000000.0,0.0,34.55,1.091,1.082,1973000000.0,141000000.0,4451000000.0,4451000000.0,0.0,,,,,18000000.0,851000000.0,1.0,566483129.0,561969000.0,563505000.0,7.92,22507000000.0,718000000.0,131000000.0,4339000000.0,40.05,-111000000.0
26,LUMN,MRQ,2014-12-31,2014-12-31,2014-12-31,2021-09-07,-2017000000.0,49103000000.0,,2696000000.0,46407000000.0,,26.574,-871000000.0,128000000.0,128000000.0,1974000000.0,188000000.0,0.688,2.269,20503000000.0,550000000.0,19953000000.0,20503000000.0,726000000.0,1131000000.0,0.0,0.055,0.54,487000000.0,1618000000.0,0.365,1618000000.0,487000000.0,157000000.0,0.33,0.33,0.33,15023000000.0,,15023000000.0,43005515418.0,18.0,6.279,380000000.0,0.672,1.0,2464000000.0,0.555,27295000000.0,330000000.0,38265000000.0,,0.0,0.0,0.0,0.0,34080000000.0,3918000000.0,30162000000.0,22588515418.0,-606000000.0,-93000000.0,-87000000.0,-502000000.0,-304000000.0,-893000000.0,-964000000.0,0.0,1251000000.0,0.0,188000000.0,188000000.0,188000000.0,0.0,0.0,0.042,1981000000.0,483000000.0,1226000000.0,1.636,1.504,29.26,29.103,18433000000.0,0.0,39.58,1.253,1.248,1988000000.0,147000000.0,4438000000.0,4438000000.0,0.0,,,,,17000000.0,850000000.0,1.0,570705291.0,565324000.0,567036000.0,7.85,21808000000.0,0.0,-31000000.0,3463000000.0,38.576,-1222000000.0
27,LUMN,MRQ,2014-09-30,2014-09-30,2014-09-30,2021-09-07,-789000000.0,50646000000.0,,4018000000.0,46628000000.0,,29.057,-712000000.0,734000000.0,734000000.0,1975000000.0,188000000.0,0.878,2.08,21151000000.0,1169000000.0,19982000000.0,21151000000.0,714000000.0,1097000000.0,0.0,0.053,0.54,624000000.0,1721000000.0,0.381,1721000000.0,624000000.0,299000000.0,0.33,0.33,0.33,16445000000.0,,16445000000.0,44092038836.0,17.0,6.25,716000000.0,1.265,1.0,2539000000.0,0.562,27474000000.0,325000000.0,39012000000.0,,0.0,0.0,0.0,0.0,34201000000.0,4577000000.0,29624000000.0,23314038836.0,553000000.0,0.0,-52000000.0,182000000.0,-308000000.0,-181000000.0,-694000000.0,0.0,1428000000.0,0.0,188000000.0,188000000.0,188000000.0,0.0,0.0,0.042,1920000000.0,619000000.0,1069000000.0,1.636,1.418,28.328,29.0,18323000000.0,0.0,40.89,1.286,1.276,1978000000.0,131000000.0,4514000000.0,4514000000.0,0.0,,,,,20000000.0,823000000.0,1.0,570164804.0,565965000.0,567432000.0,7.976,23172000000.0,715000000.0,111000000.0,5001000000.0,40.942,-559000000.0
28,LUMN,MRQ,2014-06-30,2014-06-30,2014-06-30,2021-09-07,-779000000.0,50614000000.0,,3598000000.0,47016000000.0,,29.226,-732000000.0,181000000.0,181000000.0,1962000000.0,193000000.0,0.81,2.049,20959000000.0,1188000000.0,19771000000.0,20959000000.0,716000000.0,1093000000.0,0.0,0.06,0.54,648000000.0,1741000000.0,0.383,1741000000.0,648000000.0,323000000.0,0.34,0.34,0.34,16598000000.0,,16598000000.0,41454445816.0,32.0,7.156,397000000.0,0.699,1.0,2579000000.0,0.568,27752000000.0,325000000.0,39197000000.0,,0.0,0.0,0.0,0.0,34016000000.0,4443000000.0,29573000000.0,20733445816.0,-38000000.0,0.0,-140000000.0,16000000.0,-307000000.0,-430000000.0,-737000000.0,0.0,1129000000.0,0.0,193000000.0,193000000.0,193000000.0,0.0,0.0,0.043,1924000000.0,655000000.0,1153000000.0,1.588,1.249,-50.569,-53.235,18435000000.0,0.0,36.2,1.143,1.134,1986000000.0,135000000.0,4541000000.0,4541000000.0,0.0,,,,,23000000.0,831000000.0,1.0,572747122.0,567915000.0,569032000.0,7.996,22862000000.0,803000000.0,130000000.0,4952000000.0,40.256,-845000000.0
29,LUMN,MRQ,2014-03-31,2014-03-31,2014-03-31,2021-09-07,-795000000.0,51166000000.0,,3748000000.0,47418000000.0,,29.238,-669000000.0,219000000.0,219000000.0,1935000000.0,203000000.0,0.811,2.046,20940000000.0,1126000000.0,19814000000.0,20940000000.0,709000000.0,1107000000.0,0.0,0.066,0.54,662000000.0,1769000000.0,0.39,1769000000.0,662000000.0,331000000.0,0.35,0.35,0.35,16798000000.0,,16798000000.0,39778053004.0,29.0,6.749,711000000.0,1.238,1.0,2603000000.0,0.574,28091000000.0,331000000.0,39175000000.0,,0.0,0.0,0.0,0.0,34368000000.0,4621000000.0,29747000000.0,18980053004.0,51000000.0,0.0,-321000000.0,-17000000.0,-309000000.0,-647000000.0,-682000000.0,0.0,1380000000.0,0.0,203000000.0,203000000.0,203000000.0,0.0,0.0,0.045,1950000000.0,653000000.0,1183000000.0,1.543,1.13,-56.827,-57.614,18493000000.0,0.0,32.84,1.047,1.041,1887000000.0,144000000.0,4538000000.0,4538000000.0,0.0,,,,,19000000.0,843000000.0,1.0,577955329.0,574535000.0,575456000.0,7.899,23075000000.0,1010000000.0,128000000.0,5119000000.0,40.163,-873000000.0
30,LUMN,MRQ,2013-12-31,2013-12-31,2013-12-31,2021-09-07,-802000000.0,51787000000.0,,3907000000.0,47880000000.0,,29.373,-832000000.0,168000000.0,168000000.0,1920000000.0,239000000.0,0.886,2.012,20966000000.0,785000000.0,20181000000.0,20966000000.0,737000000.0,1166000000.0,0.0,0.068,0.54,658000000.0,1824000000.0,0.402,1824000000.0,658000000.0,330000000.0,0.39,0.39,0.39,17191000000.0,,17191000000.0,39141604884.0,26.0,6.456,319000000.0,0.545,1.0,2622000000.0,0.577,28411000000.0,328000000.0,39765000000.0,,0.0,0.0,0.0,0.0,34596000000.0,4409000000.0,30187000000.0,18825604884.0,-98000000.0,-160000000.0,-315000000.0,425000000.0,-315000000.0,-218000000.0,-1031000000.0,0.0,1151000000.0,0.0,239000000.0,239000000.0,239000000.0,0.0,0.0,0.053,1981000000.0,641000000.0,1111000000.0,1.385,1.095,-78.768,-79.625,18646000000.0,0.0,31.85,1.04,1.058,1977000000.0,66000000.0,4542000000.0,4542000000.0,0.0,,,,,71000000.0,823000000.0,1.0,591070797.0,585256000.0,585256000.0,7.761,23376000000.0,1165000000.0,91000000.0,5092000000.0,39.941,-502000000.0
31,LUMN,MRQ,2013-09-30,2013-09-30,2013-09-30,2021-09-07,-1660000000.0,51984000000.0,,3812000000.0,48172000000.0,,28.11,-801000000.0,266000000.0,266000000.0,1918000000.0,-1045000000.0,0.958,2.11,20582000000.0,191000000.0,20391000000.0,20582000000.0,700000000.0,1135000000.0,0.0,0.075,0.54,-676000000.0,459000000.0,0.102,459000000.0,-676000000.0,-1005000000.0,-1.76,-1.76,-1.76,16714000000.0,,16714000000.0,39220210903.0,25.0,6.379,751000000.0,1.263,1.0,2597000000.0,0.575,28685000000.0,329000000.0,39637000000.0,,0.0,0.0,0.0,0.0,35270000000.0,3978000000.0,31292000000.0,18849210903.0,52000000.0,0.0,-371000000.0,4000000.0,-325000000.0,-695000000.0,-805000000.0,0.0,1552000000.0,0.0,-1045000000.0,-1045000000.0,-1045000000.0,0.0,0.0,-0.231,3282000000.0,-685000000.0,1158000000.0,-0.307,1.128,-76.936,-68.217,18665000000.0,0.0,31.38,1.039,1.029,1911000000.0,-173000000.0,4515000000.0,4515000000.0,0.0,,,,,0.0,1047000000.0,1.0,600675937.0,594587000.0,594587000.0,7.594,23299000000.0,1072000000.0,40000000.0,4522000000.0,39.185,-166000000.0
32,LUMN,MRQ,2013-06-30,2013-06-30,2013-06-30,2021-09-07,-1688000000.0,53254000000.0,,3648000000.0,49606000000.0,,30.448,-747000000.0,214000000.0,214000000.0,1873000000.0,269000000.0,0.973,1.894,20585000000.0,302000000.0,20283000000.0,20585000000.0,666000000.0,1123000000.0,0.0,0.072,0.54,719000000.0,1842000000.0,0.407,1842000000.0,719000000.0,394000000.0,0.45,0.45,0.45,18400000000.0,,18400000000.0,41841777620.0,14.0,5.519,722000000.0,1.195,1.0,2652000000.0,0.586,29988000000.0,325000000.0,39889000000.0,,0.0,0.0,0.0,0.0,34854000000.0,3748000000.0,31106000000.0,21529777620.0,-262000000.0,0.0,-443000000.0,-240000000.0,-320000000.0,-1003000000.0,-728000000.0,0.0,1469000000.0,0.0,269000000.0,269000000.0,269000000.0,0.0,0.0,0.059,1937000000.0,715000000.0,1285000000.0,1.2,1.17,20.121,20.434,18777000000.0,0.0,35.35,1.183,1.174,1900000000.0,1193000000.0,4525000000.0,4525000000.0,0.0,,,,,0.0,814000000.0,1.0,609046043.0,604302000.0,605602000.0,7.488,23266000000.0,964000000.0,125000000.0,4346000000.0,38.501,-100000000.0
33,LUMN,MRQ,2013-03-31,2013-03-31,2013-03-31,2021-09-07,-1695000000.0,53729000000.0,,3875000000.0,49854000000.0,,30.441,-588000000.0,476000000.0,476000000.0,1796000000.0,298000000.0,0.846,1.849,20788000000.0,1193000000.0,19595000000.0,20788000000.0,689000000.0,1117000000.0,0.0,0.077,0.54,821000000.0,1938000000.0,0.429,1938000000.0,821000000.0,505000000.0,0.48,0.48,0.48,18856000000.0,,18856000000.0,42379154261.0,16.0,5.723,799000000.0,1.29,1.0,2717000000.0,0.602,30229000000.0,316000000.0,39229000000.0,,0.0,0.0,0.0,0.0,34873000000.0,4583000000.0,30290000000.0,21985154261.0,265000000.0,0.0,-384000000.0,187000000.0,-341000000.0,-538000000.0,-584000000.0,0.0,1387000000.0,0.0,298000000.0,298000000.0,298000000.0,0.0,0.0,0.066,1935000000.0,782000000.0,1094000000.0,1.125,1.166,25.126,25.093,18825000000.0,0.0,35.13,1.203,1.19,1924000000.0,1244000000.0,4513000000.0,4513000000.0,0.0,,,,,0.0,818000000.0,1.0,625822780.0,619423000.0,621074000.0,7.286,23500000000.0,888000000.0,207000000.0,4210000000.0,37.939,-708000000.0
34,LUMN,MRQ,2012-12-31,2012-12-31,2012-12-31,2021-09-07,-1701000000.0,53940000000.0,,3638000000.0,50302000000.0,,31.032,-837000000.0,211000000.0,211000000.0,1907000000.0,233000000.0,0.792,1.796,20605000000.0,1205000000.0,19400000000.0,20605000000.0,642000000.0,1220000000.0,0.0,0.074,0.725,689000000.0,1909000000.0,0.417,1909000000.0,689000000.0,374000000.0,0.37,0.37,0.37,19289000000.0,,19289000000.0,44933206233.0,17.0,6.114,542000000.0,0.872,1.0,2676000000.0,0.584,30597000000.0,315000000.0,39142000000.0,,0.0,0.0,0.0,0.0,34651000000.0,4595000000.0,30056000000.0,24421206233.0,17000000.0,0.0,2000000.0,-50000000.0,-454000000.0,-536000000.0,-827000000.0,0.0,1379000000.0,1000000.0,233000000.0,233000000.0,233000000.0,0.0,0.0,0.051,2010000000.0,666000000.0,1207000000.0,1.959,1.266,31.43,31.296,18909000000.0,0.0,39.12,1.329,1.32,1917000000.0,1285000000.0,4583000000.0,4583000000.0,0.0,,,,,110000000.0,790000000.0,1.0,624263963.0,621576000.0,623656000.0,7.373,23343000000.0,958000000.0,141000000.0,3920000000.0,37.555,-957000000.0
35,LUMN,MRQ,2012-09-30,2012-09-30,2012-09-30,2021-09-07,-984000000.0,54632000000.0,,3833000000.0,50799000000.0,,32.516,-719000000.0,194000000.0,194000000.0,1943000000.0,270000000.0,0.777,1.705,20706000000.0,1198000000.0,19508000000.0,20706000000.0,616000000.0,1144000000.0,0.0,0.072,0.725,748000000.0,1892000000.0,0.414,1892000000.0,748000000.0,422000000.0,0.43,0.43,0.43,20197000000.0,,20197000000.0,46459044729.0,19.0,6.431,1168000000.0,1.88,1.0,2628000000.0,0.575,30932000000.0,326000000.0,39281000000.0,,0.0,0.0,0.0,0.0,34435000000.0,4931000000.0,29504000000.0,25155044729.0,-87000000.0,0.0,26000000.0,-867000000.0,-452000000.0,-1286000000.0,-688000000.0,0.0,1887000000.0,0.0,270000000.0,270000000.0,270000000.0,0.0,0.0,0.059,1892000000.0,736000000.0,1320000000.0,1.686,1.245,38.522,39.223,19013000000.0,0.0,40.4,1.364,1.36,1971000000.0,1506000000.0,4571000000.0,4571000000.0,0.0,,,,,0.0,748000000.0,1.0,622649622.0,621148000.0,623296000.0,7.359,23700000000.0,1019000000.0,152000000.0,4501000000.0,38.155,-1098000000.0
36,LUMN,MRQ,2012-06-30,2012-06-30,2012-06-30,2021-09-07,-998000000.0,55090000000.0,,3847000000.0,51243000000.0,,32.766,-494000000.0,281000000.0,281000000.0,1912000000.0,74000000.0,0.739,1.712,21585000000.0,1903000000.0,19682000000.0,21585000000.0,598000000.0,1208000000.0,0.0,0.073,0.725,458000000.0,1666000000.0,0.361,1666000000.0,458000000.0,123000000.0,0.12,0.12,0.12,20311000000.0,,20311000000.0,45869672706.0,21.0,6.447,722000000.0,1.165,1.0,2700000000.0,0.585,31289000000.0,335000000.0,39898000000.0,,0.0,0.0,0.0,0.0,34779000000.0,5207000000.0,29572000000.0,24532672706.0,-1249000000.0,0.0,21000000.0,-1202000000.0,-453000000.0,-1954000000.0,-512000000.0,0.0,1216000000.0,1000000.0,74000000.0,74000000.0,74000000.0,0.0,0.0,0.016,2043000000.0,657000000.0,1134000000.0,6.042,1.208,47.088,48.159,19054000000.0,0.0,39.49,1.328,1.325,1920000000.0,1688000000.0,4612000000.0,4612000000.0,0.0,,,,,0.0,835000000.0,1.0,621237597.0,619887000.0,621839000.0,7.44,23801000000.0,1018000000.0,49000000.0,4326000000.0,38.396,-1360000000.0
37,LUMN,MRQ,2012-03-31,2012-03-31,2012-03-31,2021-09-07,-1000000000.0,56842000000.0,,4882000000.0,51960000000.0,,33.384,-678000000.0,1530000000.0,1530000000.0,1877000000.0,200000000.0,0.865,1.754,22867000000.0,2200000000.0,20667000000.0,22867000000.0,605000000.0,1208000000.0,0.0,0.075,0.725,674000000.0,1882000000.0,0.408,1882000000.0,674000000.0,331000000.0,0.32,0.32,0.32,20638000000.0,,20638000000.0,45656086472.0,21.0,6.438,905000000.0,1.464,1.0,2733000000.0,0.593,31824000000.0,343000000.0,40712000000.0,,0.0,0.0,0.0,0.0,36204000000.0,5643000000.0,30561000000.0,23948086472.0,1402000000.0,0.0,24000000.0,906000000.0,-452000000.0,481000000.0,-663000000.0,0.0,1583000000.0,1000000.0,200000000.0,200000000.0,200000000.0,0.0,0.0,0.043,2079000000.0,654000000.0,1026000000.0,2.266,1.16,42.612,43.427,19295000000.0,0.0,38.65,1.311,1.308,1879000000.0,2067000000.0,4610000000.0,4610000000.0,0.0,,,,,0.0,871000000.0,1.0,619614139.0,618208000.0,620350000.0,7.457,25018000000.0,992000000.0,131000000.0,4341000000.0,40.469,-761000000.0
38,LUMN,MRQ,2011-12-31,2011-12-31,2011-12-31,2021-09-07,-1012000000.0,56044000000.0,,3517000000.0,52527000000.0,,33.79,-900000000.0,128000000.0,128000000.0,1968000000.0,109000000.0,0.876,1.691,21836000000.0,480000000.0,21356000000.0,21836000000.0,573000000.0,1252000000.0,0.0,0.078,0.725,532000000.0,1784000000.0,0.383,1784000000.0,532000000.0,192000000.0,0.16,0.16,0.16,20827000000.0,,20827000000.0,44027944316.0,22.0,7.282,-172000000.0,-0.279,1.0,2685000000.0,0.577,32214000000.0,340000000.0,41521000000.0,,0.0,0.0,0.0,0.0,35217000000.0,4017000000.0,31200000000.0,22974944316.0,-995000000.0,0.0,24000000.0,-322000000.0,-451000000.0,-818000000.0,-898000000.0,0.0,728000000.0,-7000000.0,109000000.0,109000000.0,109000000.0,0.0,0.0,0.023,2152000000.0,533000000.0,1400000000.0,4.531,1.103,40.096,34.766,19444000000.0,0.0,37.2,1.497,1.291,1950000000.0,2319000000.0,4653000000.0,4653000000.0,0.0,,,,,0.0,900000000.0,1.0,617606030.0,616363000.0,618295000.0,7.549,23830000000.0,1046000000.0,83000000.0,4183000000.0,38.662,-500000000.0
39,LUMN,MRQ,2011-09-30,2011-09-30,2011-09-30,2021-09-07,-158000000.0,56735000000.0,,3808000000.0,52927000000.0,,35.892,-721000000.0,1123000000.0,1123000000.0,1950000000.0,138000000.0,0.804,1.582,22176000000.0,1034000000.0,21142000000.0,22176000000.0,551000000.0,1228000000.0,0.0,0.088,0.725,555000000.0,1783000000.0,0.388,1783000000.0,555000000.0,231000000.0,0.22,0.22,0.22,21976000000.0,,21976000000.0,39214618524.0,20.0,7.668,734000000.0,1.199,1.0,2646000000.0,0.576,32805000000.0,324000000.0,40246000000.0,,0.0,0.0,0.0,0.0,34759000000.0,4737000000.0,30022000000.0,20416618524.0,-1423000000.0,-1671000000.0,20000000.0,-28000000.0,-448000000.0,-476000000.0,-2387000000.0,0.0,1455000000.0,-15000000.0,138000000.0,138000000.0,138000000.0,0.0,0.0,0.03,2098000000.0,548000000.0,1360000000.0,3.295,0.929,29.632,18.098,19290000000.0,0.0,33.12,1.644,1.633,1998000000.0,2663000000.0,4596000000.0,4596000000.0,0.0,,,,,0.0,870000000.0,1.0,616443796.0,612277000.0,613686000.0,7.506,23930000000.0,309000000.0,93000000.0,3969000000.0,39.084,-929000000.0
40,LUMN,MRQ,2011-06-30,2011-06-30,2011-06-30,2021-09-07,-141000000.0,54842000000.0,,5007000000.0,49835000000.0,,36.136,-579000000.0,2546000000.0,2546000000.0,1781000000.0,115000000.0,0.989,1.534,21344000000.0,1610000000.0,19734000000.0,21344000000.0,543000000.0,1177000000.0,0.0,0.072,0.725,466000000.0,1643000000.0,0.373,1643000000.0,466000000.0,186000000.0,0.19,0.19,0.19,21641000000.0,,21641000000.0,31190143194.0,16.0,7.428,769000000.0,1.284,1.0,2625000000.0,0.596,31033000000.0,280000000.0,37543000000.0,,0.0,0.0,0.0,0.0,33201000000.0,5064000000.0,28137000000.0,24280012194.0,2276000000.0,419000000.0,24000000.0,1528000000.0,-435000000.0,1082000000.0,-154000000.0,0.0,1348000000.0,0.0,115000000.0,115000000.0,115000000.0,0.0,0.0,0.026,2145000000.0,480000000.0,1256000000.0,3.816,1.122,31.009,17.059,18024000000.0,0.0,40.43,2.537,2.53,1830000000.0,2958000000.0,4406000000.0,4406000000.0,0.0,,,,,0.0,968000000.0,1.0,600544452.0,598884000.0,600259000.0,7.357,23809000000.0,283000000.0,71000000.0,3493000000.0,39.756,-57000000.0
41,LUMN,MRQ,2011-03-31,2011-03-31,2011-03-31,2021-09-07,-138957000.0,21901458000.0,,1140736000.0,20760722000.0,,31.771,-211000000.0,269659000.0,269659000.0,626000000.0,211000000.0,1.063,1.268,7179790000.0,11539000.0,7168251000.0,7179790000.0,178341000.0,369000000.0,0.0,0.07,0.725,467000000.0,836000000.0,0.493,836000000.0,467000000.0,339000000.0,0.69,0.69,0.69,9652936000.0,,9652936000.0,19852712202.0,10.0,5.77,459000000.0,1.511,1.0,1070000000.0,0.631,10260640000.0,128000000.0,17477942000.0,,35448000.0,0.0,0.0,0.0,12242851000.0,1073007000.0,11169844000.0,12698068202.0,97000000.0,0.0,4000000.0,-148000000.0,-222000000.0,-365000000.0,-208000000.0,0.0,670000000.0,0.0,211000000.0,211000000.0,211000000.0,0.0,0.0,0.124,606000000.0,464000000.0,298687000.0,1.051,1.315,14.016,13.99,8648580000.0,0.0,41.55,1.83,1.82,667842000.0,3291784000.0,1696000000.0,1696000000.0,0.0,,,,,0.0,237000000.0,1.0,305609343.0,303832000.0,304479000.0,5.582,11640818000.0,110650000.0,128000000.0,2543894000.0,38.313,67729000.0
42,LUMN,MRQ,2010-12-31,2010-12-31,2010-12-31,2021-09-07,-141000000.0,22038000000.0,,1143000000.0,20895000000.0,,31.912,-264000000.0,173000000.0,173000000.0,632000000.0,225000000.0,1.131,1.284,7328000000.0,12000000.0,7316000000.0,7328000000.0,190000000.0,365000000.0,0.0,0.063,0.725,487000000.0,852000000.0,0.495,852000000.0,487000000.0,359000000.0,0.73,0.74,0.73,9647000000.0,,9647000000.0,21316130153.0,10.0,6.075,300000000.0,0.992,1.0,1090000000.0,0.633,11813000000.0,128000000.0,16369000000.0,,0.0,0.0,0.0,0.0,12391000000.0,1011000000.0,11380000000.0,14000895153.0,-70000000.0,0.0,73000000.0,-231000000.0,-221000000.0,-373000000.0,-261000000.0,0.0,564000000.0,0.0,225000000.0,225000000.0,225000000.0,0.0,0.0,0.131,604000000.0,486000000.0,300000000.0,0.993,1.451,14.769,14.751,8754000000.0,0.0,46.17,1.988,1.971,713000000.0,3302000000.0,1722000000.0,1722000000.0,0.0,,,,,0.0,239000000.0,1.0,303246592.0,302302000.0,303199000.0,5.696,10225000000.0,183000000.0,134000000.0,2493000000.0,33.824,132000000.0
43,LUMN,MRQ,2010-09-30,2010-09-30,2010-09-30,2021-09-07,-89544000.0,22220210000.0,,1227107000.0,20993103000.0,,31.922,-238000000.0,243061000.0,243061000.0,641000000.0,232000000.0,0.744,1.314,7558296000.0,496552000.0,7061744000.0,7558296000.0,177915000.0,358000000.0,0.0,0.073,0.725,510000000.0,868000000.0,0.497,868000000.0,510000000.0,372000000.0,0.76,0.76,0.76,9599156000.0,,9599156000.0,19383906174.0,9.0,5.548,362000000.0,1.204,1.0,1107000000.0,0.633,10260640000.0,138000000.0,17625077000.0,,35135000.0,0.0,0.0,0.0,12614356000.0,1649728000.0,10964628000.0,11895058174.0,57000000.0,0.0,27000000.0,-116000000.0,-221000000.0,-305000000.0,-238000000.0,0.0,600000000.0,0.0,232000000.0,232000000.0,232000000.0,0.0,0.0,0.133,601000000.0,506000000.0,292675000.0,0.954,1.239,12.487,12.647,8801743000.0,0.0,39.46,1.664,1.66,749653000.0,3298643000.0,1748000000.0,1748000000.0,0.0,,,,,0.0,243000000.0,1.0,301445975.0,300702000.0,301386000.0,5.813,11959570000.0,164903000.0,140000000.0,2427330000.0,39.772,-422621000.0
44,LUMN,MRQ,2010-06-30,2010-06-30,2010-06-30,2021-09-07,-92074000.0,22199584000.0,,1083650000.0,21115934000.0,,31.81,-194820000.0,186357000.0,186357000.0,627000000.0,238000000.0,0.665,1.325,7675205000.0,496559000.0,7178646000.0,7675205000.0,181053000.0,357838000.0,0.0,0.086,0.725,527000000.0,884838000.0,0.499,884838000.0,527000000.0,387000000.0,0.79,0.79,0.79,9544821000.0,,9544821000.0,17521088118.0,8.0,4.993,224717000.0,0.749,1.0,1145000000.0,0.646,10260640000.0,140000000.0,17798206000.0,,35599000.0,0.0,0.0,0.0,12648488000.0,1629586000.0,11018902000.0,10006489118.0,-20683000.0,0.0,14461000.0,-46371000.0,-218948000.0,-248706000.0,-191514000.0,0.0,419537000.0,0.0,238000000.0,238000000.0,238000000.0,0.0,0.0,0.134,622000000.0,523000000.0,299066000.0,0.918,1.048,9.992,10.094,8866471000.0,0.0,33.31,1.375,1.374,702030000.0,3287225000.0,1772000000.0,1772000000.0,0.0,,,,,-4911000.0,264000000.0,1.0,300404957.0,300058000.0,300605000.0,5.906,11938944000.0,116151000.0,149000000.0,2365006000.0,39.789,-545936000.0
45,LUMN,MRQ,2010-03-31,2010-03-31,2010-03-31,2021-09-07,-94603000.0,22321544000.0,,1040987000.0,21280557000.0,,31.712,-167180000.0,206490000.0,206490000.0,619105000.0,252957000.0,0.591,1.35,7721089000.0,500071000.0,7221018000.0,7721089000.0,182329000.0,353162000.0,0.0,0.08,0.725,555374000.0,908536000.0,0.505,908536000.0,555374000.0,413149000.0,0.84,0.84,0.84,9495037000.0,,9495037000.0,18214675079.0,11.0,6.26,294283000.0,0.983,1.0,1181321000.0,0.656,10251758000.0,142225000.0,17823322000.0,,37007000.0,0.0,0.0,0.0,12820291000.0,1761063000.0,11059228000.0,10622764079.0,44683000.0,0.0,-1461000.0,-32629000.0,-218052000.0,-248294000.0,-168486000.0,0.0,461463000.0,0.0,252601000.0,252601000.0,252601000.0,0.0,356000.0,0.14,636091000.0,545230000.0,334695000.0,0.863,1.119,12.761,11.116,8970297000.0,0.0,35.46,1.731,1.73,670957000.0,3267318000.0,1800426000.0,1800426000.0,0.0,,,,,4911000.0,282929000.0,1.0,299570335.0,299413000.0,299997000.0,6.013,12069786000.0,75177000.0,160548000.0,2393094000.0,40.311,-720076000.0
46,LUMN,MRQ,2009-12-31,2009-12-31,2009-12-31,2021-09-07,-85306000.0,22562729000.0,,1123591000.0,21439138000.0,,47.587,-337873000.0,161807000.0,161807000.0,645772000.0,229968000.0,0.658,1.384,7753718000.0,500065000.0,7253653000.0,7753718000.0,182374000.0,356674000.0,0.0,0.077,0.7,475781000.0,832455000.0,0.455,832455000.0,475781000.0,346172000.0,0.73,0.73,0.73,9460939000.0,,9460939000.0,18466194261.0,14.0,8.06,274366000.0,1.38,1.0,1183049000.0,0.647,11382575000.0,129609000.0,17064870000.0,,35755000.0,0.0,0.0,0.0,13095930000.0,1707195000.0,11388735000.0,10773386261.0,-368862000.0,94000.0,37102000.0,-470807000.0,-209041000.0,-639297000.0,-341804000.0,0.0,612239000.0,0.0,229968000.0,229968000.0,229968000.0,0.0,0.0,0.126,642812000.0,540237000.0,394687000.0,0.959,1.139,16.651,11.211,9097139000.0,0.0,36.21,2.166,1.447,685589000.0,3232769000.0,1828821000.0,1828821000.0,0.0,,,,,-38513000.0,286138000.0,1.0,297525166.0,198813000.0,199057000.0,9.199,11180154000.0,199003000.0,116204000.0,2355322000.0,56.235,-583604000.0
47,LUMN,MRQ,2009-09-30,2009-09-30,2009-09-30,2021-09-07,-111681000.0,22957063000.0,,1458258000.0,21498805000.0,,31.386,-286326000.0,531189000.0,531189000.0,684865000.0,280848000.0,0.678,1.453,8223997000.0,769482000.0,7454515000.0,8223997000.0,218983000.0,362202000.0,0.0,0.083,0.7,521146000.0,883348000.0,0.471,883348000.0,521146000.0,380724000.0,0.94,0.94,0.94,9357300000.0,,9357300000.0,12848697360.0,12.0,7.221,193230000.0,0.648,1.0,1189460000.0,0.635,11177916000.0,140422000.0,17322678000.0,,43371000.0,0.0,0.0,0.0,13593034000.0,2149277000.0,11443757000.0,9987981360.0,472045000.0,76906000.0,1389000.0,412473000.0,-209854000.0,199094000.0,-206605000.0,0.0,479556000.0,0.0,280848000.0,280848000.0,280848000.0,0.0,0.0,0.15,810477000.0,378983000.0,331695000.0,0.745,1.067,19.315,10.244,9363187000.0,0.0,33.6,2.637,2.644,670732000.0,3212328000.0,1874325000.0,1874325000.0,0.0,,,,,29407000.0,448275000.0,1.0,297261350.0,298133000.0,298403000.0,6.287,11779147000.0,105232000.0,99876000.0,2409709000.0,39.51,-691019000.0
48,LUMN,MRQ,2009-06-30,2009-06-30,2009-06-30,2021-09-07,-114472000.0,7886700000.0,,320303000.0,7566397000.0,,32.003,-85305000.0,59144000.0,59144000.0,235732000.0,69328000.0,0.716,1.477,2919860000.0,19924000.0,2899936000.0,2919860000.0,56656000.0,128552000.0,0.0,0.112,0.7,156780000.0,285332000.0,0.45,285332000.0,156780000.0,111843000.0,0.68,0.68,0.68,3181550000.0,,3181550000.0,6061189166.0,9.0,5.013,166733000.0,1.677,1.0,398737000.0,0.628,4015674000.0,44937000.0,6284325000.0,,9384000.0,0.0,0.0,0.0,4700378000.0,447417000.0,4252961000.0,3099869166.0,-2086000.0,0.0,3587000.0,-102690000.0,-70732000.0,-168901000.0,-85223000.0,0.0,252038000.0,0.0,69030000.0,69030000.0,69030000.0,0.0,298000.0,0.109,249294000.0,149443000.0,139847000.0,1.029,0.974,9.657,9.685,2786210000.0,0.0,30.7,1.209,1.19,199100000.0,3141334000.0,634469000.0,634469000.0,0.0,,,,,4954000.0,120742000.0,1.0,100972937.0,99414000.0,99450000.0,6.382,3871026000.0,0.0,42813000.0,73385000.0,38.938,-127114000.0
49,LUMN,MRQ,2009-03-31,2009-03-31,2009-03-31,2021-09-07,-116605000.0,7933813000.0,,320630000.0,7613183000.0,,31.987,-45496000.0,61230000.0,61230000.0,234631000.0,67380000.0,0.773,1.501,3022550000.0,20148000.0,3002402000.0,3022550000.0,56549000.0,127572000.0,0.0,0.1,0.7,162293000.0,289865000.0,0.455,289865000.0,162293000.0,110261000.0,0.67,0.67,0.67,3170735000.0,,3170735000.0,5892178250.0,8.0,4.72,184671000.0,1.863,1.0,401754000.0,0.631,4015674000.0,52032000.0,6464597000.0,,8781000.0,0.0,0.0,0.0,4758604000.0,414862000.0,4343742000.0,2820979250.0,-182097000.0,0.0,-1078000.0,-291976000.0,-70373000.0,-366896000.0,-45368000.0,0.0,230167000.0,0.0,67154000.0,67154000.0,67154000.0,0.0,226000.0,0.106,237417000.0,164337000.0,125218000.0,1.045,0.89,8.198,8.344,2821570000.0,0.0,28.12,1.09,1.077,194194000.0,3143036000.0,636385000.0,636385000.0,0.0,,,,,4152000.0,109845000.0,1.0,100319319.0,99126000.0,99144000.0,6.42,3918139000.0,0.0,43107000.0,62819000.0,39.527,-94232000.0
50,LUMN,MRQ,2008-12-31,2008-12-31,2008-12-31,2021-09-07,-123489000.0,8254195000.0,,555407000.0,7698788000.0,,31.989,-86004000.0,243327000.0,243327000.0,235792000.0,100072000.0,1.212,1.608,3314526000.0,20407000.0,3294119000.0,3314526000.0,56570000.0,128796000.0,0.0,0.079,0.7,191959000.0,320755000.0,0.499,320755000.0,191959000.0,138513000.0,0.99,0.99,0.99,3163240000.0,,3163240000.0,5822448800.0,8.0,4.527,100063000.0,1.012,1.0,407162000.0,0.633,4161957000.0,53446000.0,6705047000.0,,8862000.0,0.0,0.0,0.0,5086387000.0,458390000.0,4627997000.0,2736782800.0,-15630000.0,-15809000.0,3924000.0,-30097000.0,-70117000.0,-99483000.0,-102214000.0,0.0,186067000.0,0.0,100072000.0,100072000.0,100072000.0,0.0,0.0,0.156,230720000.0,176442000.0,135086000.0,0.707,0.865,7.483,7.742,2895892000.0,0.0,27.33,1.053,1.075,216016000.0,3146255000.0,642954000.0,642954000.0,0.0,,,,,4175000.0,101924000.0,1.0,100138412.0,98884000.0,98918000.0,6.502,4092238000.0,43697000.0,38441000.0,898239000.0,41.384,97017000.0
51,LUMN,MRQ,2008-09-30,2008-09-30,2008-09-30,2021-09-07,-46757000.0,8272902000.0,,508783000.0,7764119000.0,,31.834,-70606000.0,258957000.0,258957000.0,242243000.0,84733000.0,1.072,1.588,3344623000.0,45357000.0,3299266000.0,3344623000.0,60313000.0,128352000.0,0.0,0.042,1.333,184840000.0,313192000.0,0.482,313192000.0,184840000.0,135357000.0,0.83,0.83,0.83,3196240000.0,,3196240000.0,6748838139.0,9.0,5.262,169640000.0,1.69,1.0,407830000.0,0.627,4010027000.0,49483000.0,6873828000.0,,9284000.0,0.0,0.0,0.0,5076662000.0,474713000.0,4601949000.0,3751151139.0,195057000.0,15809000.0,-132948000.0,283036000.0,-135803000.0,15514000.0,-60703000.0,-4209000.0,240246000.0,0.0,84733000.0,84733000.0,84733000.0,0.0,0.0,0.13,227103000.0,180727000.0,98736000.0,1.606,1.174,9.853,10.295,2915350000.0,0.0,36.65,1.435,1.408,214012000.0,3116300000.0,650073000.0,650073000.0,0.0,,,,,3615000.0,98751000.0,1.0,102350645.0,100402000.0,100647000.0,6.475,4262875000.0,0.0,50624000.0,75438000.0,42.458,34070000.0
52,LUMN,MRQ,2008-06-30,2008-06-30,2008-06-30,2021-09-07,-47011000.0,8168064000.0,,331316000.0,7836748000.0,,32.564,-183623000.0,63900000.0,63900000.0,239626000.0,92464000.0,0.676,1.42,3061587000.0,45344000.0,3016243000.0,3061587000.0,61062000.0,130954000.0,0.0,0.007,0.068,193597000.0,324551000.0,0.493,324551000.0,193597000.0,144431000.0,0.88,0.88,0.88,3375037000.0,,3375037000.0,6682119285.0,8.0,4.969,13154000.0,0.127,1.0,418480000.0,0.636,4010027000.0,49166000.0,6665606000.0,,8783000.0,0.0,0.0,0.0,4793027000.0,490118000.0,4302909000.0,3752904285.0,26361000.0,0.0,-110359000.0,94833000.0,-7085000.0,-20589000.0,-149827000.0,34945000.0,196777000.0,0.0,92167000.0,92167000.0,92167000.0,0.0,297000.0,0.14,237790000.0,180690000.0,114762000.0,0.077,1.112,9.172,9.44,2967840000.0,0.0,35.59,1.404,1.38,232501000.0,3301180000.0,658106000.0,658106000.0,0.0,,,,,4172000.0,106836000.0,1.0,105448280.0,103644000.0,103999000.0,6.35,4158037000.0,0.0,52264000.0,68823000.0,40.118,-158802000.0
53,LUMN,MRQ,2008-03-31,2008-03-31,2008-03-31,2021-09-07,-43333000.0,8118127000.0,,292237000.0,7825890000.0,,32.032,-79739000.0,37539000.0,37539000.0,237812000.0,89006000.0,0.556,1.388,2966754000.0,85444000.0,2881310000.0,2966754000.0,60813000.0,135684000.0,0.0,0.008,0.068,191910000.0,327594000.0,0.505,327594000.0,191910000.0,141788000.0,0.83,0.83,0.83,3399984000.0,,3399984000.0,6524803435.0,8.0,4.679,150471000.0,1.418,1.0,410802000.0,0.633,4010916000.0,50122000.0,6510393000.0,,8134000.0,0.0,0.0,0.0,4718143000.0,526033000.0,4192110000.0,3544950435.0,3137000.0,0.0,-93282000.0,-70058000.0,-7261000.0,-150822000.0,-76251000.0,4209000.0,230210000.0,0.0,88760000.0,88760000.0,88760000.0,0.0,246000.0,0.137,227309000.0,183493000.0,108308000.0,0.082,1.043,8.258,8.48,3033134000.0,0.0,33.24,1.311,1.305,218507000.0,3326801000.0,648614000.0,648614000.0,0.0,,,,,3305000.0,91625000.0,1.0,106647125.0,106142000.0,106675000.0,6.111,4107211000.0,0.0,53028000.0,113029000.0,38.695,-233796000.0
54,LUMN,MRQ,2007-12-31,2007-12-31,2007-12-31,2021-09-07,-42707000.0,8184553000.0,,292399000.0,7892154000.0,,31.275,-133513000.0,34402000.0,34402000.0,251026000.0,115033000.0,0.397,1.401,3014255000.0,279898000.0,2734357000.0,3014255000.0,57637000.0,137554000.0,0.0,0.006,0.065,179613000.0,317167000.0,0.483,317167000.0,179613000.0,126511000.0,1.02,1.02,1.02,3409205000.0,,3409205000.0,7430483489.0,9.0,5.431,107040000.0,0.982,1.0,405536000.0,0.618,4010916000.0,53102000.0,6416955000.0,,8558000.0,0.0,0.0,0.0,4775348000.0,736535000.0,4038813000.0,4486726489.0,-24312000.0,-3065000.0,-117826000.0,-3635000.0,-7211000.0,-128109000.0,-136756000.0,0.0,240553000.0,0.0,115033000.0,115033000.0,115033000.0,0.0,0.0,0.175,236562000.0,168974000.0,120381000.0,0.064,1.316,10.724,10.939,3108376000.0,0.0,41.46,1.689,1.707,223027000.0,3245302000.0,656562000.0,656562000.0,0.0,,,,,4244000.0,99008000.0,1.0,108218198.0,109006000.0,108890000.0,6.023,4173637000.0,0.0,11478000.0,103194000.0,38.288,-444136000.0
55,LUMN,MRQ,2007-09-30,2007-09-30,2007-09-30,2021-09-07,-88590000.0,8232650000.0,,327880000.0,7904770000.0,,30.867,-77445000.0,58714000.0,58714000.0,246430000.0,113202000.0,0.482,1.447,3002471000.0,254895000.0,2747576000.0,3002471000.0,57569000.0,136606000.0,0.0,0.006,0.065,238946000.0,375552000.0,0.53,375552000.0,238946000.0,183770000.0,1.04,1.04,1.04,3364421000.0,,3364421000.0,8204700112.0,10.0,6.115,153963000.0,1.413,1.0,462403000.0,0.652,3997028000.0,55176000.0,6499463000.0,,7687000.0,0.0,0.0,0.0,4868229000.0,679916000.0,4188313000.0,5001845112.0,15189000.0,8890000.0,-33705000.0,-106213000.0,-7361000.0,-146544000.0,-69675000.0,0.0,231408000.0,0.0,113202000.0,113202000.0,113202000.0,0.0,0.0,0.16,238218000.0,224185000.0,97914000.0,0.062,1.487,13.318,13.554,3144819000.0,0.0,46.22,1.918,1.932,233960000.0,3137480000.0,708833000.0,708833000.0,0.0,,,,,5255000.0,101612000.0,1.0,108218198.0,108996000.0,112229000.0,6.503,4235622000.0,0.0,70568000.0,107450000.0,38.86,-352036000.0
56,LUMN,MRQ,2007-06-30,2007-06-30,2007-06-30,2021-09-07,-91911000.0,8273536000.0,,294406000.0,7979130000.0,,28.938,-57976000.0,43525000.0,43525000.0,226388000.0,112265000.0,0.307,1.637,3246380000.0,511307000.0,2735073000.0,3246380000.0,57413000.0,134311000.0,0.0,0.005,0.065,239916000.0,374227000.0,0.542,374227000.0,239916000.0,182249000.0,1.03,1.03,1.03,3137034000.0,,3137034000.0,7885674629.0,11.0,6.219,241339000.0,2.226,1.0,463603000.0,0.672,3999526000.0,57667000.0,6516591000.0,,6977000.0,0.0,0.0,0.0,5136502000.0,960274000.0,4176228000.0,5372163629.0,-720224000.0,-307424000.0,-115763000.0,-538177000.0,-7171000.0,-657297000.0,-362242000.0,0.0,299315000.0,0.0,112265000.0,112265000.0,112265000.0,0.0,0.0,0.163,231767000.0,231836000.0,135185000.0,0.063,1.712,15.862,16.188,3204550000.0,0.0,49.05,2.133,2.111,214810000.0,3031639000.0,689991000.0,689991000.0,0.0,,,,,2862000.0,97456000.0,1.0,109524233.0,108405000.0,113721000.0,6.365,4274010000.0,0.0,69984000.0,82181000.0,39.426,-665868000.0
57,LUMN,MRQ,2007-03-31,2007-03-31,2007-03-31,2021-09-07,-102962000.0,8090111000.0,,1012863000.0,7077248000.0,,28.165,-48880000.0,763749000.0,763749000.0,213531000.0,77870000.0,1.315,1.587,3277260000.0,360749000.0,2916511000.0,3277260000.0,57237000.0,127784000.0,0.0,0.006,0.065,173373000.0,301157000.0,0.501,301157000.0,173373000.0,126412000.0,0.7,0.7,0.7,3127230000.0,,3127230000.0,7598199081.0,10.0,5.781,209830000.0,1.89,1.0,387324000.0,0.645,3431136000.0,46961000.0,6402390000.0,,6994000.0,0.0,0.0,0.0,4962881000.0,770096000.0,4192785000.0,5033003081.0,738081000.0,0.0,-143978000.0,676885000.0,-7309000.0,529886000.0,-50515000.0,0.0,258710000.0,0.0,77870000.0,77870000.0,77870000.0,0.0,0.0,0.13,219241000.0,168083000.0,126765000.0,0.093,1.609,13.292,13.611,3034557000.0,0.0,45.19,2.065,2.059,211534000.0,3061660000.0,600855000.0,600855000.0,0.0,,,,,1174000.0,91457000.0,1.0,111374266.0,111031000.0,116308000.0,5.412,4658975000.0,0.0,48542000.0,95554000.0,41.961,242767000.0
58,LUMN,MRQ,2006-12-31,2006-12-31,2006-12-31,2021-09-07,-104942000.0,7441007000.0,,290117000.0,7150890000.0,,28.082,-95172000.0,25668000.0,25668000.0,223132000.0,72233000.0,0.47,1.332,2590864000.0,178012000.0,2412852000.0,2590864000.0,51614000.0,126360000.0,0.0,0.006,0.062,164373000.0,290733000.0,0.478,290733000.0,164373000.0,116998000.0,0.64,0.64,0.64,3190951000.0,,3190951000.0,7590824570.0,10.0,5.792,123039000.0,1.083,1.0,384563000.0,0.633,3431136000.0,47375000.0,5957502000.0,,6628000.0,0.0,0.0,0.0,4250056000.0,617565000.0,3632491000.0,5011594570.0,-7026000.0,-5865000.0,-99871000.0,-20049000.0,-7227000.0,-122943000.0,-102294000.0,5222000.0,218211000.0,0.0,72233000.0,72233000.0,72233000.0,0.0,0.0,0.119,210884000.0,173679000.0,129350000.0,0.097,1.571,13.544,13.773,3109277000.0,0.0,43.66,2.047,2.081,227346000.0,3150933000.0,607695000.0,607695000.0,0.0,,,,,7730000.0,84524000.0,1.0,114786866.0,113629000.0,118872000.0,5.348,4009871000.0,0.0,44765000.0,107412000.0,35.289,-327448000.0
59,LUMN,MRQ,2006-09-30,2006-09-30,2006-09-30,2021-09-07,-9353000.0,7405626000.0,,268546000.0,7137080000.0,,28.684,-88444000.0,32694000.0,32694000.0,226536000.0,76324000.0,0.437,1.241,2611924000.0,194117000.0,2417807000.0,2611924000.0,51220000.0,130147000.0,0.0,0.006,0.062,171760000.0,301907000.0,0.487,301907000.0,171760000.0,123903000.0,0.66,0.66,0.66,3305039000.0,,3305039000.0,7236929574.0,9.0,5.444,127747000.0,1.109,1.0,393301000.0,0.635,3431136000.0,47857000.0,5939510000.0,,6963000.0,0.0,0.0,0.0,4100587000.0,614210000.0,3486377000.0,4617980574.0,30925000.0,5865000.0,-71832000.0,-26387000.0,-7315000.0,-102118000.0,-83148000.0,0.0,216191000.0,0.0,76324000.0,76324000.0,76324000.0,0.0,0.0,0.123,224359000.0,168942000.0,108230000.0,0.094,1.397,12.278,12.594,3130040000.0,0.0,39.67,1.877,1.858,215114000.0,3120092000.0,619837000.0,619837000.0,0.0,,,,,-2913000.0,94212000.0,1.0,116409896.0,115221000.0,120448000.0,5.38,3974490000.0,0.0,47579000.0,130468000.0,34.494,-345664000.0
60,LUMN,MRQ,2006-06-30,2006-06-30,2006-06-30,2021-09-07,-9620000.0,7433984000.0,,240252000.0,7193732000.0,,28.6,-64502000.0,1769000.0,1769000.0,216191000.0,152210000.0,0.293,1.252,2620718000.0,381455000.0,2239263000.0,2620718000.0,51287000.0,132127000.0,0.0,0.007,0.062,288452000.0,420579000.0,0.691,420579000.0,288452000.0,237813000.0,1.32,1.32,1.32,3301560000.0,,3301560000.0,7225278966.0,9.0,5.315,157785000.0,1.367,1.0,392716000.0,0.645,3431136000.0,50639000.0,5801701000.0,,6389000.0,0.0,0.0,0.0,4132424000.0,820096000.0,3312328000.0,4315283966.0,-13551000.0,122819000.0,8583000.0,-295557000.0,-7360000.0,-293267000.0,57429000.0,0.0,222287000.0,0.0,152210000.0,152210000.0,152210000.0,0.0,0.0,0.25,227723000.0,164993000.0,101891000.0,0.047,1.307,11.03,11.646,3172007000.0,0.0,37.15,1.728,1.717,214989000.0,3079291000.0,608907000.0,608907000.0,0.0,,,,,-761000.0,95596000.0,1.0,116158384.0,115441000.0,121636000.0,5.275,4002848000.0,0.0,85603000.0,136121000.0,34.674,-579844000.0
61,LUMN,MRQ,2006-03-31,2006-03-31,2006-03-31,2021-09-07,-10782000.0,7524141000.0,,253083000.0,7271058000.0,,25.678,-60088000.0,15320000.0,15320000.0,222555000.0,69260000.0,0.259,1.394,2925315000.0,571456000.0,2353859000.0,2925315000.0,51031000.0,134872000.0,0.0,0.006,0.062,162521000.0,297393000.0,0.486,297393000.0,162521000.0,112435000.0,0.57,0.57,0.57,3142781000.0,,3142781000.0,7000824236.0,10.0,5.569,123942000.0,1.013,1.0,388736000.0,0.636,3432649000.0,50086000.0,6023110000.0,,6827000.0,0.0,0.0,0.0,4381360000.0,978377000.0,3402983000.0,4506864236.0,-143526000.0,0.0,-541265000.0,282998000.0,-7301000.0,-261838000.0,-65718000.0,-5222000.0,184030000.0,0.0,69260000.0,69260000.0,69260000.0,0.0,0.0,0.113,230812000.0,157924000.0,99810000.0,0.109,1.434,13.905,15.524,3234042000.0,0.0,39.12,1.806,1.919,213096000.0,2934283000.0,611291000.0,611291000.0,0.0,,,,,-4186000.0,95940000.0,1.0,115206141.0,122394000.0,127959000.0,4.994,4091492000.0,0.0,43175000.0,127923000.0,33.429,-725294000.0
62,LUMN,MRQ,2005-12-31,2005-12-31,2005-12-31,2021-09-07,-9619000.0,7762707000.0,,423016000.0,7339691000.0,,27.669,-132914000.0,158846000.0,158846000.0,212339000.0,78334000.0,0.567,1.146,2652806000.0,276736000.0,2376070000.0,2652806000.0,48917000.0,135778000.0,0.0,0.007,0.06,173739000.0,309517000.0,0.499,309517000.0,173739000.0,124114000.0,0.6,0.6,0.6,3617273000.0,,3617273000.0,6910089361.0,9.0,5.435,100795000.0,0.771,1.0,408133000.0,0.658,3432649000.0,49625000.0,6077788000.0,,6998000.0,0.0,0.0,0.0,4145434000.0,746230000.0,3399204000.0,4343744361.0,-109655000.0,-29000.0,-18171000.0,-177252000.0,-7953000.0,-211745000.0,-131619000.0,0.0,233709000.0,0.0,78334000.0,78334000.0,78334000.0,0.0,0.0,0.126,235714000.0,172419000.0,104444000.0,0.1,1.201,12.987,13.004,3304486000.0,0.0,33.16,1.752,1.75,236714000.0,3358162000.0,620472000.0,620472000.0,0.0,,,,,4721000.0,99936000.0,1.0,130993497.0,130733000.0,135919000.0,4.746,4330058000.0,0.0,45780000.0,169181000.0,33.121,-323214000.0
63,LUMN,MRQ,2005-09-30,2005-09-30,2005-09-30,2021-09-07,-11476000.0,7842536000.0,,528351000.0,7314185000.0,,27.318,-101044000.0,268501000.0,268501000.0,222724000.0,91411000.0,0.654,1.206,2834846000.0,334576000.0,2500270000.0,2834846000.0,54834000.0,133526000.0,0.0,0.007,0.06,198298000.0,331824000.0,0.505,331824000.0,198298000.0,148394000.0,0.7,0.7,0.7,3555435000.0,,3555435000.0,7298943584.0,10.0,5.695,153412000.0,1.179,1.0,434361000.0,0.661,3432623000.0,49904000.0,6168691000.0,,5903000.0,0.0,0.0,0.0,4287101000.0,807567000.0,3479534000.0,4545871584.0,168039000.0,-2272000.0,27029000.0,-4468000.0,-7953000.0,15013000.0,-101430000.0,0.0,254456000.0,0.0,91411000.0,91411000.0,91411000.0,0.0,0.0,0.139,233119000.0,201242000.0,108391000.0,0.086,1.279,13.345,13.558,3299115000.0,0.0,34.98,1.844,1.847,239046000.0,3287781000.0,657085000.0,657085000.0,0.0,,,,,0.0,99593000.0,1.0,129956306.0,130150000.0,135916000.0,5.049,4409913000.0,0.0,56983000.0,178133000.0,33.883,-279216000.0
64,LUMN,MRQ,2005-06-30,2005-06-30,2005-06-30,2021-09-07,-12304000.0,7710038000.0,,351357000.0,7358681000.0,,26.425,-102011000.0,100462000.0,100462000.0,194873000.0,85118000.0,0.584,1.239,2853534000.0,144135000.0,2709399000.0,2853534000.0,53810000.0,130452000.0,0.0,0.007,0.06,187826000.0,318278000.0,0.525,318278000.0,187826000.0,138179000.0,0.65,0.65,0.65,3443107000.0,,3443107000.0,7256143118.0,10.0,5.779,120083000.0,0.922,1.0,411540000.0,0.679,3444198000.0,49647000.0,6417614000.0,,6121000.0,0.0,0.0,0.0,4266931000.0,601298000.0,3665633000.0,4546460118.0,-28869000.0,-73152000.0,-462201000.0,-2371000.0,-7882000.0,-77900000.0,-173063000.0,0.0,222094000.0,0.0,85118000.0,85118000.0,85118000.0,0.0,0.0,0.14,225658000.0,185882000.0,141382000.0,0.092,1.32,13.555,13.742,3319854000.0,0.0,34.63,1.885,1.871,228095000.0,3204323000.0,606413000.0,606413000.0,0.0,,,,,0.0,95206000.0,1.0,131286749.0,130299000.0,135345000.0,4.654,4265840000.0,0.0,53061000.0,114595000.0,32.739,-249941000.0
65,LUMN,MRQ,2005-03-31,2005-03-31,2005-03-31,2021-09-07,-13036000.0,7702524000.0,,378606000.0,7323918000.0,,25.943,-74903000.0,129331000.0,129331000.0,191993000.0,79616000.0,0.62,1.246,2839014000.0,144811000.0,2694203000.0,2839014000.0,52299000.0,132175000.0,0.0,0.007,0.06,179708000.0,311883000.0,0.524,311883000.0,179708000.0,127083000.0,0.6,0.6,0.6,3429184000.0,,3429184000.0,7200476331.0,10.0,5.732,181916000.0,1.376,1.0,403289000.0,0.677,3433864000.0,52625000.0,6367265000.0,,6120000.0,0.0,0.0,0.0,4273340000.0,611078000.0,3662262000.0,4356055331.0,-37884000.0,0.0,-48042000.0,-165081000.0,-8074000.0,-217084000.0,-77619000.0,0.0,256819000.0,0.0,79616000.0,79616000.0,79616000.0,0.0,0.0,0.134,226429000.0,176860000.0,141524000.0,0.1,1.27,13.058,13.296,3287849000.0,0.0,32.84,1.808,1.802,225693000.0,3127087000.0,595282000.0,595282000.0,0.0,,,,,0.0,94254000.0,1.0,132644803.0,132183000.0,137169000.0,4.503,4268660000.0,0.0,47467000.0,138951000.0,32.294,-232472000.0
66,LUMN,MRQ,2004-12-31,2004-12-31,2004-12-31,2021-09-07,-8334000.0,7796953000.0,,419847000.0,7377106000.0,,25.575,-131719000.0,167215000.0,167215000.0,192638000.0,84489000.0,0.607,1.287,3011636000.0,249617000.0,2762019000.0,3011636000.0,50860000.0,129304000.0,0.0,0.006,0.058,190301000.0,319605000.0,0.527,319605000.0,190301000.0,137056000.0,0.63,0.63,0.63,3409765000.0,,3409765000.0,7626379895.0,10.0,6.056,88318000.0,0.662,1.0,413596000.0,0.682,3433864000.0,53245000.0,6515892000.0,,5361000.0,0.0,0.0,0.0,4387188000.0,691618000.0,3695570000.0,4773234895.0,-1760000.0,0.0,-71333000.0,-10982000.0,-7702000.0,-89192000.0,-132605000.0,0.0,220037000.0,0.0,84489000.0,84489000.0,84489000.0,0.0,0.0,0.139,223980000.0,189616000.0,141618000.0,0.092,1.4,14.154,14.478,3341401000.0,0.0,35.47,1.983,2.022,232580000.0,3055545000.0,606234000.0,606234000.0,0.0,,,,,0.0,94676000.0,1.0,134571043.0,133324000.0,138367000.0,4.547,4363089000.0,0.0,52567000.0,102411000.0,32.725,-271771000.0
67,LUMN,MRQ,2004-09-30,2004-09-30,2004-09-30,2021-09-07,-1237000.0,7790334000.0,,430836000.0,7359498000.0,,25.264,-97583000.0,168975000.0,168975000.0,191000000.0,86192000.0,0.798,1.286,3022120000.0,121156000.0,2900964000.0,3022120000.0,51177000.0,113857000.0,0.0,0.007,0.058,191976000.0,305833000.0,0.506,305833000.0,191976000.0,139802000.0,0.64,0.64,0.64,3407745000.0,,3407745000.0,7532097845.0,10.0,5.987,134853000.0,1.0,1.0,412879000.0,0.684,3430302000.0,52174000.0,6673091000.0,,5965000.0,0.0,0.0,0.0,4382589000.0,540086000.0,3842503000.0,4623243845.0,72589000.0,0.0,-23473000.0,-5687000.0,-7870000.0,-36223000.0,-123624000.0,-25000000.0,232436000.0,0.0,86192000.0,86192000.0,86192000.0,0.0,0.0,0.143,222010000.0,190869000.0,144977000.0,0.091,1.357,13.793,14.326,3335539000.0,0.0,34.24,1.923,1.921,242764000.0,2978758000.0,603879000.0,603879000.0,0.0,,,,,0.0,108153000.0,1.0,135024645.0,134885000.0,139816000.0,4.477,4360032000.0,0.0,53610000.0,75170000.0,32.324,-109250000.0
68,LUMN,MRQ,2004-06-30,2004-06-30,2004-06-30,2021-09-07,-507000.0,7684338000.0,,336880000.0,7347458000.0,,24.287,-94269000.0,96386000.0,96386000.0,190226000.0,83284000.0,0.631,1.292,3005240000.0,121456000.0,2883784000.0,3005240000.0,45026000.0,130751000.0,0.0,0.007,0.058,188226000.0,318977000.0,0.528,318977000.0,188226000.0,135137000.0,0.6,0.6,0.6,3353144000.0,,3353144000.0,7087698616.0,9.0,5.588,125649000.0,0.91,1.0,413329000.0,0.685,3426766000.0,53089000.0,6632529000.0,,6739000.0,0.0,0.0,0.0,4331194000.0,533897000.0,3797297000.0,4171741616.0,-176907000.0,-2490000.0,-139584000.0,-155695000.0,-8036000.0,-301509000.0,-95316000.0,0.0,219918000.0,0.0,83284000.0,83284000.0,83284000.0,0.0,0.0,0.138,223418000.0,189911000.0,137886000.0,0.097,1.244,12.27,12.622,3347971000.0,0.0,30.04,1.738,1.728,219694000.0,2900436000.0,603555000.0,603555000.0,0.0,,,,,0.0,92667000.0,1.0,138872890.0,138066000.0,142968000.0,4.371,4257572000.0,0.0,51853000.0,72893000.0,30.837,-197017000.0
69,LUMN,MRQ,2004-03-31,2004-03-31,2004-03-31,2021-09-07,-2763000.0,7896505000.0,,513100000.0,7383405000.0,,23.948,-61745000.0,273293000.0,273293000.0,181549000.0,83279000.0,0.841,1.313,3189250000.0,172258000.0,3016992000.0,3189250000.0,45083000.0,126992000.0,0.0,0.008,0.058,187920000.0,314912000.0,0.53,314912000.0,187920000.0,135377000.0,0.58,0.58,0.58,3414644000.0,,3414644000.0,6889343735.0,9.0,5.446,221695000.0,1.555,1.0,412155000.0,0.694,3426714000.0,52543000.0,6775311000.0,,9488000.0,0.0,0.0,0.0,4481861000.0,610437000.0,3871424000.0,3910769735.0,70112000.0,490000.0,-137138000.0,-7029000.0,-8253000.0,-151562000.0,-61766000.0,0.0,283440000.0,0.0,83279000.0,83279000.0,83279000.0,0.0,0.0,0.14,228598000.0,183557000.0,127833000.0,0.1,1.145,11.366,11.502,3388816000.0,0.0,27.49,1.641,1.645,213681000.0,2825188000.0,593704000.0,593704000.0,0.0,,,,,0.0,101606000.0,1.0,142261540.0,142585000.0,147426000.0,4.164,4469791000.0,0.0,52098000.0,98536000.0,31.348,-97337000.0
70,LUMN,MRQ,2003-12-31,2003-12-31,2003-12-31,2021-09-07,0.0,7895852000.0,,462939000.0,7432913000.0,,24.119,-121480000.0,203181000.0,203181000.0,187197000.0,82442000.0,0.982,1.27,3181755000.0,72453000.0,3109302000.0,3181755000.0,44612000.0,127493000.0,0.0,0.007,0.055,190914000.0,318407000.0,0.528,318407000.0,190914000.0,130072000.0,0.57,0.57,0.57,3478516000.0,,3478516000.0,7780599839.0,10.0,6.164,118062000.0,0.819,1.0,415406000.0,0.689,3425001000.0,60842000.0,6978042000.0,,9229000.0,0.0,0.0,0.0,4417336000.0,471383000.0,3945953000.0,4703998839.0,45237000.0,-49402000.0,5069000.0,-26027000.0,-8031000.0,-28151000.0,-166154000.0,0.0,239542000.0,0.0,82442000.0,82442000.0,82442000.0,0.0,0.0,0.137,228945000.0,186461000.0,124320000.0,0.096,1.352,13.646,13.592,3455481000.0,0.0,32.62,1.987,1.978,236187000.0,2750162000.0,602603000.0,602603000.0,0.0,,,,,0.0,101452000.0,1.0,144205973.0,144222000.0,161673000.0,4.178,4470851000.0,0.0,47630000.0,78614000.0,31.0,-8444000.0
71,LUMN,MRQ,2003-09-30,2003-09-30,2003-09-30,2021-09-07,-31713000.0,7811821000.0,,423001000.0,7388820000.0,,23.361,-102201000.0,157944000.0,157944000.0,190193000.0,90979000.0,0.791,1.324,3234545000.0,115167000.0,3119378000.0,3234545000.0,44685000.0,124729000.0,0.0,0.006,0.055,191441000.0,316170000.0,0.527,316170000.0,191441000.0,137081000.0,0.63,0.63,0.63,3361573000.0,,3361573000.0,8109475923.0,12.0,6.605,147148000.0,1.023,1.0,410071000.0,0.683,3429479000.0,54360000.0,6923926000.0,,9301000.0,0.0,0.0,0.0,4450248000.0,535017000.0,3915231000.0,4877084923.0,133622000.0,-2361000.0,7982000.0,-8315000.0,-8024000.0,-7517000.0,-108210000.0,0.0,249349000.0,0.0,90979000.0,90979000.0,90979000.0,0.0,0.0,0.152,219290000.0,190781000.0,119234000.0,0.087,1.451,15.906,15.911,3455210000.0,0.0,33.89,2.075,2.074,246344000.0,2675751000.0,600264000.0,600264000.0,0.0,,,,,0.0,94561000.0,1.0,143909263.0,143897000.0,145171000.0,4.171,4382342000.0,0.0,46102000.0,97007000.0,30.455,-112016000.0
72,LUMN,MRQ,2003-06-30,2003-06-30,2003-06-30,2021-09-07,-31293000.0,7693048000.0,,282738000.0,7410310000.0,,22.818,-94589000.0,24322000.0,24322000.0,183960000.0,87367000.0,0.544,1.352,3256713000.0,118941000.0,3137772000.0,3256713000.0,44162000.0,124665000.0,0.0,0.006,0.055,190945000.0,315610000.0,0.538,315610000.0,190945000.0,134988000.0,0.61,0.61,0.61,3270524000.0,,3270524000.0,8380519321.0,7.0,4.87,165183000.0,1.152,1.0,402769000.0,0.686,3428699000.0,55957000.0,6977208000.0,,9417000.0,0.0,0.0,0.0,4422524000.0,519532000.0,3902992000.0,4987772321.0,5584000.0,-35583000.0,16898000.0,-155442000.0,-8001000.0,-122902000.0,-131286000.0,0.0,259772000.0,0.0,87367000.0,87367000.0,87367000.0,0.0,0.0,0.149,214388000.0,188381000.0,103640000.0,0.09,1.525,6.058,6.019,3473683000.0,0.0,34.85,2.192,2.195,238089000.0,2592796000.0,586729000.0,586729000.0,0.0,,,,,0.0,89723000.0,1.0,143121157.0,143329000.0,144475000.0,4.094,4264349000.0,0.0,47621000.0,96224000.0,29.752,-236794000.0
73,LUMN,MRQ,2003-03-31,2003-03-31,2003-03-31,2021-09-07,-46889000.0,7699825000.0,,276402000.0,7423423000.0,,22.103,-59669000.0,18738000.0,18738000.0,177860000.0,83919000.0,0.544,1.438,3411485000.0,119894000.0,3291591000.0,3411485000.0,44797000.0,126765000.0,0.0,0.008,0.055,185410000.0,312175000.0,0.54,312175000.0,185410000.0,129818000.0,0.59,0.59,0.59,3158560000.0,,3158560000.0,7593925814.0,6.0,4.59,259632000.0,1.817,1.0,400154000.0,0.692,3429663000.0,55592000.0,7154523000.0,,9491000.0,0.0,0.0,0.0,4541265000.0,508386000.0,4032879000.0,3948717814.0,15077000.0,1103000.0,4031000.0,-242474000.0,-7961000.0,-245236000.0,-58988000.0,0.0,319301000.0,0.0,83919000.0,83919000.0,83919000.0,0.0,0.0,0.145,215381000.0,184773000.0,89052000.0,0.093,1.25,4.846,4.808,3464754000.0,0.0,27.6,1.856,1.854,235950000.0,2513430000.0,578014000.0,578014000.0,0.0,,,,,0.0,88616000.0,1.0,143069486.0,142901000.0,143797000.0,4.045,4270162000.0,0.0,45899000.0,122279000.0,29.882,-231984000.0
74,LUMN,MRQ,2002-12-31,2002-12-31,2002-12-31,2021-09-07,-36703000.0,7770408000.0,,295902000.0,7474506000.0,,21.673,-115493000.0,3661000.0,3661000.0,-59637000.0,44345000.0,0.762,1.516,3648869000.0,70737000.0,3578132000.0,3648869000.0,41884000.0,156452000.0,0.0,0.007,0.052,127382000.0,283834000.0,0.484,283834000.0,127382000.0,70363000.0,0.3,0.3,0.3,3088004000.0,,3088004000.0,7574057691.0,7.0,4.796,42902000.0,0.301,1.0,645516000.0,1.102,3427281000.0,57019000.0,7600231000.0,,10150000.0,0.0,0.0,0.0,4682404000.0,388104000.0,4294300000.0,4189819691.0,-290578000.0,0.0,14996000.0,-32384000.0,-7593000.0,-22687000.0,-120501000.0,0.0,158395000.0,0.0,44345000.0,44345000.0,44345000.0,0.0,0.0,0.076,456406000.0,189110000.0,64825000.0,0.173,1.357,5.227,5.191,3531645000.0,0.0,29.38,2.125,2.11,272992000.0,2437472000.0,585879000.0,585879000.0,0.0,,,,,0.0,299954000.0,1.0,142607886.0,142480000.0,149502000.0,4.112,4343127000.0,0.0,26018000.0,69080000.0,30.482,-92202000.0
75,LUMN,MRQ,2002-09-30,2002-09-30,2002-09-30,2021-09-07,-658000.0,8065375000.0,,594162000.0,7471213000.0,,21.624,-87597000.0,294239000.0,294239000.0,257924000.0,607749000.0,0.85,1.632,3678477000.0,28431000.0,3650046000.0,3678477000.0,41180000.0,107514000.0,0.0,0.009,0.052,701795000.0,809309000.0,1.543,809309000.0,701795000.0,641774000.0,4.29,4.29,4.29,3063923000.0,,3063923000.0,6062691085.0,5.0,3.969,169145000.0,1.194,1.0,266573000.0,0.508,3693948000.0,60021000.0,7056588000.0,,9318000.0,0.0,0.0,0.0,5001452000.0,699077000.0,4302375000.0,3182176085.0,-7831000.0,-2201258000.0,5552000.0,464006000.0,-7543000.0,463366000.0,-2286061000.0,0.0,256742000.0,0.0,607749000.0,607749000.0,607749000.0,-543160000.0,0.0,1.159,108857000.0,157716000.0,67417000.0,0.012,1.039,3.943,3.935,3335224000.0,0.0,22.43,1.748,1.745,281733000.0,2400720000.0,524497000.0,524497000.0,0.0,,,,,0.0,1343000.0,1.0,141871426.0,141692000.0,142770000.0,3.702,4371427000.0,0.0,34025000.0,392562000.0,30.852,-104915000.0
76,LUMN,MRQ,2002-06-30,2002-06-30,2002-06-30,2021-09-07,0.0,6637308000.0,,495818000.0,6141490000.0,,17.403,-105501000.0,302070000.0,302070000.0,230033000.0,78763000.0,0.712,1.7,3182585000.0,432397000.0,2750188000.0,3182585000.0,30194000.0,94004000.0,0.0,0.007,0.052,154966000.0,248970000.0,0.568,248970000.0,154966000.0,100809000.0,0.56,0.56,0.56,2458089000.0,,2458089000.0,7121174257.0,12.0,7.098,54892000.0,0.389,1.0,208669000.0,0.476,2115313000.0,54157000.0,6705956000.0,,9848000.0,0.0,0.0,0.0,4179219000.0,696554000.0,3482665000.0,4169950257.0,249932000.0,-2104000.0,6100000.0,179473000.0,-7512000.0,162859000.0,-98822000.0,0.0,160393000.0,0.0,78763000.0,78763000.0,78763000.0,-37281000.0,0.0,0.18,99138000.0,109531000.0,81087000.0,0.093,1.696,14.3,14.32,2725096000.0,0.0,29.5,2.424,2.422,174837000.0,1800514000.0,438702000.0,438702000.0,0.0,,,,,0.0,5134000.0,1.0,141354246.0,141243000.0,142705000.0,3.106,4521995000.0,0.0,22046000.0,37982000.0,32.016,-200736000.0
77,LUMN,MRQ,2002-03-31,2002-03-31,2002-03-31,2021-09-07,0.0,6379440000.0,,276697000.0,6102743000.0,,17.046,-73532000.0,52138000.0,52138000.0,206844000.0,70767000.0,0.225,1.653,3003362000.0,921966000.0,2081396000.0,3003362000.0,30152000.0,92227000.0,0.0,0.006,0.052,144831000.0,237058000.0,0.561,237058000.0,144831000.0,94183000.0,0.5,0.5,0.5,2404405000.0,,2404405000.0,7887154082.0,12.0,7.313,144372000.0,1.024,1.0,216074000.0,0.511,2116265000.0,50648000.0,5984941000.0,,9388000.0,0.0,0.0,0.0,3975035000.0,1229458000.0,2745577000.0,4804182082.0,48642000.0,-41664000.0,2477000.0,-92722000.0,-7508000.0,-97197000.0,-117705000.0,0.0,217904000.0,0.0,70767000.0,70767000.0,70767000.0,-27650000.0,0.0,0.167,97025000.0,119049000.0,93959000.0,0.104,1.998,13.088,13.077,2728299000.0,0.0,34.0,2.841,2.836,203267000.0,1729263000.0,422918000.0,422918000.0,0.0,,,,,0.0,4798000.0,1.0,141299473.0,141051000.0,142654000.0,2.998,4263175000.0,0.0,23416000.0,64181000.0,30.224,-952761000.0
78,LUMN,MRQ,2001-12-31,2001-12-31,2001-12-31,2021-09-07,0.0,6318684000.0,,229913000.0,6088771000.0,,16.59,-110182000.0,3496000.0,3496000.0,209371000.0,49763000.0,0.186,1.703,3096334000.0,1008834000.0,2087500000.0,3096334000.0,29308000.0,104175000.0,0.0,0.006,0.05,128074000.0,232249000.0,0.534,232249000.0,128074000.0,76050000.0,0.35,0.35,0.35,2337380000.0,,2337380000.0,7723488070.0,12.0,7.239,4356000.0,0.031,1.0,225308000.0,0.518,2087158000.0,52024000.0,6085482000.0,,10916000.0,0.0,0.0,0.0,3981304000.0,1238882000.0,2742422000.0,4628174070.0,-7021000.0,0.0,4194000.0,-20102000.0,-7145000.0,-22466000.0,-106066000.0,0.0,114538000.0,0.0,49763000.0,49763000.0,49763000.0,-8171000.0,0.0,0.114,109512000.0,115796000.0,61056000.0,0.143,1.98,13.492,13.498,2736142000.0,0.0,32.8,2.756,2.749,205990000.0,1666004000.0,434679000.0,434679000.0,0.0,,,,,0.0,5337000.0,1.0,141102868.0,140893000.0,142427000.0,3.085,4231526000.0,0.0,26287000.0,27937000.0,30.034,-1008969000.0
79,LUMN,MRQ,2001-09-30,2001-09-30,2001-09-30,2021-09-07,0.0,6389322000.0,,363805000.0,6025517000.0,,16.256,-57427000.0,21372000.0,21372000.0,209609000.0,92305000.0,0.477,1.792,3116686000.0,314385000.0,2802301000.0,3116686000.0,39159000.0,103455000.0,0.0,0.006,0.05,181536000.0,284991000.0,0.672,284991000.0,181536000.0,127098000.0,0.65,0.65,0.65,2288431000.0,,2288431000.0,8016260836.0,13.0,8.284,135572000.0,0.963,1.0,214364000.0,0.506,2489276000.0,54438000.0,6232971000.0,,24344000.0,0.0,0.0,0.0,4100891000.0,762389000.0,3338502000.0,4723848836.0,-21033000.0,0.0,1223000.0,-214799000.0,-7140000.0,-220860000.0,-52465000.0,0.0,192999000.0,0.0,92305000.0,92305000.0,92305000.0,-32735000.0,0.0,0.218,108373000.0,105991000.0,96123000.0,0.077,2.064,13.482,13.454,2985698000.0,0.0,33.5,3.556,3.55,308277000.0,1623386000.0,423973000.0,423973000.0,0.0,,,,,0.0,4918000.0,1.0,141010413.0,140772000.0,142260000.0,3.012,3900046000.0,0.0,34793000.0,189013000.0,27.705,-398584000.0
80,LUMN,MRQ,2001-06-30,2001-06-30,2001-06-30,2021-09-07,35796000.0,6511905000.0,,429894000.0,6082011000.0,,15.895,-107469000.0,39323000.0,39323000.0,204472000.0,154241000.0,0.554,1.911,3331735000.0,369987000.0,2961748000.0,3331735000.0,40029000.0,100590000.0,0.0,0.006,0.05,223665000.0,324255000.0,0.792,324255000.0,223665000.0,166307000.0,1.1,1.1,1.1,2236719000.0,,2236719000.0,7711646863.0,13.0,8.164,19291000.0,0.137,1.0,204778000.0,0.5,2511255000.0,57358000.0,6517414000.0,,28493000.0,0.0,0.0,0.0,4275186000.0,775648000.0,3499538000.0,4272156863.0,23445000.0,0.0,692000.0,-123378000.0,-7236000.0,-129368000.0,-108447000.0,0.0,126760000.0,0.0,154241000.0,154241000.0,154241000.0,-133173000.0,0.0,0.377,105569000.0,99209000.0,101804000.0,0.045,1.91,13.133,13.06,2965053000.0,0.0,30.3,3.08,3.074,351421000.0,1538221000.0,409250000.0,409250000.0,0.0,,,,,0.0,4979000.0,1.0,140995276.0,140720000.0,142059000.0,2.908,4000650000.0,0.0,12066000.0,152778000.0,28.43,-345754000.0
81,LUMN,MRQ,2001-03-31,2001-03-31,2001-03-31,2021-09-07,22594000.0,6388725000.0,,335319000.0,6053406000.0,,14.761,-102253000.0,15873000.0,15873000.0,0.0,46722000.0,0.423,2.079,3455363000.0,474921000.0,2980442000.0,3455363000.0,41335000.0,98818000.0,0.0,0.007,0.05,126647000.0,225465000.0,0.548,225465000.0,126647000.0,64944000.0,0.33,0.33,0.33,2075006000.0,,2075006000.0,7510246135.0,15.0,8.941,36336000.0,0.258,1.0,411602000.0,1.0,2526785000.0,61703000.0,6508529000.0,,33858000.0,0.0,0.0,0.0,4313719000.0,792901000.0,3520818000.0,4053031135.0,-3302000.0,-47131000.0,1242000.0,-17341000.0,-7132000.0,-22679000.0,-150218000.0,0.0,138589000.0,0.0,46722000.0,46722000.0,46722000.0,-19871000.0,0.0,0.114,103797000.0,307805000.0,97227000.0,0.152,1.953,17.706,17.638,2954667000.0,0.0,28.75,2.893,2.885,271468000.0,1391216000.0,411602000.0,411602000.0,0.0,,,,,0.0,4979000.0,1.0,140974996.0,140572000.0,142482000.0,2.928,3861940000.0,0.0,18222000.0,63967000.0,27.473,-457582000.0
82,LUMN,MRQ,2000-12-31,2000-12-31,2000-12-31,2021-09-07,25471000.0,6393290000.0,,376504000.0,6016786000.0,,14.483,-137883000.0,19039000.0,19039000.0,671992000.0,57121000.0,0.506,2.146,3476254000.0,425962000.0,3050292000.0,3476254000.0,40879000.0,52497000.0,0.0,0.005,0.048,80474000.0,132971000.0,1.59,132971000.0,80474000.0,17385000.0,0.41,0.41,0.41,2032079000.0,,2032079000.0,8435704241.0,17.0,10.273,-137129000.0,-0.977,1.0,-588381000.0,-7.037,2509033000.0,63089000.0,6598102000.0,,38532000.0,0.0,0.0,0.0,4361211000.0,743370000.0,3617841000.0,5028157241.0,-59743000.0,-17942000.0,744000.0,-6962000.0,-6769000.0,-16841000.0,-160471000.0,0.0,754000.0,0.0,57121000.0,57121000.0,57121000.0,-107245000.0,0.0,0.683,73908000.0,-662289000.0,127287000.0,0.117,2.474,21.722,21.667,2959293000.0,0.0,35.75,3.586,3.571,182454000.0,1351626000.0,83611000.0,83611000.0,0.0,,,,,0.0,21411000.0,1.0,140647755.0,140309000.0,142149000.0,0.596,3884257000.0,0.0,-39736000.0,40023000.0,27.684,-366866000.0
83,LUMN,MRQ,2000-09-30,2000-09-30,2000-09-30,2021-09-07,31312000.0,6310882000.0,,370979000.0,5939903000.0,,14.145,-129628000.0,71645000.0,71645000.0,0.0,67224000.0,,2.182,3479192000.0,3479192000.0,,3479192000.0,40353000.0,99740000.0,0.0,0.007,0.048,162154000.0,261894000.0,0.543,261894000.0,162154000.0,113250000.0,0.48,0.48,0.48,1983452000.0,,1983452000.0,5809140487.0,11.0,6.412,50018000.0,0.357,1.0,482634000.0,1.0,2523254000.0,48904000.0,7195175000.0,,30040000.0,0.0,0.0,0.0,4327430000.0,,,3829959487.0,21960000.0,-1477001000.0,2195000.0,1450198000.0,-6656000.0,1445840000.0,-1603526000.0,0.0,179646000.0,0.0,67224000.0,67224000.0,67224000.0,0.0,0.0,0.139,99740000.0,382894000.0,129851000.0,0.1,1.931,16.296,16.317,2891787000.0,0.0,27.25,2.195,2.189,258591000.0,1301274000.0,482634000.0,482634000.0,0.0,,,,,0.0,0.0,1.0,140548972.0,140220000.0,141848000.0,3.442,3787628000.0,0.0,46026000.0,56194000.0,27.012,
84,LUMN,MRQ,2000-06-30,2000-06-30,2000-06-30,2021-09-07,59359000.0,4721867000.0,,292601000.0,4429266000.0,,13.912,-81242000.0,49685000.0,49685000.0,0.0,57845000.0,0.869,1.425,2028866000.0,75022000.0,1953844000.0,2028866000.0,34235000.0,85769000.0,0.0,0.006,0.048,133880000.0,219649000.0,0.519,219649000.0,133880000.0,98613000.0,0.41,0.41,0.41,1947551000.0,,1947551000.0,6029874891.0,11.0,6.946,16502000.0,0.118,1.0,423156000.0,1.0,1621491000.0,35267000.0,4742845000.0,,24699000.0,0.0,0.0,0.0,2774316000.0,336712000.0,2437604000.0,4031762891.0,-12944000.0,7240000.0,4003000.0,-31625000.0,-6648000.0,-33841000.0,-76847000.0,0.0,97744000.0,0.0,57845000.0,57845000.0,57845000.0,0.0,0.0,0.137,85769000.0,337387000.0,110186000.0,0.117,2.07,17.354,17.424,2235891000.0,0.0,28.75,2.397,2.393,207733000.0,1240706000.0,423156000.0,423156000.0,0.0,,,,,0.0,0.0,1.0,140235231.0,139995000.0,141732000.0,3.023,3100376000.0,0.0,40768000.0,29063000.0,22.146,-44111000.0
85,LUMN,MRQ,2000-03-31,2000-03-31,2000-03-31,2021-09-07,57369000.0,4729184000.0,,306902000.0,4422282000.0,,13.521,-42316000.0,62629000.0,62629000.0,0.0,49284000.0,0.838,1.503,2060741000.0,62311000.0,1998430000.0,2060741000.0,34264000.0,84811000.0,0.0,0.005,0.048,121810000.0,206621000.0,0.5,206621000.0,121810000.0,85768000.0,0.35,0.35,0.35,1889365000.0,,1889365000.0,7290009650.0,13.0,8.113,117773000.0,0.843,1.0,412956000.0,1.0,1632171000.0,36042000.0,4729057000.0,,26404000.0,0.0,0.0,0.0,2839819000.0,366068000.0,2473751000.0,5206240650.0,5989000.0,-27980000.0,1054000.0,-75928000.0,-6742000.0,-81350000.0,-72750000.0,0.0,160089000.0,0.0,49284000.0,49284000.0,49284000.0,0.0,0.0,0.119,84811000.0,328145000.0,114884000.0,0.137,2.756,22.84,22.92,2232390000.0,0.0,37.13,3.108,3.097,208962000.0,1189509000.0,412956000.0,412956000.0,0.0,,,,,0.0,0.0,1.0,140216554.0,139737000.0,141728000.0,2.955,3097013000.0,0.0,36484000.0,71515000.0,22.163,-59166000.0
86,LUMN,MRQ,1999-12-31,1999-12-31,1999-12-31,2021-09-07,64362000.0,4705407000.0,,286073000.0,4419334000.0,,13.258,-122431000.0,56640000.0,56640000.0,0.0,60673000.0,0.925,1.546,2140409000.0,62098000.0,2078311000.0,2140409000.0,33656000.0,88523000.0,0.0,0.004,0.045,129287000.0,217810000.0,0.511,217810000.0,129287000.0,93455000.0,0.43,0.43,0.43,1847992000.0,,1847992000.0,8676319962.0,15.0,9.343,-4231000.0,-0.03,1.0,426458000.0,1.0,1644884000.0,35832000.0,4835115000.0,,28769000.0,0.0,0.0,0.0,2857415000.0,309177000.0,2548238000.0,6618011962.0,19407000.0,1703000.0,4127000.0,45118000.0,-6376000.0,43130000.0,-141923000.0,0.0,118200000.0,0.0,60673000.0,60673000.0,60673000.0,0.0,0.0,0.142,88523000.0,337935000.0,78450000.0,0.105,3.581,27.602,27.547,2256458000.0,0.0,47.38,3.947,3.924,128338000.0,1146967000.0,426458000.0,426458000.0,0.0,,,,,0.0,0.0,1.0,139679442.0,139388000.0,141735000.0,3.06,3060523000.0,0.0,32782000.0,40999000.0,21.957,-23104000.0
87,LUMN,MRQ,1999-09-30,1999-09-30,1999-09-30,2021-09-07,7280000.0,4541156000.0,,285312000.0,4255844000.0,,12.325,-99738000.0,37233000.0,37233000.0,0.0,64529000.0,,1.649,2095541000.0,2095541000.0,,2095541000.0,31938000.0,84300000.0,0.0,0.004,0.045,139709000.0,224009000.0,0.534,224009000.0,139709000.0,104712000.0,0.46,0.46,0.46,1714240000.0,,1714240000.0,7645245252.0,13.0,8.264,-83995000.0,-0.604,1.0,419205000.0,1.0,1629636000.0,34997000.0,4969828000.0,,27858000.0,0.0,0.0,0.0,2826916000.0,,,5668306252.0,-56660000.0,7049000.0,3108000.0,25149000.0,-6364000.0,22158000.0,-94561000.0,0.0,15743000.0,0.0,64529000.0,64529000.0,64529000.0,0.0,0.0,0.154,84300000.0,334905000.0,107594000.0,0.098,3.307,24.507,24.476,2194944000.0,0.0,40.63,3.404,3.394,215015000.0,1092670000.0,419205000.0,419205000.0,0.0,,,,,0.0,0.0,1.0,139510368.0,139085000.0,141504000.0,3.014,2911520000.0,0.0,40183000.0,36881000.0,20.933,
88,LUMN,MRQ,1999-06-30,1999-06-30,1999-06-30,2021-09-07,4996000.0,4558713000.0,,316034000.0,4242679000.0,,11.877,359601000.0,93893000.0,93893000.0,0.0,53462000.0,,1.764,2070832000.0,2070832000.0,,2070832000.0,32092000.0,86012000.0,0.0,0.004,0.045,164137000.0,250149000.0,0.6,250149000.0,164137000.0,126650000.0,0.38,0.38,0.38,1649151000.0,,1649151000.0,8014451615.0,14.0,8.734,474768000.0,3.419,1.0,416750000.0,1.0,1625044000.0,37487000.0,4910608000.0,,20624000.0,0.0,0.0,0.0,2909562000.0,,,5537897615.0,89808000.0,-7505000.0,1513000.0,-366643000.0,-6351000.0,-370713000.0,345354000.0,0.0,115167000.0,0.0,53462000.0,53462000.0,53462000.0,0.0,0.0,0.128,86012000.0,330738000.0,113923000.0,0.118,3.358,25.009,24.844,2181519000.0,0.0,39.75,3.36,3.349,194067000.0,1034505000.0,416750000.0,416750000.0,0.0,,,,,0.0,0.0,1.0,139318179.0,138852000.0,141461000.0,3.001,2933669000.0,0.0,73188000.0,128143000.0,21.128,
89,LUMN,MRQ,1999-03-31,1999-03-31,1999-03-31,2021-09-07,2557000.0,4897169000.0,,232745000.0,4664424000.0,,11.561,-42945000.0,4085000.0,4085000.0,0.0,61105000.0,,2.068,2480639000.0,2480639000.0,,2480639000.0,33651000.0,89981000.0,0.0,0.004,0.045,146696000.0,236677000.0,0.571,236677000.0,146696000.0,104455000.0,0.44,0.44,0.44,1596421000.0,,1596421000.0,9093359333.0,16.0,10.084,116647000.0,0.845,1.0,414256000.0,1.0,1941127000.0,42241000.0,5432596000.0,,24813000.0,0.0,0.0,0.0,3300748000.0,,,6488091333.0,-1657000.0,0.0,10434000.0,-126490000.0,-6322000.0,-122152000.0,-39097000.0,0.0,159592000.0,0.0,61105000.0,61105000.0,61105000.0,0.0,0.0,0.148,89981000.0,324275000.0,84559000.0,0.102,4.064,27.946,27.712,2332240000.0,0.0,46.833,4.006,3.993,193714000.0,987394000.0,414256000.0,414256000.0,0.0,,,,,0.0,0.0,1.0,138535758.0,138086000.0,141028000.0,3.0,2956042000.0,0.0,43350000.0,75805000.0,21.407,
90,LUMN,MRQ,1998-12-31,1998-12-31,1998-12-31,2021-09-07,7217000.0,4935455000.0,,226238000.0,4709217000.0,,11.141,-106292000.0,5742000.0,5742000.0,0.0,52194000.0,0.742,2.223,2611010000.0,53010000.0,2558000000.0,2611010000.0,32721000.0,86266000.0,0.0,0.004,0.043,128052000.0,214318000.0,0.516,214318000.0,128052000.0,87285000.0,0.38,0.38,0.38,1531482000.0,,1531482000.0,8639596938.0,16.0,9.778,44305000.0,0.322,1.0,415038000.0,1.0,1956701000.0,40767000.0,5279178000.0,,23709000.0,0.0,0.0,0.0,3403973000.0,304844000.0,3099129000.0,6205836938.0,1802000.0,-211741000.0,2923000.0,163011000.0,-6062000.0,166997000.0,-315792000.0,0.0,150597000.0,0.0,52194000.0,52194000.0,52194000.0,0.0,0.0,0.126,86266000.0,328772000.0,87627000.0,0.113,4.052,27.129,26.946,2351453000.0,0.0,45.0,3.935,3.909,130289000.0,932611000.0,415038000.0,415038000.0,0.0,,,,,0.0,0.0,1.0,137907488.0,137469000.0,140696000.0,3.019,2978754000.0,0.0,35091000.0,33411000.0,21.669,-78606000.0
91,LUMN,MRQ,1998-09-30,1998-09-30,1998-09-30,2021-09-07,1725000.0,4636170000.0,,218340000.0,4417830000.0,,10.704,-82609000.0,3940000.0,3940000.0,0.0,54678000.0,,2.157,2437700000.0,2437700000.0,,2437700000.0,28285000.0,81610000.0,0.0,0.005,0.043,134886000.0,216496000.0,0.539,216496000.0,134886000.0,92982000.0,0.4,0.4,0.4,1468635000.0,,1468635000.0,6820823149.0,11.0,7.551,42181000.0,0.307,1.0,401949000.0,1.0,1741491000.0,41904000.0,5328439000.0,,24841000.0,0.0,0.0,0.0,3167535000.0,,,4338488149.0,-13026000.0,6040000.0,3184000.0,-61303000.0,-6049000.0,-63791000.0,-74025000.0,0.0,124790000.0,0.0,54678000.0,54678000.0,54678000.0,0.0,0.0,0.136,81610000.0,320339000.0,77194000.0,0.107,2.954,15.788,15.648,2245445000.0,0.0,31.5,3.022,3.01,182117000.0,886479000.0,401949000.0,401949000.0,0.0,,,,,0.0,0.0,1.0,137729782.0,137207000.0,140322000.0,2.93,2894679000.0,0.0,38304000.0,19746000.0,21.097,
92,LUMN,MRQ,1998-06-30,1998-06-30,1998-06-30,2021-09-07,2356000.0,4655607000.0,,236226000.0,4419381000.0,,10.344,58314000.0,16966000.0,16966000.0,0.0,64191000.0,,2.287,2499301000.0,2499301000.0,,2499301000.0,27105000.0,81484000.0,0.0,0.005,0.043,152759000.0,234243000.0,0.603,234243000.0,152759000.0,110687000.0,0.47,0.47,0.47,1416259000.0,,1416259000.0,6795114541.0,12.0,8.479,103843000.0,0.758,1.0,388378000.0,1.0,1744834000.0,42072000.0,5393108000.0,,23278000.0,0.0,0.0,0.0,3239348000.0,,,4200411541.0,1662000.0,11647000.0,4552000.0,-110098000.0,-6055000.0,-111798000.0,67931000.0,0.0,45529000.0,0.0,64191000.0,64191000.0,64191000.0,0.0,0.0,0.165,81484000.0,306894000.0,76544000.0,0.091,2.966,16.06,15.931,2236150000.0,0.0,30.587,3.355,3.345,187245000.0,837850000.0,388378000.0,388378000.0,0.0,,,,,0.0,0.0,1.0,137328189.0,136922000.0,140028000.0,2.836,2910773000.0,0.0,46496000.0,27728000.0,21.259,
93,LUMN,MRQ,1998-03-31,1998-03-31,1998-03-31,2021-09-07,6078000.0,4708228000.0,,227103000.0,4481125000.0,,9.937,-48025000.0,15304000.0,15304000.0,0.0,57694000.0,,2.473,2610007000.0,2610007000.0,,2610007000.0,26471000.0,79194000.0,0.0,0.006,0.043,139313000.0,218507000.0,0.588,218507000.0,139313000.0,96504000.0,0.42,0.42,0.42,1355809000.0,,1355809000.0,6367081259.0,12.0,8.565,98833000.0,0.724,1.0,371720000.0,1.0,1759337000.0,42809000.0,5543594000.0,,21782000.0,0.0,0.0,0.0,3352419000.0,,,3728313259.0,-10713000.0,-5000000.0,4374000.0,-55582000.0,-6013000.0,-103812000.0,-53759000.0,0.0,146858000.0,0.0,57694000.0,57694000.0,57694000.0,0.0,0.0,0.155,79194000.0,292526000.0,72751000.0,0.102,2.75,13.29,13.125,2243775000.0,0.0,27.169,3.471,3.451,182038000.0,779714000.0,371720000.0,371720000.0,0.0,,,,,0.0,0.0,1.0,137227300.0,136442000.0,139376000.0,2.724,2948891000.0,0.0,38810000.0,45284000.0,21.613,
94,LUMN,MRQ,1997-12-31,1997-12-31,1997-12-31,2021-09-07,11893000.0,4709401000.0,,283480000.0,4425921000.0,,9.573,144824000.0,26017000.0,26017000.0,0.0,98234000.0,0.88,2.622,2664785000.0,55244000.0,2609541000.0,2664785000.0,24213000.0,50755000.0,0.0,0.007,0.041,183281000.0,234036000.0,0.855,234036000.0,183281000.0,160346000.0,0.723,0.723,0.723,1300272000.0,,1300272000.0,3592687701.0,8.0,5.755,224645000.0,1.654,1.0,273609000.0,1.0,1767352000.0,22935000.0,5258809000.0,,21994000.0,0.0,0.0,0.0,3409129000.0,322008000.0,3087121000.0,3019324701.0,14734000.0,-1505764000.0,3296000.0,1299569000.0,-5692000.0,1298715000.0,-1363802000.0,0.0,79821000.0,0.0,98234000.0,98234000.0,98234000.0,0.0,0.0,0.359,50755000.0,222854000.0,83378000.0,0.057,2.322,11.795,11.713,2258563000.0,0.0,22.138,3.349,3.315,143613000.0,728033000.0,273609000.0,273609000.0,0.0,,,,,0.0,0.0,1.0,136387886.0,135827000.0,138685500.0,2.014,2942049000.0,0.0,62112000.0,74898000.0,21.66,-38528000.0
95,LUMN,MRQ,1997-09-30,1997-09-30,1997-09-30,2021-09-07,62038000.0,2273704000.0,,123913000.0,2149791000.0,,9.228,-35925000.0,11283000.0,11283000.0,0.0,41433000.0,,0.822,584646000.0,584646000.0,,584646000.0,16705000.0,37074000.0,0.0,0.008,0.041,77543000.0,114617000.0,0.525,114617000.0,77543000.0,66368000.0,0.307,0.307,0.307,1247615000.0,,1247615000.0,3294352644.0,10.0,6.823,51166000.0,0.378,1.0,218351000.0,1.0,545683000.0,11175000.0,2301384000.0,,9139000.0,0.0,0.0,0.0,1026089000.0,,,2655593644.0,-805000.0,-3400000.0,6602000.0,-65944000.0,-5669000.0,-68082000.0,-19814000.0,22500000.0,87091000.0,0.0,41433000.0,41433000.0,41433000.0,0.0,0.0,0.19,37074000.0,181277000.0,53273000.0,0.134,2.129,14.136,18.107,1145557000.0,0.0,19.556,3.23,3.216,70383000.0,635491000.0,218351000.0,218351000.0,0.0,,,,,0.0,0.0,1.0,135797402.0,135201000.0,137565000.0,1.615,1728021000.0,0.0,24935000.0,21118000.0,12.781,
96,LUMN,MRQ,1997-06-30,1997-06-30,1997-06-30,2021-09-07,24565000.0,2224459000.0,,125091000.0,2099368000.0,,8.672,-43442000.0,12088000.0,12088000.0,0.0,83176000.0,,0.906,650847000.0,650847000.0,,650847000.0,16003000.0,36341000.0,0.0,0.011,0.041,139843000.0,176184000.0,0.837,176184000.0,139843000.0,128789000.0,0.62,0.62,0.62,1167056000.0,,1167056000.0,2649493421.0,8.0,5.631,-2760000.0,-0.021,1.0,210576000.0,1.0,543512000.0,11054000.0,2319706000.0,,6613000.0,0.0,0.0,0.0,1057403000.0,,,2028055421.0,-1587000.0,3255000.0,2042000.0,16300000.0,-5659000.0,12741000.0,-55010000.0,0.0,40682000.0,0.0,83176000.0,83176000.0,83176000.0,0.0,0.0,0.395,36341000.0,174235000.0,57570000.0,0.066,1.738,11.095,14.423,1139708000.0,0.0,15.0,2.545,2.533,66826000.0,599727000.0,210576000.0,210576000.0,0.0,,,,,0.0,0.0,1.0,135203695.0,134580000.0,136816500.0,1.565,1680947000.0,0.0,45613000.0,17737000.0,12.49,
97,LUMN,MRQ,1997-03-31,1997-03-31,1997-03-31,2021-09-07,0.0,2069847000.0,,107620000.0,1962227000.0,,7.909,-43977000.0,13675000.0,13675000.0,0.0,33135000.0,,0.949,635113000.0,635113000.0,,635113000.0,15506000.0,35325000.0,0.0,0.012,0.041,64148000.0,99473000.0,0.5,99473000.0,64148000.0,52838000.0,0.247,0.247,0.247,1062054000.0,,1062054000.0,2408031306.0,9.0,6.169,45748000.0,0.341,1.0,198985000.0,1.0,545639000.0,11310000.0,2145646000.0,,8022000.0,0.0,0.0,0.0,1007793000.0,,,1770584306.0,5273000.0,-21080000.0,2216000.0,-16582000.0,-5651000.0,-19951000.0,-64501000.0,0.0,89725000.0,0.0,33135000.0,33135000.0,33135000.0,0.0,0.0,0.167,35325000.0,163660000.0,54905000.0,0.166,1.667,13.358,19.746,1168791000.0,0.0,13.111,2.291,2.278,60359000.0,522210000.0,198985000.0,198985000.0,0.0,,,,,0.0,0.0,1.0,135044566.0,134289000.0,136582500.0,1.482,1524208000.0,0.0,19703000.0,26102000.0,11.35,
98,LUMN,MRQ,1996-12-31,1996-12-31,1996-12-31,2021-09-07,0.0,2028505000.0,,109234000.0,1919271000.0,,7.613,-68993000.0,8402000.0,8402000.0,0.0,30121000.0,0.758,0.973,645849000.0,19919000.0,625930000.0,645849000.0,15122000.0,35565000.0,0.0,0.012,0.04,57023000.0,92588000.0,0.477,92588000.0,57023000.0,46333000.0,-0.093,,-0.093,1028153000.0,,1028153000.0,,,,-15809000.0,-0.117,1.0,194229000.0,1.0,532410000.0,10690000.0,1989398000.0,,8222000.0,0.0,0.0,0.0,1000352000.0,144144000.0,856208000.0,1852811442.0,-7076000.0,-4221000.0,1288000.0,35312000.0,-5484000.0,31196000.0,-91456000.0,417000.0,53184000.0,0.0,30121000.0,30121000.0,30121000.0,0.0,0.0,0.155,35565000.0,158664000.0,60548000.0,-0.43,1.802,14.354,21.438,1149012000.0,0.0,13.72,2.471,2.471,60181000.0,494726000.0,194229000.0,194229000.0,0.0,,,,,0.0,0.0,1.0,135044566.0,135044566.0,,1.438,1496095000.0,0.0,16212000.0,13913000.0,11.079,-34910000.0
99,LUMN,MRQ,1996-09-30,1996-09-30,1996-09-30,2021-09-07,,,,,,,,-54571000.0,,,0.0,36350000.0,,,,,,,,33297000.0,,0.01,0.04,68947000.0,102244000.0,0.529,102244000.0,68947000.0,57924000.0,0.267,0.267,0.267,,,,,,,31297000.0,0.231,1.0,193096000.0,1.0,,11023000.0,,,,,,,,,,,1586000.0,4335000.0,1790000.0,-27257000.0,-5475000.0,-30885000.0,-53397000.0,1250000.0,85868000.0,0.0,36350000.0,36350000.0,36350000.0,0.0,0.0,0.188,33297000.0,159799000.0,,0.15,,,,,0.0,15.28,,,,,193096000.0,193096000.0,0.0,,,,,0.0,0.0,1.0,,135249750.0,136982250.0,1.428,,,21574000.0,,,
100,LUMN,MRQ,1996-06-30,1996-06-30,1996-06-30,2021-09-07,,,,,,,,-58109000.0,,,0.0,32941000.0,,,,,,,,32420000.0,,0.011,0.04,63594000.0,96014000.0,0.515,96014000.0,63594000.0,52241000.0,0.244,0.244,0.244,,,,,,,-2330000.0,-0.017,1.0,186538000.0,1.0,,11353000.0,,,,,,,,,,,1807000.0,-11893000.0,1241000.0,2788000.0,-5469000.0,-1339000.0,-52633000.0,0.0,55779000.0,0.0,32941000.0,32941000.0,32941000.0,0.0,0.0,0.177,32420000.0,154118000.0,,0.164,,,,,0.0,14.611,,,,,186538000.0,186538000.0,0.0,,,,,0.0,0.0,1.0,,134930250.0,136563750.0,1.382,,,19300000.0,,,
101,LUMN,MRQ,1996-03-31,1996-03-31,1996-03-31,2021-09-07,,,,,,,,-41212000.0,,,0.0,29665000.0,,,,,,,,30739000.0,,0.01,0.04,58740000.0,89479000.0,0.509,89479000.0,58740000.0,47144000.0,0.222,0.222,0.222,,,,,,,28609000.0,0.214,1.0,175814000.0,1.0,,11596000.0,,,,,,,,,,,3545000.0,0.0,5770000.0,-22414000.0,-5347000.0,-21971000.0,-44305000.0,0.0,69821000.0,0.0,29665000.0,29665000.0,29665000.0,0.0,0.0,0.169,30739000.0,145075000.0,,0.18,,,,,0.0,14.5,,,,,175814000.0,175814000.0,0.0,,,,,0.0,0.0,1.0,,133825500.0,135459000.0,1.314,,,17479000.0,,,
102,LUMN,MRQ,1995-12-31,1995-12-31,1995-12-31,2021-09-07,0.0,1862421000.0,,95329000.0,1767092000.0,,,,8540000.0,8540000.0,,,0.681,1.096,652428000.0,29524000.0,622904000.0,652428000.0,13043000.0,,0.0,0.01,0.037,,,,,,,,,,888424000.0,,888424000.0,,,,,,1.0,,,493655000.0,,1872730000.0,,6608000.0,0.0,0.0,0.0,973997000.0,139924000.0,834073000.0,,,,,,,,,,,,,,,,,,,,55329000.0,,,,23.877,1047808000.0,,14.111,,,50943000.0,387424000.0,,,,,,,,,,1.0,,,,,1368766000.0,0.0,,12489000.0,,-44595000.0
0,LUMN,MRT,2021-06-30,2021-06-30,2021-06-30,2021-09-07,-2710000000.0,58947000000.0,59942000000.0,3746000000.0,55201000000.0,0.338,10.775,-2973000000.0,935000000.0,935000000.0,8718000000.0,-942000000.0,0.575,4.036,31558000000.0,2984000000.0,28574000000.0,31558000000.0,748000000.0,4579000000.0,0.0,0.074,1.0,1156000000.0,5735000000.0,0.283,5735000000.0,1156000000.0,-422000000.0,-0.87,-0.87,-0.87,11706000000.0,11965000000.0,11706000000.0,46362197391.0,40.0,8.084,3667000000.0,3.375,1.0,11527000000.0,0.569,26530000000.0,1578000000.0,56530000000.0,57200750000.0,0.0,0.0,0.0,0.0,47241000000.0,6510000000.0,40731000000.0,15021197391.0,-838000000.0,0.0,0.0,-3341000000.0,-1115000000.0,-4517000000.0,-2961000000.0,0.0,6640000000.0,0.0,-942000000.0,-942000000.0,-942000000.0,0.0,0.0,-0.047,10455000000.0,1072000000.0,966000000.0,-1.149,1.283,-15.946,-15.621,25993000000.0,0.0,13.59,0.742,0.729,1905000000.0,-7050000000.0,20245000000.0,20245000000.0,0.0,-0.016,-0.079,0.02,0.057,148000000.0,3234000000.0,1.0,1105312538.0,1086453000.0,1093402000.0,18.634,32417000000.0,0.0,520000000.0,3937000000.0,29.837,-2764000000.0
1,LUMN,MRT,2021-03-31,2021-03-31,2021-03-31,2021-09-07,-2845000000.0,58828000000.0,61248000000.0,3293000000.0,55535000000.0,0.335,10.442,-3318000000.0,486000000.0,486000000.0,8835000000.0,-1071000000.0,0.423,4.205,31827000000.0,4228000000.0,27599000000.0,31827000000.0,758000000.0,4700000000.0,0.0,0.075,1.0,1025000000.0,5725000000.0,0.279,5725000000.0,1025000000.0,-583000000.0,-0.99,-0.99,-0.99,11303000000.0,12404000000.0,11303000000.0,46452928383.0,45.0,8.114,3432000000.0,3.171,1.0,11678000000.0,0.569,26738000000.0,1608000000.0,55644000000.0,57902500000.0,0.0,0.0,0.0,0.0,47525000000.0,7787000000.0,39738000000.0,14642928383.0,-1088000000.0,0.0,0.0,-3363000000.0,-1112000000.0,-4538000000.0,-3300000000.0,0.0,6750000000.0,0.0,-1071000000.0,-1071000000.0,-1071000000.0,0.0,0.0,-0.052,10709000000.0,969000000.0,1017000000.0,-1.01,1.295,-13.672,-13.485,26091000000.0,0.0,13.35,0.714,0.704,1883000000.0,-7556000000.0,20513000000.0,20513000000.0,0.0,-0.017,-0.086,0.018,0.05,126000000.0,3367000000.0,1.0,1096848568.0,1082474000.0,1091586000.0,18.95,32090000000.0,0.0,488000000.0,3817000000.0,29.645,-4494000000.0
2,LUMN,MRT,2020-12-31,2020-12-31,2020-12-31,2021-09-07,-2813000000.0,59394000000.0,62555000000.0,3176000000.0,56218000000.0,0.331,10.344,-3576000000.0,406000000.0,406000000.0,8934000000.0,-1232000000.0,0.479,4.321,32216000000.0,2806000000.0,29410000000.0,32216000000.0,753000000.0,4710000000.0,0.0,0.103,1.0,886000000.0,5596000000.0,0.27,5596000000.0,886000000.0,-782000000.0,-1.14,-1.14,-1.14,11162000000.0,12901000000.0,11162000000.0,43164029492.0,49.0,7.713,2948000000.0,2.732,1.0,11778000000.0,0.569,27089000000.0,1668000000.0,57481000000.0,59592750000.0,0.0,0.0,0.0,0.0,48232000000.0,6634000000.0,41598000000.0,10697029492.0,-1290000000.0,0.0,0.0,-3054000000.0,-1109000000.0,-4250000000.0,-3564000000.0,0.0,6524000000.0,0.0,-1232000000.0,-1232000000.0,-1232000000.0,0.0,0.0,-0.059,10816000000.0,962000000.0,1134000000.0,-0.877,0.958,-8.683,-8.553,26338000000.0,0.0,9.75,0.516,0.508,1962000000.0,-8031000000.0,20712000000.0,20712000000.0,0.0,-0.02,-0.095,0.015,0.043,175000000.0,3464000000.0,1.0,1097131230.0,1079130000.0,1079130000.0,19.193,32305000000.0,0.0,450000000.0,3656000000.0,29.936,-3458000000.0
3,LUMN,MRT,2020-09-30,2020-09-30,2020-09-30,2021-09-07,-2795000000.0,62599000000.0,63892000000.0,3504000000.0,59095000000.0,0.327,12.669,-3753000000.0,526000000.0,526000000.0,8960000000.0,1280000000.0,0.596,3.573,32993000000.0,1888000000.0,31105000000.0,32993000000.0,738000000.0,4725000000.0,0.0,0.099,1.0,3531000000.0,8256000000.0,0.395,8256000000.0,3531000000.0,1775000000.0,1.19,1.19,1.19,13689000000.0,13478000000.0,13689000000.0,44084157431.0,12.0,5.34,2998000000.0,2.775,1.0,11933000000.0,0.571,30039000000.0,1756000000.0,59148000000.0,60173250000.0,0.0,0.0,0.0,0.0,48910000000.0,5879000000.0,43031000000.0,11074157431.0,-884000000.0,0.0,0.0,-2681000000.0,-1108000000.0,-3896000000.0,-3739000000.0,0.0,6751000000.0,0.0,1280000000.0,1280000000.0,1280000000.0,0.0,0.0,0.061,8315000000.0,3618000000.0,1364000000.0,0.84,0.809,8.652,8.479,26290000000.0,0.0,10.09,0.53,0.522,2143000000.0,-5743000000.0,20893000000.0,20893000000.0,0.0,0.02,0.095,0.059,0.169,168000000.0,3590000000.0,1.0,1097537902.0,1080505000.0,1085666000.0,19.336,32560000000.0,0.0,495000000.0,3610000000.0,30.134,-2375000000.0
4,LUMN,MRT,2020-06-30,2020-06-30,2020-06-30,2021-09-07,-2902000000.0,64171000000.0,64424250000.0,4858000000.0,59313000000.0,0.327,12.471,-3729000000.0,1763000000.0,1763000000.0,9058000000.0,1216000000.0,0.65,3.767,34773000000.0,3359000000.0,31414000000.0,34773000000.0,759000000.0,4767000000.0,0.0,0.1,1.0,3548000000.0,8315000000.0,0.395,8315000000.0,3548000000.0,1705000000.0,1.13,1.13,1.13,13462000000.0,13474250000.0,13462000000.0,45758946284.0,13.0,5.503,3116000000.0,2.887,1.0,12018000000.0,0.57,30372000000.0,1843000000.0,59337000000.0,60940500000.0,0.0,0.0,0.0,0.0,50709000000.0,7472000000.0,43237000000.0,11007946284.0,1344000000.0,0.0,0.0,-536000000.0,-1108000000.0,-1750000000.0,-3751000000.0,0.0,6845000000.0,0.0,1216000000.0,1216000000.0,1216000000.0,0.0,0.0,0.058,8338000000.0,3680000000.0,1448000000.0,0.885,0.818,9.053,8.876,26079000000.0,0.0,10.03,0.522,0.514,2182000000.0,-6109000000.0,21076000000.0,21076000000.0,0.0,0.019,0.09,0.058,0.168,175000000.0,3571000000.0,1.0,1097502122.0,1079475000.0,1082567000.0,19.524,33799000000.0,0.0,489000000.0,3431000000.0,31.311,-2614000000.0
5,LUMN,MRT,2020-03-31,2020-03-31,2020-03-31,2021-09-07,-2955000000.0,64056000000.0,64508500000.0,4690000000.0,59366000000.0,0.33,12.358,-3568000000.0,1591000000.0,1591000000.0,9069000000.0,1210000000.0,0.822,3.82,36342000000.0,1545000000.0,34797000000.0,36342000000.0,788000000.0,4801000000.0,0.0,0.106,1.0,3641000000.0,8442000000.0,0.397,8442000000.0,3641000000.0,1694000000.0,1.13,1.13,1.13,13291000000.0,13531750000.0,13291000000.0,45042051333.0,12.0,5.335,3229000000.0,3.002,1.0,12190000000.0,0.573,30699000000.0,1947000000.0,62405000000.0,61751750000.0,0.0,0.0,0.0,0.0,50765000000.0,5703000000.0,45062000000.0,10307051333.0,1117000000.0,0.0,0.0,-868000000.0,-1106000000.0,-2077000000.0,-3603000000.0,0.0,6797000000.0,0.0,1210000000.0,1210000000.0,1210000000.0,0.0,0.0,0.057,8437000000.0,3753000000.0,1581000000.0,0.885,0.775,8.518,8.372,27623000000.0,0.0,9.46,0.485,0.479,2175000000.0,-6486000000.0,21259000000.0,21259000000.0,0.0,0.019,0.089,0.059,0.171,198000000.0,3636000000.0,1.0,1089540310.0,1075459000.0,1081754000.0,19.767,33357000000.0,0.0,484000000.0,3311000000.0,31.017,-1013000000.0
6,LUMN,MRT,2019-12-31,2019-12-31,2019-12-31,2021-09-07,-2680000000.0,64742000000.0,64691500000.0,4768000000.0,59974000000.0,0.332,12.572,-3535000000.0,1690000000.0,1690000000.0,9134000000.0,-5269000000.0,0.657,3.806,35110000000.0,2716000000.0,32394000000.0,35110000000.0,804000000.0,4829000000.0,0.0,0.076,1.0,-2745000000.0,2084000000.0,0.097,2084000000.0,-2745000000.0,-4766000000.0,-4.92,-4.92,-4.92,13470000000.0,13594750000.0,13470000000.0,49865926411.0,-18.0,23.928,3145000000.0,2.935,1.0,12324000000.0,0.574,31101000000.0,2021000000.0,59803000000.0,62265000000.0,0.0,0.0,0.0,0.0,51272000000.0,7258000000.0,44014000000.0,14401926411.0,1199000000.0,0.0,0.0,-750000000.0,-1100000000.0,-1911000000.0,-3570000000.0,0.0,6680000000.0,0.0,-5269000000.0,-5269000000.0,-5269000000.0,0.0,0.0,-0.246,15050000000.0,-2726000000.0,1724000000.0,-0.203,1.069,-2.733,-2.685,26079000000.0,0.0,13.21,0.671,0.66,2259000000.0,-6814000000.0,21458000000.0,21458000000.0,0.0,-0.081,-0.388,-0.044,-0.128,162000000.0,3715000000.0,1.0,1090229100.0,1071441000.0,1071441000.0,20.027,33641000000.0,0.0,503000000.0,3229000000.0,31.398,-2490000000.0
7,LUMN,MRT,2019-09-30,2019-09-30,2019-09-30,2021-09-07,-2499000000.0,64728000000.0,66070000000.0,4589000000.0,60139000000.0,0.319,12.749,-3516000000.0,1431000000.0,1431000000.0,8671000000.0,-7904000000.0,0.696,3.734,36895000000.0,2163000000.0,34732000000.0,36895000000.0,798000000.0,4881000000.0,0.0,0.103,1.29,-5404000000.0,-523000000.0,-0.025,-523000000.0,-5404000000.0,-7480000000.0,-7.41,-7.41,-7.41,13674000000.0,15184250000.0,13674000000.0,49915797682.0,-9.0,-95.441,3251000000.0,3.031,1.0,12396000000.0,0.588,31386000000.0,2076000000.0,62217000000.0,62678750000.0,0.0,0.0,0.0,0.0,51054000000.0,6589000000.0,44465000000.0,13612797682.0,1011000000.0,0.0,0.0,-758000000.0,-1406000000.0,-2203000000.0,-3553000000.0,0.0,6767000000.0,0.0,-7904000000.0,-7904000000.0,-7904000000.0,0.0,0.0,-0.375,17810000000.0,-5414000000.0,1712000000.0,-0.174,0.996,-1.722,-1.684,27595000000.0,0.0,12.48,0.646,0.635,2290000000.0,-7018000000.0,21067000000.0,21067000000.0,0.0,-0.12,-0.521,-0.086,-0.257,156000000.0,3697000000.0,1.0,1090769045.0,1072543000.0,1074790000.0,19.642,33342000000.0,0.0,424000000.0,3298000000.0,31.087,-2000000000.0
8,LUMN,MRT,2019-06-30,2019-06-30,2019-06-30,2021-09-07,-2419000000.0,64508000000.0,68230750000.0,3878000000.0,60630000000.0,0.316,12.78,-3271000000.0,440000000.0,440000000.0,9009000000.0,-7934000000.0,0.597,3.711,36743000000.0,2083000000.0,34660000000.0,36743000000.0,852000000.0,4931000000.0,0.0,0.134,1.58,-5424000000.0,-493000000.0,-0.023,-493000000.0,-5424000000.0,-7561000000.0,-7.44,-7.44,-7.44,13692000000.0,17466500000.0,13692000000.0,49900085749.0,-9.0,-101.217,3395000000.0,3.169,1.0,12526000000.0,0.582,31734000000.0,2137000000.0,62582000000.0,62696000000.0,0.0,0.0,0.0,0.0,50816000000.0,6495000000.0,44321000000.0,12822085749.0,-292000000.0,0.0,0.0,-1923000000.0,-1710000000.0,-3675000000.0,-3283000000.0,0.0,6666000000.0,0.0,-7934000000.0,-7934000000.0,-7934000000.0,0.0,0.0,-0.368,17996000000.0,-5470000000.0,1634000000.0,-0.212,0.936,-1.616,-1.581,27704000000.0,0.0,11.76,0.595,0.585,2446000000.0,-7321000000.0,21535000000.0,21535000000.0,0.0,-0.116,-0.454,-0.087,-0.252,167000000.0,3833000000.0,1.0,1090313414.0,1071341000.0,1072813000.0,20.101,32774000000.0,0.0,373000000.0,3200000000.0,30.592,-2617000000.0
9,LUMN,MRT,2019-03-31,2019-03-31,2019-03-31,2021-09-07,-2429000000.0,64788000000.0,70690250000.0,3820000000.0,60968000000.0,0.312,12.67,-3121000000.0,474000000.0,474000000.0,9496000000.0,-8013000000.0,0.711,3.784,37552000000.0,1193000000.0,36359000000.0,37552000000.0,841000000.0,5025000000.0,0.0,0.156,1.87,-5661000000.0,-636000000.0,-0.029,-636000000.0,-5661000000.0,-7826000000.0,-7.52,-7.52,-7.52,13543000000.0,19790750000.0,13543000000.0,48489600880.0,-9.0,-76.242,3426000000.0,3.205,1.0,12566000000.0,0.57,32035000000.0,2165000000.0,64458000000.0,63097750000.0,0.0,0.0,0.0,0.0,51245000000.0,5373000000.0,45872000000.0,12946600880.0,-63000000.0,0.0,0.0,-1326000000.0,-2017000000.0,-3394000000.0,-3216000000.0,0.0,6547000000.0,0.0,-8013000000.0,-8013000000.0,-8013000000.0,0.0,0.0,-0.363,18245000000.0,-5679000000.0,1481000000.0,-0.249,0.956,-1.616,-1.594,27745000000.0,0.0,11.99,0.587,0.581,2347000000.0,-7693000000.0,22062000000.0,22062000000.0,0.0,-0.113,-0.405,-0.09,-0.257,178000000.0,3988000000.0,1.0,1079783226.0,1068878000.0,1068878000.0,20.64,32753000000.0,0.0,187000000.0,3087000000.0,30.642,-1553000000.0
10,LUMN,MRT,2018-12-31,2018-12-31,2018-12-31,2021-09-07,-2461000000.0,70256000000.0,73191500000.0,3820000000.0,66436000000.0,0.309,18.603,-3017000000.0,518000000.0,518000000.0,9999000000.0,-1733000000.0,0.691,2.543,36061000000.0,652000000.0,35409000000.0,36061000000.0,832000000.0,5120000000.0,0.0,0.143,2.16,614000000.0,5734000000.0,0.254,5734000000.0,614000000.0,-1563000000.0,-1.63,-1.63,-1.63,19828000000.0,22265750000.0,19828000000.0,52508987940.0,86.0,9.157,4015000000.0,3.767,1.0,12581000000.0,0.557,38810000000.0,2177000000.0,61458000000.0,63023250000.0,0.0,0.0,0.0,0.0,50428000000.0,5531000000.0,44897000000.0,16371987940.0,-69000000.0,0.0,0.0,-1661000000.0,-2312000000.0,-4023000000.0,-3078000000.0,0.0,7032000000.0,0.0,-1733000000.0,-1733000000.0,-1733000000.0,0.0,0.0,-0.077,12011000000.0,570000000.0,1933000000.0,-1.325,0.826,-9.447,-9.294,26408000000.0,0.0,15.15,0.725,0.715,2398000000.0,-1643000000.0,22580000000.0,22580000000.0,0.0,-0.024,-0.078,0.01,0.027,186000000.0,4165000000.0,1.0,1080659270.0,1065866000.0,1065866000.0,21.185,31446000000.0,0.0,170000000.0,2864000000.0,29.503,-1711000000.0
11,LUMN,MRT,2018-09-30,2018-09-30,2018-09-30,2021-09-07,-2454000000.0,73371000000.0,74530250000.0,4114000000.0,69257000000.0,0.308,21.373,-1400000000.0,390000000.0,390000000.0,10703000000.0,1796000000.0,0.778,2.218,36527000000.0,778000000.0,35749000000.0,36527000000.0,983000000.0,5055000000.0,0.0,0.102,2.16,2975000000.0,8030000000.0,0.349,8030000000.0,2975000000.0,856000000.0,2.34,2.34,2.34,22803000000.0,23181500000.0,22803000000.0,59513613515.0,20.0,7.411,4814000000.0,4.512,1.0,12285000000.0,0.534,41936000000.0,2119000000.0,62286000000.0,63820000000.0,0.0,30000000.0,3000000.0,27000000.0,50568000000.0,5286000000.0,45282000000.0,22898613515.0,-5744000000.0,-8756000000.0,0.0,620000000.0,-2307000000.0,-1741000000.0,-10217000000.0,0.0,6214000000.0,0.0,1796000000.0,1796000000.0,1796000000.0,0.0,0.0,0.078,9350000000.0,2935000000.0,1387000000.0,0.923,1.004,12.75,9.06,26168000000.0,0.0,21.2,0.996,0.984,2465000000.0,777000000.0,22988000000.0,22988000000.0,0.0,0.024,0.077,0.047,0.129,191000000.0,4295000000.0,1.0,1080123279.0,1066904000.0,1072351000.0,21.546,31435000000.0,0.0,-940000000.0,2911000000.0,29.464,-1172000000.0
12,LUMN,MRT,2018-06-30,2018-06-30,2018-06-30,2021-09-07,-2490000000.0,74346000000.0,68821500000.0,4451000000.0,69895000000.0,0.308,21.592,-1466000000.0,700000000.0,700000000.0,9958000000.0,1616000000.0,0.985,2.234,37315000000.0,437000000.0,36878000000.0,37315000000.0,750000000.0,4680000000.0,0.0,0.116,2.16,2590000000.0,7270000000.0,0.343,7270000000.0,2590000000.0,666000000.0,2.26,2.26,2.26,22989000000.0,20720750000.0,22989000000.0,56949695889.0,22.0,7.834,3919000000.0,3.681,1.0,11246000000.0,0.53,42251000000.0,1924000000.0,64189000000.0,58921750000.0,0.0,32000000.0,5000000.0,27000000.0,51357000000.0,4521000000.0,46836000000.0,20109695889.0,-5625000000.0,-8762000000.0,0.0,1342000000.0,-2019000000.0,-721000000.0,-10289000000.0,0.0,5385000000.0,0.0,1616000000.0,1616000000.0,1616000000.0,0.0,0.0,0.076,8718000000.0,2528000000.0,1360000000.0,0.956,0.875,12.444,8.248,26494000000.0,0.0,18.64,0.948,0.936,2471000000.0,1040000000.0,21204000000.0,21204000000.0,0.0,0.023,0.078,0.044,0.122,163000000.0,4038000000.0,1.0,1078846346.0,1064711000.0,1068819000.0,19.915,32095000000.0,0.0,-950000000.0,2751000000.0,30.144,-70000000.0
13,LUMN,MRT,2018-03-31,2018-03-31,2018-03-31,2021-09-07,-2288000000.0,74793000000.0,62966250000.0,4183000000.0,70610000000.0,0.308,21.996,-1644000000.0,537000000.0,537000000.0,9118000000.0,1341000000.0,0.877,2.19,37377000000.0,437000000.0,36940000000.0,37377000000.0,820000000.0,4339000000.0,0.0,0.131,2.16,2167000000.0,6506000000.0,0.335,6506000000.0,2167000000.0,469000000.0,2.02,2.02,2.02,23443000000.0,18245000000.0,23443000000.0,54716827468.0,25.0,8.41,2844000000.0,2.668,1.0,10274000000.0,0.53,42706000000.0,1698000000.0,64160000000.0,53576000000.0,0.0,0.0,0.0,0.0,51350000000.0,4767000000.0,46583000000.0,17577827468.0,321000000.0,-7289000000.0,-3000000.0,6509000000.0,-1737000000.0,4740000000.0,-8907000000.0,0.0,4488000000.0,0.0,1341000000.0,1341000000.0,1341000000.0,0.0,0.0,0.069,8146000000.0,2128000000.0,1508000000.0,1.069,0.75,13.108,8.134,26826000000.0,0.0,16.43,0.906,0.903,2432000000.0,1336000000.0,19392000000.0,19392000000.0,0.0,0.021,0.073,0.04,0.112,131000000.0,3807000000.0,1.0,1069861684.0,1065796000.0,1069183000.0,18.195,32087000000.0,0.0,-872000000.0,2586000000.0,30.106,-584000000.0
14,LUMN,MRT,2017-12-31,2017-12-31,2017-12-31,2021-09-07,-1995000000.0,75611000000.0,55918500000.0,4194000000.0,71417000000.0,0.316,37.417,-1577000000.0,587000000.0,587000000.0,8203000000.0,1389000000.0,0.863,2.219,37726000000.0,443000000.0,37283000000.0,37726000000.0,892000000.0,3936000000.0,0.0,0.129,2.16,2021000000.0,5957000000.0,0.337,5957000000.0,2021000000.0,540000000.0,2.21,2.21,2.21,23491000000.0,15710750000.0,23491000000.0,36644975594.0,18.0,6.152,2301000000.0,3.665,1.0,9453000000.0,0.535,43248000000.0,1481000000.0,64645000000.0,46833750000.0,0.0,0.0,0.0,0.0,52120000000.0,4857000000.0,47263000000.0,17830975594.0,363000000.0,-7289000000.0,0.0,6826000000.0,-1453000000.0,5356000000.0,-8871000000.0,0.0,3878000000.0,0.0,1389000000.0,1389000000.0,1389000000.0,0.0,0.0,0.079,7444000000.0,2009000000.0,1555000000.0,0.977,0.759,12.837,7.548,26852000000.0,0.0,16.68,1.01,0.593,2557000000.0,1103000000.0,17656000000.0,17656000000.0,0.0,0.025,0.088,0.043,0.114,111000000.0,3508000000.0,1.0,1069003333.0,627808000.0,628693000.0,28.123,32363000000.0,0.0,-849000000.0,2783000000.0,51.549,-663000000.0
15,LUMN,MRT,2017-09-30,2017-09-30,2017-09-30,2021-09-07,-1994000000.0,50536000000.0,48770000000.0,2694000000.0,47842000000.0,0.341,23.933,-3275000000.0,6164000000.0,6164000000.0,7634000000.0,314000000.0,0.825,2.899,24978000000.0,124000000.0,24854000000.0,24978000000.0,642000000.0,3697000000.0,0.0,0.114,2.16,1880000000.0,5577000000.0,0.336,5577000000.0,1880000000.0,560000000.0,0.58,0.58,0.58,12960000000.0,13187750000.0,12960000000.0,29107615298.0,15.0,5.219,521000000.0,0.962,1.0,8988000000.0,0.541,23391000000.0,1320000000.0,42693000000.0,39961000000.0,0.0,0.0,0.0,0.0,37576000000.0,3266000000.0,34310000000.0,10387615298.0,6022000000.0,1491000000.0,-5000000.0,5241000000.0,-1172000000.0,4058000000.0,-1832000000.0,0.0,3796000000.0,0.0,314000000.0,314000000.0,314000000.0,0.0,0.0,0.019,7098000000.0,1890000000.0,939000000.0,3.724,0.802,33.082,32.586,17634000000.0,0.0,18.9,0.625,0.616,1888000000.0,34000000.0,16622000000.0,16622000000.0,0.0,0.006,0.024,0.047,0.113,84000000.0,3401000000.0,1.0,549609275.0,541521000.0,541963000.0,30.695,27145000000.0,0.0,246000000.0,3485000000.0,50.127,-572000000.0
16,LUMN,MRT,2017-06-30,2017-06-30,2017-06-30,2021-09-07,-2050000000.0,50925000000.0,47835000000.0,2908000000.0,48017000000.0,0.355,24.172,-3260000000.0,6357000000.0,6357000000.0,7703000000.0,374000000.0,0.897,2.892,25077000000.0,196000000.0,24881000000.0,25077000000.0,644000000.0,3782000000.0,0.0,0.09,2.16,1955000000.0,5737000000.0,0.338,5737000000.0,1955000000.0,670000000.0,0.69,0.69,0.69,13086000000.0,13420750000.0,13086000000.0,32570632064.0,17.0,5.677,489000000.0,0.903,1.0,9267000000.0,0.546,23596000000.0,1285000000.0,42806000000.0,38313500000.0,0.0,0.0,0.0,0.0,37839000000.0,3243000000.0,34596000000.0,13105632064.0,6164000000.0,1497000000.0,-3000000.0,5404000000.0,-1171000000.0,4224000000.0,-1809000000.0,0.0,3749000000.0,0.0,374000000.0,374000000.0,374000000.0,0.0,0.0,0.022,7271000000.0,1996000000.0,944000000.0,3.13,1.002,35.042,34.609,17583000000.0,0.0,23.88,0.772,0.762,1868000000.0,-51000000.0,16970000000.0,16970000000.0,0.0,0.008,0.028,0.051,0.115,83000000.0,3489000000.0,1.0,548812063.0,541361000.0,542151000.0,31.347,27329000000.0,0.0,296000000.0,3520000000.0,50.482,-335000000.0
17,LUMN,MRT,2017-03-31,2017-03-31,2017-03-31,2021-09-07,-2086000000.0,46602000000.0,46883250000.0,4968000000.0,41634000000.0,0.369,24.62,-3082000000.0,214000000.0,214000000.0,7762000000.0,553000000.0,0.975,2.502,19679000000.0,1499000000.0,18180000000.0,19679000000.0,656000000.0,3820000000.0,0.0,0.092,2.16,2252000000.0,6072000000.0,0.351,6072000000.0,2252000000.0,947000000.0,1.02,1.02,1.02,13306000000.0,13645500000.0,13306000000.0,32348782272.0,14.0,5.328,1160000000.0,2.146,1.0,9516000000.0,0.551,23780000000.0,1305000000.0,37191000000.0,36601250000.0,0.0,0.0,0.0,0.0,33296000000.0,5096000000.0,28200000000.0,12882782272.0,-224000000.0,0.0,-1000000.0,-159000000.0,-1173000000.0,-1345000000.0,-3121000000.0,0.0,4242000000.0,0.0,553000000.0,553000000.0,553000000.0,0.0,0.0,0.032,7240000000.0,2276000000.0,994000000.0,2.118,0.968,23.296,23.108,17016000000.0,0.0,23.57,0.746,0.737,1854000000.0,110000000.0,17278000000.0,17278000000.0,0.0,0.012,0.041,0.062,0.13,83000000.0,3420000000.0,1.0,546575404.0,540458000.0,541522000.0,31.969,22822000000.0,0.0,394000000.0,3921000000.0,42.227,-128000000.0
18,LUMN,MRT,2016-12-31,2016-12-31,2016-12-31,2021-09-07,-2117000000.0,47017000000.0,47112000000.0,5162000000.0,41855000000.0,0.371,24.834,-2951000000.0,224000000.0,224000000.0,7774000000.0,626000000.0,0.965,2.509,19688000000.0,1503000000.0,18185000000.0,19688000000.0,672000000.0,3916000000.0,0.0,0.091,2.16,2338000000.0,6254000000.0,0.358,6254000000.0,2338000000.0,1020000000.0,1.16,1.16,1.16,13399000000.0,13828000000.0,13399000000.0,32578293883.0,14.0,5.209,1657000000.0,3.071,1.0,9696000000.0,0.555,23978000000.0,1318000000.0,37154000000.0,36631500000.0,0.0,0.0,0.0,0.0,33618000000.0,5349000000.0,28269000000.0,13000293883.0,96000000.0,0.0,0.0,-341000000.0,-1167000000.0,-1518000000.0,-2994000000.0,0.0,4608000000.0,0.0,626000000.0,626000000.0,626000000.0,0.0,0.0,0.036,7363000000.0,2333000000.0,1179000000.0,1.862,0.97,20.767,20.5,17039000000.0,0.0,23.78,0.744,0.734,2017000000.0,-1000000.0,17470000000.0,17470000000.0,0.0,0.013,0.045,0.064,0.134,80000000.0,3447000000.0,1.0,546690239.0,539549000.0,540679000.0,32.379,23039000000.0,0.0,394000000.0,3772000000.0,42.7,-187000000.0
19,LUMN,MRT,2016-09-30,2016-09-30,2016-09-30,2021-09-07,-1855000000.0,46796000000.0,47258750000.0,2728000000.0,44068000000.0,0.374,25.735,-2819000000.0,140000000.0,140000000.0,7760000000.0,922000000.0,0.576,2.369,19718000000.0,1534000000.0,18184000000.0,19718000000.0,710000000.0,4011000000.0,0.0,0.079,2.16,2702000000.0,6713000000.0,0.38,6713000000.0,2702000000.0,1376000000.0,1.69,1.69,1.69,13892000000.0,13993250000.0,13892000000.0,34400944674.0,13.0,5.125,1890000000.0,3.501,1.0,9897000000.0,0.561,25538000000.0,1326000000.0,36103000000.0,36561500000.0,0.0,0.0,0.0,0.0,32904000000.0,4733000000.0,28171000000.0,14975944674.0,-214000000.0,-24000000.0,-284000000.0,-622000000.0,-1169000000.0,-2080000000.0,-2843000000.0,0.0,4709000000.0,0.0,922000000.0,922000000.0,922000000.0,0.0,0.0,0.052,7244000000.0,2653000000.0,1036000000.0,1.278,1.078,16.243,16.231,17840000000.0,0.0,27.43,0.848,0.839,1957000000.0,79000000.0,17657000000.0,17657000000.0,0.0,0.02,0.066,0.074,0.153,76000000.0,3233000000.0,1.0,545969547.0,539806000.0,540917000.0,32.71,21258000000.0,0.0,454000000.0,3983000000.0,39.381,-2005000000.0
20,LUMN,MRT,2016-06-30,2016-06-30,2016-06-30,2021-09-07,-1881000000.0,47118000000.0,47748250000.0,2791000000.0,44327000000.0,0.373,25.916,-2848000000.0,191000000.0,191000000.0,7757000000.0,975000000.0,0.576,2.369,19616000000.0,1451000000.0,18165000000.0,19616000000.0,727000000.0,4064000000.0,0.0,0.074,2.16,2784000000.0,6848000000.0,0.384,6848000000.0,2784000000.0,1456000000.0,1.78,1.78,1.78,13985000000.0,14082750000.0,13985000000.0,35427967389.0,13.0,5.173,2425000000.0,4.494,1.0,10072000000.0,0.565,25744000000.0,1328000000.0,35957000000.0,36730500000.0,0.0,0.0,0.0,0.0,33133000000.0,4842000000.0,28291000000.0,15840967389.0,37000000.0,-24000000.0,-548000000.0,-634000000.0,-1175000000.0,-2362000000.0,-2874000000.0,0.0,5273000000.0,0.0,975000000.0,975000000.0,975000000.0,0.0,0.0,0.055,7356000000.0,2716000000.0,1067000000.0,1.213,1.133,16.247,16.298,17894000000.0,0.0,29.01,0.888,0.878,1972000000.0,115000000.0,17829000000.0,17829000000.0,0.0,0.02,0.069,0.076,0.156,75000000.0,3292000000.0,1.0,546051961.0,539627000.0,540375000.0,33.039,21374000000.0,0.0,481000000.0,4130000000.0,39.609,-2051000000.0
21,LUMN,MRT,2016-03-31,2016-03-31,2016-03-31,2021-09-07,-1907000000.0,47517000000.0,48213000000.0,2926000000.0,44591000000.0,0.37,26.051,-2843000000.0,438000000.0,438000000.0,7767000000.0,922000000.0,0.765,2.385,20025000000.0,517000000.0,19508000000.0,20025000000.0,730000000.0,4125000000.0,0.0,0.068,2.16,2688000000.0,6813000000.0,0.382,6813000000.0,2688000000.0,1373000000.0,1.68,1.68,1.68,14036000000.0,14233250000.0,14036000000.0,37480537470.0,14.0,5.501,2397000000.0,4.449,1.0,10083000000.0,0.565,25966000000.0,1315000000.0,37312000000.0,37150000000.0,0.0,0.0,0.0,0.0,33481000000.0,3826000000.0,29655000000.0,17381537470.0,284000000.0,-4000000.0,-638000000.0,-283000000.0,-1184000000.0,-2108000000.0,-2848000000.0,0.0,5240000000.0,0.0,922000000.0,922000000.0,922000000.0,0.0,0.0,0.052,7465000000.0,2618000000.0,1039000000.0,1.286,1.238,18.852,19.024,17963000000.0,0.0,31.96,0.974,0.965,1871000000.0,213000000.0,17850000000.0,17850000000.0,0.0,0.019,0.065,0.072,0.151,73000000.0,3340000000.0,1.0,543852862.0,538799000.0,540187000.0,33.129,21551000000.0,0.0,451000000.0,4054000000.0,39.998,-900000000.0
22,LUMN,MRT,2015-12-31,2015-12-31,2015-12-31,2021-09-07,-1934000000.0,47604000000.0,48713750000.0,2650000000.0,44954000000.0,0.367,25.366,-2841000000.0,126000000.0,126000000.0,7778000000.0,878000000.0,0.576,2.386,20225000000.0,1503000000.0,18722000000.0,20225000000.0,743000000.0,4189000000.0,0.0,0.086,2.16,2628000000.0,6817000000.0,0.381,6817000000.0,2628000000.0,1316000000.0,1.58,1.58,1.58,14060000000.0,14415500000.0,14060000000.0,33871945798.0,13.0,4.969,2312000000.0,4.171,1.0,10122000000.0,0.565,26225000000.0,1312000000.0,36874000000.0,37629250000.0,0.0,0.0,0.0,0.0,33544000000.0,4604000000.0,28940000000.0,13812945798.0,-1000000.0,-4000000.0,-819000000.0,-292000000.0,-1198000000.0,-2301000000.0,-2853000000.0,0.0,5153000000.0,0.0,878000000.0,878000000.0,878000000.0,0.0,0.0,0.049,7543000000.0,2579000000.0,968000000.0,1.367,0.982,15.732,15.924,18069000000.0,0.0,25.16,0.772,0.779,1943000000.0,272000000.0,17900000000.0,17900000000.0,0.0,0.018,0.061,0.07,0.147,73000000.0,3354000000.0,1.0,549004205.0,554278000.0,555093000.0,32.294,21379000000.0,0.0,438000000.0,3887000000.0,38.571,-1954000000.0
23,LUMN,MRT,2015-09-30,2015-09-30,2015-09-30,2021-09-07,-1941000000.0,48754000000.0,49088500000.0,3350000000.0,45404000000.0,0.364,25.68,-2881000000.0,355000000.0,355000000.0,7837000000.0,728000000.0,0.604,2.421,20414000000.0,1910000000.0,18504000000.0,20414000000.0,736000000.0,4267000000.0,0.0,0.086,2.16,2357000000.0,6624000000.0,0.371,6624000000.0,2357000000.0,1043000000.0,1.3,1.3,1.3,14250000000.0,14656250000.0,14250000000.0,34340204251.0,15.0,5.184,2326000000.0,4.192,1.0,10025000000.0,0.561,26487000000.0,1314000000.0,36779000000.0,37977000000.0,0.0,0.0,0.0,0.0,34504000000.0,5547000000.0,28957000000.0,14142204251.0,-379000000.0,-97000000.0,-617000000.0,-772000000.0,-1209000000.0,-2600000000.0,-2986000000.0,0.0,5207000000.0,0.0,728000000.0,728000000.0,728000000.0,0.0,0.0,0.041,7688000000.0,2337000000.0,1087000000.0,1.662,0.992,19.426,19.323,18068000000.0,0.0,25.12,0.792,0.78,1951000000.0,177000000.0,17862000000.0,17862000000.0,0.0,0.015,0.05,0.062,0.132,74000000.0,3421000000.0,1.0,562985838.0,554897000.0,555156000.0,32.19,22267000000.0,450000000.0,315000000.0,4277000000.0,40.128,-2197000000.0
24,LUMN,MRT,2015-06-30,2015-06-30,2015-06-30,2021-09-07,-1959000000.0,48977000000.0,49561500000.0,3305000000.0,45672000000.0,0.36,26.112,-2829000000.0,155000000.0,155000000.0,7819000000.0,711000000.0,0.689,2.358,20353000000.0,1519000000.0,18834000000.0,20353000000.0,745000000.0,4316000000.0,0.0,0.074,2.16,2323000000.0,6639000000.0,0.373,6639000000.0,2323000000.0,1013000000.0,1.26,1.26,1.26,14587000000.0,15205000000.0,14587000000.0,36863950879.0,16.0,5.553,2331000000.0,4.173,1.0,10003000000.0,0.561,26743000000.0,1310000000.0,37635000000.0,38535250000.0,0.0,0.0,0.0,0.0,34390000000.0,4797000000.0,29593000000.0,16562950879.0,-26000000.0,-97000000.0,-407000000.0,-637000000.0,-1221000000.0,-2270000000.0,-2916000000.0,0.0,5160000000.0,0.0,711000000.0,711000000.0,711000000.0,0.0,0.0,0.04,7703000000.0,2300000000.0,1049000000.0,1.714,1.135,23.295,23.317,18089000000.0,0.0,29.38,0.929,0.921,1955000000.0,87000000.0,17822000000.0,17822000000.0,0.0,0.014,0.047,0.06,0.13,75000000.0,3387000000.0,1.0,563749179.0,558640000.0,559220000.0,31.902,22234000000.0,596000000.0,302000000.0,4257000000.0,39.8,-1492000000.0
25,LUMN,MRT,2015-03-31,2015-03-31,2015-03-31,2021-09-07,-2001000000.0,49520000000.0,49970750000.0,3468000000.0,46052000000.0,0.359,26.274,-2917000000.0,155000000.0,155000000.0,7822000000.0,761000000.0,0.969,2.354,20456000000.0,202000000.0,20254000000.0,20456000000.0,739000000.0,4361000000.0,0.0,0.063,2.16,2410000000.0,6771000000.0,0.377,6771000000.0,2410000000.0,1102000000.0,1.34,1.34,1.34,14765000000.0,15707750000.0,14765000000.0,40114992107.0,17.0,5.925,2227000000.0,3.963,1.0,10122000000.0,0.564,27013000000.0,1308000000.0,39229000000.0,38925750000.0,0.0,0.0,0.0,0.0,34755000000.0,3579000000.0,31176000000.0,19571992107.0,-64000000.0,-93000000.0,-456000000.0,-521000000.0,-1223000000.0,-2203000000.0,-3005000000.0,0.0,5144000000.0,0.0,761000000.0,761000000.0,761000000.0,0.0,0.0,0.042,7716000000.0,2406000000.0,1068000000.0,1.612,1.326,25.719,25.784,18183000000.0,0.0,34.55,1.091,1.082,1973000000.0,141000000.0,17944000000.0,17944000000.0,0.0,0.015,0.048,0.062,0.134,78000000.0,3355000000.0,1.0,566483129.0,561969000.0,563505000.0,31.931,22507000000.0,718000000.0,341000000.0,4339000000.0,40.05,-111000000.0
26,LUMN,MRT,2014-12-31,2014-12-31,2014-12-31,2021-09-07,-2017000000.0,49103000000.0,50382250000.0,2696000000.0,46407000000.0,0.358,26.429,-2984000000.0,128000000.0,128000000.0,7846000000.0,772000000.0,0.688,2.269,20503000000.0,550000000.0,19953000000.0,20503000000.0,726000000.0,4428000000.0,0.0,0.055,2.16,2421000000.0,6849000000.0,0.38,6849000000.0,2421000000.0,1110000000.0,1.36,1.36,1.36,15023000000.0,16216000000.0,15023000000.0,43005515418.0,18.0,6.279,2204000000.0,3.877,1.0,10185000000.0,0.565,27295000000.0,1311000000.0,38265000000.0,38912250000.0,0.0,0.0,0.0,0.0,34080000000.0,3918000000.0,30162000000.0,22588515418.0,-40000000.0,-93000000.0,-600000000.0,-321000000.0,-1228000000.0,-2151000000.0,-3077000000.0,0.0,5188000000.0,0.0,772000000.0,772000000.0,772000000.0,0.0,0.0,0.043,7775000000.0,2410000000.0,1226000000.0,1.588,1.504,29.26,29.103,18433000000.0,0.0,39.58,1.253,1.248,1988000000.0,147000000.0,18031000000.0,18031000000.0,0.0,0.015,0.048,0.062,0.134,79000000.0,3347000000.0,1.0,570705291.0,568435000.0,569739000.0,31.72,21808000000.0,0.0,338000000.0,3463000000.0,38.365,-1222000000.0
27,LUMN,MRT,2014-09-30,2014-09-30,2014-09-30,2021-09-07,-789000000.0,50646000000.0,51053250000.0,4018000000.0,46628000000.0,0.355,29.057,-2945000000.0,734000000.0,734000000.0,7792000000.0,823000000.0,0.878,2.08,21151000000.0,1169000000.0,19982000000.0,21151000000.0,714000000.0,4463000000.0,0.0,0.053,2.16,2592000000.0,7055000000.0,0.389,7055000000.0,2592000000.0,1283000000.0,1.41,1.41,1.41,16445000000.0,16758000000.0,16445000000.0,44092038836.0,17.0,6.25,2143000000.0,3.786,1.0,10343000000.0,0.57,27474000000.0,1309000000.0,39012000000.0,39287250000.0,0.0,0.0,0.0,0.0,34201000000.0,4577000000.0,29624000000.0,23314038836.0,468000000.0,-160000000.0,-828000000.0,606000000.0,-1239000000.0,-1476000000.0,-3144000000.0,0.0,5088000000.0,0.0,823000000.0,823000000.0,823000000.0,0.0,0.0,0.045,7775000000.0,2568000000.0,1069000000.0,1.532,1.418,28.328,29.0,18323000000.0,0.0,40.89,1.286,1.276,1978000000.0,131000000.0,18135000000.0,18135000000.0,0.0,0.016,0.049,0.066,0.143,133000000.0,3320000000.0,1.0,570164804.0,565965000.0,567432000.0,32.043,23172000000.0,715000000.0,460000000.0,5001000000.0,40.942,-559000000.0
28,LUMN,MRT,2014-06-30,2014-06-30,2014-06-30,2021-09-07,-779000000.0,50614000000.0,51387750000.0,3598000000.0,47016000000.0,0.353,29.226,-3034000000.0,181000000.0,181000000.0,7735000000.0,-410000000.0,0.81,2.049,20959000000.0,1188000000.0,19771000000.0,20959000000.0,716000000.0,4501000000.0,0.0,0.06,2.16,1292000000.0,5793000000.0,0.319,5793000000.0,1292000000.0,-21000000.0,-0.68,-0.68,-0.68,16598000000.0,16825250000.0,16598000000.0,41454445816.0,32.0,7.156,2178000000.0,3.835,1.0,10401000000.0,0.574,27752000000.0,1313000000.0,39197000000.0,39443500000.0,0.0,0.0,0.0,0.0,34016000000.0,4443000000.0,29573000000.0,20733445816.0,-33000000.0,-160000000.0,-1147000000.0,428000000.0,-1256000000.0,-1990000000.0,-3255000000.0,0.0,5212000000.0,0.0,-410000000.0,-410000000.0,-410000000.0,0.0,0.0,-0.023,9137000000.0,1264000000.0,1153000000.0,-3.176,1.249,-50.569,-53.235,18435000000.0,0.0,36.2,1.143,1.134,1986000000.0,135000000.0,18136000000.0,18136000000.0,0.0,-0.008,-0.024,0.033,0.071,113000000.0,3544000000.0,1.0,572747122.0,567915000.0,569032000.0,31.934,22862000000.0,803000000.0,389000000.0,4952000000.0,40.256,-845000000.0
29,LUMN,MRT,2014-03-31,2014-03-31,2014-03-31,2021-09-07,-795000000.0,51166000000.0,52047750000.0,3748000000.0,47418000000.0,0.348,29.238,-3049000000.0,219000000.0,219000000.0,7646000000.0,-334000000.0,0.811,2.046,20940000000.0,1126000000.0,19814000000.0,20940000000.0,709000000.0,4531000000.0,0.0,0.066,2.16,1363000000.0,5894000000.0,0.325,5894000000.0,1363000000.0,50000000.0,-0.57,-0.57,-0.57,16798000000.0,17275750000.0,16798000000.0,39778053004.0,29.0,6.749,2503000000.0,4.357,1.0,10474000000.0,0.578,28091000000.0,1313000000.0,39175000000.0,39616500000.0,0.0,0.0,0.0,0.0,34368000000.0,4621000000.0,29747000000.0,18980053004.0,-257000000.0,-160000000.0,-1450000000.0,172000000.0,-1269000000.0,-2563000000.0,-3246000000.0,0.0,5552000000.0,0.0,-334000000.0,-334000000.0,-334000000.0,0.0,0.0,-0.018,9150000000.0,1324000000.0,1183000000.0,-3.789,1.13,-56.827,-57.614,18493000000.0,0.0,32.84,1.047,1.041,1887000000.0,144000000.0,18120000000.0,18120000000.0,0.0,-0.006,-0.019,0.034,0.075,90000000.0,3527000000.0,1.0,577955329.0,574535000.0,575456000.0,31.539,23075000000.0,1010000000.0,384000000.0,5119000000.0,40.163,-873000000.0
30,LUMN,MRT,2013-12-31,2013-12-31,2013-12-31,2021-09-07,-802000000.0,51787000000.0,52688500000.0,3907000000.0,47880000000.0,0.343,28.609,-2968000000.0,168000000.0,168000000.0,7507000000.0,-239000000.0,0.886,2.012,20966000000.0,785000000.0,20181000000.0,20966000000.0,737000000.0,4541000000.0,0.0,0.068,2.16,1522000000.0,6063000000.0,0.335,6063000000.0,1522000000.0,224000000.0,-0.4,-0.4,-0.4,17191000000.0,17790250000.0,17191000000.0,39141604884.0,26.0,6.456,2591000000.0,4.312,1.0,10588000000.0,0.585,28411000000.0,1298000000.0,39765000000.0,39630000000.0,0.0,0.0,0.0,0.0,34596000000.0,4409000000.0,30187000000.0,18825604884.0,-43000000.0,-160000000.0,-1513000000.0,376000000.0,-1301000000.0,-2454000000.0,-3148000000.0,0.0,5559000000.0,0.0,-239000000.0,-239000000.0,-239000000.0,0.0,0.0,-0.013,9135000000.0,1453000000.0,1111000000.0,-5.4,1.095,-78.768,-79.625,18646000000.0,0.0,31.85,1.04,1.058,1977000000.0,66000000.0,18095000000.0,18095000000.0,0.0,-0.005,-0.013,0.038,0.084,71000000.0,3502000000.0,1.0,591070797.0,600892000.0,600892000.0,30.114,23376000000.0,1165000000.0,463000000.0,5092000000.0,38.902,-502000000.0
31,LUMN,MRT,2013-09-30,2013-09-30,2013-09-30,2021-09-07,-1660000000.0,51984000000.0,53226750000.0,3812000000.0,48172000000.0,0.341,28.11,-2973000000.0,266000000.0,266000000.0,7494000000.0,-245000000.0,0.958,2.11,20582000000.0,191000000.0,20391000000.0,20582000000.0,700000000.0,4595000000.0,0.0,0.075,2.345,1553000000.0,6148000000.0,0.339,6148000000.0,1553000000.0,268000000.0,-0.46,-0.46,-0.46,16714000000.0,18314750000.0,16714000000.0,39220210903.0,25.0,6.379,2814000000.0,4.733,1.0,10642000000.0,0.587,28685000000.0,1285000000.0,39637000000.0,39474250000.0,0.0,0.0,0.0,0.0,35270000000.0,3978000000.0,31292000000.0,18849210903.0,72000000.0,0.0,-1196000000.0,-99000000.0,-1440000000.0,-2772000000.0,-2944000000.0,0.0,5787000000.0,1000000.0,-245000000.0,-245000000.0,-245000000.0,0.0,0.0,-0.014,9164000000.0,1478000000.0,1158000000.0,-5.098,1.128,-76.936,-68.217,18665000000.0,0.0,31.38,1.039,1.029,1911000000.0,-173000000.0,18136000000.0,18136000000.0,0.0,-0.005,-0.013,0.039,0.086,110000000.0,3469000000.0,1.0,600675937.0,594587000.0,594587000.0,30.502,23299000000.0,1072000000.0,513000000.0,4522000000.0,39.185,-166000000.0
32,LUMN,MRT,2013-06-30,2013-06-30,2013-06-30,2021-09-07,-1688000000.0,53254000000.0,53888750000.0,3648000000.0,49606000000.0,0.338,30.448,-2891000000.0,214000000.0,214000000.0,7519000000.0,1070000000.0,0.973,1.894,20585000000.0,302000000.0,20283000000.0,20585000000.0,666000000.0,4604000000.0,0.0,0.072,2.53,2977000000.0,7581000000.0,0.417,7581000000.0,2977000000.0,1695000000.0,1.73,1.73,1.73,18400000000.0,19185500000.0,18400000000.0,41841777620.0,14.0,5.519,3231000000.0,5.347,1.0,10673000000.0,0.587,29988000000.0,1282000000.0,39889000000.0,39385250000.0,0.0,0.0,0.0,0.0,34854000000.0,3748000000.0,31106000000.0,21529777620.0,-67000000.0,0.0,-799000000.0,-970000000.0,-1567000000.0,-3363000000.0,-2827000000.0,0.0,6122000000.0,1000000.0,1070000000.0,1070000000.0,1070000000.0,0.0,0.0,0.059,7774000000.0,2899000000.0,1285000000.0,1.462,1.17,20.121,20.434,18777000000.0,0.0,35.35,1.183,1.174,1900000000.0,1193000000.0,18192000000.0,18192000000.0,0.0,0.02,0.056,0.076,0.164,110000000.0,3170000000.0,1.0,609046043.0,604302000.0,605602000.0,30.104,23266000000.0,964000000.0,625000000.0,4346000000.0,38.501,-100000000.0
33,LUMN,MRT,2013-03-31,2013-03-31,2013-03-31,2021-09-07,-1695000000.0,53729000000.0,54347750000.0,3875000000.0,49854000000.0,0.336,30.441,-2638000000.0,476000000.0,476000000.0,7558000000.0,875000000.0,0.846,1.849,20788000000.0,1193000000.0,19595000000.0,20788000000.0,689000000.0,4689000000.0,0.0,0.077,2.715,2716000000.0,7405000000.0,0.405,7405000000.0,2716000000.0,1424000000.0,1.4,1.4,1.4,18856000000.0,19663250000.0,18856000000.0,42379154261.0,16.0,5.723,3231000000.0,5.216,1.0,10721000000.0,0.587,30229000000.0,1292000000.0,39229000000.0,39387500000.0,0.0,0.0,0.0,0.0,34873000000.0,4583000000.0,30290000000.0,21985154261.0,-1054000000.0,0.0,-335000000.0,-1932000000.0,-1700000000.0,-4314000000.0,-2611000000.0,0.0,5869000000.0,2000000.0,875000000.0,875000000.0,875000000.0,0.0,0.0,0.048,7880000000.0,2841000000.0,1094000000.0,1.939,1.166,25.126,25.093,18825000000.0,0.0,35.13,1.203,1.19,1924000000.0,1244000000.0,18279000000.0,18279000000.0,0.0,0.016,0.044,0.069,0.149,110000000.0,3191000000.0,1.0,625822780.0,619423000.0,621074000.0,29.51,23500000000.0,888000000.0,549000000.0,4210000000.0,37.939,-708000000.0
34,LUMN,MRT,2012-12-31,2012-12-31,2012-12-31,2021-09-07,-1701000000.0,53940000000.0,55126000000.0,3638000000.0,50302000000.0,0.333,31.101,-2728000000.0,211000000.0,211000000.0,7639000000.0,777000000.0,0.792,1.796,20605000000.0,1205000000.0,19400000000.0,20605000000.0,642000000.0,4780000000.0,0.0,0.074,2.9,2569000000.0,7349000000.0,0.4,7349000000.0,2569000000.0,1250000000.0,1.25,1.25,1.25,19289000000.0,20108750000.0,19289000000.0,44933206233.0,17.0,6.114,3337000000.0,5.38,1.0,10737000000.0,0.584,30597000000.0,1319000000.0,39142000000.0,39758250000.0,0.0,0.0,0.0,0.0,34651000000.0,4595000000.0,30056000000.0,24421206233.0,83000000.0,0.0,73000000.0,-1213000000.0,-1811000000.0,-3295000000.0,-2690000000.0,0.0,6065000000.0,3000000.0,777000000.0,777000000.0,777000000.0,0.0,0.0,0.042,8024000000.0,2713000000.0,1207000000.0,2.32,1.266,31.43,31.296,18909000000.0,0.0,39.12,1.329,1.32,1917000000.0,1285000000.0,18376000000.0,18376000000.0,0.0,0.014,0.039,0.065,0.14,110000000.0,3244000000.0,1.0,624263963.0,620205000.0,622285000.0,29.629,23343000000.0,958000000.0,473000000.0,3920000000.0,37.638,-957000000.0
35,LUMN,MRT,2012-09-30,2012-09-30,2012-09-30,2021-09-07,-984000000.0,54632000000.0,55652000000.0,3833000000.0,50799000000.0,0.331,32.516,-2791000000.0,194000000.0,194000000.0,7700000000.0,653000000.0,0.777,1.705,20706000000.0,1198000000.0,19508000000.0,20706000000.0,616000000.0,4812000000.0,0.0,0.072,2.9,2412000000.0,7224000000.0,0.392,7224000000.0,2412000000.0,1068000000.0,1.03,1.03,1.03,20197000000.0,20493250000.0,20197000000.0,46459044729.0,19.0,6.431,2623000000.0,4.223,1.0,10746000000.0,0.583,30932000000.0,1344000000.0,39281000000.0,40353000000.0,0.0,0.0,0.0,0.0,34435000000.0,4931000000.0,29504000000.0,25155044729.0,-929000000.0,0.0,95000000.0,-1485000000.0,-1808000000.0,-3577000000.0,-2761000000.0,0.0,5414000000.0,-5000000.0,653000000.0,653000000.0,653000000.0,0.0,0.0,0.035,8166000000.0,2580000000.0,1320000000.0,2.816,1.245,38.522,39.223,19013000000.0,0.0,40.4,1.364,1.36,1971000000.0,1506000000.0,18446000000.0,18446000000.0,0.0,0.012,0.032,0.06,0.131,0.0,3354000000.0,1.0,622649622.0,621148000.0,623296000.0,29.697,23700000000.0,1019000000.0,415000000.0,4501000000.0,38.155,-1098000000.0
36,LUMN,MRT,2012-06-30,2012-06-30,2012-06-30,2021-09-07,-998000000.0,55090000000.0,56177750000.0,3847000000.0,51243000000.0,0.329,32.766,-2793000000.0,281000000.0,281000000.0,7707000000.0,521000000.0,0.739,1.712,21585000000.0,1903000000.0,19682000000.0,21585000000.0,598000000.0,4896000000.0,0.0,0.073,2.9,2219000000.0,7115000000.0,0.385,7115000000.0,2219000000.0,877000000.0,0.82,0.82,0.82,20311000000.0,20938000000.0,20311000000.0,45869672706.0,21.0,6.447,2189000000.0,3.531,1.0,10764000000.0,0.583,31289000000.0,1342000000.0,39898000000.0,40594250000.0,0.0,0.0,0.0,0.0,34779000000.0,5207000000.0,29572000000.0,24532672706.0,-2265000000.0,-1671000000.0,89000000.0,-646000000.0,-1804000000.0,-2767000000.0,-4460000000.0,0.0,4982000000.0,-20000000.0,521000000.0,521000000.0,521000000.0,0.0,0.0,0.028,8372000000.0,2392000000.0,1134000000.0,3.537,1.208,47.088,48.159,19054000000.0,0.0,39.49,1.328,1.325,1920000000.0,1688000000.0,18471000000.0,18471000000.0,0.0,0.009,0.025,0.055,0.12,0.0,3476000000.0,1.0,621237597.0,619887000.0,621839000.0,29.797,23801000000.0,1018000000.0,356000000.0,4326000000.0,38.396,-1360000000.0
37,LUMN,MRT,2012-03-31,2012-03-31,2012-03-31,2021-09-07,-1000000000.0,56842000000.0,56115750000.0,4882000000.0,51960000000.0,0.325,33.384,-2878000000.0,1530000000.0,1530000000.0,7576000000.0,562000000.0,0.865,1.754,22867000000.0,2200000000.0,20667000000.0,22867000000.0,605000000.0,4865000000.0,0.0,0.075,2.9,2227000000.0,7092000000.0,0.388,7092000000.0,2227000000.0,940000000.0,0.89,0.89,0.89,20638000000.0,21270500000.0,20638000000.0,45656086472.0,21.0,6.438,2236000000.0,3.617,1.0,10689000000.0,0.585,31824000000.0,1287000000.0,40712000000.0,40005500000.0,0.0,0.0,0.0,0.0,36204000000.0,5643000000.0,30561000000.0,23948086472.0,1260000000.0,-1252000000.0,92000000.0,2084000000.0,-1786000000.0,269000000.0,-4102000000.0,0.0,5114000000.0,-21000000.0,562000000.0,562000000.0,562000000.0,0.0,0.0,0.031,8474000000.0,2215000000.0,1026000000.0,3.258,1.16,42.612,43.427,19295000000.0,0.0,38.65,1.311,1.308,1879000000.0,2067000000.0,18265000000.0,18265000000.0,0.0,0.01,0.026,0.056,0.122,0.0,3609000000.0,1.0,619614139.0,618208000.0,620350000.0,29.545,25018000000.0,992000000.0,378000000.0,4341000000.0,40.469,-761000000.0
38,LUMN,MRT,2011-12-31,2011-12-31,2011-12-31,2021-09-07,-1012000000.0,56044000000.0,47380614500.0,3517000000.0,52527000000.0,0.324,39.091,-2411000000.0,128000000.0,128000000.0,6325000000.0,573000000.0,0.876,1.691,21836000000.0,480000000.0,21356000000.0,21836000000.0,573000000.0,4026000000.0,0.0,0.078,2.9,2020000000.0,6046000000.0,0.394,6046000000.0,2020000000.0,948000000.0,1.07,1.07,1.07,20827000000.0,18524234000.0,20827000000.0,44027944316.0,22.0,7.282,1790000000.0,3.36,1.0,9026000000.0,0.588,32214000000.0,1072000000.0,41521000000.0,34196985500.0,0.0,0.0,0.0,0.0,35217000000.0,4017000000.0,31200000000.0,22974944316.0,-45000000.0,-1252000000.0,72000000.0,1030000000.0,-1556000000.0,-577000000.0,-3647000000.0,0.0,4201000000.0,-22000000.0,573000000.0,573000000.0,573000000.0,0.0,0.0,0.037,7001000000.0,2025000000.0,1400000000.0,2.71,1.103,40.096,34.766,19444000000.0,0.0,37.2,1.497,1.291,1950000000.0,2319000000.0,15351000000.0,15351000000.0,0.0,0.012,0.031,0.059,0.132,0.0,2975000000.0,1.0,617606030.0,532780000.0,534121000.0,28.813,23830000000.0,1046000000.0,375000000.0,4183000000.0,44.728,-500000000.0
39,LUMN,MRT,2011-09-30,2011-09-30,2011-09-30,2021-09-07,-158000000.0,56735000000.0,38879114500.0,3808000000.0,52927000000.0,0.319,35.892,-1775000000.0,1123000000.0,1123000000.0,4989000000.0,689000000.0,0.804,1.582,22176000000.0,1034000000.0,21142000000.0,22176000000.0,551000000.0,3139000000.0,0.0,0.088,2.9,1975000000.0,5114000000.0,0.412,5114000000.0,1975000000.0,1115000000.0,1.83,1.84,1.83,21976000000.0,15729234000.0,21976000000.0,39214618524.0,20.0,7.668,2262000000.0,3.694,1.0,7431000000.0,0.598,32805000000.0,860000000.0,40246000000.0,27908985500.0,0.0,0.0,0.0,0.0,34759000000.0,4737000000.0,30022000000.0,20416618524.0,880000000.0,-1252000000.0,121000000.0,1121000000.0,-1326000000.0,-132000000.0,-3010000000.0,0.0,4037000000.0,-15000000.0,689000000.0,689000000.0,689000000.0,0.0,0.0,0.055,5453000000.0,1978000000.0,1360000000.0,1.585,0.929,29.632,18.098,19290000000.0,0.0,33.12,1.644,1.633,1998000000.0,2663000000.0,12420000000.0,12420000000.0,0.0,0.018,0.044,0.071,0.159,0.0,2314000000.0,1.0,616443796.0,612277000.0,613686000.0,20.285,23930000000.0,309000000.0,426000000.0,3969000000.0,39.084,-929000000.0
40,LUMN,MRT,2011-06-30,2011-06-30,2011-06-30,2021-09-07,-141000000.0,54842000000.0,30250417000.0,5007000000.0,49835000000.0,0.316,36.136,-1292000000.0,2546000000.0,2546000000.0,3680000000.0,783000000.0,0.989,1.534,21344000000.0,1610000000.0,19734000000.0,21344000000.0,543000000.0,2269000000.0,0.0,0.072,2.9,1930000000.0,4199000000.0,0.439,4199000000.0,1930000000.0,1256000000.0,2.37,2.38,2.37,21641000000.0,12635023000.0,21641000000.0,31190143194.0,16.0,7.428,1890000000.0,3.156,1.0,5892000000.0,0.616,31033000000.0,674000000.0,37543000000.0,22253754750.0,0.0,0.0,0.0,0.0,33201000000.0,5064000000.0,28137000000.0,24280012194.0,2360000000.0,419000000.0,128000000.0,1033000000.0,-1099000000.0,39000000.0,-861000000.0,0.0,3182000000.0,0.0,783000000.0,783000000.0,783000000.0,0.0,0.0,0.082,3956000000.0,1936000000.0,1256000000.0,1.224,1.122,31.009,17.059,18024000000.0,0.0,40.43,2.537,2.53,1830000000.0,2958000000.0,9572000000.0,9572000000.0,0.0,0.026,0.062,0.087,0.202,0.0,1687000000.0,1.0,600544452.0,598884000.0,600259000.0,15.983,23809000000.0,283000000.0,473000000.0,3493000000.0,39.756,-57000000.0
41,LUMN,MRT,2011-03-31,2011-03-31,2011-03-31,2021-09-07,-138957000.0,21901458000.0,22089813000.0,1140736000.0,20760722000.0,0.314,31.771,-907820000.0,269659000.0,269659000.0,2526000000.0,906000000.0,1.063,1.268,7179790000.0,11539000.0,7168251000.0,7179790000.0,178341000.0,1449838000.0,0.0,0.07,2.9,1991000000.0,3440838000.0,0.496,3440838000.0,1991000000.0,1457000000.0,2.97,2.98,2.97,9652936000.0,9610978250.0,9652936000.0,19852712202.0,10.0,5.77,1345717000.0,4.429,1.0,4412000000.0,0.636,10260640000.0,534000000.0,17477942000.0,17317556250.0,35448000.0,0.0,0.0,0.0,12242851000.0,1073007000.0,11169844000.0,12698068202.0,63317000.0,0.0,118461000.0,-541371000.0,-882948000.0,-1291706000.0,-898514000.0,0.0,2253537000.0,0.0,906000000.0,906000000.0,906000000.0,0.0,0.0,0.131,2433000000.0,1979000000.0,298687000.0,0.976,1.315,14.016,13.99,8648580000.0,0.0,41.55,1.83,1.82,667842000.0,3291784000.0,6938000000.0,6938000000.0,0.0,0.041,0.094,0.115,0.287,-4911000.0,983000000.0,1.0,305609343.0,303832000.0,304479000.0,22.835,11640818000.0,110650000.0,551000000.0,2543894000.0,38.313,67729000.0
42,LUMN,MRT,2010-12-31,2010-12-31,2010-12-31,2021-09-07,-141000000.0,22038000000.0,22194834500.0,1143000000.0,20895000000.0,0.317,32.09,-864000000.0,173000000.0,173000000.0,2544000000.0,948000000.0,1.131,1.284,7328000000.0,12000000.0,7316000000.0,7328000000.0,190000000.0,1434000000.0,0.0,0.063,2.9,2075000000.0,3509000000.0,0.498,3509000000.0,2075000000.0,1531000000.0,3.13,3.13,3.13,9647000000.0,9571503500.0,9647000000.0,21316130153.0,10.0,6.075,1181000000.0,3.929,1.0,4498000000.0,0.639,11813000000.0,544000000.0,16369000000.0,17403901250.0,0.0,0.0,0.0,0.0,12391000000.0,1011000000.0,11380000000.0,14000895153.0,11000000.0,0.0,113000000.0,-426000000.0,-879000000.0,-1175000000.0,-859000000.0,0.0,2045000000.0,0.0,948000000.0,948000000.0,948000000.0,0.0,0.0,0.135,2438000000.0,2060000000.0,300000000.0,0.927,1.451,14.769,14.751,8754000000.0,0.0,46.17,1.988,1.971,713000000.0,3302000000.0,7042000000.0,7042000000.0,0.0,0.043,0.099,0.119,0.295,0.0,1004000000.0,1.0,303246592.0,300619000.0,301297000.0,23.425,10225000000.0,183000000.0,583000000.0,2493000000.0,34.013,132000000.0
43,LUMN,MRT,2010-09-30,2010-09-30,2010-09-30,2021-09-07,-89544000.0,22220210000.0,22326016750.0,1227107000.0,20993103000.0,0.32,31.922,-937873000.0,243061000.0,243061000.0,2532877000.0,952925000.0,0.744,1.314,7558296000.0,496552000.0,7061744000.0,7558296000.0,177915000.0,1425674000.0,0.0,0.073,2.875,2068155000.0,3493829000.0,0.489,3493829000.0,2068155000.0,1518321000.0,3.12,3.12,3.12,9599156000.0,9524988250.0,9599156000.0,19383906174.0,9.0,5.548,1155366000.0,3.842,1.0,4616370000.0,0.646,10260640000.0,549834000.0,17625077000.0,17577868750.0,35135000.0,0.0,0.0,0.0,12614356000.0,1649728000.0,10964628000.0,11895058174.0,-287862000.0,94000.0,77102000.0,-665807000.0,-867041000.0,-1441297000.0,-939804000.0,0.0,2093239000.0,0.0,952569000.0,952569000.0,952569000.0,0.0,356000.0,0.133,2501903000.0,2114467000.0,292675000.0,0.921,1.239,12.487,12.647,8801743000.0,0.0,39.46,1.664,1.66,749653000.0,3298643000.0,7149247000.0,7149247000.0,0.0,0.043,0.1,0.118,0.289,-38513000.0,1076067000.0,1.0,301445975.0,300702000.0,301386000.0,23.775,11959570000.0,164903000.0,565752000.0,2427330000.0,39.772,-422621000.0
44,LUMN,MRT,2010-06-30,2010-06-30,2010-06-30,2021-09-07,-92074000.0,22199584000.0,22510230000.0,1083650000.0,21115934000.0,0.323,31.81,-986199000.0,186357000.0,186357000.0,2576742000.0,1001773000.0,0.665,1.325,7675205000.0,496559000.0,7178646000.0,7675205000.0,181053000.0,1429876000.0,0.0,0.086,2.85,2079301000.0,3509177000.0,0.482,3509177000.0,2079301000.0,1527045000.0,3.3,3.3,3.3,9544821000.0,9464524250.0,9544821000.0,17521088118.0,8.0,4.993,986596000.0,3.288,1.0,4698830000.0,0.646,10260640000.0,552256000.0,17798206000.0,17502269000.0,35599000.0,0.0,0.0,0.0,12648488000.0,1629586000.0,11018902000.0,10006489118.0,127183000.0,77000000.0,51491000.0,-137334000.0,-855895000.0,-937203000.0,-908409000.0,0.0,1972795000.0,0.0,1001417000.0,1001417000.0,1001417000.0,0.0,356000.0,0.138,2711380000.0,1987450000.0,299066000.0,0.864,1.048,9.992,10.094,8866471000.0,0.0,33.31,1.375,1.374,702030000.0,3287225000.0,7275572000.0,7275572000.0,0.0,0.044,0.106,0.119,0.286,-9106000.0,1281342000.0,1.0,300404957.0,300058000.0,300605000.0,24.247,11938944000.0,116151000.0,525628000.0,2365006000.0,39.789,-545936000.0
45,LUMN,MRT,2010-03-31,2010-03-31,2010-03-31,2021-09-07,-94603000.0,22321544000.0,18932009000.0,1040987000.0,21280557000.0,0.324,31.712,-876684000.0,206490000.0,206490000.0,2185474000.0,833101000.0,0.591,1.35,7721089000.0,500071000.0,7221018000.0,7721089000.0,182329000.0,1200590000.0,0.0,0.08,2.825,1709081000.0,2909671000.0,0.474,2909671000.0,1709081000.0,1251888000.0,3.19,3.19,3.19,9495037000.0,7873706500.0,9495037000.0,18214675079.0,11.0,6.26,928612000.0,3.101,1.0,3952567000.0,0.644,10251758000.0,457193000.0,17823322000.0,14623798750.0,37007000.0,0.0,0.0,0.0,12820291000.0,1761063000.0,11059228000.0,10622764079.0,145780000.0,77000000.0,40617000.0,-193653000.0,-707679000.0,-857398000.0,-802118000.0,0.0,1805296000.0,0.0,832447000.0,832447000.0,832447000.0,0.0,654000.0,0.136,2338674000.0,1613893000.0,334695000.0,0.886,1.119,12.761,11.116,8970297000.0,0.0,35.46,1.731,1.73,670957000.0,3267318000.0,6138041000.0,6138041000.0,0.0,0.044,0.106,0.117,0.278,759000.0,1138084000.0,1.0,299570335.0,299413000.0,299997000.0,20.5,12069786000.0,75177000.0,419441000.0,2393094000.0,40.311,-720076000.0
46,LUMN,MRT,2009-12-31,2009-12-31,2009-12-31,2021-09-07,-85306000.0,22562729000.0,15335076250.0,1123591000.0,21439138000.0,0.324,47.587,-755000000.0,161807000.0,161807000.0,1801000000.0,647000000.0,0.658,1.384,7753718000.0,500065000.0,7253653000.0,7753718000.0,182374000.0,975000000.0,0.0,0.077,2.8,1316000000.0,2291000000.0,0.461,2291000000.0,1316000000.0,949000000.0,3.23,3.23,3.23,9460939000.0,6292631000.0,9460939000.0,18466194261.0,14.0,8.06,819000000.0,4.119,1.0,3173000000.0,0.638,11382575000.0,367000000.0,17064870000.0,11784117500.0,35755000.0,0.0,0.0,0.0,13095930000.0,1707195000.0,11388735000.0,10773386261.0,-81000000.0,77000000.0,41000000.0,-453000000.0,-560000000.0,-976000000.0,-679000000.0,0.0,1574000000.0,0.0,647000000.0,647000000.0,647000000.0,0.0,0.0,0.13,1940000000.0,1233000000.0,394687000.0,0.867,1.139,16.651,11.211,9097139000.0,0.0,36.21,2.166,1.447,685589000.0,3232769000.0,4974000000.0,4974000000.0,0.0,0.042,0.103,0.112,0.265,0.0,965000000.0,1.0,297525166.0,198813000.0,199057000.0,25.018,11180154000.0,199003000.0,302000000.0,2355322000.0,56.235,-583604000.0
47,LUMN,MRT,2009-09-30,2009-09-30,2009-09-30,2021-09-07,-111681000.0,22957063000.0,11757942750.0,1458258000.0,21498805000.0,0.322,31.386,-503131000.0,531189000.0,531189000.0,1391020000.0,517628000.0,0.678,1.453,8223997000.0,769482000.0,7454515000.0,8223997000.0,218983000.0,747122000.0,0.0,0.083,2.8,1032178000.0,1779300000.0,0.47,1779300000.0,1032178000.0,741341000.0,3.28,3.28,3.28,9357300000.0,4718206250.0,9357300000.0,12848697360.0,12.0,7.221,644697000.0,2.162,1.0,2397113000.0,0.633,11177916000.0,290837000.0,17322678000.0,9194161750.0,43371000.0,0.0,0.0,0.0,13593034000.0,2149277000.0,11443757000.0,9987981360.0,272232000.0,61097000.0,7822000.0,-12290000.0,-421076000.0,-436186000.0,-439410000.0,0.0,1147828000.0,0.0,517104000.0,517104000.0,517104000.0,0.0,524000.0,0.137,1527908000.0,869205000.0,331695000.0,0.854,1.067,19.315,10.244,9363187000.0,0.0,33.6,2.637,2.644,670732000.0,3212328000.0,3788133000.0,3788133000.0,0.0,0.044,0.11,0.112,0.272,42688000.0,780786000.0,1.0,297261350.0,298133000.0,298403000.0,12.706,11779147000.0,105232000.0,224237000.0,2409709000.0,39.51,-691019000.0
48,LUMN,MRT,2009-06-30,2009-06-30,2009-06-30,2021-09-07,-114472000.0,7886700000.0,8086902500.0,320303000.0,7566397000.0,0.317,32.003,-287411000.0,59144000.0,59144000.0,948398000.0,321513000.0,0.716,1.477,2919860000.0,19924000.0,2899936000.0,2919860000.0,56656000.0,513272000.0,0.0,0.112,3.432,695872000.0,1209144000.0,0.472,1209144000.0,695872000.0,495974000.0,3.17,3.17,3.17,3181550000.0,3177941250.0,3181550000.0,6061189166.0,9.0,5.013,621107000.0,6.248,1.0,1615483000.0,0.63,4015674000.0,199898000.0,6284325000.0,6581949250.0,9384000.0,0.0,0.0,0.0,4700378000.0,447417000.0,4252961000.0,3099869166.0,-4756000.0,0.0,-126515000.0,-141727000.0,-347025000.0,-619766000.0,-293508000.0,-4209000.0,908518000.0,0.0,320989000.0,320989000.0,320989000.0,0.0,524000.0,0.125,944534000.0,670949000.0,139847000.0,1.083,0.974,9.657,9.685,2786210000.0,0.0,30.7,1.209,1.19,199100000.0,3141334000.0,2563881000.0,2563881000.0,0.0,0.04,0.101,0.106,0.271,16896000.0,431262000.0,1.0,100972937.0,99414000.0,99450000.0,25.79,3871026000.0,0.0,174985000.0,73385000.0,38.938,-127114000.0
49,LUMN,MRT,2009-03-31,2009-03-31,2009-03-31,2021-09-07,-116605000.0,7933813000.0,8157243500.0,320630000.0,7613183000.0,0.317,31.987,-385729000.0,61230000.0,61230000.0,952292000.0,344649000.0,0.773,1.501,3022550000.0,20148000.0,3002402000.0,3022550000.0,56549000.0,515674000.0,0.0,0.1,2.8,732689000.0,1248363000.0,0.482,1248363000.0,732689000.0,528562000.0,3.37,3.37,3.37,3170735000.0,3226313000.0,3170735000.0,5892178250.0,8.0,4.72,467528000.0,4.717,1.0,1635226000.0,0.632,4015674000.0,204127000.0,6464597000.0,6677269500.0,8781000.0,0.0,0.0,0.0,4758604000.0,414862000.0,4343742000.0,2820979250.0,23691000.0,0.0,-240461000.0,55796000.0,-283378000.0,-471454000.0,-358112000.0,30736000.0,853257000.0,0.0,344126000.0,344126000.0,344126000.0,0.0,523000.0,0.133,933030000.0,702196000.0,125218000.0,0.831,0.89,8.198,8.344,2821570000.0,0.0,28.12,1.09,1.077,194194000.0,3143036000.0,2587518000.0,2587518000.0,0.0,0.042,0.107,0.11,0.283,16114000.0,417356000.0,1.0,100319319.0,99126000.0,99144000.0,26.103,3918139000.0,0.0,184436000.0,62819000.0,39.527,-94232000.0
50,LUMN,MRT,2008-12-31,2008-12-31,2008-12-31,2021-09-07,-123489000.0,8254195000.0,8203322000.0,555407000.0,7698788000.0,0.317,30.931,-419972000.0,243327000.0,243327000.0,955473000.0,365732000.0,1.212,1.608,3314526000.0,20407000.0,3294119000.0,3314526000.0,56570000.0,523786000.0,0.0,0.079,2.167,762306000.0,1286092000.0,0.495,1286092000.0,762306000.0,560089000.0,3.53,3.53,3.53,3163240000.0,3283625250.0,3163240000.0,5822448800.0,8.0,4.527,433328000.0,4.237,1.0,1644274000.0,0.632,4161957000.0,202217000.0,6705047000.0,6688718500.0,8862000.0,0.0,0.0,0.0,5086387000.0,458390000.0,4627997000.0,2736782800.0,208925000.0,0.0,-332665000.0,277714000.0,-220266000.0,-255380000.0,-388995000.0,34945000.0,853300000.0,0.0,365732000.0,365732000.0,365732000.0,0.0,0.0,0.141,922922000.0,721352000.0,135086000.0,0.614,0.865,7.483,7.742,2895892000.0,0.0,27.33,1.053,1.075,216016000.0,3146255000.0,2599747000.0,2599747000.0,0.0,0.045,0.111,0.114,0.293,15267000.0,399136000.0,1.0,100138412.0,102268000.0,102560000.0,25.421,4092238000.0,43697000.0,194357000.0,898239000.0,40.015,97017000.0
51,LUMN,MRT,2008-09-30,2008-09-30,2008-09-30,2021-09-07,-46757000.0,8272902000.0,8185911500.0,508783000.0,7764119000.0,0.319,31.834,-467481000.0,258957000.0,258957000.0,970707000.0,381236000.0,1.072,1.588,3344623000.0,45357000.0,3299266000.0,3344623000.0,60313000.0,532544000.0,0.0,0.042,1.532,749960000.0,1282504000.0,0.491,1282504000.0,749960000.0,548087000.0,3.56,3.56,3.56,3196240000.0,3345116500.0,3196240000.0,6748838139.0,9.0,5.262,440305000.0,4.385,1.0,1642648000.0,0.629,4010027000.0,201873000.0,6873828000.0,6616695500.0,9284000.0,0.0,0.0,0.0,5076662000.0,474713000.0,4601949000.0,3751151139.0,200243000.0,12744000.0,-454415000.0,304176000.0,-157360000.0,-284006000.0,-423537000.0,34945000.0,907786000.0,0.0,380693000.0,380693000.0,380693000.0,0.0,543000.0,0.146,928764000.0,713884000.0,98736000.0,0.43,1.174,9.853,10.295,2915350000.0,0.0,36.65,1.435,1.408,214012000.0,3116300000.0,2613355000.0,2613355000.0,0.0,0.047,0.114,0.113,0.287,15336000.0,396220000.0,1.0,102350645.0,100402000.0,100647000.0,26.029,4262875000.0,0.0,167394000.0,75438000.0,42.458,34070000.0
52,LUMN,MRT,2008-06-30,2008-06-30,2008-06-30,2021-09-07,-47011000.0,8168064000.0,8175848500.0,331316000.0,7836748000.0,0.327,32.564,-474320000.0,63900000.0,63900000.0,974894000.0,409705000.0,0.676,1.42,3061587000.0,45344000.0,3016243000.0,3061587000.0,61062000.0,540798000.0,0.0,0.007,0.265,804066000.0,1344864000.0,0.503,1344864000.0,804066000.0,596500000.0,3.77,3.77,3.77,3375037000.0,3387161750.0,3375037000.0,6682119285.0,8.0,4.969,424628000.0,4.097,1.0,1697221000.0,0.635,4010027000.0,207566000.0,6665606000.0,6523104250.0,8783000.0,0.0,0.0,0.0,4793027000.0,490118000.0,4302909000.0,3752904285.0,20375000.0,5825000.0,-355172000.0,-85073000.0,-28918000.0,-446064000.0,-432509000.0,39154000.0,898948000.0,0.0,409162000.0,409162000.0,409162000.0,0.0,543000.0,0.153,939879000.0,757342000.0,114762000.0,0.07,1.112,9.172,9.44,2967840000.0,0.0,35.59,1.404,1.38,232501000.0,3301180000.0,2672115000.0,2672115000.0,0.0,0.05,0.121,0.123,0.301,16976000.0,399081000.0,1.0,105448280.0,103644000.0,103999000.0,25.782,4158037000.0,0.0,187338000.0,68823000.0,40.118,-158802000.0
53,LUMN,MRT,2008-03-31,2008-03-31,2008-03-31,2021-09-07,-43333000.0,8118127000.0,8202216500.0,292237000.0,7825890000.0,0.33,32.032,-348673000.0,37539000.0,37539000.0,961656000.0,429506000.0,0.556,1.388,2966754000.0,85444000.0,2881310000.0,2966754000.0,60813000.0,544155000.0,0.0,0.008,0.263,850385000.0,1394540000.0,0.516,1394540000.0,850385000.0,634318000.0,3.92,3.92,3.92,3399984000.0,3327661000.0,3399984000.0,6524803435.0,8.0,4.679,652813000.0,6.15,1.0,1742344000.0,0.644,4010916000.0,216067000.0,6510393000.0,6485850500.0,8134000.0,0.0,0.0,0.0,4718143000.0,526033000.0,4192110000.0,3544950435.0,-726210000.0,-301599000.0,-360576000.0,-718083000.0,-29004000.0,-1082772000.0,-644924000.0,4209000.0,1001486000.0,0.0,429260000.0,429260000.0,429260000.0,0.0,246000.0,0.159,933856000.0,808488000.0,108308000.0,0.067,1.043,8.258,8.48,3033134000.0,0.0,33.24,1.311,1.305,218507000.0,3326801000.0,2704000000.0,2704000000.0,0.0,0.052,0.129,0.131,0.314,15666000.0,389701000.0,1.0,106647125.0,106142000.0,106675000.0,25.475,4107211000.0,0.0,205058000.0,113029000.0,38.695,-233796000.0
54,LUMN,MRT,2007-12-31,2007-12-31,2007-12-31,2021-09-07,-42707000.0,8184553000.0,8195212500.0,292399000.0,7892154000.0,0.324,31.174,-317814000.0,34402000.0,34402000.0,937375000.0,418370000.0,0.397,1.401,3014255000.0,279898000.0,2734357000.0,3014255000.0,57637000.0,536255000.0,0.0,0.006,0.26,831848000.0,1368103000.0,0.515,1368103000.0,831848000.0,618942000.0,3.79,3.79,3.79,3409205000.0,3259472500.0,3409205000.0,7430483489.0,9.0,5.431,712172000.0,6.512,1.0,1718866000.0,0.647,4010916000.0,212906000.0,6416955000.0,6458849750.0,8558000.0,0.0,0.0,0.0,4775348000.0,736535000.0,4038813000.0,4486726489.0,8734000.0,-301599000.0,-411272000.0,28860000.0,-29052000.0,-402064000.0,-619188000.0,0.0,1029986000.0,0.0,418370000.0,418370000.0,418370000.0,0.0,0.0,0.158,925788000.0,793078000.0,120381000.0,0.069,1.316,10.724,10.939,3108376000.0,0.0,41.46,1.689,1.707,223027000.0,3245302000.0,2656241000.0,2656241000.0,0.0,0.051,0.128,0.129,0.313,13535000.0,389533000.0,1.0,108218198.0,109360000.0,112787000.0,24.289,4173637000.0,0.0,200572000.0,103194000.0,38.164,-444136000.0
55,LUMN,MRT,2007-09-30,2007-09-30,2007-09-30,2021-09-07,-88590000.0,8232650000.0,8009326000.0,327880000.0,7904770000.0,0.326,30.867,-279473000.0,58714000.0,58714000.0,909481000.0,375570000.0,0.482,1.447,3002471000.0,254895000.0,2747576000.0,3002471000.0,57569000.0,525061000.0,0.0,0.006,0.258,816608000.0,1341669000.0,0.515,1341669000.0,816608000.0,609429000.0,3.41,3.41,3.41,3364421000.0,3204909000.0,3364421000.0,8204700112.0,10.0,6.115,728171000.0,6.681,1.0,1697893000.0,0.651,3997028000.0,207179000.0,6499463000.0,6343986500.0,7687000.0,0.0,0.0,0.0,4868229000.0,679916000.0,4188313000.0,5001845112.0,26020000.0,-304399000.0,-393317000.0,12446000.0,-29068000.0,-396898000.0,-584726000.0,5222000.0,1007644000.0,0.0,375570000.0,375570000.0,375570000.0,0.0,0.0,0.144,900110000.0,797783000.0,97914000.0,0.076,1.487,13.318,13.554,3144819000.0,0.0,46.22,1.918,1.932,233960000.0,3137480000.0,2607374000.0,2607374000.0,0.0,0.047,0.117,0.129,0.313,17021000.0,375049000.0,1.0,108218198.0,108996000.0,112229000.0,23.922,4235622000.0,0.0,233859000.0,107450000.0,38.86,-352036000.0
56,LUMN,MRT,2007-06-30,2007-06-30,2007-06-30,2021-09-07,-91911000.0,8273536000.0,7802570000.0,294406000.0,7979130000.0,0.323,28.938,-290472000.0,43525000.0,43525000.0,889587000.0,338692000.0,0.307,1.637,3246380000.0,511307000.0,2735073000.0,3246380000.0,57413000.0,518602000.0,0.0,0.005,0.255,749422000.0,1268024000.0,0.504,1268024000.0,749422000.0,549562000.0,3.03,3.03,3.03,3137034000.0,3190063500.0,3137034000.0,7885674629.0,11.0,6.219,701955000.0,6.475,1.0,1628791000.0,0.647,3999526000.0,199860000.0,6516591000.0,6203998250.0,6977000.0,0.0,0.0,0.0,5136502000.0,960274000.0,4176228000.0,5372163629.0,41756000.0,-307424000.0,-431444000.0,92272000.0,-29022000.0,-352472000.0,-598199000.0,5222000.0,992427000.0,0.0,338692000.0,338692000.0,338692000.0,0.0,0.0,0.134,886251000.0,742540000.0,135185000.0,0.084,1.712,15.862,16.188,3204550000.0,0.0,49.05,2.133,2.111,214810000.0,3031639000.0,2518378000.0,2518378000.0,0.0,0.043,0.106,0.121,0.298,8853000.0,367649000.0,1.0,109524233.0,108405000.0,113721000.0,23.231,4274010000.0,0.0,210870000.0,82181000.0,39.426,-665868000.0
57,LUMN,MRT,2007-03-31,2007-03-31,2007-03-31,2021-09-07,-102962000.0,8090111000.0,7592682000.0,1012863000.0,7077248000.0,0.321,28.165,-296998000.0,763749000.0,763749000.0,879390000.0,378637000.0,1.315,1.587,3277260000.0,360749000.0,2916511000.0,3277260000.0,57237000.0,516418000.0,0.0,0.006,0.253,797958000.0,1314376000.0,0.539,1314376000.0,797958000.0,605126000.0,3.32,3.32,3.32,3127230000.0,3231195000.0,3127230000.0,7598199081.0,10.0,5.781,618401000.0,5.57,1.0,1557904000.0,0.639,3431136000.0,192832000.0,6402390000.0,6025275750.0,6994000.0,0.0,0.0,0.0,4962881000.0,770096000.0,4192785000.0,5033003081.0,748429000.0,122819000.0,-307098000.0,334892000.0,-29211000.0,11558000.0,-178528000.0,5222000.0,915399000.0,0.0,378637000.0,378637000.0,378637000.0,0.0,0.0,0.155,882207000.0,675697000.0,126765000.0,0.076,1.609,13.292,13.611,3034557000.0,0.0,45.19,2.065,2.059,211534000.0,3061660000.0,2437294000.0,2437294000.0,0.0,0.05,0.117,0.132,0.327,5230000.0,365789000.0,1.0,111374266.0,111031000.0,116308000.0,21.951,4658975000.0,0.0,226489000.0,95554000.0,41.961,242767000.0
58,LUMN,MRT,2006-12-31,2006-12-31,2006-12-31,2021-09-07,-104942000.0,7441007000.0,7451189500.0,290117000.0,7150890000.0,0.329,27.35,-308206000.0,25668000.0,25668000.0,888414000.0,370027000.0,0.47,1.332,2590864000.0,178012000.0,2412852000.0,2590864000.0,51614000.0,523506000.0,0.0,0.006,0.25,787106000.0,1310612000.0,0.535,1310612000.0,787106000.0,591149000.0,3.17,3.17,3.17,3190951000.0,3235082750.0,3190951000.0,7590824570.0,10.0,5.792,532513000.0,4.564,1.0,1559316000.0,0.637,3431136000.0,195957000.0,5957502000.0,5930455750.0,6628000.0,0.0,0.0,0.0,4250056000.0,617565000.0,3632491000.0,5011594570.0,-133178000.0,122819000.0,-704385000.0,-58995000.0,-29203000.0,-780166000.0,-193731000.0,0.0,840719000.0,0.0,370027000.0,370027000.0,370027000.0,0.0,0.0,0.151,893778000.0,665538000.0,129350000.0,0.079,1.571,13.544,13.773,3109277000.0,0.0,43.66,2.047,2.081,227346000.0,3150933000.0,2447730000.0,2447730000.0,0.0,0.05,0.114,0.133,0.322,-130000.0,370272000.0,1.0,114786866.0,116671000.0,122229000.0,20.98,4009871000.0,0.0,221122000.0,107412000.0,34.369,-327448000.0
59,LUMN,MRT,2006-09-30,2006-09-30,2006-09-30,2021-09-07,-9353000.0,7405626000.0,7531614500.0,268546000.0,7137080000.0,0.327,28.684,-345948000.0,32694000.0,32694000.0,877621000.0,376128000.0,0.437,1.241,2611924000.0,194117000.0,2417807000.0,2611924000.0,51220000.0,532924000.0,0.0,0.006,0.247,796472000.0,1329396000.0,0.54,1329396000.0,796472000.0,598265000.0,3.15,3.15,3.15,3305039000.0,3341663250.0,3305039000.0,7236929574.0,9.0,5.444,510269000.0,4.429,1.0,1582886000.0,0.643,3431136000.0,198207000.0,5939510000.0,5960527250.0,6963000.0,0.0,0.0,0.0,4100587000.0,614210000.0,3486377000.0,4617980574.0,-235807000.0,128655000.0,-622685000.0,-216198000.0,-29929000.0,-868968000.0,-223056000.0,-5222000.0,856217000.0,0.0,376128000.0,376128000.0,376128000.0,0.0,0.0,0.153,918608000.0,664278000.0,108230000.0,0.078,1.397,12.278,12.594,3130040000.0,0.0,39.67,1.877,1.858,215114000.0,3120092000.0,2460507000.0,2460507000.0,0.0,0.05,0.113,0.134,0.324,-3139000.0,385684000.0,1.0,116409896.0,115221000.0,120448000.0,21.355,3974490000.0,0.0,222137000.0,130468000.0,34.494,-345664000.0
60,LUMN,MRT,2006-06-30,2006-06-30,2006-06-30,2021-09-07,-9620000.0,7433984000.0,7640842000.0,240252000.0,7193732000.0,0.327,28.6,-358548000.0,1769000.0,1769000.0,873809000.0,391215000.0,0.293,1.252,2620718000.0,381455000.0,2239263000.0,2620718000.0,51287000.0,536303000.0,0.0,0.007,0.245,823010000.0,1359313000.0,0.544,1359313000.0,823010000.0,622756000.0,3.19,3.19,3.19,3301560000.0,3404262250.0,3301560000.0,7225278966.0,9.0,5.315,535934000.0,4.642,1.0,1623946000.0,0.65,3431136000.0,200254000.0,5801701000.0,6017822500.0,6389000.0,0.0,0.0,0.0,4132424000.0,820096000.0,3312328000.0,4315283966.0,-98693000.0,120518000.0,-523824000.0,-194279000.0,-30567000.0,-751837000.0,-241338000.0,-5222000.0,894482000.0,0.0,391215000.0,391215000.0,391215000.0,0.0,0.0,0.157,927368000.0,696578000.0,101891000.0,0.077,1.307,11.03,11.646,3172007000.0,0.0,37.15,1.728,1.717,214989000.0,3079291000.0,2497755000.0,2497755000.0,0.0,0.051,0.115,0.137,0.329,-226000.0,391065000.0,1.0,116158384.0,115441000.0,121636000.0,21.637,4002848000.0,0.0,231541000.0,136121000.0,34.674,-579844000.0
61,LUMN,MRT,2006-03-31,2006-03-31,2006-03-31,2021-09-07,-10782000.0,7524141000.0,7709855500.0,253083000.0,7271058000.0,0.324,25.678,-396057000.0,15320000.0,15320000.0,852491000.0,324123000.0,0.259,1.394,2925315000.0,571456000.0,2353859000.0,2925315000.0,51031000.0,534628000.0,0.0,0.006,0.242,722384000.0,1257012000.0,0.504,1257012000.0,722384000.0,523122000.0,2.52,2.52,2.52,3142781000.0,3439649000.0,3142781000.0,7000824236.0,10.0,5.569,498232000.0,4.071,1.0,1642770000.0,0.658,3432649000.0,199262000.0,6023110000.0,6171800750.0,6827000.0,0.0,0.0,0.0,4381360000.0,978377000.0,3402983000.0,4506864236.0,-114011000.0,-75453000.0,-994608000.0,98907000.0,-31089000.0,-536470000.0,-471830000.0,-5222000.0,894289000.0,0.0,324123000.0,324123000.0,324123000.0,0.0,0.0,0.13,925303000.0,717467000.0,99810000.0,0.096,1.434,13.905,15.524,3234042000.0,0.0,39.12,1.806,1.919,213096000.0,2934283000.0,2495261000.0,2495261000.0,0.0,0.042,0.094,0.117,0.29,535000.0,390675000.0,1.0,115206141.0,122394000.0,127959000.0,20.387,4091492000.0,0.0,198999000.0,127923000.0,33.429,-725294000.0
62,LUMN,MRT,2005-12-31,2005-12-31,2005-12-31,2021-09-07,-9619000.0,7762707000.0,7754451250.0,423016000.0,7339691000.0,0.32,27.646,-410872000.0,158846000.0,158846000.0,821929000.0,334479000.0,0.567,1.146,2652806000.0,276736000.0,2376070000.0,2652806000.0,48917000.0,531931000.0,0.0,0.007,0.24,739571000.0,1271502000.0,0.513,1271502000.0,739571000.0,537770000.0,2.55,2.55,2.55,3617273000.0,3511249750.0,3617273000.0,6910089361.0,9.0,5.435,556206000.0,4.251,1.0,1657323000.0,0.668,3432649000.0,201801000.0,6077788000.0,6257839500.0,6998000.0,0.0,0.0,0.0,4145434000.0,746230000.0,3399204000.0,4343744361.0,-8369000.0,-75453000.0,-501385000.0,-349172000.0,-31862000.0,-491716000.0,-483731000.0,0.0,967078000.0,0.0,334479000.0,334479000.0,334479000.0,0.0,0.0,0.135,920920000.0,736403000.0,104444000.0,0.094,1.201,12.987,13.004,3304486000.0,0.0,33.16,1.752,1.75,236714000.0,3358162000.0,2479252000.0,2479252000.0,0.0,0.043,0.095,0.118,0.298,4721000.0,388989000.0,1.0,130993497.0,130841000.0,136087000.0,18.949,4330058000.0,0.0,203291000.0,169181000.0,33.094,-323214000.0
63,LUMN,MRT,2005-09-30,2005-09-30,2005-09-30,2021-09-07,-11476000.0,7842536000.0,7763012750.0,528351000.0,7314185000.0,0.318,27.318,-409677000.0,268501000.0,268501000.0,802228000.0,340634000.0,0.654,1.206,2834846000.0,334576000.0,2500270000.0,2834846000.0,54834000.0,525457000.0,0.0,0.007,0.237,756133000.0,1281590000.0,0.52,1281590000.0,756133000.0,550712000.0,2.58,2.58,2.58,3555435000.0,3459372750.0,3555435000.0,7298943584.0,10.0,5.695,543729000.0,4.178,1.0,1662786000.0,0.675,3432623000.0,205421000.0,6168691000.0,6367365500.0,5903000.0,0.0,0.0,0.0,4287101000.0,807567000.0,3479534000.0,4545871584.0,99526000.0,-75424000.0,-554547000.0,-182902000.0,-31611000.0,-369163000.0,-484717000.0,0.0,953406000.0,0.0,340634000.0,340634000.0,340634000.0,0.0,0.0,0.138,909186000.0,753600000.0,108391000.0,0.092,1.279,13.345,13.558,3299115000.0,0.0,34.98,1.844,1.847,239046000.0,3287781000.0,2465014000.0,2465014000.0,0.0,0.044,0.098,0.119,0.307,0.0,383729000.0,1.0,129956306.0,130150000.0,135916000.0,18.94,4409913000.0,0.0,210078000.0,178133000.0,33.883,-279216000.0
64,LUMN,MRT,2005-06-30,2005-06-30,2005-06-30,2021-09-07,-12304000.0,7710038000.0,7749962250.0,351357000.0,7358681000.0,0.311,26.425,-406216000.0,100462000.0,100462000.0,770504000.0,335415000.0,0.584,1.239,2853534000.0,144135000.0,2709399000.0,2853534000.0,53810000.0,505788000.0,0.0,0.007,0.235,749811000.0,1255599000.0,0.521,1255599000.0,749811000.0,542120000.0,2.52,2.52,2.52,3443107000.0,3422450250.0,3443107000.0,7256143118.0,10.0,5.779,525170000.0,4.03,1.0,1641304000.0,0.681,3444198000.0,207691000.0,6417614000.0,6493465500.0,6121000.0,0.0,0.0,0.0,4266931000.0,601298000.0,3665633000.0,4546460118.0,4076000.0,-73152000.0,-605049000.0,-184121000.0,-31528000.0,-420399000.0,-506911000.0,-25000000.0,931386000.0,0.0,335415000.0,335415000.0,335415000.0,0.0,0.0,0.139,898077000.0,743227000.0,141382000.0,0.093,1.32,13.555,13.742,3319854000.0,0.0,34.63,1.885,1.871,228095000.0,3204323000.0,2411808000.0,2411808000.0,0.0,0.043,0.098,0.115,0.311,0.0,392289000.0,1.0,131286749.0,130299000.0,135345000.0,18.51,4265840000.0,0.0,206705000.0,114595000.0,32.739,-249941000.0
65,LUMN,MRT,2005-03-31,2005-03-31,2005-03-31,2021-09-07,-13036000.0,7702524000.0,7743537250.0,378606000.0,7323918000.0,0.311,25.943,-398474000.0,129331000.0,129331000.0,765857000.0,333581000.0,0.62,1.246,2839014000.0,144811000.0,2694203000.0,2839014000.0,52299000.0,506087000.0,0.0,0.007,0.232,750211000.0,1256298000.0,0.522,1256298000.0,750211000.0,539078000.0,2.47,2.47,2.47,3429184000.0,3399959500.0,3429184000.0,7200476331.0,10.0,5.732,530736000.0,4.015,1.0,1643093000.0,0.682,3433864000.0,211133000.0,6367265000.0,6547194250.0,6120000.0,0.0,0.0,0.0,4273340000.0,611078000.0,3662262000.0,4356055331.0,-143962000.0,-2490000.0,-282432000.0,-337445000.0,-31682000.0,-644008000.0,-429164000.0,-25000000.0,929210000.0,0.0,333581000.0,333581000.0,333581000.0,0.0,0.0,0.138,895837000.0,747256000.0,141524000.0,0.094,1.27,13.058,13.296,3287849000.0,0.0,32.84,1.808,1.802,225693000.0,3127087000.0,2408950000.0,2408950000.0,0.0,0.043,0.098,0.115,0.311,0.0,389750000.0,1.0,132644803.0,132183000.0,137169000.0,18.224,4268660000.0,0.0,205497000.0,138951000.0,32.294,-232472000.0
66,LUMN,MRT,2004-12-31,2004-12-31,2004-12-31,2021-09-07,-8334000.0,7796953000.0,7792032500.0,419847000.0,7377106000.0,0.309,24.85,-385316000.0,167215000.0,167215000.0,755413000.0,337244000.0,0.607,1.287,3011636000.0,249617000.0,2762019000.0,3011636000.0,50860000.0,500904000.0,0.0,0.006,0.23,758423000.0,1259327000.0,0.523,1259327000.0,758423000.0,547372000.0,2.45,2.45,2.45,3409765000.0,3396324500.0,3409765000.0,7626379895.0,10.0,6.056,570515000.0,4.158,1.0,1651959000.0,0.686,3433864000.0,211051000.0,6515892000.0,6649205750.0,5361000.0,0.0,0.0,0.0,4387188000.0,691618000.0,3695570000.0,4773234895.0,-35966000.0,-2000000.0,-371528000.0,-179393000.0,-31861000.0,-578486000.0,-413311000.0,-25000000.0,955831000.0,0.0,337244000.0,337244000.0,337244000.0,0.0,0.0,0.14,898006000.0,753953000.0,141618000.0,0.094,1.4,14.154,14.478,3341401000.0,0.0,35.47,1.983,2.022,232580000.0,3055545000.0,2407372000.0,2407372000.0,0.0,0.043,0.099,0.114,0.315,0.0,397102000.0,1.0,134571043.0,137215000.0,142144000.0,17.545,4363089000.0,0.0,210128000.0,102411000.0,31.797,-271771000.0
67,LUMN,MRT,2004-09-30,2004-09-30,2004-09-30,2021-09-07,-1237000.0,7790334000.0,7816757250.0,430836000.0,7359498000.0,0.308,25.264,-375077000.0,168975000.0,168975000.0,749972000.0,335197000.0,0.798,1.286,3022120000.0,121156000.0,2900964000.0,3022120000.0,51177000.0,499093000.0,0.0,0.007,0.228,759036000.0,1258129000.0,0.523,1258129000.0,759036000.0,540388000.0,2.39,2.39,2.39,3407745000.0,3413512250.0,3407745000.0,7532097845.0,10.0,5.987,600259000.0,4.45,1.0,1653769000.0,0.688,3430302000.0,218648000.0,6673091000.0,6764743250.0,5965000.0,0.0,0.0,0.0,4382589000.0,540086000.0,3842503000.0,4623243845.0,11031000.0,-51402000.0,-295126000.0,-194438000.0,-32190000.0,-517445000.0,-446860000.0,-25000000.0,975336000.0,0.0,335197000.0,335197000.0,335197000.0,0.0,0.0,0.139,902971000.0,750798000.0,144977000.0,0.095,1.357,13.793,14.326,3335539000.0,0.0,34.24,1.923,1.921,242764000.0,2978758000.0,2403741000.0,2403741000.0,0.0,0.043,0.098,0.112,0.316,0.0,403878000.0,1.0,135024645.0,134885000.0,139816000.0,17.821,4360032000.0,0.0,205191000.0,75170000.0,32.324,-109250000.0
68,LUMN,MRT,2004-06-30,2004-06-30,2004-06-30,2021-09-07,-507000.0,7684338000.0,7822129000.0,336880000.0,7347458000.0,0.307,24.287,-379695000.0,96386000.0,96386000.0,749165000.0,339984000.0,0.631,1.292,3005240000.0,121456000.0,2883784000.0,3005240000.0,45026000.0,509965000.0,0.0,0.007,0.225,758501000.0,1268466000.0,0.528,1268466000.0,758501000.0,537667000.0,2.38,2.38,2.38,3353144000.0,3401969250.0,3353144000.0,7087698616.0,9.0,5.588,612554000.0,4.437,1.0,1650961000.0,0.688,3426766000.0,220834000.0,6632529000.0,6827452000.0,6739000.0,0.0,0.0,0.0,4331194000.0,533897000.0,3797297000.0,4171741616.0,72064000.0,-53763000.0,-263671000.0,-197066000.0,-32344000.0,-488739000.0,-431446000.0,0.0,992249000.0,0.0,339984000.0,339984000.0,339984000.0,0.0,0.0,0.142,900251000.0,750710000.0,137886000.0,0.095,1.244,12.27,12.622,3347971000.0,0.0,30.04,1.738,1.728,219694000.0,2900436000.0,2400126000.0,2400126000.0,0.0,0.043,0.1,0.111,0.316,0.0,390286000.0,1.0,138872890.0,138066000.0,142968000.0,17.384,4257572000.0,0.0,197683000.0,72893000.0,30.837,-197017000.0
69,LUMN,MRT,2004-03-31,2004-03-31,2004-03-31,2021-09-07,-2763000.0,7896505000.0,7824306500.0,513100000.0,7383405000.0,0.305,23.948,-380015000.0,273293000.0,273293000.0,742899000.0,344067000.0,0.841,1.313,3189250000.0,172258000.0,3016992000.0,3189250000.0,45083000.0,503879000.0,0.0,0.008,0.223,761220000.0,1265099000.0,0.531,1265099000.0,761220000.0,537518000.0,2.39,2.39,2.39,3414644000.0,3381314250.0,3414644000.0,6889343735.0,9.0,5.446,652088000.0,4.573,1.0,1640401000.0,0.688,3426714000.0,223702000.0,6775311000.0,6913621750.0,9488000.0,0.0,0.0,0.0,4481861000.0,610437000.0,3871424000.0,3910769735.0,254555000.0,-86856000.0,-107189000.0,-196813000.0,-32309000.0,-310132000.0,-467416000.0,0.0,1032103000.0,0.0,344067000.0,344067000.0,344067000.0,0.0,0.0,0.144,891221000.0,749180000.0,127833000.0,0.093,1.145,11.366,11.502,3388816000.0,0.0,27.49,1.641,1.645,213681000.0,2825188000.0,2383300000.0,2383300000.0,0.0,0.044,0.102,0.11,0.319,0.0,387342000.0,1.0,142261540.0,142585000.0,147426000.0,16.715,4469791000.0,0.0,193451000.0,98536000.0,31.348,-97337000.0
70,LUMN,MRT,2003-12-31,2003-12-31,2003-12-31,2021-09-07,0.0,7895852000.0,7775136500.0,462939000.0,7432913000.0,0.305,24.227,-377939000.0,203181000.0,203181000.0,739210000.0,344707000.0,0.982,1.27,3181755000.0,72453000.0,3109302000.0,3181755000.0,44612000.0,503652000.0,0.0,0.007,0.22,758710000.0,1262362000.0,0.533,1262362000.0,758710000.0,531959000.0,2.4,2.4,2.4,3478516000.0,3317293250.0,3478516000.0,7780599839.0,10.0,6.164,690025000.0,4.806,1.0,1628400000.0,0.688,3425001000.0,226751000.0,6978042000.0,7008424750.0,9229000.0,0.0,0.0,0.0,4417336000.0,471383000.0,3945953000.0,4703998839.0,199520000.0,-86243000.0,33980000.0,-432258000.0,-32017000.0,-403806000.0,-464638000.0,0.0,1067964000.0,0.0,344707000.0,344707000.0,344707000.0,0.0,0.0,0.146,878004000.0,750396000.0,124320000.0,0.092,1.352,13.646,13.592,3455481000.0,0.0,32.62,1.987,1.978,236187000.0,2750162000.0,2367610000.0,2367610000.0,0.0,0.044,0.104,0.108,0.32,0.0,374352000.0,1.0,144205973.0,143583000.0,148779000.0,16.489,4470851000.0,0.0,187252000.0,78614000.0,31.138,-8444000.0
71,LUMN,MRT,2003-09-30,2003-09-30,2003-09-30,2021-09-07,-31713000.0,7811821000.0,7743775500.0,423001000.0,7388820000.0,0.304,23.361,-371952000.0,157944000.0,157944000.0,492376000.0,306610000.0,0.791,1.324,3234545000.0,115167000.0,3119378000.0,3234545000.0,44685000.0,532611000.0,0.0,0.006,0.217,695178000.0,1227789000.0,0.522,1227789000.0,695178000.0,472250000.0,2.13,2.13,2.13,3361573000.0,3219665250.0,3361573000.0,8109475923.0,12.0,6.605,614865000.0,4.273,1.0,1858510000.0,0.791,3429479000.0,222928000.0,6923926000.0,7163972000.0,9301000.0,0.0,0.0,0.0,4450248000.0,535017000.0,3915231000.0,4877084923.0,-136295000.0,-36841000.0,43907000.0,-438615000.0,-31579000.0,-398342000.0,-418985000.0,0.0,986817000.0,0.0,306610000.0,306610000.0,306610000.0,0.0,0.0,0.13,1105465000.0,753045000.0,119234000.0,0.102,1.451,15.906,15.911,3455210000.0,0.0,33.89,2.075,2.074,246344000.0,2675751000.0,2350886000.0,2350886000.0,0.0,0.04,0.095,0.097,0.296,0.0,572854000.0,1.0,143909263.0,143897000.0,145171000.0,16.337,4382342000.0,0.0,165640000.0,97007000.0,30.455,-112016000.0
72,LUMN,MRT,2003-06-30,2003-06-30,2003-06-30,2021-09-07,-31293000.0,7693048000.0,7807164000.0,282738000.0,7410310000.0,0.291,22.818,-357348000.0,24322000.0,24322000.0,560107000.0,823380000.0,0.544,1.352,3256713000.0,118941000.0,3137772000.0,3256713000.0,44162000.0,515396000.0,0.0,0.006,0.215,1205532000.0,1720928000.0,0.756,1720928000.0,1205532000.0,976943000.0,5.79,5.79,5.79,3270524000.0,3145252750.0,3270524000.0,8380519321.0,7.0,4.87,636862000.0,4.443,1.0,1715012000.0,0.754,3428699000.0,228589000.0,6977208000.0,7197137500.0,9417000.0,0.0,0.0,0.0,4422524000.0,519532000.0,3902992000.0,4987772321.0,-277748000.0,-2235738000.0,41477000.0,33706000.0,-31098000.0,72541000.0,-2596836000.0,0.0,994210000.0,0.0,823380000.0,823380000.0,823380000.0,-543160000.0,0.0,0.362,995032000.0,719980000.0,103640000.0,0.037,1.525,6.058,6.019,3473683000.0,0.0,34.85,2.192,2.195,238089000.0,2592796000.0,2275119000.0,2275119000.0,0.0,0.105,0.262,0.168,0.53,0.0,479636000.0,1.0,143121157.0,143329000.0,144475000.0,15.873,4264349000.0,0.0,153563000.0,96224000.0,29.752,-236794000.0
73,LUMN,MRT,2003-03-31,2003-03-31,2003-03-31,2021-09-07,-46889000.0,7699825000.0,7543229000.0,276402000.0,7423423000.0,0.282,22.103,-368260000.0,18738000.0,18738000.0,606180000.0,814776000.0,0.544,1.438,3411485000.0,119894000.0,3291591000.0,3411485000.0,44797000.0,484735000.0,0.0,0.008,0.212,1169553000.0,1654288000.0,0.778,1654288000.0,1169553000.0,942764000.0,5.74,5.74,5.74,3158560000.0,2942144000.0,3158560000.0,7593925814.0,6.0,4.59,526571000.0,3.685,1.0,1520912000.0,0.715,3429663000.0,226789000.0,7154523000.0,7129324500.0,9491000.0,0.0,0.0,0.0,4541265000.0,508386000.0,4032879000.0,3948717814.0,-33400000.0,-2202259000.0,30679000.0,368621000.0,-30609000.0,358302000.0,-2564372000.0,0.0,894831000.0,0.0,814776000.0,814776000.0,814776000.0,-580441000.0,0.0,0.383,879782000.0,641130000.0,89052000.0,0.037,1.25,4.846,4.808,3464754000.0,0.0,27.6,1.856,1.854,235950000.0,2513430000.0,2127092000.0,2127092000.0,0.0,0.108,0.277,0.164,0.55,0.0,395047000.0,1.0,143069486.0,142901000.0,143797000.0,14.885,4270162000.0,0.0,127988000.0,122279000.0,29.882,-231984000.0
74,LUMN,MRT,2002-12-31,2002-12-31,2002-12-31,2021-09-07,-36703000.0,7770408000.0,7213132750.0,295902000.0,7474506000.0,0.273,21.806,-382123000.0,3661000.0,3661000.0,635164000.0,801624000.0,0.762,1.516,3648869000.0,70737000.0,3578132000.0,3648869000.0,41884000.0,450197000.0,0.0,0.007,0.21,1128974000.0,1579171000.0,0.801,1579171000.0,1128974000.0,907129000.0,5.66,5.66,5.66,3088004000.0,2753605250.0,3088004000.0,7574057691.0,7.0,4.796,411311000.0,2.904,1.0,1336832000.0,0.678,3427281000.0,221845000.0,7600231000.0,6836929000.0,10150000.0,0.0,0.0,0.0,4682404000.0,388104000.0,4294300000.0,4189819691.0,165000.0,-2245026000.0,29125000.0,518373000.0,-30156000.0,506341000.0,-2623089000.0,0.0,793434000.0,0.0,801624000.0,801624000.0,801624000.0,-608091000.0,0.0,0.407,761426000.0,575406000.0,64825000.0,0.037,1.357,5.227,5.191,3531645000.0,0.0,29.38,2.125,2.11,272992000.0,2437472000.0,1971996000.0,1971996000.0,0.0,0.111,0.291,0.165,0.573,0.0,311229000.0,1.0,142607886.0,141613000.0,144408000.0,13.925,4343127000.0,0.0,105505000.0,69080000.0,30.669,-92202000.0
75,LUMN,MRT,2002-09-30,2002-09-30,2002-09-30,2021-09-07,-658000.0,8065375000.0,6850201750.0,594162000.0,7471213000.0,0.266,21.624,-376812000.0,294239000.0,294239000.0,904172000.0,807042000.0,0.85,1.632,3678477000.0,28431000.0,3650046000.0,3678477000.0,41180000.0,397920000.0,0.0,0.009,0.208,1129666000.0,1527586000.0,0.839,1527586000.0,1129666000.0,912816000.0,5.7,5.7,5.7,3063923000.0,2565949250.0,3063923000.0,6062691085.0,5.0,3.969,372765000.0,2.631,1.0,916624000.0,0.503,3693948000.0,216850000.0,7056588000.0,6458241750.0,9318000.0,0.0,0.0,0.0,5001452000.0,699077000.0,4302375000.0,3182176085.0,283722000.0,-2245026000.0,18323000.0,530655000.0,-29708000.0,506562000.0,-2608654000.0,0.0,749577000.0,0.0,807042000.0,807042000.0,807042000.0,-616262000.0,0.0,0.443,414532000.0,502092000.0,67417000.0,0.036,1.039,3.943,3.935,3335224000.0,0.0,22.43,1.748,1.745,281733000.0,2400720000.0,1820796000.0,1820796000.0,0.0,0.118,0.315,0.175,0.62,0.0,16612000.0,1.0,141871426.0,141692000.0,142770000.0,12.85,4371427000.0,0.0,105774000.0,392562000.0,30.852,-104915000.0
76,LUMN,MRT,2002-06-30,2002-06-30,2002-06-30,2021-09-07,0.0,6637308000.0,6431188500.0,495818000.0,6141490000.0,0.267,17.403,-346642000.0,302070000.0,302070000.0,855857000.0,291598000.0,0.712,1.7,3182585000.0,432397000.0,2750188000.0,3182585000.0,30194000.0,393861000.0,0.0,0.007,0.205,609407000.0,1003268000.0,0.583,1003268000.0,609407000.0,398140000.0,2.06,2.06,2.06,2458089000.0,2372076250.0,2458089000.0,7121174257.0,12.0,7.098,339192000.0,2.401,1.0,864415000.0,0.502,2115313000.0,211267000.0,6705956000.0,6252337500.0,9848000.0,0.0,0.0,0.0,4179219000.0,696554000.0,3482665000.0,4169950257.0,270520000.0,-43768000.0,13994000.0,-148150000.0,-29305000.0,-177664000.0,-375058000.0,0.0,685834000.0,0.0,291598000.0,291598000.0,291598000.0,-105837000.0,0.0,0.17,414048000.0,450367000.0,81087000.0,0.1,1.696,14.3,14.32,2725096000.0,0.0,29.5,2.424,2.422,174837000.0,1800514000.0,1720272000.0,1720272000.0,0.0,0.045,0.123,0.097,0.354,0.0,20187000.0,1.0,141354246.0,141243000.0,142705000.0,12.18,4521995000.0,0.0,106542000.0,37982000.0,32.016,-200736000.0
77,LUMN,MRT,2002-03-31,2002-03-31,2002-03-31,2021-09-07,0.0,6379440000.0,6399837750.0,276697000.0,6102743000.0,0.264,17.046,-348610000.0,52138000.0,52138000.0,830296000.0,367076000.0,0.225,1.653,3003362000.0,921966000.0,2081396000.0,3003362000.0,30152000.0,400447000.0,0.0,0.006,0.203,678106000.0,1078553000.0,0.638,1078553000.0,678106000.0,463638000.0,2.6,2.6,2.6,2404405000.0,2316733750.0,2404405000.0,7887154082.0,12.0,7.313,303591000.0,2.152,1.0,860524000.0,0.509,2116265000.0,214468000.0,5984941000.0,6205202000.0,9388000.0,0.0,0.0,0.0,3975035000.0,1229458000.0,2745577000.0,4804182082.0,44033000.0,-41664000.0,8586000.0,-451001000.0,-29029000.0,-469891000.0,-384683000.0,0.0,652201000.0,0.0,367076000.0,367076000.0,367076000.0,-201729000.0,0.0,0.217,420479000.0,440045000.0,93959000.0,0.078,1.998,13.088,13.077,2728299000.0,0.0,34.0,2.841,2.836,203267000.0,1729263000.0,1690820000.0,1690820000.0,0.0,0.057,0.158,0.109,0.401,0.0,20032000.0,1.0,141299473.0,141051000.0,142654000.0,11.987,4263175000.0,0.0,96562000.0,64181000.0,30.224,-952761000.0
78,LUMN,MRT,2001-12-31,2001-12-31,2001-12-31,2021-09-07,0.0,6318684000.0,6402159000.0,229913000.0,6088771000.0,0.262,16.607,-377331000.0,3496000.0,3496000.0,826948000.0,343031000.0,0.186,1.703,3096334000.0,1008834000.0,2087500000.0,3096334000.0,29308000.0,407038000.0,0.0,0.006,0.2,659922000.0,1066960000.0,0.635,1066960000.0,659922000.0,434399000.0,2.43,2.43,2.43,2337380000.0,2234384000.0,2337380000.0,7723488070.0,12.0,7.239,195555000.0,1.389,1.0,852556000.0,0.508,2087158000.0,225523000.0,6085482000.0,6336099000.0,10916000.0,0.0,0.0,0.0,3981304000.0,1238882000.0,2742422000.0,4628174070.0,-7911000.0,-47131000.0,7351000.0,-375620000.0,-28653000.0,-395373000.0,-417196000.0,0.0,572886000.0,0.0,343031000.0,343031000.0,343031000.0,-193950000.0,0.0,0.204,427251000.0,425305000.0,61056000.0,0.082,1.98,13.492,13.498,2736142000.0,0.0,32.8,2.756,2.749,205990000.0,1666004000.0,1679504000.0,1679504000.0,0.0,0.054,0.154,0.104,0.393,0.0,20213000.0,1.0,141102868.0,140743000.0,142307000.0,11.933,4231526000.0,0.0,91368000.0,27937000.0,30.066,-1008969000.0
79,LUMN,MRT,2001-09-30,2001-09-30,2001-09-30,2021-09-07,0.0,6389322000.0,6420810500.0,363805000.0,6025517000.0,0.207,16.256,-405032000.0,21372000.0,21372000.0,1086073000.0,350389000.0,0.477,1.792,3116686000.0,314385000.0,2802301000.0,3116686000.0,39159000.0,355360000.0,0.0,0.006,0.198,612322000.0,967682000.0,0.728,967682000.0,612322000.0,375734000.0,2.49,2.49,2.49,2288431000.0,2158058750.0,2288431000.0,8016260836.0,13.0,8.284,54070000.0,0.384,1.0,242363000.0,0.182,2489276000.0,236588000.0,6232971000.0,6464254000.0,24344000.0,0.0,0.0,0.0,4100891000.0,762389000.0,3338502000.0,4723848836.0,-60633000.0,-65073000.0,3901000.0,-362480000.0,-28277000.0,-389748000.0,-471601000.0,0.0,459102000.0,0.0,350389000.0,350389000.0,350389000.0,-293024000.0,0.0,0.264,391647000.0,-149284000.0,96123000.0,0.08,2.064,13.482,13.454,2985698000.0,0.0,33.5,3.556,3.55,308277000.0,1623386000.0,1328436000.0,1328436000.0,0.0,0.055,0.162,0.095,0.461,0.0,36287000.0,1.0,141010413.0,140772000.0,142260000.0,9.437,3900046000.0,0.0,25345000.0,189013000.0,27.705,-398584000.0
80,LUMN,MRT,2001-06-30,2001-06-30,2001-06-30,2021-09-07,35796000.0,6511905000.0,6401200500.0,429894000.0,6082011000.0,0.217,15.895,-477233000.0,39323000.0,39323000.0,876464000.0,325308000.0,0.554,1.911,3331735000.0,369987000.0,2961748000.0,3331735000.0,40029000.0,351645000.0,0.0,0.006,0.195,592940000.0,944585000.0,0.681,944585000.0,592940000.0,361886000.0,2.32,2.32,2.32,2236719000.0,2081814000.0,2236719000.0,7711646863.0,13.0,8.164,-31484000.0,-0.224,1.0,510633000.0,0.368,2511255000.0,231054000.0,6517414000.0,6704805000.0,28493000.0,0.0,0.0,0.0,4275186000.0,775648000.0,3499538000.0,4272156863.0,-17640000.0,-1542074000.0,4873000.0,1302517000.0,-27793000.0,1276952000.0,-2022662000.0,0.0,445749000.0,0.0,325308000.0,325308000.0,325308000.0,-260289000.0,0.0,0.235,383014000.0,127619000.0,101804000.0,0.084,1.91,13.133,13.06,2965053000.0,0.0,30.3,3.08,3.074,351421000.0,1538221000.0,1387097000.0,1387097000.0,0.0,0.051,0.156,0.088,0.427,0.0,31369000.0,1.0,140995276.0,140720000.0,142059000.0,9.857,4000650000.0,0.0,36578000.0,152778000.0,28.43,-345754000.0
81,LUMN,MRT,2001-03-31,2001-03-31,2001-03-31,2021-09-07,22594000.0,6388725000.0,5953691000.0,335319000.0,6053406000.0,0.235,14.761,-451006000.0,15873000.0,15873000.0,671992000.0,228912000.0,0.423,2.079,3455363000.0,474921000.0,2980442000.0,3455363000.0,41335000.0,336824000.0,0.0,0.007,0.193,503155000.0,839979000.0,0.6,839979000.0,503155000.0,294192000.0,1.63,1.63,1.63,2075006000.0,2009522000.0,2075006000.0,7510246135.0,15.0,8.941,-34273000.0,-0.244,1.0,729011000.0,0.52,2526785000.0,208963000.0,6508529000.0,6261162750.0,33858000.0,0.0,0.0,0.0,4313719000.0,792901000.0,3520818000.0,4053031135.0,-54029000.0,-1534834000.0,8184000.0,1394270000.0,-27205000.0,1372479000.0,-1991062000.0,0.0,416733000.0,0.0,228912000.0,228912000.0,228912000.0,-127116000.0,0.0,0.163,363214000.0,365797000.0,97227000.0,0.118,1.953,17.706,17.638,2954667000.0,0.0,28.75,2.893,2.885,271468000.0,1391216000.0,1401003000.0,1401003000.0,0.0,0.038,0.114,0.08,0.359,0.0,26390000.0,1.0,140974996.0,140572000.0,142482000.0,9.966,3861940000.0,0.0,65280000.0,63967000.0,27.473,-457582000.0
82,LUMN,MRT,2000-12-31,2000-12-31,2000-12-31,2021-09-07,25471000.0,6393290000.0,5538805750.0,376504000.0,6016786000.0,0.253,14.508,-391069000.0,19039000.0,19039000.0,671992000.0,231474000.0,0.506,2.146,3476254000.0,425962000.0,3050292000.0,3476254000.0,40879000.0,322817000.0,0.0,0.005,0.19,498318000.0,821135000.0,0.586,821135000.0,498318000.0,315016000.0,1.65,1.65,1.65,2032079000.0,1963111750.0,2032079000.0,8435704241.0,17.0,10.273,47164000.0,0.337,1.0,730365000.0,0.521,2509033000.0,183302000.0,6598102000.0,5816294750.0,38532000.0,0.0,0.0,0.0,4361211000.0,743370000.0,3617841000.0,5028157241.0,-44738000.0,-1515683000.0,7996000.0,1335683000.0,-26815000.0,1313808000.0,-1913594000.0,0.0,438233000.0,0.0,231474000.0,231474000.0,231474000.0,-107245000.0,0.0,0.165,344228000.0,386137000.0,127287000.0,0.115,2.474,21.722,21.667,2959293000.0,0.0,35.75,3.586,3.571,182454000.0,1351626000.0,1402357000.0,1402357000.0,0.0,0.042,0.118,0.086,0.355,0.0,21411000.0,1.0,140647755.0,140069000.0,141864000.0,10.012,3884257000.0,0.0,83542000.0,40023000.0,27.731,-366866000.0
83,LUMN,MRT,2000-09-30,2000-09-30,2000-09-30,2021-09-07,31312000.0,6310882000.0,5116835000.0,370979000.0,5939903000.0,0.341,14.145,-375617000.0,71645000.0,71645000.0,0.0,235026000.0,,2.182,3479192000.0,3479192000.0,,3479192000.0,40353000.0,358843000.0,0.0,0.007,0.188,547131000.0,905974000.0,0.519,905974000.0,547131000.0,391086000.0,1.67,1.67,1.67,1983452000.0,1917090000.0,1983452000.0,5809140487.0,11.0,6.412,180062000.0,1.284,1.0,1745204000.0,1.0,2523254000.0,156045000.0,7195175000.0,5375548000.0,30040000.0,0.0,0.0,0.0,4327430000.0,,,3829959487.0,34412000.0,-1496038000.0,11379000.0,1387763000.0,-26422000.0,1373779000.0,-1895046000.0,0.0,555679000.0,0.0,235026000.0,235026000.0,235026000.0,0.0,0.0,0.135,358843000.0,1386361000.0,129851000.0,0.113,1.931,16.296,16.317,2891787000.0,0.0,27.25,2.195,2.189,258591000.0,1301274000.0,1745204000.0,1745204000.0,0.0,0.046,0.123,0.102,0.314,0.0,0.0,1.0,140548972.0,140220000.0,141848000.0,12.446,3787628000.0,0.0,156060000.0,56194000.0,27.012,
84,LUMN,MRT,2000-06-30,2000-06-30,2000-06-30,2021-09-07,59359000.0,4721867000.0,4674403500.0,292601000.0,4429266000.0,0.36,13.912,-345727000.0,49685000.0,49685000.0,0.0,232331000.0,0.869,1.425,2028866000.0,75022000.0,1953844000.0,2028866000.0,34235000.0,343403000.0,0.0,0.006,0.185,524686000.0,868089000.0,0.516,868089000.0,524686000.0,382548000.0,1.65,1.65,1.65,1947551000.0,1849787000.0,1947551000.0,6029874891.0,11.0,6.946,46049000.0,0.329,1.0,1681775000.0,1.0,1621491000.0,142138000.0,4742845000.0,4819211250.0,24699000.0,0.0,0.0,0.0,2774316000.0,336712000.0,2437604000.0,4031762891.0,-44208000.0,-11988000.0,12292000.0,-37286000.0,-26130000.0,-49903000.0,-386081000.0,0.0,391776000.0,0.0,232331000.0,232331000.0,232331000.0,0.0,0.0,0.138,343403000.0,1338372000.0,110186000.0,0.112,2.07,17.354,17.424,2235891000.0,0.0,28.75,2.397,2.393,207733000.0,1240706000.0,1681775000.0,1681775000.0,0.0,0.05,0.126,0.109,0.312,0.0,0.0,1.0,140235231.0,139995000.0,141732000.0,12.013,3100376000.0,0.0,150217000.0,29063000.0,22.146,-44111000.0
85,LUMN,MRT,2000-03-31,2000-03-31,2000-03-31,2021-09-07,57369000.0,4729184000.0,4633615000.0,306902000.0,4422282000.0,0.362,13.521,95116000.0,62629000.0,62629000.0,0.0,227948000.0,0.838,1.503,2060741000.0,62311000.0,1998430000.0,2060741000.0,34264000.0,343646000.0,0.0,0.005,0.182,554943000.0,898589000.0,0.536,898589000.0,554943000.0,410585000.0,1.62,1.62,1.62,1889365000.0,1775187000.0,1889365000.0,7290009650.0,13.0,8.113,504315000.0,3.609,1.0,1675369000.0,1.0,1632171000.0,144358000.0,4729057000.0,4861152000.0,26404000.0,0.0,0.0,0.0,2839819000.0,366068000.0,2473751000.0,5206240650.0,58544000.0,-26733000.0,9802000.0,-372304000.0,-25833000.0,-386775000.0,36120000.0,0.0,409199000.0,0.0,227948000.0,227948000.0,227948000.0,0.0,0.0,0.136,343646000.0,1331723000.0,114884000.0,0.112,2.756,22.84,22.92,2232390000.0,0.0,37.13,3.108,3.097,208962000.0,1189509000.0,1675369000.0,1675369000.0,0.0,0.049,0.128,0.114,0.331,0.0,0.0,1.0,140216554.0,139737000.0,141728000.0,11.989,3097013000.0,0.0,182637000.0,71515000.0,22.163,-59166000.0
86,LUMN,MRT,1999-12-31,1999-12-31,1999-12-31,2021-09-07,64362000.0,4705407000.0,4675611250.0,286073000.0,4419334000.0,0.359,13.309,94487000.0,56640000.0,56640000.0,0.0,239769000.0,0.925,1.546,2140409000.0,62098000.0,2078311000.0,2140409000.0,33656000.0,348816000.0,0.0,0.004,0.18,579829000.0,928645000.0,0.554,928645000.0,579829000.0,429272000.0,1.72,1.72,1.72,1847992000.0,1701951000.0,1847992000.0,8676319962.0,15.0,9.343,503189000.0,3.624,1.0,1676669000.0,1.0,1644884000.0,150557000.0,4835115000.0,5037036750.0,28769000.0,0.0,0.0,0.0,2857415000.0,309177000.0,2548238000.0,6618011962.0,50898000.0,1247000.0,19182000.0,-422866000.0,-25413000.0,-427577000.0,69773000.0,0.0,408702000.0,0.0,239769000.0,239769000.0,239769000.0,0.0,0.0,0.143,348816000.0,1327853000.0,78450000.0,0.105,3.581,27.602,27.547,2256458000.0,0.0,47.38,3.947,3.924,128338000.0,1146967000.0,1676669000.0,1676669000.0,0.0,0.051,0.141,0.115,0.346,0.0,0.0,1.0,139679442.0,138848000.0,141432000.0,12.076,3060523000.0,0.0,189503000.0,40999000.0,22.042,-23104000.0
87,LUMN,MRT,1999-09-30,1999-09-30,1999-09-30,2021-09-07,7280000.0,4541156000.0,4733123250.0,285312000.0,4255844000.0,0.352,12.325,110626000.0,37233000.0,37233000.0,0.0,231290000.0,,1.649,2095541000.0,2095541000.0,,2095541000.0,31938000.0,346559000.0,0.0,0.004,0.179,578594000.0,925153000.0,0.556,925153000.0,578594000.0,423102000.0,1.66,1.66,1.66,1714240000.0,1622823500.0,1714240000.0,7645245252.0,13.0,8.264,551725000.0,3.967,1.0,1665249000.0,1.0,1629636000.0,155492000.0,4969828000.0,5148052500.0,27858000.0,0.0,0.0,0.0,2826916000.0,,,5668306252.0,33293000.0,-212197000.0,17978000.0,-304973000.0,-25099000.0,-303710000.0,-104096000.0,0.0,441099000.0,0.0,231290000.0,231290000.0,231290000.0,0.0,0.0,0.139,346559000.0,1318690000.0,107594000.0,0.108,3.307,24.507,24.476,2194944000.0,0.0,40.63,3.404,3.394,215015000.0,1092670000.0,1665249000.0,1665249000.0,0.0,0.049,0.143,0.112,0.347,0.0,0.0,1.0,139510368.0,139085000.0,141504000.0,11.973,2911520000.0,0.0,191812000.0,36881000.0,20.933,
88,LUMN,MRT,1999-06-30,1999-06-30,1999-06-30,2021-09-07,4996000.0,4558713000.0,4756876750.0,316034000.0,4242679000.0,0.346,11.877,127755000.0,93893000.0,93893000.0,0.0,221439000.0,,1.764,2070832000.0,2070832000.0,,2070832000.0,32092000.0,343869000.0,0.0,0.004,0.177,573771000.0,917640000.0,0.557,917640000.0,573771000.0,411372000.0,1.6,1.6,1.6,1649151000.0,1561422250.0,1649151000.0,8014451615.0,14.0,8.734,677901000.0,4.882,1.0,1647993000.0,1.0,1625044000.0,162399000.0,4910608000.0,5237705250.0,20624000.0,0.0,0.0,0.0,2909562000.0,,,5537897615.0,76927000.0,-213206000.0,18054000.0,-391425000.0,-24784000.0,-389659000.0,-83560000.0,0.0,550146000.0,0.0,221439000.0,221439000.0,221439000.0,0.0,0.0,0.134,343869000.0,1304124000.0,113923000.0,0.111,3.358,25.009,24.844,2181519000.0,0.0,39.75,3.36,3.349,194067000.0,1034505000.0,1647993000.0,1647993000.0,0.0,0.047,0.142,0.11,0.348,0.0,0.0,1.0,139318179.0,138852000.0,141461000.0,11.869,2933669000.0,0.0,189933000.0,128143000.0,21.128,
89,LUMN,MRT,1999-03-31,1999-03-31,1999-03-31,2021-09-07,2557000.0,4897169000.0,4781100250.0,232745000.0,4664424000.0,0.339,11.561,-173532000.0,4085000.0,4085000.0,0.0,232168000.0,,2.068,2480639000.0,2480639000.0,,2480639000.0,33651000.0,339341000.0,0.0,0.004,0.175,562393000.0,901734000.0,0.557,901734000.0,562393000.0,395409000.0,1.69,1.69,1.69,1596421000.0,1503199250.0,1596421000.0,9093359333.0,16.0,10.084,306976000.0,2.223,1.0,1619621000.0,1.0,1941127000.0,166984000.0,5432596000.0,5358330250.0,24813000.0,0.0,0.0,0.0,3300748000.0,,,6488091333.0,-11219000.0,-194054000.0,21093000.0,-134880000.0,-24488000.0,-130744000.0,-360983000.0,0.0,480508000.0,0.0,232168000.0,232168000.0,232168000.0,0.0,0.0,0.143,339341000.0,1280280000.0,84559000.0,0.104,4.064,27.946,27.712,2332240000.0,0.0,46.833,4.006,3.993,193714000.0,987394000.0,1619621000.0,1619621000.0,0.0,0.049,0.154,0.105,0.347,0.0,0.0,1.0,138535758.0,138086000.0,141028000.0,11.729,2956042000.0,0.0,163241000.0,75805000.0,21.407,
90,LUMN,MRT,1998-12-31,1998-12-31,1998-12-31,2021-09-07,7217000.0,4935455000.0,4733865000.0,226238000.0,4709217000.0,0.333,11.178,-178612000.0,5742000.0,5742000.0,0.0,228757000.0,0.742,2.223,2611010000.0,53010000.0,2558000000.0,2611010000.0,32721000.0,328554000.0,0.0,0.004,0.173,555010000.0,883564000.0,0.56,883564000.0,555010000.0,387458000.0,1.67,1.67,1.67,1531482000.0,1443046250.0,1531482000.0,8639596938.0,16.0,9.778,289162000.0,2.111,1.0,1577085000.0,1.0,1956701000.0,167552000.0,5279178000.0,5386079750.0,23709000.0,0.0,0.0,0.0,3403973000.0,304844000.0,3099129000.0,6205836938.0,-20275000.0,-199054000.0,15033000.0,-63972000.0,-24179000.0,-112404000.0,-375645000.0,0.0,467774000.0,0.0,228757000.0,228757000.0,228757000.0,0.0,0.0,0.145,328554000.0,1248531000.0,87627000.0,0.104,4.052,27.129,26.946,2351453000.0,0.0,45.0,3.935,3.909,130289000.0,932611000.0,1577085000.0,1577085000.0,0.0,0.048,0.159,0.103,0.352,0.0,0.0,1.0,137907488.0,137010000.0,140105000.0,11.511,2978754000.0,0.0,158701000.0,33411000.0,21.741,-78606000.0
91,LUMN,MRT,1998-09-30,1998-09-30,1998-09-30,2021-09-07,1725000.0,4636170000.0,4677351500.0,218340000.0,4417830000.0,0.307,10.704,72504000.0,3940000.0,3940000.0,0.0,274797000.0,,2.157,2437700000.0,2437700000.0,,2437700000.0,28285000.0,293043000.0,0.0,0.005,0.171,610239000.0,903282000.0,0.629,903282000.0,610239000.0,460519000.0,2.013,2.013,2.013,1468635000.0,1385243750.0,1468635000.0,6820823149.0,11.0,7.551,469502000.0,3.422,1.0,1435656000.0,1.0,1741491000.0,149720000.0,5328439000.0,5380987500.0,24841000.0,0.0,0.0,0.0,3167535000.0,,,4338488149.0,-7343000.0,-1493077000.0,15406000.0,1072586000.0,-23809000.0,1019314000.0,-1423655000.0,0.0,396998000.0,0.0,274797000.0,274797000.0,274797000.0,0.0,0.0,0.191,293043000.0,1142613000.0,77194000.0,0.085,2.954,15.788,15.648,2245445000.0,0.0,31.5,3.022,3.01,182117000.0,886479000.0,1435656000.0,1435656000.0,0.0,0.059,0.198,0.113,0.425,0.0,0.0,1.0,137729782.0,137207000.0,140322000.0,10.463,2894679000.0,0.0,185722000.0,19746000.0,21.097,
92,LUMN,MRT,1998-06-30,1998-06-30,1998-06-30,2021-09-07,2356000.0,4655607000.0,4086735000.0,236226000.0,4419381000.0,0.306,10.344,119188000.0,16966000.0,16966000.0,0.0,261552000.0,,2.287,2499301000.0,2499301000.0,,2499301000.0,27105000.0,248507000.0,0.0,0.005,0.168,552896000.0,801403000.0,0.64,801403000.0,552896000.0,433905000.0,1.92,1.92,1.92,1416259000.0,1329988750.0,1416259000.0,6795114541.0,12.0,8.479,478487000.0,3.495,1.0,1252058000.0,1.0,1744834000.0,118991000.0,5393108000.0,4624223750.0,23278000.0,0.0,0.0,0.0,3239348000.0,,,4200411541.0,4878000.0,-1502517000.0,18824000.0,1067945000.0,-23429000.0,1015023000.0,-1369444000.0,22500000.0,359299000.0,0.0,261552000.0,261552000.0,261552000.0,0.0,0.0,0.209,248507000.0,1003551000.0,76544000.0,0.087,2.966,16.06,15.931,2236150000.0,0.0,30.587,3.355,3.345,187245000.0,837850000.0,1252058000.0,1252058000.0,0.0,0.064,0.197,0.12,0.442,0.0,0.0,1.0,137328189.0,136922000.0,140028000.0,9.144,2910773000.0,0.0,172353000.0,27728000.0,21.259,
93,LUMN,MRT,1998-03-31,1998-03-31,1998-03-31,2021-09-07,6078000.0,4708228000.0,3478948000.0,227103000.0,4481125000.0,0.309,9.937,17432000.0,15304000.0,15304000.0,0.0,280537000.0,,2.473,2610007000.0,2610007000.0,,2610007000.0,26471000.0,203364000.0,0.0,0.006,0.166,539980000.0,743344000.0,0.692,743344000.0,539980000.0,452007000.0,2.07,2.07,2.07,1355809000.0,1267688000.0,1355809000.0,6367081259.0,12.0,8.565,371884000.0,2.726,1.0,1074256000.0,1.0,1759337000.0,87973000.0,5543594000.0,3855873250.0,21782000.0,0.0,0.0,0.0,3352419000.0,,,3728313259.0,1629000.0,-1510909000.0,16314000.0,1194343000.0,-23033000.0,1139562000.0,-1492385000.0,22500000.0,354452000.0,0.0,280537000.0,280537000.0,280537000.0,0.0,0.0,0.261,203364000.0,870892000.0,72751000.0,0.08,2.75,13.29,13.125,2243775000.0,0.0,27.169,3.471,3.451,182038000.0,779714000.0,1074256000.0,1074256000.0,0.0,0.081,0.221,0.14,0.503,0.0,0.0,1.0,137227300.0,136442000.0,139376000.0,7.873,2948891000.0,0.0,171470000.0,45284000.0,21.613,
94,LUMN,MRT,1997-12-31,1997-12-31,1997-12-31,2021-09-07,11893000.0,4709401000.0,2819352750.0,283480000.0,4425921000.0,0.32,9.633,21480000.0,26017000.0,26017000.0,0.0,255978000.0,0.88,2.622,2664785000.0,55244000.0,2609541000.0,2664785000.0,24213000.0,159495000.0,0.0,0.007,0.164,464815000.0,624310000.0,0.693,624310000.0,464815000.0,408341000.0,1.89,1.89,1.89,1300272000.0,1194249250.0,1300272000.0,3592687701.0,8.0,5.755,318799000.0,2.362,1.0,901521000.0,1.0,1767352000.0,56474000.0,5258809000.0,3006386250.0,21994000.0,0.0,0.0,0.0,3409129000.0,322008000.0,3087121000.0,3019324701.0,17615000.0,-1526989000.0,14156000.0,1233343000.0,-22671000.0,1223423000.0,-1503127000.0,22500000.0,297319000.0,0.0,255978000.0,255978000.0,255978000.0,0.0,0.0,0.284,159495000.0,742026000.0,83378000.0,0.087,2.322,11.795,11.713,2258563000.0,0.0,22.138,3.349,3.315,143613000.0,728033000.0,901521000.0,901521000.0,0.0,0.091,0.214,0.155,0.516,0.0,0.0,1.0,136387886.0,134984000.0,137412000.0,6.679,2942049000.0,0.0,152363000.0,74898000.0,21.796,-38528000.0
95,LUMN,MRT,1997-09-30,1997-09-30,1997-09-30,2021-09-07,62038000.0,2273704000.0,2149128750.0,123913000.0,2149791000.0,0.383,9.228,-192337000.0,11283000.0,11283000.0,0.0,187865000.0,,0.822,584646000.0,584646000.0,,584646000.0,16705000.0,144305000.0,0.0,0.008,0.163,338557000.0,482862000.0,0.587,482862000.0,338557000.0,294328000.0,1.08,,1.08,1247615000.0,1126219500.0,1247615000.0,3294352644.0,10.0,6.823,78345000.0,0.579,1.0,822141000.0,1.0,545683000.0,44229000.0,2301384000.0,2189033500.0,9139000.0,0.0,0.0,0.0,1026089000.0,,,2655593644.0,-4195000.0,-25446000.0,12148000.0,-30914000.0,-22463000.0,-44096000.0,-230781000.0,22917000.0,270682000.0,0.0,187865000.0,187865000.0,187865000.0,0.0,0.0,0.229,144305000.0,677836000.0,53273000.0,0.151,2.129,14.136,18.107,1145557000.0,0.0,19.556,3.23,3.216,70383000.0,635491000.0,822141000.0,822141000.0,0.0,0.087,0.167,0.155,0.412,0.0,0.0,1.0,135797402.0,135201000.0,,6.081,1728021000.0,0.0,106463000.0,21118000.0,12.781,
96,LUMN,MRT,1997-06-30,1997-06-30,1997-06-30,2021-09-07,24565000.0,2224459000.0,,125091000.0,2099368000.0,,8.672,-210983000.0,12088000.0,12088000.0,0.0,182782000.0,,0.906,650847000.0,650847000.0,,650847000.0,16003000.0,140528000.0,0.0,0.011,0.162,329961000.0,470489000.0,0.59,470489000.0,329961000.0,285884000.0,1.04,,1.04,1167056000.0,,1167056000.0,2649493421.0,8.0,5.631,58476000.0,0.435,1.0,796886000.0,1.0,543512000.0,44077000.0,2319706000.0,,6613000.0,0.0,0.0,0.0,1057403000.0,,,2028055421.0,-1804000.0,-17711000.0,7336000.0,7773000.0,-22269000.0,-6899000.0,-264364000.0,1667000.0,269459000.0,0.0,182782000.0,182782000.0,182782000.0,0.0,0.0,0.229,140528000.0,656358000.0,57570000.0,0.156,1.738,11.095,14.423,1139708000.0,0.0,15.0,2.545,2.533,66826000.0,599727000.0,796886000.0,796886000.0,0.0,,,,0.414,0.0,0.0,1.0,135203695.0,134580000.0,,5.921,1680947000.0,0.0,103102000.0,17737000.0,12.49,
97,LUMN,MRT,1997-03-31,1997-03-31,1997-03-31,2021-09-07,0.0,2069847000.0,,107620000.0,1962227000.0,,7.909,-225650000.0,13675000.0,13675000.0,0.0,132547000.0,,0.949,635113000.0,635113000.0,,635113000.0,15506000.0,136607000.0,0.0,0.012,0.161,253712000.0,390319000.0,0.505,390319000.0,253712000.0,209336000.0,0.664,,0.664,1062054000.0,,1062054000.0,2408031306.0,9.0,6.169,58906000.0,0.439,1.0,772848000.0,1.0,545639000.0,44376000.0,2145646000.0,,8022000.0,0.0,0.0,0.0,1007793000.0,,,1770584306.0,1590000.0,-32859000.0,6535000.0,-5739000.0,-22079000.0,-20979000.0,-261987000.0,1667000.0,284556000.0,0.0,132547000.0,132547000.0,132547000.0,0.0,0.0,0.172,136607000.0,636241000.0,54905000.0,0.242,1.667,13.358,19.746,1168791000.0,0.0,13.111,2.291,2.278,60359000.0,522210000.0,772848000.0,772848000.0,0.0,,,,0.328,0.0,0.0,1.0,135044566.0,134289000.0,,5.755,1524208000.0,0.0,76789000.0,26102000.0,11.35,
98,LUMN,MRT,1996-12-31,1996-12-31,1996-12-31,2021-09-07,0.0,2028505000.0,1945463000.0,109234000.0,1919271000.0,0.385,7.613,-222885000.0,8402000.0,8402000.0,0.0,129077000.0,0.758,0.973,645849000.0,19919000.0,625930000.0,645849000.0,15122000.0,132021000.0,0.0,0.012,0.16,248304000.0,380325000.0,0.507,380325000.0,248304000.0,203642000.0,0.64,0.951,0.64,1028153000.0,958288500.0,1028153000.0,,,,41767000.0,0.309,1.0,749677000.0,1.0,532410000.0,44662000.0,1989398000.0,1931064000.0,8222000.0,0.0,0.0,0.0,1000352000.0,144144000.0,856208000.0,1852811442.0,-138000.0,-11779000.0,10089000.0,-11571000.0,-21775000.0,-22999000.0,-241791000.0,1667000.0,264652000.0,0.0,129077000.0,129077000.0,129077000.0,0.0,0.0,0.172,132021000.0,617656000.0,60548000.0,0.25,1.802,14.354,21.438,1149012000.0,0.0,13.72,2.471,2.471,60181000.0,494726000.0,749677000.0,749677000.0,0.0,0.066,0.135,0.129,0.331,0.0,0.0,1.0,135044566.0,135044566.0,,5.551,1496095000.0,0.0,74565000.0,13913000.0,11.079,-34910000.0
99,LUMN,MRT,1996-09-30,1996-09-30,1996-09-30,2021-09-07,,,,,,,,,,,,,,,,,,,,,,0.01,0.157,,,,,,,,,,,,,,,,,,1.0,,,,,,,,,,,,,,,,,,,,,,,,,,,,,,,,,,,,,,,,15.28,,,,,,,,,,,,,,1.0,,135249750.0,,,,,,,,
100,LUMN,MRT,1996-06-30,1996-06-30,1996-06-30,2021-09-07,,,,,,,,,,,,,,,,,,,,,,0.011,0.154,,,,,,,,,,,,,,,,,,1.0,,,,,,,,,,,,,,,,,,,,,,,,,,,,,,,,,,,,,,,,14.611,,,,,,,,,,,,,,1.0,,134930250.0,,,,,,,,
101,LUMN,MRT,1996-03-31,1996-03-31,1996-03-31,2021-09-07,,,,,,,,,,,,,,,,,,,,,,0.01,0.151,,,,,,,,,,,,,,,,,,1.0,,,,,,,,,,,,,,,,,,,,,,,,,,,,,,,,,,,,,,,,14.5,,,,,,,,,,,,,,1.0,,133825500.0,,,,,,,,
102,LUMN,MRT,1995-12-31,1995-12-31,1995-12-31,2021-09-07,0.0,1862421000.0,,95329000.0,1767092000.0,,,-176639000.0,8540000.0,8540000.0,0.0,114776000.0,0.681,1.096,652428000.0,29524000.0,622904000.0,652428000.0,13043000.0,113770000.0,0.0,0.01,0.148,226683000.0,340453000.0,0.528,340453000.0,226683000.0,183068000.0,0.591,0.867,0.591,888424000.0,,888424000.0,,,,39099000.0,,1.0,644840000.0,1.0,493655000.0,43615000.0,1872730000.0,,6608000.0,0.0,0.0,0.0,973997000.0,139924000.0,834073000.0,,1386000.0,-45186000.0,6522000.0,27610000.0,-19351000.0,13454000.0,-227806000.0,833000.0,215738000.0,0.0,114776000.0,114776000.0,114776000.0,0.0,0.0,0.178,113770000.0,531070000.0,55329000.0,0.25,,,23.877,1047808000.0,0.0,14.111,,,50943000.0,387424000.0,644840000.0,644840000.0,0.0,,,,0.352,0.0,0.0,1.0,,,,,1368766000.0,0.0,68292000.0,12489000.0,,-44595000.0
103,LUMN,MRT,1994-12-31,1994-12-31,1994-12-31,2021-09-07,,,,,,,,-190301000.0,,,0.0,100238000.0,,,,,,,,95713000.0,,0.011,0.142,204115000.0,299828000.0,0.531,299828000.0,204115000.0,161538000.0,0.836,0.8,0.836,,,,,,,9503000.0,,1.0,564601000.0,1.0,,42577000.0,,,,,,,,,,,-2623000.0,-55526000.0,4814000.0,87935000.0,-17184000.0,77828000.0,-280255000.0,-25000000.0,199804000.0,0.0,100238000.0,100238000.0,100238000.0,0.0,0.0,0.178,95713000.0,468888000.0,,0.17,,,15.683,,0.0,13.111,,,,,564601000.0,564601000.0,0.0,,,,0.362,0.0,0.0,1.0,,,,,,,61300000.0,,,
