None,ticker,dimension,calendardate,datekey,reportperiod,lastupdated,accoci,assets,assetsavg,assetsc,assetsnc,assetturnover,bvps,capex,cashneq,cashnequsd,cor,consolinc,currentratio,de,debt,debtc,debtnc,debtusd,deferredrev,depamor,deposits,divyield,dps,ebit,ebitda,ebitdamargin,ebitdausd,ebitusd,ebt,eps,epsdil,epsusd,equity,equityavg,equityusd,ev,evebit,evebitda,fcf,fcfps,fxusd,gp,grossmargin,intangibles,intexp,invcap,invcapavg,inventory,investments,investmentsc,investmentsnc,liabilities,liabilitiesc,liabilitiesnc,marketcap,ncf,ncfbus,ncfcommon,ncfdebt,ncfdiv,ncff,ncfi,ncfinv,ncfo,ncfx,netinc,netinccmn,netinccmnusd,netincdis,netincnci,netmargin,opex,opinc,payables,payoutratio,pb,pe,pe1,ppnenet,prefdivis,price,ps,ps1,receivables,retearn,revenue,revenueusd,rnd,roa,roe,roic,ros,sbcomp,sgna,sharefactor,sharesbas,shareswa,shareswadil,sps,tangibles,taxassets,taxexp,taxliabilities,tbvps,workingcapital
0,TSS,MRY,2018-12-31,2018-12-31,2018-12-31,2019-07-31,-60223000.0,7468709000.0,7484990000.0,1140783000.0,6327926000.0,0.538,14.174,-242184000.0,471156000.0,471156000.0,2492482000.0,577917000.0,2.213,1.888,3918666000.0,29125000.0,3889541000.0,3918666000.0,0.0,408573000.0,0.0,0.006,0.52,703659000.0,1112232000.0,0.276,1112232000.0,703659000.0,703659000.0,3.17,3.14,3.17,2585906000.0,2530589500.0,2585906000.0,18242071852.0,26.0,16.401,799483000.0,4.382,1.0,1535729000.0,0.381,5591674000.0,0.0,4808944000.0,4868490750.0,0.0,180661000.0,0.0,180661000.0,4882803000.0,515601000.0,4367202000.0,14830666852.0,22909000.0,-1047782000.0,-141789000.0,648630000.0,-94557000.0,282507000.0,-1294149000.0,0.0,1041667000.0,-7116000.0,576656000.0,576656000.0,576656000.0,0.0,1261000.0,0.143,712991000.0,822738000.0,97956000.0,0.164,5.735,25.718,25.644,383074000.0,0.0,81.29,3.682,3.682,450322000.0,3478650000.0,4028211000.0,4028211000.0,0.0,0.077,0.228,0.145,0.175,48758000.0,712991000.0,1.0,182441467.0,182441467,,22.079,1877035000.0,7773000.0,127003000.0,380278000.0,10.288,625182000.0
1,TSS,MRY,2017-12-31,2017-12-31,2017-12-31,2019-07-31,-36148000.0,6331689000.0,6294568250.0,1079244000.0,5252445000.0,0.783,12.189,-126220000.0,450357000.0,450357000.0,3577320000.0,592216000.0,1.091,1.774,3193814000.0,565812000.0,2628002000.0,3193814000.0,0.0,405906000.0,0.0,0.006,0.46,652063000.0,1057969000.0,0.215,1057969000.0,652063000.0,652063000.0,3.19,3.16,3.19,2240993000.0,2251754750.0,2240993000.0,17086717907.0,26.0,16.15,730829000.0,3.975,1.0,1350645000.0,0.274,4374932000.0,0.0,3711122000.0,3523950500.0,0.0,163518000.0,0.0,163518000.0,3975007000.0,989092000.0,2985915000.0,14540396907.0,25560000.0,0.0,-262405000.0,-221306000.0,-79017000.0,-638725000.0,-198744000.0,0.0,857049000.0,5980000.0,586185000.0,586185000.0,586185000.0,0.0,6031000.0,0.119,616601000.0,734044000.0,62310000.0,0.144,6.488,24.805,24.793,325218000.0,0.0,79.09,2.951,2.951,412322000.0,3004018000.0,4927965000.0,4927965000.0,0.0,0.093,0.26,0.185,0.132,42409000.0,616601000.0,1.0,183846212.0,183846212,,26.805,1956757000.0,6091000.0,65878000.0,238317000.0,10.643,90152000.0
2,TSS,MRY,2016-12-31,2016-12-31,2016-12-31,2019-07-31,-56158000.0,6366177000.0,6160580250.0,1022689000.0,5343488000.0,0.677,11.424,-96726000.0,425354000.0,425354000.0,2993062000.0,325972000.0,2.433,2.02,3364003000.0,50727000.0,3313276000.0,3364003000.0,0.0,373546000.0,0.0,0.008,0.4,480813000.0,854359000.0,0.205,854359000.0,480813000.0,480813000.0,1.74,1.73,1.74,2099920000.0,2018139500.0,2099920000.0,12034043400.0,25.0,14.085,621558000.0,3.381,1.0,1177015000.0,0.282,4836516000.0,0.0,4047957000.0,4031683250.0,0.0,133556000.0,0.0,133556000.0,4242164000.0,420353000.0,3821811000.0,9012535400.0,36281000.0,-2345493000.0,-18567000.0,1915656000.0,-73378000.0,1822190000.0,-2492996000.0,0.0,718284000.0,-11197000.0,319638000.0,319638000.0,319638000.0,0.0,6334000.0,0.077,603633000.0,573382000.0,38712000.0,0.23,4.292,28.196,28.178,282345000.0,0.0,49.03,2.161,2.161,432847000.0,2502222000.0,4170077000.0,4170077000.0,0.0,0.052,0.158,0.119,0.115,33823000.0,603633000.0,1.0,183816753.0,183816753,,22.686,1529661000.0,7055000.0,161175000.0,419552000.0,8.322,602336000.0
3,TSS,MRY,2015-12-31,2015-12-31,2015-12-31,2019-07-31,-33544000.0,3877895000.0,3839344750.0,858232000.0,3019663000.0,0.724,10.017,-144588000.0,389328000.0,389328000.0,1855181000.0,369041000.0,2.532,1.088,1431087000.0,53546000.0,1377541000.0,1431087000.0,0.0,258264000.0,0.0,0.008,0.4,515408000.0,773672000.0,0.278,773672000.0,515408000.0,515408000.0,1.98,1.97,1.98,1843018000.0,1800133500.0,1843018000.0,10134526917.0,20.0,13.099,457446000.0,2.486,1.0,924360000.0,0.333,2526625000.0,0.0,2054097000.0,2034162750.0,0.0,106118000.0,0.0,106118000.0,2005803000.0,338932000.0,1666871000.0,9162672917.0,100145000.0,-750000.0,-183599000.0,-52807000.0,-73677000.0,-290754000.0,-204024000.0,0.0,602034000.0,-7111000.0,364044000.0,364044000.0,364044000.0,-1411000.0,4997000.0,0.131,390253000.0,534107000.0,52213000.0,0.202,4.972,25.169,25.152,289898000.0,0.0,49.8,3.296,3.296,314705000.0,2256058000.0,2779541000.0,2779541000.0,0.0,0.095,0.202,0.253,0.185,17192000.0,390253000.0,1.0,183989416.0,183989416,,15.107,1351270000.0,6242000.0,151364000.0,192444000.0,7.344,519300000.0
4,TSS,MRY,2014-12-31,2014-12-31,2014-12-31,2019-07-31,-11926000.0,3733581000.0,3713322750.0,690553000.0,3043028000.0,0.659,9.106,-147052000.0,289183000.0,289183000.0,1668892000.0,329406000.0,2.329,1.188,1456017000.0,50911000.0,1405106000.0,1456017000.0,0.0,248018000.0,0.0,0.012,0.4,452633000.0,700651000.0,0.286,700651000.0,452633000.0,452633000.0,1.73,1.72,1.73,1692762000.0,1650225250.0,1692762000.0,7510289582.0,17.0,10.719,413149000.0,2.222,1.0,777985000.0,0.318,2553957000.0,0.0,2049945000.0,2035744500.0,0.0,100468000.0,0.0,100468000.0,2011445000.0,296513000.0,1714932000.0,6313092582.0,10953000.0,6395000.0,-135647000.0,-68543000.0,-74796000.0,-316473000.0,-226607000.0,-3291000.0,560201000.0,-6168000.0,322872000.0,322872000.0,322872000.0,-48655000.0,6534000.0,0.132,346345000.0,431640000.0,48793000.0,0.231,3.729,19.553,19.63,290585000.0,0.0,33.96,2.58,2.58,283203000.0,1966370000.0,2446877000.0,2446877000.0,0.0,0.087,0.196,0.222,0.185,23605000.0,346345000.0,1.0,185897897.0,185897897,,13.162,1179624000.0,22192000.0,129761000.0,211820000.0,6.346,394040000.0
5,TSS,MRY,2013-12-31,2013-12-31,2013-12-31,2019-07-31,3749000.0,3686568000.0,3167206250.0,653933000.0,3032635000.0,0.652,8.331,-137833000.0,247700000.0,247700000.0,1369438000.0,256597000.0,2.2,1.293,1492670000.0,56919000.0,1435751000.0,1492670000.0,0.0,205351000.0,0.0,0.012,0.4,355731000.0,561082000.0,0.272,561082000.0,355731000.0,355731000.0,1.3,1.29,1.3,1581077000.0,1539138000.0,1581077000.0,7474610282.0,21.0,13.322,314565000.0,1.658,1.0,694867000.0,0.337,2571701000.0,0.0,2062622000.0,1694055250.0,0.0,94133000.0,0.0,94133000.0,2044490000.0,297215000.0,1747275000.0,6315910282.0,30618000.0,-1314660000.0,-63166000.0,1215283000.0,-56510000.0,1091814000.0,-1509836000.0,-1378000.0,452398000.0,-3758000.0,244750000.0,244750000.0,244750000.0,-2055000.0,11847000.0,0.119,312367000.0,382500000.0,33651000.0,0.308,3.995,25.806,25.6,259968000.0,0.0,33.28,3.06,3.06,255773000.0,1718204000.0,2064305000.0,2064305000.0,0.0,0.077,0.159,0.21,0.172,25405000.0,312367000.0,1.0,189780958.0,189780958,,10.877,1114867000.0,18130000.0,110981000.0,228727000.0,5.874,356718000.0
6,TSS,MRY,2012-12-31,2012-12-31,2012-12-31,2019-07-31,1408000.0,2023838000.0,1959108250.0,574726000.0,1449112000.0,0.915,7.628,-83681000.0,247612000.0,247612000.0,1189341000.0,249923000.0,2.493,0.378,232638000.0,40624000.0,192014000.0,232638000.0,0.0,170610000.0,0.0,0.019,0.4,358396000.0,529006000.0,0.295,529006000.0,358396000.0,358396000.0,1.3,1.29,1.3,1425210000.0,1389539250.0,1425210000.0,3880401991.0,11.0,7.335,372072000.0,1.991,1.0,604216000.0,0.337,1036582000.0,0.0,741763000.0,672527000.0,0.0,87764000.0,0.0,87764000.0,539398000.0,230519000.0,308879000.0,4002064991.0,-68725000.0,-188698000.0,-65267000.0,-52125000.0,-94035000.0,-212965000.0,-309794000.0,-3031000.0,455753000.0,-1719000.0,244280000.0,244280000.0,244280000.0,-995000.0,5643000.0,0.136,249247000.0,354969000.0,63370000.0,0.308,2.808,16.383,16.477,260389000.0,0.0,21.42,2.231,2.231,247083000.0,1549063000.0,1793557000.0,1793557000.0,0.0,0.125,0.176,0.533,0.2,17362000.0,247597000.0,1.0,186837768.0,186837768,,9.6,987256000.0,15159000.0,114116000.0,48074000.0,5.284,344207000.0
7,TSS,MRY,2011-12-31,2011-12-31,2011-12-31,2019-07-31,-445000.0,1858392000.0,1831186250.0,650181000.0,1208211000.0,0.988,6.463,-64322000.0,316337000.0,316337000.0,1257970000.0,222662000.0,1.708,0.413,259207000.0,195614000.0,63593000.0,259207000.0,0.0,169165000.0,0.0,0.016,0.31,323156000.0,492321000.0,0.272,492321000.0,323156000.0,323156000.0,1.15,1.15,1.15,1301289000.0,1284426500.0,1301289000.0,3922938883.0,12.0,7.968,371997000.0,1.847,1.0,550996000.0,0.305,814979000.0,0.0,605707000.0,737789500.0,0.0,82924000.0,0.0,82924000.0,537383000.0,380576000.0,156807000.0,3938557883.0,-78458000.0,-47909000.0,-113206000.0,-28892000.0,-53949000.0,-371053000.0,-141420000.0,-2066000.0,436319000.0,-2304000.0,220559000.0,220559000.0,220559000.0,0.0,2103000.0,0.122,228540000.0,322456000.0,26095000.0,0.27,3.027,17.857,17.009,266608000.0,0.0,19.56,2.177,2.177,248541000.0,1380634000.0,1808966000.0,1808966000.0,0.0,0.12,0.172,0.438,0.179,17000000.0,227251000.0,1.0,201357765.0,201357765,,8.984,1043413000.0,16941000.0,102597000.0,32889000.0,5.182,269605000.0
8,TSS,MRY,2010-12-31,2010-12-31,2010-12-31,2019-07-31,-2585000.0,1952261000.0,1883280750.0,721813000.0,1230448000.0,0.912,6.387,-141839000.0,395229000.0,395229000.0,1201012000.0,205621000.0,3.176,0.442,278024000.0,52748000.0,225276000.0,278024000.0,0.0,163111000.0,0.0,0.018,0.28,300035000.0,463146000.0,0.27,463146000.0,300035000.0,300035000.0,0.99,0.99,0.99,1241124000.0,1231100000.0,1241124000.0,2865033347.0,10.0,6.186,247321000.0,1.273,1.0,516565000.0,0.301,816192000.0,0.0,791594000.0,775555000.0,0.0,77127000.0,0.0,77127000.0,548456000.0,227270000.0,321186000.0,2988716347.0,-55160000.0,-144266000.0,-45685000.0,28016000.0,-55087000.0,-81676000.0,-361706000.0,68000.0,389160000.0,-938000.0,193947000.0,193947000.0,193947000.0,3245000.0,11674000.0,0.113,207136000.0,309429000.0,36068000.0,0.283,2.408,15.41,15.535,300102000.0,0.0,15.38,1.74,1.74,237646000.0,1219303000.0,1717577000.0,1717577000.0,0.0,0.103,0.158,0.387,0.175,15721000.0,207136000.0,1.0,194324860.0,194324860,,8.839,1136069000.0,13794000.0,106088000.0,42547000.0,5.846,494543000.0
9,TSS,MRY,2009-12-31,2009-12-31,2009-12-31,2019-07-31,5673000.0,1710954000.0,1652788000.0,810896000.0,900058000.0,1.015,5.963,-85521000.0,496444000.0,496444000.0,1149883000.0,219176000.0,3.673,0.444,218400000.0,13277000.0,205123000.0,218400000.0,0.0,156471000.0,0.0,0.016,0.28,337063000.0,493534000.0,0.294,493534000.0,337063000.0,337063000.0,1.09,1.09,1.09,1175801000.0,1102634000.0,1175801000.0,3180243263.0,9.0,6.444,337616000.0,1.712,1.0,527600000.0,0.315,504830000.0,0.0,707301000.0,726718500.0,0.0,75495000.0,0.0,75495000.0,521507000.0,220779000.0,300728000.0,3405376263.0,229937000.0,1685000.0,-326000.0,-13535000.0,-55208000.0,-69298000.0,-119432000.0,0.0,423137000.0,-4470000.0,215213000.0,215213000.0,215213000.0,6544000.0,3963000.0,0.128,183574000.0,344026000.0,21487000.0,0.257,2.896,15.823,15.844,289069000.0,0.0,17.27,2.03,2.03,231162000.0,1080250000.0,1677483000.0,1677483000.0,0.0,0.13,0.195,0.464,0.201,16122000.0,183574000.0,1.0,197184497.0,197184497,,8.507,1206124000.0,11302000.0,121850000.0,47162000.0,6.117,590117000.0
10,TSS,MRY,2008-12-31,2008-12-31,2008-12-31,2019-07-31,-6627000.0,1550024000.0,1551394250.0,625234000.0,924790000.0,1.103,5.053,-101245000.0,242493000.0,242493000.0,1152648000.0,251676000.0,2.651,0.554,224790000.0,14919000.0,209871000.0,224790000.0,0.0,164643000.0,0.0,0.02,0.28,381306000.0,545949000.0,0.319,545949000.0,381306000.0,381306000.0,1.26,1.26,1.26,990949000.0,948350000.0,990949000.0,2690569192.0,7.0,4.928,251590000.0,1.283,1.0,558886000.0,0.327,517053000.0,0.0,779464000.0,724256750.0,0.0,74012000.0,0.0,74012000.0,549174000.0,235804000.0,313370000.0,2755602192.0,9500000.0,-50360000.0,-35430000.0,-49056000.0,-55449000.0,-140086000.0,-193061000.0,0.0,352835000.0,-10188000.0,250100000.0,250100000.0,250100000.0,1409000.0,1576000.0,0.146,187764000.0,371122000.0,32440000.0,0.222,2.781,11.018,11.111,291341000.0,0.0,14.0,1.61,1.604,246767000.0,920292000.0,1711534000.0,1711534000.0,0.0,0.161,0.264,0.526,0.223,24643000.0,176624000.0,1.0,196828728.0,196106000,196705000.0,8.728,1032971000.0,22793000.0,131206000.0,60573000.0,5.267,389430000.0
11,TSS,MRY,2007-12-31,2007-12-31,2007-12-31,2019-07-31,28322000.0,1479020000.0,1668378500.0,586578000.0,892442000.0,0.996,4.292,-106441000.0,240206000.0,240206000.0,273594000.0,239419000.0,2.142,0.741,268321000.0,11728000.0,256593000.0,268321000.0,0.0,156465000.0,0.0,0.118,3.31,379513000.0,535978000.0,0.322,535978000.0,379513000.0,379513000.0,1.2,1.2,1.2,844473000.0,1207775000.0,844473000.0,4996292916.0,13.0,9.322,228421000.0,1.161,1.0,1388856000.0,0.835,513436000.0,0.0,719904000.0,529478500.0,0.0,80905000.0,0.0,80905000.0,625967000.0,273795000.0,352172000.0,5541521916.0,-178605000.0,-12552000.0,11672000.0,258363000.0,-655246000.0,-376704000.0,-141733000.0,0.0,334862000.0,4970000.0,237443000.0,237443000.0,237443000.0,-2829000.0,1976000.0,0.143,1039721000.0,349135000.0,41817000.0,2.758,6.562,23.338,23.333,283138000.0,0.0,28.0,3.333,3.314,256970000.0,725561000.0,1662450000.0,1662450000.0,0.0,0.142,0.197,0.717,0.228,10113000.0,829889000.0,1.0,197911497.0,196759000,197165000.0,8.449,965584000.0,17152000.0,142070000.0,67428000.0,4.907,312783000.0
12,TSS,MRY,2006-12-31,2006-12-31,2006-12-31,2019-07-31,20641000.0,1634241000.0,1504128500.0,744716000.0,889525000.0,1.188,6.188,-52336000.0,420691000.0,420691000.0,0.0,249163000.0,2.518,0.337,6781000.0,3156000.0,3625000.0,6781000.0,0.0,184894000.0,0.0,0.01,0.27,375345000.0,560239000.0,0.313,560239000.0,375345000.0,375345000.0,1.27,1.26,1.27,1217360000.0,1128193250.0,1217360000.0,4907444748.0,13.0,8.76,333423000.0,1.695,1.0,1787171000.0,1.0,538550000.0,0.0,385994000.0,373423250.0,0.0,62064000.0,0.0,62064000.0,410652000.0,295787000.0,114865000.0,5197158748.0,151554000.0,8150000.0,-18621000.0,-2691000.0,-51269000.0,-69597000.0,-164179000.0,-77541000.0,385759000.0,-429000.0,249163000.0,249163000.0,249163000.0,0.0,0.0,0.139,1077351000.0,709820000.0,31589000.0,0.213,4.269,20.858,20.78,271321000.0,0.0,26.39,2.908,2.905,246637000.0,1145407000.0,1787171000.0,1787171000.0,0.0,0.166,0.221,1.005,0.21,6173000.0,849498000.0,1.0,196936671.0,196744000,197077000.0,9.084,1095691000.0,21556000.0,126182000.0,75019000.0,5.569,448929000.0
13,TSS,MRY,2005-12-31,2005-12-31,2005-12-31,2019-07-31,5685000.0,1410897000.0,1346690000.0,512289000.0,898608000.0,1.19,5.137,-76381000.0,267257000.0,267257000.0,0.0,194520000.0,1.849,0.389,5633000.0,2078000.0,3555000.0,5633000.0,0.0,150077000.0,0.0,0.011,0.22,298180000.0,448257000.0,0.28,448257000.0,298180000.0,297806000.0,0.99,0.99,0.99,1012772000.0,956253500.0,1012772000.0,3680475895.0,12.0,8.211,164208000.0,0.833,1.0,1602931000.0,1.0,558294000.0,374000.0,313967000.0,334307500.0,0.0,42731000.0,0.0,42731000.0,394443000.0,277012000.0,117431000.0,3904069895.0,5763000.0,-95970000.0,2957000.0,-2294000.0,-39418000.0,-38755000.0,-191819000.0,0.0,240589000.0,-4252000.0,194520000.0,194520000.0,194520000.0,0.0,0.0,0.121,1002661000.0,600270000.0,29464000.0,0.222,3.855,20.07,19.99,267979000.0,0.0,19.79,2.436,2.434,184532000.0,949465000.0,1602931000.0,1602931000.0,0.0,0.144,0.203,0.892,0.186,1137000.0,764570000.0,1.0,197274881.0,197145000,197345000.0,8.131,852603000.0,15264000.0,103286000.0,89478000.0,4.325,235277000.0
14,TSS,MRY,2004-12-31,2004-12-31,2004-12-31,2019-07-31,15373000.0,1281943000.0,1113758250.0,448156000.0,833787000.0,1.066,4.392,-116416000.0,256799000.0,256799000.0,0.0,150558000.0,1.648,0.478,6336000.0,1828000.0,4508000.0,6336000.0,0.0,108588000.0,0.0,0.006,0.14,228709000.0,337297000.0,0.284,337297000.0,228709000.0,227768000.0,0.76,0.76,0.76,864612000.0,810292000.0,864612000.0,4655008255.0,20.0,13.801,251495000.0,1.278,1.0,1187008000.0,1.0,476328000.0,941000.0,283287000.0,334903250.0,0.0,54400000.0,0.0,54400000.0,413517000.0,271865000.0,141652000.0,4783419255.0,108933000.0,-51093000.0,5000.0,-42656000.0,-23621000.0,-66272000.0,-196659000.0,0.0,367911000.0,3953000.0,150558000.0,150558000.0,150558000.0,0.0,0.0,0.127,754405000.0,432603000.0,75188000.0,0.184,5.532,31.771,31.974,263584000.0,0.0,24.3,4.03,4.03,144827000.0,798321000.0,1187008000.0,1187008000.0,0.0,0.135,0.186,0.683,0.193,0.0,601956000.0,1.0,196848529.0,196847000,197236000.0,6.03,805615000.0,10791000.0,77210000.0,131106000.0,4.093,176291000.0
15,TSS,MRY,2003-12-31,2003-12-31,2003-12-31,2019-07-31,8314000.0,1001236000.0,907005436.0,273238000.0,727998000.0,1.161,3.722,-190236000.0,130552000.0,130552000.0,0.0,140973000.0,1.859,0.362,44979000.0,15231000.0,29748000.0,44979000.0,17573000.0,98415000.0,0.0,0.002,0.077,211980000.0,310395000.0,0.295,310395000.0,211980000.0,211841000.0,0.72,0.71,0.72,732534000.0,676152181.0,732534000.0,6066030711.0,29.0,19.543,76117000.0,0.387,1.0,1053466000.0,1.0,416938000.0,139000.0,351754000.0,321237474.0,0.0,66708000.0,0.0,66708000.0,265263000.0,146971000.0,118292000.0,6127012141.0,13701000.0,-26280000.0,-5896000.0,-205000.0,-14765000.0,-20866000.0,-234645000.0,0.0,266353000.0,2859000.0,140973000.0,140973000.0,140973000.0,0.0,0.0,0.134,637722000.0,415744000.0,17549000.0,0.107,8.364,43.462,43.236,232076000.0,0.0,31.13,5.816,5.816,120646000.0,675322000.0,1053466000.0,1053466000.0,0.0,0.155,0.208,0.66,0.201,0.0,532881000.0,1.0,196820178.0,196830000,197438000.0,5.352,584298000.0,401000.0,70868000.0,88544000.0,2.969,126267000.0
16,TSS,MRY,2002-12-31,2002-12-31,2002-12-31,2019-07-31,1052897.0,779493324.0,729540556.0,262604588.0,516888736.0,1.309,3.057,-81090000.0,113206258.0,113206258.0,0.0,125805000.0,2.304,0.29,135464.0,68110.0,67354.0,135464.0,0.0,74014000.0,0.0,0.005,0.068,183749000.0,257763000.0,0.27,257763000.0,183749000.0,183713000.0,0.64,0.64,0.64,602205890.0,570469169.0,602205890.0,2542535212.0,14.0,9.864,116524000.0,0.591,1.0,955133000.0,1.0,327645172.0,36000.0,224795641.0,306134855.0,0.0,54181246.0,0.0,54181246.0,174543571.0,113981717.0,60561854.0,2660167845.0,50513000.0,-9287000.0,204000.0,-103000.0,-12772000.0,-12671000.0,-134421000.0,0.0,197614000.0,-9000.0,125805000.0,125805000.0,125805000.0,0.0,0.0,0.132,566291000.0,388842000.0,10928336.0,0.106,4.417,21.145,21.094,120835260.0,0.0,13.5,2.785,2.785,121439387.0,549601198.0,955133000.0,955133000.0,0.0,0.172,0.221,0.6,0.192,0.0,475123000.0,1.0,197049470.0,197017000,197497000.0,4.848,451848152.0,5411353.0,57908000.0,59932000.0,2.293,148622871.0
17,TSS,MRY,2001-12-31,2001-12-31,2001-12-31,2019-07-31,-3455338.0,656554190.0,623834253.0,203368391.0,453185799.0,1.43,2.605,-49696514.0,58658500.0,58658500.0,0.0,104418229.0,1.96,0.289,238453.0,102990.0,135463.0,238453.0,0.0,58477523.0,0.0,0.003,0.06,158309888.0,216787411.0,0.243,216787411.0,158309888.0,158309888.0,0.54,0.53,0.54,507329599.0,463845542.0,507329599.0,4125412231.0,26.0,19.03,40887331.0,0.21,1.0,892321171.0,1.0,171045253.0,0.0,323340757.0,305017598.0,0.0,0.0,0.0,0.0,146866013.0,103748133.0,43117880.0,4125412231.0,-24333645.0,10410281.0,264365.0,-110480.0,-11198915.0,-11045030.0,-103207896.0,0.0,90583845.0,-664564.0,104418229.0,104418229.0,104418229.0,0.0,0.0,0.117,521525022.0,370796149.0,24392237.0,0.111,8.132,39.509,39.222,123668192.0,0.0,21.18,4.623,4.623,114702112.0,467095366.0,892321171.0,892321171.0,0.0,0.167,0.225,0.519,0.177,0.0,439471542.0,1.0,194778670.0,194772766,195604462.0,4.581,485508937.0,4643353.0,53891659.0,42982417.0,2.493,99620258.0
18,TSS,MRY,2000-12-31,2000-12-31,2000-12-31,2019-07-31,-1613681.0,601223826.0,547091379.0,207786370.0,393437456.0,1.545,2.1,-105856386.0,80071895.0,80071895.0,0.0,87535937.0,1.442,0.464,0.0,0.0,0.0,0.0,0.0,52150111.0,0.0,0.002,0.048,134137431.0,186287542.0,0.22,186287542.0,134137431.0,134137431.0,0.45,0.45,0.45,409014188.0,385771452.0,409014188.0,4267382875.0,32.0,22.908,62131060.0,0.319,1.0,845094043.0,1.0,145454042.0,0.0,231566155.0,242156513.0,0.0,0.0,0.0,0.0,189625956.0,144131734.0,45494222.0,4359202585.0,28089038.0,8829662.0,-2053213.0,-260089.0,-8766916.0,-11080218.0,-128739816.0,0.0,167987446.0,-78374.0,87535937.0,87535937.0,87535937.0,0.0,0.0,0.104,493478707.0,351615336.0,43935426.0,0.107,10.658,49.799,49.733,110971777.0,0.0,22.38,5.158,5.158,97522227.0,387716543.0,845094043.0,845094043.0,0.0,0.16,0.227,0.554,0.159,0.0,404611176.0,1.0,194781170.0,194784981,195265352.0,4.339,455769784.0,11104254.0,46601494.0,34841622.0,2.34,63654636.0
19,TSS,MRY,1999-12-31,1999-12-31,1999-12-31,2019-07-31,-1453708.0,466771741.0,414925916.0,179675933.0,287095808.0,1.287,1.715,-69420647.0,54903107.0,54903107.0,0.0,68592976.0,1.74,0.396,204286.0,44520.0,159766.0,204286.0,0.0,50182601.0,0.0,0.002,0.04,103576003.0,153758604.0,0.288,153758604.0,103576003.0,103576003.0,0.35,0.35,0.35,334292056.0,309106795.0,334292056.0,3143941561.0,30.0,20.447,65106708.0,0.334,1.0,533926011.0,1.0,98824792.0,0.0,209986292.0,219034772.0,0.0,0.0,0.0,0.0,132479685.0,103261836.0,29217849.0,3179120246.0,45347347.0,5104905.0,-1193348.0,-70619.0,-7787981.0,-9051948.0,-80128060.0,0.0,134527355.0,0.0,68592976.0,68592976.0,68592976.0,0.0,0.0,0.128,445633607.0,88292404.0,15267979.0,0.114,9.51,46.348,46.6,96254657.0,0.0,16.31,5.954,5.954,99601498.0,311324731.0,533926011.0,533926011.0,0.0,0.165,0.222,0.473,0.194,0.0,359582548.0,1.0,194918470.0,194912983,195478593.0,2.739,367946949.0,9422203.0,34983027.0,29058083.0,1.888,76414097.0
20,TSS,MRY,1998-12-31,1998-12-31,1998-12-31,2019-07-31,-1179337.0,348908312.0,325328158.0,119722091.0,229186221.0,1.218,1.393,-76414256.0,9555760.0,9555760.0,0.0,54831143.0,2.021,0.291,342097.0,130781.0,211316.0,342097.0,0.0,37473673.0,0.0,0.001,0.035,81787127.0,119260800.0,0.301,119260800.0,81787127.0,81787127.0,0.28,0.28,0.28,270353719.0,248608160.0,270353719.0,4530045122.0,55.0,37.984,-13468365.0,-0.069,1.0,396194068.0,1.0,65861735.0,0.0,214583119.0,174302335.0,0.0,0.0,0.0,0.0,78554593.0,59249795.0,19304798.0,4560026903.0,-33780162.0,5618616.0,99115.0,-132415.0,-6790492.0,-6823792.0,-89902261.0,998228.0,62945891.0,0.0,54831143.0,54831143.0,54831143.0,0.0,0.0,0.138,329825544.0,66368524.0,7403023.0,0.125,16.867,83.165,83.929,92619005.0,0.0,23.5,11.51,11.508,84795727.0,250528526.0,396194068.0,396194068.0,0.0,0.169,0.221,0.469,0.206,0.0,266512962.0,1.0,194043698.0,194019689,194669451.0,2.042,283046577.0,0.0,26955984.0,19093482.0,1.459,60472296.0
21,TSS,MRY,1997-12-31,1997-12-31,1997-12-31,2019-07-31,-1178182.0,296857937.0,271308510.0,132405707.0,164452230.0,1.332,1.141,-33064427.0,43335922.0,43335922.0,0.0,47478472.0,2.153,0.342,474512.0,132416.0,342096.0,474512.0,0.0,29141073.0,0.0,0.001,0.021,71555909.0,100696982.0,0.279,100696982.0,71555909.0,71555909.0,0.24,0.24,0.24,221254756.0,200066252.0,221254756.0,,,,32053171.0,0.165,1.0,361499399.0,1.0,43133137.0,0.0,149356993.0,138634352.0,0.0,998228.0,998228.0,0.0,75603181.0,61506397.0,14096784.0,3200961431.0,15839865.0,3252561.0,109593.0,-201275.0,-5818326.0,-5910008.0,-43367725.0,4001772.0,65117598.0,0.0,47478472.0,47478472.0,47478472.0,0.0,0.0,0.131,301570084.0,59929315.0,6400365.0,0.087,14.467,67.419,68.75,68968574.0,0.0,16.5,8.855,8.853,69450919.0,202551337.0,361499399.0,361499399.0,0.0,0.175,0.237,0.516,0.198,0.0,242123801.0,1.0,193997663.0,193956373,194238556.0,1.864,253724800.0,0.0,24077437.0,13754688.0,1.308,70899310.0
22,TSS,MRY,1996-12-31,1996-12-31,1996-12-31,2019-07-31,-1178182.0,245759083.0,,103379818.0,142379265.0,,0.922,-27907530.0,27496057.0,27496057.0,0.0,39437181.0,2.023,0.374,474513.0,0.0,474513.0,474513.0,0.0,23106775.0,0.0,0.001,0.021,60444404.0,83551179.0,0.268,83551179.0,60444404.0,60444404.0,0.2,0.2,0.2,178877747.0,,178877747.0,,,,30089369.0,0.155,1.0,311648349.0,1.0,39720484.0,0.0,127911710.0,,0.0,5000000.0,5000000.0,0.0,66881336.0,51105345.0,15775991.0,,8646434.0,-2482939.0,2560.0,-254954.0,-5817756.0,-6070150.0,-43280315.0,-5000000.0,57996899.0,0.0,39437181.0,39437181.0,39437181.0,0.0,0.0,0.127,259744821.0,51903528.0,4688469.0,0.105,,,89.6,62899046.0,0.0,17.92,,11.151,59044530.0,162227149.0,311648349.0,311648349.0,0.0,,,,0.194,0.0,206376357.0,1.0,,193931240,194176647.0,1.607,206038599.0,0.0,21007223.0,15301478.0,1.062,52274473.0
23,TSS,MRY,1995-12-31,1995-12-31,1995-12-31,2019-07-31,,,,,,,,-24243013.0,,,0.0,27730102.0,,,,,,,,20285123.0,,0.002,0.02,43707076.0,63992199.0,0.256,63992199.0,43707076.0,43707076.0,0.14,0.14,0.14,,,,,,,23635194.0,0.122,1.0,249707697.0,1.0,,0.0,,,,,,,,,,,4164949.0,-3455865.0,0.0,-242682.0,-5816817.0,-6059499.0,-37653759.0,0.0,47878207.0,0.0,27730102.0,27730102.0,27730102.0,0.0,0.0,0.111,206786178.0,42921519.0,,0.143,,,72.0,,0.0,10.08,,7.827,,,249707697.0,249707697.0,0.0,,,,0.175,0.0,159494911.0,,,193894839,194123294.0,1.288,,,15976974.0,,,
0,TSS,MRQ,2019-06-30,2019-06-30,2019-06-30,2019-07-31,-64200000.0,7706806000.0,,1239827000.0,6466979000.0,,14.098,-36441000.0,458220000.0,458220000.0,630820000.0,162760000.0,2.473,2.089,4288709000.0,78869000.0,4209840000.0,4288709000.0,0.0,104773000.0,0.0,0.004,0.13,193888000.0,298661000.0,0.288,298661000.0,193888000.0,193888000.0,0.92,0.91,0.92,2494594000.0,,2494594000.0,26639265131.0,36.0,23.012,131400000.0,0.743,1.0,404665000.0,0.391,5487900000.0,0.0,5548068000.0,,0.0,206504000.0,0.0,206504000.0,5212212000.0,501327000.0,4710885000.0,22696494131.0,-36149000.0,0.0,435000.0,-142175000.0,-23078000.0,-164818000.0,-36791000.0,0.0,167841000.0,-2381000.0,162760000.0,162760000.0,162760000.0,0.0,0.0,0.157,185578000.0,219087000.0,57911000.0,0.141,9.098,36.8,37.397,572407000.0,0.0,128.27,5.531,5.531,513712000.0,3761596000.0,1035485000.0,1035485000.0,0.0,,,,,11500000.0,185578000.0,1.0,176943121.0,176943121,,5.852,2218906000.0,7516000.0,31128000.0,401486000.0,12.54,738500000.0
1,TSS,MRQ,2019-03-31,2019-03-31,2019-03-31,2019-07-31,-55028000.0,7774132000.0,,1229393000.0,6544739000.0,,13.299,-80429000.0,494646000.0,494646000.0,632212000.0,161607000.0,2.174,2.304,4437417000.0,88179000.0,4349238000.0,4437417000.0,0.0,103710000.0,0.0,0.005,0.13,191506000.0,295216000.0,0.285,295216000.0,191506000.0,191506000.0,0.91,0.9,0.91,2352760000.0,,2352760000.0,20256254505.0,28.0,17.721,147160000.0,0.832,1.0,402319000.0,0.389,5551176000.0,0.0,5600350000.0,,0.0,197831000.0,0.0,197831000.0,5421372000.0,565377000.0,4855995000.0,16808744505.0,22532000.0,0.0,-393547000.0,292676000.0,-23456000.0,-124327000.0,-82779000.0,0.0,227589000.0,2049000.0,161607000.0,161607000.0,161607000.0,0.0,0.0,0.156,179049000.0,223270000.0,73061000.0,0.143,7.144,28.183,28.878,591639000.0,0.0,95.01,4.124,4.124,490045000.0,3622560000.0,1034531000.0,1034531000.0,0.0,,,,,10714000.0,179049000.0,1.0,176915530.0,176915530,,5.848,2222956000.0,7750000.0,29899000.0,409706000.0,12.565,664016000.0
2,TSS,MRQ,2018-12-31,2018-12-31,2018-12-31,2019-07-31,-60223000.0,7468709000.0,,1140783000.0,6327926000.0,,14.174,-102155000.0,471156000.0,471156000.0,636936000.0,136420000.0,2.213,1.888,3918666000.0,29125000.0,3889541000.0,3918666000.0,0.0,98563000.0,0.0,0.006,0.13,176761000.0,275324000.0,0.27,275324000.0,176761000.0,176761000.0,0.75,0.74,0.75,2585906000.0,,2585906000.0,18242071852.0,26.0,16.401,187004000.0,1.025,1.0,381154000.0,0.374,5591674000.0,0.0,4808944000.0,,0.0,180661000.0,0.0,180661000.0,4882803000.0,515601000.0,4367202000.0,14830666852.0,-12347000.0,3847000.0,-172370000.0,-5179000.0,-23660000.0,-201208000.0,-96821000.0,0.0,289159000.0,-3477000.0,136420000.0,136420000.0,136420000.0,0.0,0.0,0.134,171368000.0,209786000.0,97956000.0,0.173,5.735,25.718,25.644,383074000.0,0.0,81.29,3.682,3.682,450322000.0,3478650000.0,1018090000.0,1018090000.0,0.0,,,,,15842000.0,171368000.0,1.0,182441467.0,182441467,,5.58,1877035000.0,7773000.0,40341000.0,380278000.0,10.288,625182000.0
3,TSS,MRQ,2018-09-30,2018-09-30,2018-09-30,2019-07-31,-50086000.0,7473044000.0,,1199917000.0,6273127000.0,,14.473,-52271000.0,484581000.0,484581000.0,624363000.0,155960000.0,2.568,1.831,3895986000.0,21171000.0,3874815000.0,3895986000.0,0.0,101331000.0,0.0,0.005,0.13,187072000.0,288403000.0,0.284,288403000.0,187072000.0,187072000.0,0.85,0.85,0.85,2640182000.0,,2640182000.0,21626474072.0,32.0,19.783,229644000.0,1.259,1.0,391008000.0,0.385,5410100000.0,0.0,5007178000.0,,0.0,170177000.0,0.0,170177000.0,4832862000.0,467171000.0,4365691000.0,18011957072.0,25586000.0,0.0,1374000.0,-180678000.0,-23707000.0,-203011000.0,-53822000.0,0.0,281915000.0,504000.0,155960000.0,155960000.0,155960000.0,0.0,0.0,0.154,175025000.0,215983000.0,59770000.0,0.153,6.822,26.393,26.472,372900000.0,0.0,98.74,4.205,4.205,485722000.0,3365782000.0,1015371000.0,1015371000.0,0.0,,,,,12392000.0,175025000.0,1.0,182418038.0,182418038,,5.566,2062944000.0,6928000.0,31112000.0,394119000.0,11.309,732746000.0
4,TSS,MRQ,2018-06-30,2018-06-30,2018-06-30,2019-07-31,-45022000.0,7466490000.0,,1137022000.0,6329468000.0,,13.722,-41522000.0,460019000.0,460019000.0,617818000.0,142435000.0,2.552,1.985,4074536000.0,21349000.0,4053187000.0,4074536000.0,0.0,104290000.0,0.0,0.006,0.13,179850000.0,284140000.0,0.282,284140000.0,179850000.0,179850000.0,0.78,0.78,0.78,2501696000.0,,2501696000.0,19057414968.0,28.0,17.601,217178000.0,1.191,1.0,389762000.0,0.387,5445678000.0,0.0,5189756000.0,,0.0,187818000.0,0.0,187818000.0,4964794000.0,445573000.0,4519221000.0,15408521968.0,-33198000.0,-14776000.0,2770000.0,-76503000.0,-23694000.0,-227204000.0,-58867000.0,0.0,258700000.0,-5827000.0,142435000.0,142435000.0,142435000.0,0.0,0.0,0.141,181064000.0,208698000.0,63282000.0,0.167,6.159,23.721,23.808,363336000.0,0.0,84.52,3.412,3.412,440875000.0,3236046000.0,1007580000.0,1007580000.0,0.0,,,,,14229000.0,181064000.0,1.0,182306223.0,182306223,,5.527,2020812000.0,7177000.0,37415000.0,371343000.0,11.085,691449000.0
5,TSS,MRQ,2018-03-31,2018-03-31,2018-03-31,2019-07-31,-21219000.0,7531717000.0,,1178279000.0,6353438000.0,,13.177,-46236000.0,493207000.0,493207000.0,613365000.0,143102000.0,0.967,2.093,4142100000.0,815564000.0,3326536000.0,4142100000.0,0.0,104389000.0,0.0,0.006,0.13,159976000.0,264365000.0,0.268,264365000.0,159976000.0,159976000.0,0.78,0.77,0.78,2394574000.0,,2394574000.0,18419104496.0,28.0,17.227,165657000.0,0.912,1.0,373805000.0,0.379,5494655000.0,0.0,4468085000.0,,0.0,180841000.0,0.0,180841000.0,5011143000.0,1217870000.0,3793273000.0,15675647496.0,42868000.0,-1036853000.0,26437000.0,910990000.0,-23496000.0,913930000.0,-1084639000.0,0.0,211893000.0,1684000.0,141841000.0,141841000.0,141841000.0,0.0,1261000.0,0.144,185534000.0,188271000.0,66077000.0,0.167,6.546,25.196,25.445,360111000.0,0.0,86.26,3.314,3.314,420124000.0,3117519000.0,987170000.0,987170000.0,0.0,,,,,6295000.0,185534000.0,1.0,181725568.0,181725568,,5.432,2037062000.0,8104000.0,18135000.0,370869000.0,11.21,-39591000.0
6,TSS,MRQ,2017-12-31,2017-12-31,2017-12-31,2019-07-31,-36148000.0,6331689000.0,,1079244000.0,5252445000.0,,12.189,-38523000.0,450357000.0,450357000.0,939106000.0,243871000.0,1.091,1.774,3193814000.0,565812000.0,2628002000.0,3193814000.0,0.0,102085000.0,0.0,0.006,0.13,154169000.0,256254000.0,0.201,256254000.0,154169000.0,154169000.0,1.32,1.31,1.32,2240993000.0,,2240993000.0,17086717907.0,26.0,16.15,159098000.0,0.865,1.0,334183000.0,0.262,4374932000.0,0.0,3711122000.0,,0.0,163518000.0,0.0,163518000.0,3975007000.0,989092000.0,2985915000.0,14540396907.0,29889000.0,0.0,-250009000.0,194482000.0,-23866000.0,-80174000.0,-87949000.0,0.0,197621000.0,391000.0,242208000.0,242208000.0,242208000.0,0.0,1663000.0,0.19,160262000.0,173921000.0,62310000.0,0.098,6.488,24.805,24.793,325218000.0,0.0,79.09,2.951,2.951,412322000.0,3004018000.0,1273289000.0,1273289000.0,0.0,,,,,13947000.0,160262000.0,1.0,183846212.0,183846212,,6.926,1956757000.0,6091000.0,-88039000.0,238317000.0,10.643,90152000.0
7,TSS,MRQ,2017-09-30,2017-09-30,2017-09-30,2019-07-31,-39258000.0,6218890000.0,,998838000.0,5220052000.0,,12.792,-36809000.0,413622000.0,413622000.0,898471000.0,124726000.0,1.028,1.633,2959943000.0,565660000.0,2394283000.0,2959943000.0,0.0,100284000.0,0.0,0.007,0.13,177723000.0,278007000.0,0.223,278007000.0,177723000.0,177723000.0,0.67,0.66,0.67,2356760000.0,,2356760000.0,14779050406.0,24.0,14.619,221641000.0,1.203,1.0,349105000.0,0.28,4662537000.0,0.0,3130994000.0,,0.0,150775000.0,0.0,150775000.0,3848728000.0,971680000.0,2877048000.0,12067592406.0,-6750000.0,0.0,-21359000.0,-181695000.0,-18417000.0,-222802000.0,-44493000.0,0.0,258450000.0,2095000.0,123095000.0,123095000.0,123095000.0,0.0,1631000.0,0.099,149413000.0,199692000.0,53460000.0,0.194,5.12,28.875,28.855,282490000.0,0.0,65.5,2.521,2.521,409167000.0,2785443000.0,1247576000.0,1247576000.0,0.0,,,,,8407000.0,149413000.0,1.0,184238052.0,184238052,,6.772,1556353000.0,7485000.0,54628000.0,374778000.0,8.448,27158000.0
8,TSS,MRQ,2017-06-30,2017-06-30,2017-06-30,2019-07-31,-45138000.0,6277014000.0,,1027008000.0,5250006000.0,,12.305,-26131000.0,427589000.0,427589000.0,877887000.0,116512000.0,1.089,1.766,3139047000.0,574979000.0,2564068000.0,3139047000.0,0.0,99359000.0,0.0,0.007,0.1,171221000.0,270580000.0,0.221,270580000.0,171221000.0,171221000.0,0.62,0.62,0.62,2264536000.0,,2264536000.0,13517309187.0,24.0,14.059,85966000.0,0.467,1.0,344488000.0,0.282,4715410000.0,0.0,3329882000.0,,0.0,158540000.0,0.0,158540000.0,3999376000.0,943180000.0,3056196000.0,10719815187.0,-65685000.0,0.0,4773000.0,-129439000.0,-18401000.0,-146200000.0,-33498000.0,0.0,112097000.0,1916000.0,115014000.0,115014000.0,115014000.0,0.0,1498000.0,0.094,151240000.0,193248000.0,53124000.0,0.161,4.734,28.196,28.277,280636000.0,0.0,58.25,2.288,2.288,442094000.0,2686476000.0,1222375000.0,1222375000.0,0.0,,,,,11008000.0,151240000.0,1.0,184031162.0,184031162,,6.642,1561604000.0,7215000.0,56207000.0,402088000.0,8.486,83828000.0
9,TSS,MRQ,2017-03-31,2017-03-31,2017-03-31,2019-07-31,-52381000.0,6350680000.0,,1050811000.0,5299869000.0,,11.697,-24757000.0,464740000.0,464740000.0,861856000.0,107107000.0,2.323,1.954,3262234000.0,33097000.0,3229137000.0,3262234000.0,0.0,104178000.0,0.0,0.007,0.1,148950000.0,253128000.0,0.214,253128000.0,148950000.0,148950000.0,0.58,0.57,0.58,2144730000.0,,2144730000.0,12740788108.0,26.0,14.065,264124000.0,1.441,1.0,322869000.0,0.273,4772112000.0,0.0,3923804000.0,,0.0,147743000.0,0.0,147743000.0,4191213000.0,452258000.0,3738955000.0,9802139108.0,68106000.0,0.0,4190000.0,-104654000.0,-18333000.0,-189549000.0,-32804000.0,0.0,288881000.0,1578000.0,105868000.0,105868000.0,105868000.0,0.0,1239000.0,0.089,155686000.0,167183000.0,45656000.0,0.172,4.57,29.271,29.374,281430000.0,0.0,53.46,2.124,2.124,405746000.0,2590018000.0,1184725000.0,1184725000.0,0.0,,,,,9047000.0,155686000.0,1.0,183354641.0,183354641,,6.461,1578568000.0,7081000.0,43082000.0,419786000.0,8.609,598553000.0
10,TSS,MRQ,2016-12-31,2016-12-31,2016-12-31,2019-07-31,-56158000.0,6366177000.0,,1022689000.0,5343488000.0,,11.424,-27775000.0,425354000.0,425354000.0,826331000.0,74375000.0,2.433,2.02,3364003000.0,50727000.0,3313276000.0,3364003000.0,0.0,102078000.0,0.0,0.008,0.1,107159000.0,209237000.0,0.185,209237000.0,107159000.0,107159000.0,0.4,0.4,0.4,2099920000.0,,2099920000.0,12034043400.0,25.0,14.085,139429000.0,0.759,1.0,305893000.0,0.27,4836516000.0,0.0,4047957000.0,,0.0,133556000.0,0.0,133556000.0,4242164000.0,420353000.0,3821811000.0,9012535400.0,-21274000.0,0.0,-23151000.0,-105478000.0,-18378000.0,-147438000.0,-35738000.0,0.0,167204000.0,-5302000.0,73950000.0,73950000.0,73950000.0,0.0,425000.0,0.065,175346000.0,130547000.0,38712000.0,0.25,4.292,28.196,28.178,282345000.0,0.0,49.03,2.161,2.161,432847000.0,2502222000.0,1132224000.0,1132224000.0,0.0,,,,,8982000.0,175346000.0,1.0,183816753.0,183816753,,6.16,1529661000.0,7055000.0,33209000.0,419552000.0,8.322,602336000.0
11,TSS,MRQ,2016-09-30,2016-09-30,2016-09-30,2019-07-31,-47626000.0,6375178000.0,,984868000.0,5390310000.0,,11.236,-18419000.0,446883000.0,446883000.0,840300000.0,87441000.0,2.666,2.074,3468391000.0,43244000.0,3425147000.0,3468391000.0,0.0,98916000.0,0.0,0.008,0.1,129599000.0,228515000.0,0.199,228515000.0,129599000.0,129599000.0,0.46,0.46,0.46,2065669000.0,,2065669000.0,11851787211.0,24.0,14.328,193580000.0,1.053,1.0,306588000.0,0.267,4894053000.0,0.0,4133158000.0,,0.0,108199000.0,0.0,108199000.0,4284456000.0,369475000.0,3914981000.0,8667867211.0,-18436000.0,-55000.0,-119000.0,-182654000.0,-18378000.0,-200568000.0,-28282000.0,0.0,211999000.0,-1585000.0,85352000.0,85352000.0,85352000.0,0.0,2089000.0,0.074,151261000.0,155327000.0,36659000.0,0.217,4.196,26.385,26.489,281733000.0,0.0,47.15,2.309,2.309,413867000.0,2446762000.0,1146888000.0,1146888000.0,0.0,,,,,12151000.0,151261000.0,1.0,183835996.0,183835996,,6.239,1481125000.0,6974000.0,44247000.0,398083000.0,8.057,615393000.0
12,TSS,MRQ,2016-06-30,2016-06-30,2016-06-30,2019-07-31,-47277000.0,6477033000.0,,1009431000.0,5467602000.0,,10.813,-27154000.0,465319000.0,465319000.0,841923000.0,71748000.0,2.777,2.251,3649239000.0,49085000.0,3600154000.0,3649239000.0,0.0,104969000.0,0.0,0.008,0.1,109998000.0,214967000.0,0.187,214967000.0,109998000.0,109998000.0,0.38,0.38,0.38,1985428000.0,,1985428000.0,10728418020.0,21.0,13.058,166099000.0,0.905,1.0,309664000.0,0.269,4963145000.0,0.0,4334323000.0,,0.0,116523000.0,0.0,116523000.0,4468306000.0,363485000.0,4104821000.0,9751635020.0,-1466792000.0,-2345438000.0,9111000.0,738739000.0,-18339000.0,728184000.0,-2384588000.0,0.0,193253000.0,-3641000.0,69708000.0,69708000.0,69708000.0,0.0,2040000.0,0.061,173843000.0,135821000.0,34428000.0,0.263,4.912,26.806,26.823,286843000.0,0.0,53.11,2.941,2.941,396693000.0,2380024000.0,1151587000.0,1151587000.0,0.0,,,,,10065000.0,173843000.0,1.0,183612032.0,183612032,,6.272,1513888000.0,6394000.0,40290000.0,411532000.0,8.245,645946000.0
13,TSS,MRQ,2016-03-31,2016-03-31,2016-03-31,2019-07-31,-36410000.0,5423933000.0,,2426434000.0,2997499000.0,,10.491,-23378000.0,1932111000.0,1932111000.0,484507000.0,92408000.0,8.553,1.81,2908894000.0,21647000.0,2887247000.0,2908894000.0,0.0,67583000.0,0.0,0.008,0.1,134057000.0,201640000.0,0.273,201640000.0,134057000.0,134057000.0,0.49,0.49,0.49,1921541000.0,,1921541000.0,9763309409.0,18.0,12.282,122450000.0,0.669,1.0,254871000.0,0.345,2505724000.0,0.0,3611295000.0,,0.0,112232000.0,0.0,112232000.0,3477306000.0,283697000.0,3193609000.0,8715171409.0,1542783000.0,0.0,-4408000.0,1465049000.0,-18283000.0,1442012000.0,-44388000.0,0.0,145828000.0,-669000.0,90628000.0,90628000.0,90628000.0,0.0,1780000.0,0.123,103184000.0,151687000.0,44526000.0,0.204,4.536,23.122,23.21,283888000.0,0.0,47.58,3.051,3.051,349271000.0,2328869000.0,739378000.0,739378000.0,0.0,,,,,2625000.0,103184000.0,1.0,183168798.0,183168798,,4.037,2918209000.0,6318000.0,43429000.0,211735000.0,15.932,2142737000.0
14,TSS,MRQ,2015-12-31,2015-12-31,2015-12-31,2019-07-31,-33544000.0,3877895000.0,,858232000.0,3019663000.0,,10.017,-59377000.0,389328000.0,389328000.0,489040000.0,84716000.0,2.532,1.088,1431087000.0,53546000.0,1377541000.0,1431087000.0,0.0,67045000.0,0.0,0.008,0.1,114988000.0,182033000.0,0.254,182033000.0,114988000.0,114988000.0,0.45,0.45,0.45,1843018000.0,,1843018000.0,10134526917.0,20.0,13.099,82103000.0,0.446,1.0,227803000.0,0.318,2526625000.0,0.0,2054097000.0,,0.0,106118000.0,0.0,106118000.0,2005803000.0,338932000.0,1666871000.0,9162672917.0,-58522000.0,0.0,-119654000.0,-12504000.0,-18400000.0,-132325000.0,-65406000.0,1686000.0,141480000.0,-2271000.0,82828000.0,82828000.0,82828000.0,-1411000.0,1888000.0,0.116,109898000.0,117905000.0,52213000.0,0.222,4.972,25.169,25.152,289898000.0,0.0,49.8,3.296,3.296,314705000.0,2256058000.0,716843000.0,716843000.0,0.0,,,,,-9384000.0,109898000.0,1.0,183989416.0,183989416,,3.896,1351270000.0,6242000.0,32160000.0,192444000.0,7.344,519300000.0
15,TSS,MRQ,2015-09-30,2015-09-30,2015-09-30,2019-07-31,-27164000.0,3889522000.0,,896324000.0,2993198000.0,,10.196,-28754000.0,447850000.0,447850000.0,456465000.0,122051000.0,2.755,1.059,1419704000.0,41777000.0,1377927000.0,1419704000.0,0.0,64499000.0,0.0,0.009,0.1,158447000.0,222946000.0,0.315,222946000.0,158447000.0,158447000.0,0.66,0.65,0.66,1875615000.0,,1875615000.0,9438773410.0,18.0,12.256,146507000.0,0.796,1.0,251425000.0,0.355,2501172000.0,0.0,2034843000.0,,0.0,101127000.0,0.0,101127000.0,1985355000.0,325361000.0,1659994000.0,8356846410.0,98472000.0,-750000.0,316000.0,-13910000.0,-18399000.0,-32185000.0,-41106000.0,-725000.0,175261000.0,-3498000.0,120622000.0,120622000.0,120622000.0,0.0,1429000.0,0.17,88321000.0,163104000.0,55111000.0,0.152,4.456,23.144,23.179,287098000.0,0.0,45.43,3.098,3.098,333467000.0,2191984000.0,707890000.0,707890000.0,0.0,,,,,10509000.0,88321000.0,1.0,183949954.0,183949954,,3.848,1388350000.0,25745000.0,37825000.0,189682000.0,7.547,570963000.0
16,TSS,MRQ,2015-06-30,2015-06-30,2015-06-30,2019-07-31,-14395000.0,3812524000.0,,787745000.0,3024779000.0,,9.626,-25268000.0,349378000.0,349378000.0,459960000.0,83375000.0,2.378,1.133,1431305000.0,43791000.0,1387514000.0,1431305000.0,0.0,63905000.0,0.0,0.01,0.1,124436000.0,188341000.0,0.272,188341000.0,124436000.0,124436000.0,0.45,0.45,0.45,1774224000.0,,1774224000.0,8812169154.0,18.0,12.028,101533000.0,0.551,1.0,232692000.0,0.336,2528964000.0,0.0,2034263000.0,,0.0,109367000.0,0.0,109367000.0,2009987000.0,331224000.0,1678763000.0,7698711154.0,21266000.0,0.0,-20558000.0,-11307000.0,-18618000.0,-52488000.0,-55798000.0,-2800000.0,126801000.0,2751000.0,82839000.0,82839000.0,82839000.0,0.0,536000.0,0.12,102090000.0,130602000.0,57358000.0,0.222,4.339,23.742,23.869,287310000.0,0.0,41.77,2.953,2.953,314678000.0,2089914000.0,692652000.0,692652000.0,0.0,,,,,11717000.0,102090000.0,1.0,184311974.0,184311974,,3.758,1283560000.0,23403000.0,41597000.0,200929000.0,6.964,456521000.0
17,TSS,MRQ,2015-03-31,2015-03-31,2015-03-31,2019-07-31,-24274000.0,3777438000.0,,760640000.0,3016798000.0,,9.228,-31189000.0,328112000.0,328112000.0,449705000.0,78899000.0,2.208,1.195,1441570000.0,45526000.0,1396044000.0,1441570000.0,0.0,62815000.0,0.0,0.01,0.1,117537000.0,180352000.0,0.272,180352000.0,117537000.0,117537000.0,0.42,0.42,0.42,1707677000.0,,1707677000.0,8226635745.0,17.0,11.029,127303000.0,0.688,1.0,212451000.0,0.321,2532955000.0,0.0,2013448000.0,,0.0,105957000.0,0.0,105957000.0,2040017000.0,344493000.0,1695524000.0,7059801745.0,38929000.0,0.0,-43703000.0,-15086000.0,-18260000.0,-73756000.0,-41714000.0,1839000.0,158492000.0,-4093000.0,77755000.0,77755000.0,77755000.0,0.0,1144000.0,0.117,89955000.0,122496000.0,58473000.0,0.238,4.134,20.095,20.185,285413000.0,0.0,38.15,2.806,2.806,315524000.0,2025427000.0,662156000.0,662156000.0,0.0,,,,,4350000.0,89955000.0,1.0,185053781.0,185053781,,3.578,1244483000.0,19584000.0,39782000.0,209446000.0,6.725,416147000.0
18,TSS,MRQ,2014-12-31,2014-12-31,2014-12-31,2019-07-31,-11926000.0,3733581000.0,,690553000.0,3043028000.0,,9.106,-45936000.0,289183000.0,289183000.0,422129000.0,81243000.0,2.329,1.188,1456017000.0,50911000.0,1405106000.0,1456017000.0,0.0,63191000.0,0.0,0.012,0.1,115288000.0,178479000.0,0.281,178479000.0,115288000.0,115288000.0,0.43,0.43,0.43,1692762000.0,,1692762000.0,7510289582.0,17.0,10.719,124151000.0,0.668,1.0,212974000.0,0.335,2553957000.0,0.0,2049945000.0,,0.0,100468000.0,0.0,100468000.0,2011445000.0,296513000.0,1714932000.0,6313092582.0,23142000.0,-23000.0,-41630000.0,-19861000.0,-18637000.0,-80284000.0,-62079000.0,-1000.0,170087000.0,-4582000.0,79860000.0,79860000.0,79860000.0,3338000.0,1383000.0,0.126,90201000.0,122773000.0,48793000.0,0.233,3.729,19.553,19.63,290585000.0,0.0,33.96,2.58,2.58,283203000.0,1966370000.0,635103000.0,635103000.0,0.0,,,,,7124000.0,90201000.0,1.0,185897897.0,185897897,,3.416,1179624000.0,22192000.0,35428000.0,211820000.0,6.346,394040000.0
19,TSS,MRQ,2014-09-30,2014-09-30,2014-09-30,2019-07-31,1046000.0,3720582000.0,,688701000.0,3031881000.0,,9.061,-34964000.0,266041000.0,266041000.0,407391000.0,85198000.0,2.285,1.194,1463238000.0,47043000.0,1416195000.0,1463238000.0,0.0,62434000.0,0.0,0.013,0.1,123032000.0,185466000.0,0.301,185466000.0,123032000.0,123032000.0,0.45,0.45,0.45,1682544000.0,,1682544000.0,6959168791.0,16.0,10.172,115708000.0,0.623,1.0,209500000.0,0.34,2563769000.0,0.0,2052616000.0,,0.0,96114000.0,0.0,96114000.0,2008925000.0,301394000.0,1707531000.0,5748673791.0,15084000.0,-38631000.0,4547000.0,-14215000.0,-18526000.0,-28614000.0,-102989000.0,-2477000.0,150672000.0,-3985000.0,83805000.0,83805000.0,83805000.0,-880000.0,1393000.0,0.136,80093000.0,129407000.0,54507000.0,0.222,3.417,18.624,18.764,274571000.0,0.0,30.96,2.4,2.4,308671000.0,1905112000.0,616891000.0,616891000.0,0.0,,,,,4653000.0,80093000.0,1.0,185680678.0,185680678,,3.322,1156813000.0,17110000.0,39227000.0,191873000.0,6.23,387307000.0
20,TSS,MRQ,2014-06-30,2014-06-30,2014-06-30,2019-07-31,12504000.0,3677909000.0,,651938000.0,3025971000.0,,8.575,-36813000.0,250957000.0,250957000.0,416489000.0,111340000.0,2.019,1.254,1461452000.0,43160000.0,1418292000.0,1461452000.0,0.0,60961000.0,0.0,0.013,0.1,140675000.0,201636000.0,0.335,201636000.0,140675000.0,140675000.0,0.59,0.58,0.59,1618433000.0,,1618433000.0,7124904787.0,17.0,10.919,53923000.0,0.286,1.0,185547000.0,0.308,2557944000.0,0.0,2007568000.0,,0.0,99634000.0,0.0,99634000.0,2030245000.0,322892000.0,1707353000.0,5928282787.0,-56456000.0,45049000.0,-102930000.0,-12190000.0,-18845000.0,-135101000.0,-13475000.0,9000.0,90736000.0,1384000.0,109904000.0,109904000.0,109904000.0,-50133000.0,1436000.0,0.183,86784000.0,98763000.0,44078000.0,0.169,3.663,20.498,20.396,274507000.0,0.0,31.41,2.524,2.524,281338000.0,1839904000.0,602036000.0,602036000.0,0.0,,,,,8254000.0,86784000.0,1.0,188738707.0,188738707,,3.19,1119965000.0,12476000.0,30771000.0,194203000.0,5.934,329046000.0
21,TSS,MRQ,2014-03-31,2014-03-31,2014-03-31,2019-07-31,5320000.0,3721219000.0,,688856000.0,3032363000.0,,8.555,-29339000.0,274161000.0,274161000.0,422883000.0,51625000.0,2.102,1.287,1470783000.0,44945000.0,1425838000.0,1470783000.0,0.0,61432000.0,0.0,0.013,0.1,73638000.0,135070000.0,0.228,135070000.0,73638000.0,73638000.0,0.26,0.26,0.26,1607162000.0,,1607162000.0,6927575399.0,20.0,11.961,119367000.0,0.635,1.0,169965000.0,0.287,2557297000.0,0.0,2032849000.0,,0.0,96533000.0,0.0,96533000.0,2067620000.0,327695000.0,1739925000.0,5712765399.0,29183000.0,0.0,4366000.0,-22277000.0,-18788000.0,-72474000.0,-48064000.0,-822000.0,148706000.0,1015000.0,49303000.0,49303000.0,49303000.0,-980000.0,2322000.0,0.083,89268000.0,80697000.0,51488000.0,0.385,3.555,24.102,24.135,262754000.0,0.0,30.41,2.587,2.587,268794000.0,1748660000.0,592848000.0,592848000.0,0.0,,,,,3574000.0,89268000.0,1.0,187858119.0,187858119,,3.156,1163922000.0,16380000.0,24335000.0,229649000.0,6.196,361161000.0
22,TSS,MRQ,2013-12-31,2013-12-31,2013-12-31,2019-07-31,3749000.0,3686568000.0,,653933000.0,3032635000.0,,8.331,-56006000.0,247700000.0,247700000.0,386295000.0,69392000.0,2.2,1.293,1492670000.0,56919000.0,1435751000.0,1492670000.0,0.0,62861000.0,0.0,0.012,0.1,99089000.0,161950000.0,0.278,161950000.0,99089000.0,99089000.0,0.35,0.35,0.35,1581077000.0,,1581077000.0,7474610282.0,21.0,13.322,88907000.0,0.468,1.0,196808000.0,0.338,2571701000.0,0.0,2062622000.0,,0.0,94133000.0,0.0,94133000.0,2044490000.0,297215000.0,1747275000.0,6315910282.0,-118630000.0,0.0,-84387000.0,-84263000.0,-18996000.0,-188269000.0,-75379000.0,-232000.0,144913000.0,105000.0,65655000.0,65655000.0,65655000.0,-750000.0,3737000.0,0.113,87950000.0,108858000.0,33651000.0,0.286,3.995,25.806,25.6,259968000.0,0.0,33.28,3.06,3.06,255773000.0,1718204000.0,583103000.0,583103000.0,0.0,,,,,8545000.0,99959000.0,1.0,189780958.0,189780958,,3.073,1114867000.0,18130000.0,33434000.0,228727000.0,5.874,356718000.0
23,TSS,MRQ,2013-09-30,2013-09-30,2013-09-30,2019-07-31,-220000.0,3754886000.0,,760581000.0,2994305000.0,,8.472,-27893000.0,396860000.0,396860000.0,377147000.0,67494000.0,2.555,1.303,1555560000.0,50841000.0,1504719000.0,1555560000.0,0.0,59447000.0,0.0,0.014,0.1,94450000.0,153897000.0,0.27,153897000.0,94450000.0,94450000.0,0.34,0.34,0.34,1604768000.0,,1604768000.0,5515714582.0,16.0,10.347,122344000.0,0.646,1.0,193404000.0,0.339,2541422000.0,0.0,2074512000.0,,0.0,89964000.0,0.0,89964000.0,2090634000.0,297652000.0,1792982000.0,5572651582.0,-977349000.0,-1314660000.0,8040000.0,236976000.0,-18756000.0,225189000.0,-1355011000.0,-140000.0,150237000.0,2236000.0,64350000.0,64350000.0,64350000.0,-611000.0,3144000.0,0.113,88925000.0,104479000.0,44119000.0,0.294,3.473,23.224,22.806,259865000.0,0.0,29.42,2.96,2.96,261595000.0,1671595000.0,570551000.0,570551000.0,0.0,,,,,9096000.0,81643000.0,1.0,189417117.0,189417117,,3.012,1213464000.0,20447000.0,30100000.0,220846000.0,6.406,462929000.0
24,TSS,MRQ,2013-06-30,2013-06-30,2013-06-30,2019-07-31,-9950000.0,3188177000.0,,1716637000.0,1471540000.0,,8.106,-12252000.0,1374922000.0,1374922000.0,301627000.0,60561000.0,8.236,1.065,1317985000.0,44057000.0,1273928000.0,1317985000.0,0.0,40545000.0,0.0,0.016,0.1,87700000.0,128245000.0,0.278,128245000.0,87700000.0,87700000.0,0.31,0.31,0.31,1515906000.0,,1515906000.0,4579047299.0,13.0,8.927,92559000.0,0.495,1.0,160233000.0,0.347,1045349000.0,0.0,1877467000.0,,0.0,94447000.0,0.0,94447000.0,1614258000.0,208424000.0,1405834000.0,4578074299.0,1151112000.0,0.0,16131000.0,1075888000.0,-18758000.0,1071579000.0,-23687000.0,-595000.0,104811000.0,-1591000.0,57716000.0,57716000.0,57716000.0,-678000.0,2845000.0,0.125,65591000.0,94642000.0,28623000.0,0.323,3.02,19.405,19.276,248778000.0,0.0,24.48,2.571,2.571,250124000.0,1626300000.0,461860000.0,461860000.0,0.0,,,,,3707000.0,64345000.0,1.0,187012839.0,187012839,,2.47,2142828000.0,14228000.0,29984000.0,66885000.0,11.458,1508213000.0
25,TSS,MRQ,2013-03-31,2013-03-31,2013-03-31,2019-07-31,-9431000.0,2039194000.0,,566702000.0,1472492000.0,,7.797,-41682000.0,232143000.0,232143000.0,304369000.0,59149000.0,2.574,0.361,233116000.0,47370000.0,185746000.0,233116000.0,0.0,42498000.0,0.0,0.016,0.1,74491000.0,116989000.0,0.261,116989000.0,74491000.0,74491000.0,0.31,0.3,0.31,1454801000.0,,1454801000.0,4608648044.0,13.0,8.877,10755000.0,0.058,1.0,144422000.0,0.322,1058350000.0,0.0,761620000.0,,0.0,91751000.0,0.0,91751000.0,525648000.0,220197000.0,305451000.0,4623622044.0,-24515000.0,0.0,-2950000.0,-13318000.0,0.0,-16685000.0,-55759000.0,-411000.0,52437000.0,-4508000.0,57028000.0,57028000.0,57028000.0,-15000.0,2121000.0,0.127,69902000.0,74520000.0,33143000.0,0.323,3.178,18.879,18.916,252797000.0,0.0,24.78,2.596,2.596,237257000.0,1587540000.0,448791000.0,448791000.0,0.0,,,,,4057000.0,66421000.0,1.0,186586846.0,186586846,,2.405,980844000.0,13357000.0,17463000.0,54103000.0,5.257,346505000.0
26,TSS,MRQ,2012-12-31,2012-12-31,2012-12-31,2019-07-31,1408000.0,2023838000.0,,574726000.0,1449112000.0,,7.628,-24798000.0,247612000.0,247612000.0,242729000.0,62257000.0,2.493,0.378,232638000.0,40624000.0,192014000.0,232638000.0,0.0,43281000.0,0.0,0.019,0.1,90642000.0,133923000.0,0.333,133923000.0,90642000.0,90642000.0,0.33,0.32,0.33,1425210000.0,,1425210000.0,3880401991.0,11.0,7.335,96968000.0,0.519,1.0,158956000.0,0.396,1036582000.0,0.0,741763000.0,,0.0,87764000.0,0.0,87764000.0,539398000.0,230519000.0,308879000.0,4002064991.0,-108957000.0,-122448000.0,-13162000.0,-20367000.0,-37316000.0,-70822000.0,-156591000.0,-661000.0,121766000.0,-3310000.0,60862000.0,60862000.0,60862000.0,-995000.0,1395000.0,0.152,71808000.0,87148000.0,63370000.0,0.303,2.808,16.383,16.477,260389000.0,0.0,21.42,2.231,2.231,247083000.0,1549063000.0,401685000.0,401685000.0,0.0,,,,,6250000.0,71040000.0,1.0,186837768.0,186837768,,2.15,987256000.0,15159000.0,29780000.0,48074000.0,5.284,344207000.0
27,TSS,MRQ,2012-09-30,2012-09-30,2012-09-30,2019-07-31,1644000.0,1969919000.0,,690953000.0,1278966000.0,,7.396,-17674000.0,356569000.0,356569000.0,315685000.0,62043000.0,3.12,0.374,234906000.0,37549000.0,197357000.0,234906000.0,0.0,43243000.0,0.0,0.017,0.1,90540000.0,133783000.0,0.286,133783000.0,90540000.0,90540000.0,0.32,0.32,0.32,1390945000.0,,1390945000.0,4295852078.0,12.0,8.133,112909000.0,0.6,1.0,152374000.0,0.326,886549000.0,0.0,740271000.0,,0.0,83037000.0,0.0,83037000.0,519567000.0,221436000.0,298131000.0,4457242078.0,-62074000.0,-64500000.0,-56465000.0,-27353000.0,-18910000.0,-103855000.0,-92881000.0,-1747000.0,130583000.0,4079000.0,60312000.0,60312000.0,60312000.0,0.0,1731000.0,0.129,61481000.0,90893000.0,32824000.0,0.313,3.204,18.321,18.372,264803000.0,0.0,23.7,2.391,2.391,248441000.0,1507542000.0,468059000.0,468059000.0,0.0,,,,,3139000.0,61099000.0,1.0,188069286.0,188069286,,2.489,1083370000.0,15024000.0,30228000.0,33199000.0,5.76,469517000.0
28,TSS,MRQ,2012-06-30,2012-06-30,2012-06-30,2019-07-31,-6841000.0,1936541000.0,,753840000.0,1182701000.0,,7.367,-29197000.0,418643000.0,418643000.0,312669000.0,67977000.0,2.026,0.375,257253000.0,197177000.0,60076000.0,257253000.0,0.0,43213000.0,0.0,0.015,0.1,91263000.0,134476000.0,0.291,134476000.0,91263000.0,91263000.0,0.35,0.35,0.35,1392951000.0,,1392951000.0,4405949988.0,13.0,8.485,76294000.0,0.403,1.0,149982000.0,0.324,797262000.0,0.0,605791000.0,,0.0,85843000.0,0.0,85843000.0,522823000.0,372098000.0,150725000.0,4524715988.0,47688000.0,0.0,1659000.0,2100000.0,-18896000.0,-14994000.0,-40962000.0,-124000.0,105491000.0,-1847000.0,66710000.0,66710000.0,66710000.0,0.0,1267000.0,0.144,57886000.0,92096000.0,28470000.0,0.286,3.248,18.765,18.843,259160000.0,0.0,23.93,2.438,2.438,246335000.0,1465933000.0,462651000.0,462651000.0,0.0,,,,,4885000.0,57591000.0,1.0,189081320.0,189081320,,2.447,1139279000.0,12948000.0,24553000.0,31494000.0,6.025,381742000.0
29,TSS,MRQ,2012-03-31,2012-03-31,2012-03-31,2019-07-31,3489000.0,1906135000.0,,712980000.0,1193155000.0,,7.142,-12012000.0,370955000.0,370955000.0,318258000.0,57644000.0,1.861,0.399,252189000.0,194502000.0,57687000.0,252189000.0,0.0,40873000.0,0.0,0.015,0.1,85951000.0,126824000.0,0.275,126824000.0,85951000.0,85951000.0,0.3,0.3,0.3,1349051000.0,,1349051000.0,4300339651.0,13.0,8.53,85901000.0,0.455,1.0,142904000.0,0.31,802052000.0,0.0,602283000.0,,0.0,85891000.0,0.0,85891000.0,537911000.0,383034000.0,154877000.0,4357469651.0,54618000.0,-1750000.0,2701000.0,-6505000.0,-18913000.0,-23294000.0,-19360000.0,-499000.0,97913000.0,-641000.0,56395000.0,56395000.0,56395000.0,0.0,1249000.0,0.122,58073000.0,84831000.0,35827000.0,0.333,3.23,19.098,19.225,260900000.0,0.0,23.07,2.367,2.367,253732000.0,1418140000.0,461162000.0,461162000.0,0.0,,,,,3088000.0,58073000.0,1.0,188880349.0,188880349,,2.442,1104083000.0,12665000.0,29556000.0,36064000.0,5.845,329946000.0
30,TSS,MRQ,2011-12-31,2011-12-31,2011-12-31,2019-07-31,-445000.0,1858392000.0,,650181000.0,1208211000.0,,6.463,-22837000.0,316337000.0,316337000.0,322946000.0,60914000.0,1.708,0.413,259207000.0,195614000.0,63593000.0,259207000.0,0.0,43762000.0,0.0,0.016,0.1,89370000.0,133132000.0,0.282,133132000.0,89370000.0,89370000.0,0.32,0.32,0.32,1301289000.0,,1301289000.0,3922938883.0,12.0,7.968,115817000.0,0.575,1.0,149288000.0,0.316,814979000.0,0.0,605707000.0,,0.0,82924000.0,0.0,82924000.0,537383000.0,380576000.0,156807000.0,3938557883.0,35624000.0,-2600000.0,-41588000.0,-7840000.0,-13333000.0,-63334000.0,-35047000.0,-493000.0,138654000.0,-4649000.0,59875000.0,59875000.0,59875000.0,0.0,1039000.0,0.127,59570000.0,89718000.0,26095000.0,0.313,3.027,17.857,17.009,266608000.0,0.0,19.56,2.177,2.177,248541000.0,1380634000.0,472234000.0,472234000.0,0.0,,,,,4357000.0,58281000.0,1.0,201357765.0,201357765,,2.345,1043413000.0,16941000.0,29495000.0,32889000.0,5.182,269605000.0
31,TSS,MRQ,2011-09-30,2011-09-30,2011-09-30,2019-07-31,51000.0,1849050000.0,,631791000.0,1217259000.0,,6.738,-13818000.0,280756000.0,280756000.0,321481000.0,57688000.0,2.918,0.409,265137000.0,54074000.0,211063000.0,265137000.0,0.0,42368000.0,0.0,0.017,0.07,82434000.0,124802000.0,0.271,124802000.0,82434000.0,82434000.0,0.3,0.3,0.3,1298173000.0,,1298173000.0,3264547969.0,11.0,6.913,84553000.0,0.439,1.0,138266000.0,0.301,819718000.0,0.0,797234000.0,,0.0,81036000.0,0.0,81036000.0,531347000.0,216479000.0,314868000.0,3261778969.0,17379000.0,-22000.0,-37257000.0,-6558000.0,-13487000.0,-57291000.0,-21912000.0,-1573000.0,98371000.0,-1789000.0,58148000.0,58148000.0,58148000.0,0.0,-460000.0,0.126,57086000.0,81180000.0,25763000.0,0.233,2.513,15.692,15.676,286464000.0,0.0,16.93,1.836,1.836,246971000.0,1339672000.0,459747000.0,459747000.0,0.0,,,,,4053000.0,57086000.0,1.0,192662668.0,192662668,,2.386,1029332000.0,15529000.0,24286000.0,40701000.0,5.343,415312000.0
32,TSS,MRQ,2011-06-30,2011-06-30,2011-06-30,2019-07-31,8334000.0,1832278000.0,,587661000.0,1244617000.0,,6.801,-15949000.0,263352000.0,263352000.0,312052000.0,54647000.0,2.564,0.384,266121000.0,52106000.0,214015000.0,266121000.0,0.0,41967000.0,0.0,0.015,0.07,77405000.0,119372000.0,0.267,119372000.0,77405000.0,77405000.0,0.28,0.28,0.28,1310229000.0,,1310229000.0,3597390217.0,12.0,7.801,81174000.0,0.421,1.0,135502000.0,0.303,838718000.0,0.0,767125000.0,,0.0,81951000.0,0.0,81951000.0,503620000.0,229204000.0,274416000.0,3579480217.0,10846000.0,-45287000.0,220000.0,-5943000.0,-13573000.0,-19793000.0,-70041000.0,0.0,97123000.0,3557000.0,53747000.0,53747000.0,53747000.0,0.0,900000.0,0.12,56973000.0,78529000.0,29189000.0,0.25,2.732,18.314,18.396,293637000.0,0.0,18.58,2.045,2.045,226327000.0,1294877000.0,447554000.0,447554000.0,0.0,,,,,4361000.0,56973000.0,1.0,192652326.0,192652326,,2.323,993560000.0,12090000.0,23658000.0,189000.0,5.157,358457000.0
33,TSS,MRQ,2011-03-31,2011-03-31,2011-03-31,2019-07-31,7405000.0,1785025000.0,,572011000.0,1213014000.0,,6.349,-11718000.0,252580000.0,252580000.0,301492000.0,49412000.0,2.619,0.439,270490000.0,51376000.0,219114000.0,270490000.0,0.0,41068000.0,0.0,0.016,0.07,73948000.0,115016000.0,0.268,115016000.0,73948000.0,73948000.0,0.25,0.25,0.25,1228015000.0,,1228015000.0,3368034965.0,11.0,7.319,90453000.0,0.468,1.0,127938000.0,0.298,803427000.0,0.0,781092000.0,,0.0,80379000.0,0.0,80379000.0,539608000.0,218416000.0,321192000.0,3485239965.0,-142307000.0,0.0,-34581000.0,-8551000.0,-13556000.0,-230635000.0,-14420000.0,0.0,102171000.0,577000.0,48790000.0,48790000.0,48790000.0,0.0,622000.0,0.114,54910000.0,73028000.0,32069000.0,0.28,2.838,18.208,18.388,297463000.0,0.0,18.02,2.01,2.01,236952000.0,1254554000.0,429430000.0,429430000.0,0.0,,,,,4229000.0,54910000.0,1.0,193409543.0,193409543,,2.22,981598000.0,9552000.0,25158000.0,44773000.0,5.075,353595000.0
34,TSS,MRQ,2010-12-31,2010-12-31,2010-12-31,2019-07-31,-2585000.0,1952261000.0,,721813000.0,1230448000.0,,6.387,-69547000.0,395229000.0,395229000.0,311902000.0,51618000.0,3.176,0.442,278024000.0,52748000.0,225276000.0,278024000.0,0.0,44004000.0,0.0,0.018,0.07,69013000.0,113017000.0,0.257,113017000.0,69013000.0,69013000.0,0.25,0.25,0.25,1241124000.0,,1241124000.0,2865033347.0,10.0,6.186,39711000.0,0.204,1.0,128089000.0,0.291,816192000.0,0.0,791594000.0,,0.0,77127000.0,0.0,77127000.0,548456000.0,227270000.0,321186000.0,2988716347.0,22195000.0,41000.0,0.0,39954000.0,-13655000.0,17518000.0,-102333000.0,68000.0,109258000.0,-2248000.0,47174000.0,47174000.0,47174000.0,81000.0,4444000.0,0.107,57115000.0,70974000.0,36068000.0,0.28,2.408,15.41,15.535,300102000.0,0.0,15.38,1.74,1.74,237646000.0,1219303000.0,439991000.0,439991000.0,0.0,,,,,4105000.0,57115000.0,1.0,194324860.0,194324860,,2.264,1136069000.0,13794000.0,21839000.0,42547000.0,5.846,494543000.0
35,TSS,MRQ,2010-09-30,2010-09-30,2010-09-30,2019-07-31,2375000.0,1920955000.0,,747031000.0,1173924000.0,,6.296,-24885000.0,373098000.0,373098000.0,302692000.0,49706000.0,3.409,0.439,249415000.0,24601000.0,224814000.0,249415000.0,0.0,40141000.0,0.0,0.018,0.07,73622000.0,113763000.0,0.263,113763000.0,73622000.0,73622000.0,0.23,0.23,0.23,1242976000.0,,1242976000.0,2852621393.0,9.0,5.915,59309000.0,0.3,1.0,130544000.0,0.301,765950000.0,0.0,812184000.0,,0.0,74024000.0,0.0,74024000.0,545555000.0,219138000.0,326417000.0,3008566393.0,-15393000.0,4224000.0,-44988000.0,-4080000.0,-13827000.0,-62895000.0,-43547000.0,0.0,84194000.0,6855000.0,45743000.0,45743000.0,45743000.0,2463000.0,3963000.0,0.106,51630000.0,78914000.0,10296000.0,0.304,2.42,14.535,14.654,298766000.0,0.0,15.24,1.759,1.759,264775000.0,1185590000.0,433236000.0,433236000.0,0.0,,,,,3771000.0,51630000.0,1.0,197412493.0,197412493,,2.195,1155005000.0,7195000.0,27879000.0,56072000.0,5.851,527893000.0
36,TSS,MRQ,2010-06-30,2010-06-30,2010-06-30,2019-07-31,-11044000.0,1895864000.0,,738403000.0,1157461000.0,,6.276,-28708000.0,396192000.0,396192000.0,295880000.0,52478000.0,3.539,0.427,240247000.0,15343000.0,224904000.0,240247000.0,0.0,40402000.0,0.0,0.021,0.07,77976000.0,118378000.0,0.275,118378000.0,77976000.0,77976000.0,0.25,0.25,0.25,1238790000.0,,1238790000.0,2363316271.0,7.0,4.774,33465000.0,0.17,1.0,135007000.0,0.313,751628000.0,0.0,779636000.0,,0.0,75751000.0,0.0,75751000.0,529515000.0,208655000.0,320860000.0,2684642271.0,-146494000.0,-148531000.0,269000.0,-4127000.0,-13808000.0,-17916000.0,-187213000.0,0.0,62173000.0,-3538000.0,49704000.0,49704000.0,49704000.0,273000.0,2774000.0,0.115,55178000.0,79829000.0,48300000.0,0.28,2.167,12.413,12.477,293046000.0,0.0,13.6,1.574,1.574,231598000.0,1153670000.0,430887000.0,430887000.0,0.0,,,,,5043000.0,55178000.0,1.0,197400167.0,197400167,,2.183,1144236000.0,7692000.0,28272000.0,51145000.0,5.797,529748000.0
37,TSS,MRQ,2010-03-31,2010-03-31,2010-03-31,2019-07-31,-7145000.0,1764043000.0,,871645000.0,892398000.0,,6.092,-18699000.0,564835000.0,564835000.0,290538000.0,51819000.0,3.812,0.457,243509000.0,16874000.0,226635000.0,243509000.0,0.0,38564000.0,0.0,0.018,0.07,79424000.0,117988000.0,0.285,117988000.0,79424000.0,79424000.0,0.26,0.26,0.26,1201510000.0,,1201510000.0,2810890925.0,8.0,5.651,114836000.0,0.582,1.0,122926000.0,0.297,495261000.0,0.0,718806000.0,,0.0,76021000.0,0.0,76021000.0,549116000.0,228650000.0,320466000.0,3088635925.0,84532000.0,0.0,-966000.0,-3731000.0,-13797000.0,-18383000.0,-28613000.0,0.0,133535000.0,-2007000.0,51327000.0,51327000.0,51327000.0,428000.0,492000.0,0.124,43214000.0,79712000.0,29249000.0,0.269,2.571,14.038,14.108,291400000.0,0.0,15.66,1.831,1.831,218815000.0,1117789000.0,413464000.0,413464000.0,0.0,,,,,2802000.0,43214000.0,1.0,197230902.0,197230902,,2.096,1268782000.0,9980000.0,28097000.0,49324000.0,6.433,642995000.0
38,TSS,MRQ,2009-12-31,2009-12-31,2009-12-31,2019-07-31,5673000.0,1710954000.0,,810896000.0,900058000.0,,5.963,-26100000.0,496444000.0,496444000.0,294403000.0,62891000.0,3.673,0.444,218400000.0,13277000.0,205123000.0,218400000.0,0.0,38957000.0,0.0,0.016,0.07,93216000.0,132173000.0,0.306,132173000.0,93216000.0,93216000.0,0.3,0.3,0.3,1175801000.0,,1175801000.0,3180243263.0,9.0,6.444,63981000.0,0.324,1.0,138126000.0,0.319,504830000.0,0.0,707301000.0,,0.0,75495000.0,0.0,75495000.0,521507000.0,220779000.0,300728000.0,3405376263.0,29815000.0,-12000.0,1000.0,-5691000.0,-13802000.0,-19492000.0,-37997000.0,0.0,90081000.0,-2777000.0,60214000.0,60214000.0,60214000.0,428000.0,2677000.0,0.139,44219000.0,93907000.0,21487000.0,0.233,2.896,15.823,15.844,289069000.0,0.0,17.27,2.03,2.03,231162000.0,1080250000.0,432529000.0,432529000.0,0.0,,,,,2883000.0,44219000.0,1.0,197184497.0,197184497,,2.194,1206124000.0,11302000.0,33002000.0,47162000.0,6.117,590117000.0
39,TSS,MRQ,2009-09-30,2009-09-30,2009-09-30,2019-07-31,7975000.0,1676267000.0,,778329000.0,897938000.0,,5.727,-20010000.0,446458000.0,446458000.0,294596000.0,55326000.0,3.424,0.475,221325000.0,12342000.0,208983000.0,221325000.0,0.0,39547000.0,0.0,0.017,0.07,86937000.0,126484000.0,0.295,126484000.0,86937000.0,86937000.0,0.28,0.28,0.28,1129014000.0,,1129014000.0,3029619070.0,9.0,6.091,93951000.0,0.477,1.0,134321000.0,0.313,508775000.0,0.0,715059000.0,,0.0,72936000.0,0.0,72936000.0,536113000.0,227300000.0,308813000.0,3176027070.0,73861000.0,1990000.0,0.0,-3392000.0,-13811000.0,-17203000.0,-24626000.0,0.0,113961000.0,1729000.0,55026000.0,55026000.0,55026000.0,3255000.0,300000.0,0.128,46027000.0,88294000.0,36387000.0,0.25,2.813,14.35,14.384,286554000.0,0.0,16.11,1.899,1.899,240753000.0,1033851000.0,428917000.0,428917000.0,0.0,,,,,4008000.0,46027000.0,1.0,197146311.0,197146311,,2.176,1167492000.0,16440000.0,31911000.0,52757000.0,5.922,551029000.0
40,TSS,MRQ,2009-06-30,2009-06-30,2009-06-30,2019-07-31,8062000.0,1634779000.0,,715420000.0,919359000.0,,5.498,-25470000.0,370861000.0,370861000.0,280111000.0,54018000.0,3.07,0.498,224453000.0,12665000.0,211788000.0,224453000.0,0.0,38117000.0,0.0,0.021,0.07,82676000.0,120793000.0,0.293,120793000.0,82676000.0,82676000.0,0.27,0.27,0.27,1083915000.0,,1083915000.0,2562729469.0,7.0,4.984,94955000.0,0.482,1.0,131882000.0,0.32,517195000.0,0.0,738171000.0,,0.0,71706000.0,0.0,71706000.0,540319000.0,233005000.0,307314000.0,2639985469.0,68734000.0,-88000.0,2000.0,-3639000.0,-13816000.0,-17682000.0,-31671000.0,0.0,120425000.0,-2338000.0,53447000.0,53447000.0,53447000.0,-1120000.0,571000.0,0.13,49103000.0,82779000.0,29627000.0,0.259,2.436,11.46,11.543,280336000.0,0.0,13.39,1.569,1.569,227583000.0,992638000.0,411993000.0,411993000.0,0.0,,,,,3934000.0,49103000.0,1.0,197160976.0,197160976,,2.09,1117584000.0,16949000.0,29229000.0,51456000.0,5.668,482415000.0
41,TSS,MRQ,2009-03-31,2009-03-31,2009-03-31,2019-07-31,-10383000.0,1589152000.0,,678944000.0,910208000.0,,5.228,-13941000.0,303935000.0,303935000.0,284675000.0,46941000.0,2.66,0.546,226679000.0,15573000.0,211106000.0,226679000.0,0.0,39850000.0,0.0,0.02,0.07,73941000.0,113791000.0,0.278,113791000.0,73941000.0,73941000.0,0.24,0.24,0.24,1021806000.0,,1021806000.0,2693296994.0,7.0,5.072,84729000.0,0.433,1.0,124258000.0,0.304,510320000.0,0.0,746343000.0,,0.0,75027000.0,0.0,75027000.0,557617000.0,255233000.0,302384000.0,2724346994.0,57527000.0,-205000.0,-329000.0,-813000.0,-13779000.0,-14921000.0,-25138000.0,0.0,98670000.0,-1084000.0,46526000.0,46526000.0,46526000.0,3343000.0,415000.0,0.114,46143000.0,78115000.0,29177000.0,0.292,2.666,11.351,11.413,273028000.0,0.0,13.81,1.602,1.587,240421000.0,953005000.0,408933000.0,408933000.0,0.0,,,,,5297000.0,46143000.0,1.0,197273497.0,195461000,195816000.0,2.092,1078832000.0,14777000.0,27415000.0,49674000.0,5.519,423711000.0
42,TSS,MRQ,2008-12-31,2008-12-31,2008-12-31,2019-07-31,-6627000.0,1550024000.0,,625234000.0,924790000.0,,5.053,-32153000.0,242493000.0,242493000.0,1152648000.0,66582000.0,2.651,0.554,224790000.0,14919000.0,209871000.0,224790000.0,0.0,39791000.0,0.0,0.02,0.07,96555000.0,136346000.0,0.323,136346000.0,96555000.0,96555000.0,0.33,0.33,0.33,990949000.0,,990949000.0,2690569192.0,7.0,4.928,41776000.0,0.213,1.0,-730016000.0,-1.727,517053000.0,0.0,779464000.0,,0.0,74012000.0,0.0,74012000.0,549174000.0,235804000.0,313370000.0,2755602192.0,-88986000.0,-49395000.0,-12102000.0,-40061000.0,-14091000.0,-66246000.0,-88049000.0,343000.0,73929000.0,-8620000.0,66328000.0,66328000.0,66328000.0,2145000.0,254000.0,0.157,-622891000.0,-107125000.0,32440000.0,0.212,2.781,11.018,11.111,291341000.0,0.0,14.0,1.61,1.604,246767000.0,920292000.0,422632000.0,422632000.0,0.0,,,,,3465000.0,-485042000.0,1.0,196828728.0,196106000,196705000.0,2.155,1032971000.0,22793000.0,30227000.0,60573000.0,5.267,389430000.0
43,TSS,MRQ,2008-09-30,2008-09-30,2008-09-30,2019-07-31,25235000.0,1586497000.0,,694632000.0,891865000.0,,5.006,-25866000.0,328457000.0,328457000.0,0.0,64448000.0,2.27,0.607,263424000.0,74214000.0,189210000.0,263424000.0,0.0,45097000.0,0.0,0.202,0.07,98165000.0,143262000.0,0.326,143262000.0,98165000.0,98165000.0,0.32,0.32,0.32,981257000.0,,981257000.0,3228567399.0,9.0,6.016,78568000.0,0.401,1.0,439446000.0,1.0,497215000.0,0.0,718262000.0,,0.0,85187000.0,0.0,85187000.0,595686000.0,305987000.0,289699000.0,3241925399.0,51201000.0,-965000.0,15000.0,-4631000.0,-13590000.0,-18205000.0,-33369000.0,-343000.0,104434000.0,-1659000.0,64074000.0,64074000.0,64074000.0,-269000.0,374000.0,0.146,277414000.0,162032000.0,36504000.0,0.219,3.304,14.129,14.138,283400000.0,0.0,16.4,2.021,2.004,260843000.0,867739000.0,439446000.0,439446000.0,0.0,,,,,5584000.0,225304000.0,1.0,197678378.0,196000000,196450000.0,2.242,1089282000.0,36457000.0,34091000.0,72782000.0,5.558,388645000.0
44,TSS,MRQ,2008-06-30,2008-06-30,2008-06-30,2019-07-31,33076000.0,1546079000.0,,654138000.0,891941000.0,,4.755,-24112000.0,283118000.0,283118000.0,0.0,63781000.0,2.135,0.646,269760000.0,77736000.0,192024000.0,269760000.0,0.0,40526000.0,0.0,0.149,0.07,97065000.0,137591000.0,0.32,137591000.0,97065000.0,97065000.0,0.32,0.32,0.32,933278000.0,,933278000.0,4404475524.0,12.0,8.284,50361000.0,0.257,1.0,429630000.0,1.0,504823000.0,0.0,721550000.0,,0.0,85377000.0,0.0,85377000.0,603000000.0,306348000.0,296652000.0,4403648524.0,15154000.0,0.0,-12033000.0,612000.0,-13910000.0,-25558000.0,-35361000.0,0.0,74473000.0,1600000.0,63084000.0,63084000.0,63084000.0,-234000.0,697000.0,0.147,266207000.0,163423000.0,40277000.0,0.219,4.718,18.805,18.672,288159000.0,0.0,22.22,2.715,2.689,267678000.0,817485000.0,429630000.0,429630000.0,0.0,,,,,7766000.0,218529000.0,1.0,198184002.0,196281000,196970000.0,2.189,1041256000.0,30707000.0,33981000.0,73623000.0,5.305,347790000.0
45,TSS,MRQ,2008-03-31,2008-03-31,2008-03-31,2019-07-31,32687000.0,1522977000.0,,625569000.0,897408000.0,,4.513,-19114000.0,268355000.0,268355000.0,0.0,56864000.0,1.875,0.704,269182000.0,75328000.0,193854000.0,269182000.0,0.0,39229000.0,0.0,0.14,0.07,89521000.0,128750000.0,0.307,128750000.0,89521000.0,89521000.0,0.29,0.29,0.29,887916000.0,,887916000.0,4732898074.0,13.0,8.867,80885000.0,0.411,1.0,419826000.0,1.0,512395000.0,0.0,677751000.0,,0.0,85189000.0,0.0,85189000.0,625268000.0,333658000.0,291610000.0,4704783074.0,32131000.0,0.0,-11310000.0,-4976000.0,-13858000.0,-30077000.0,-36282000.0,0.0,99999000.0,-1509000.0,56614000.0,56614000.0,56614000.0,-233000.0,250000.0,0.135,267034000.0,152792000.0,43638000.0,0.241,5.299,19.87,19.717,287594000.0,0.0,23.66,2.847,2.817,261935000.0,768264000.0,419826000.0,419826000.0,0.0,,,,,7828000.0,217480000.0,1.0,198849665.0,196745000,197306000.0,2.134,1010582000.0,19787000.0,32907000.0,67232000.0,5.137,291911000.0
46,TSS,MRQ,2007-12-31,2007-12-31,2007-12-31,2019-07-31,28322000.0,1479020000.0,,586578000.0,892442000.0,,4.292,-50078000.0,240206000.0,240206000.0,273594000.0,47656000.0,2.142,0.741,268321000.0,11728000.0,256593000.0,268321000.0,0.0,42252000.0,0.0,0.118,3.1,84816000.0,127068000.0,0.403,127068000.0,84816000.0,86308000.0,0.23,0.23,0.23,844473000.0,,844473000.0,4996292916.0,13.0,9.322,37306000.0,0.19,1.0,41533000.0,0.132,513436000.0,-1492000.0,719904000.0,,0.0,80905000.0,0.0,80905000.0,625967000.0,273795000.0,352172000.0,5541521916.0,-382316000.0,-12552000.0,6414000.0,188288000.0,-613821000.0,-414634000.0,-64020000.0,472000.0,87384000.0,8954000.0,45680000.0,45680000.0,45680000.0,-2829000.0,1976000.0,0.145,245808000.0,-204275000.0,41817000.0,13.478,6.562,23.338,23.333,283138000.0,0.0,28.0,3.333,3.314,256970000.0,725561000.0,315127000.0,315127000.0,0.0,,,,,4254000.0,193581000.0,1.0,197911497.0,196759000,197165000.0,1.602,965584000.0,17152000.0,40628000.0,67428000.0,4.907,312783000.0
47,TSS,MRQ,2007-09-30,2007-09-30,2007-09-30,2019-07-31,25575000.0,1826886000.0,,963409000.0,863477000.0,,7.064,-22657000.0,624913000.0,624913000.0,0.0,68802000.0,3.819,0.309,79684000.0,5822000.0,73862000.0,79684000.0,0.0,37606000.0,0.0,0.01,0.07,100665000.0,138271000.0,0.302,138271000.0,100665000.0,99749000.0,0.35,0.35,0.35,1389765000.0,,1389765000.0,5008097932.0,12.0,8.376,105315000.0,0.535,1.0,457565000.0,1.0,508026000.0,916000.0,521351000.0,,0.0,65669000.0,0.0,65669000.0,429178000.0,252280000.0,176898000.0,5486393932.0,140640000.0,0.0,146000.0,65014000.0,-13827000.0,51486000.0,-33993000.0,0.0,127972000.0,-4825000.0,68802000.0,68802000.0,68802000.0,0.0,0.0,0.15,267803000.0,189762000.0,37419000.0,0.2,3.948,19.677,19.702,276113000.0,0.0,27.78,2.964,2.952,251778000.0,1293735000.0,457565000.0,457565000.0,0.0,,,,,3132000.0,213705000.0,1.0,197494382.0,196740000,197089000.0,2.326,1318860000.0,27909000.0,30947000.0,72318000.0,6.704,711129000.0
48,TSS,MRQ,2007-06-30,2007-06-30,2007-06-30,2019-07-31,23317000.0,1704499000.0,,832951000.0,871548000.0,,6.757,-9551000.0,493938000.0,493938000.0,0.0,65688000.0,3.377,0.277,15642000.0,6008000.0,9634000.0,15642000.0,0.0,38010000.0,0.0,0.009,0.07,101657000.0,139667000.0,0.304,139667000.0,101657000.0,101291000.0,0.33,0.33,0.33,1329000000.0,,1329000000.0,5373710571.0,13.0,9.254,43505000.0,0.221,1.0,460155000.0,1.0,514450000.0,366000.0,465084000.0,,0.0,62796000.0,0.0,62796000.0,368477000.0,246669000.0,121808000.0,5825180571.0,30483000.0,472000.0,1594000.0,-1182000.0,-13815000.0,-12037000.0,-11948000.0,-472000.0,53056000.0,1412000.0,65688000.0,65688000.0,65688000.0,0.0,0.0,0.143,268178000.0,191977000.0,31024000.0,0.212,4.383,22.038,22.022,272560000.0,0.0,29.51,3.174,3.162,253640000.0,1238758000.0,460155000.0,460155000.0,0.0,,,,,2194000.0,214810000.0,1.0,197396834.0,196693000,197150000.0,2.339,1190049000.0,26853000.0,35603000.0,75468000.0,6.05,586282000.0
49,TSS,MRQ,2007-03-31,2007-03-31,2007-03-31,2019-07-31,20533000.0,1663109000.0,,777659000.0,885450000.0,,6.453,-24155000.0,464354000.0,464354000.0,0.0,57273000.0,2.867,0.307,12884000.0,5800000.0,7084000.0,12884000.0,0.0,38597000.0,0.0,0.009,0.07,92375000.0,130972000.0,0.305,130972000.0,92375000.0,92165000.0,0.29,0.29,0.29,1267862000.0,,1267862000.0,5872735492.0,15.0,10.255,42295000.0,0.215,1.0,429603000.0,1.0,528833000.0,210000.0,411575000.0,,0.0,63721000.0,0.0,63721000.0,388624000.0,271231000.0,117393000.0,6286645492.0,32588000.0,-472000.0,3518000.0,6243000.0,-13783000.0,-1519000.0,-31772000.0,0.0,66450000.0,-571000.0,57273000.0,57273000.0,57273000.0,0.0,0.0,0.133,257932000.0,171671000.0,30920000.0,0.241,4.958,24.553,24.5,275567000.0,0.0,31.85,3.484,3.468,238892000.0,1186895000.0,429603000.0,429603000.0,0.0,,,,,533000.0,207793000.0,1.0,197382904.0,196487000,196938000.0,2.186,1134276000.0,23306000.0,34892000.0,74812000.0,5.773,506428000.0
50,TSS,MRQ,2006-12-31,2006-12-31,2006-12-31,2019-07-31,20641000.0,1634241000.0,,744716000.0,889525000.0,,6.188,-7784000.0,420691000.0,420691000.0,0.0,87058000.0,2.518,0.337,6781000.0,3156000.0,3625000.0,6781000.0,0.0,54588000.0,0.0,0.01,0.07,134383000.0,188971000.0,0.375,188971000.0,134383000.0,134747000.0,0.44,0.43,0.44,1217360000.0,,1217360000.0,4907444748.0,13.0,8.76,147571000.0,0.75,1.0,503901000.0,1.0,538550000.0,-364000.0,385994000.0,,0.0,62064000.0,0.0,62064000.0,410652000.0,295787000.0,114865000.0,5197158748.0,133401000.0,78728000.0,-503000.0,-1130000.0,-13765000.0,-14060000.0,-9471000.0,-77541000.0,155355000.0,1577000.0,87058000.0,87058000.0,87058000.0,0.0,0.0,0.173,291515000.0,212386000.0,31589000.0,0.159,4.269,20.858,20.78,271321000.0,0.0,26.39,2.908,2.905,246637000.0,1145407000.0,503901000.0,503901000.0,0.0,,,,,1245000.0,239593000.0,1.0,196936671.0,196744000,197077000.0,2.561,1095691000.0,21556000.0,47689000.0,75019000.0,5.569,448929000.0
51,TSS,MRQ,2006-09-30,2006-09-30,2006-09-30,2019-07-31,16507000.0,1519957000.0,,592662000.0,927295000.0,,5.784,-16810000.0,293791000.0,293791000.0,0.0,54306000.0,2.147,0.334,4077000.0,2337000.0,1740000.0,4077000.0,0.0,44158000.0,0.0,0.011,0.07,76921000.0,121079000.0,0.274,121079000.0,76921000.0,76686000.0,0.28,0.28,0.28,1136505000.0,,1136505000.0,4160441644.0,13.0,8.533,82651000.0,0.421,1.0,441815000.0,1.0,573647000.0,235000.0,380578000.0,,0.0,60410000.0,0.0,60410000.0,379338000.0,276018000.0,103320000.0,4488672644.0,-39761000.0,-70578000.0,-18118000.0,-501000.0,-13821000.0,-30794000.0,-104627000.0,0.0,99461000.0,-3801000.0,54306000.0,54306000.0,54306000.0,0.0,0.0,0.123,270081000.0,171734000.0,44673000.0,0.25,3.95,21.193,20.945,266993000.0,0.0,22.83,2.634,2.633,233359000.0,1072125000.0,441815000.0,441815000.0,0.0,,,,,483000.0,217089000.0,1.0,196612906.0,196500000,196831000.0,2.248,946310000.0,20147000.0,22380000.0,70944000.0,4.816,316644000.0
52,TSS,MRQ,2006-06-30,2006-06-30,2006-06-30,2019-07-31,10391000.0,1447447000.0,,590666000.0,856781000.0,,5.606,-16407000.0,332809000.0,332809000.0,0.0,57406000.0,2.529,0.306,4578000.0,2317000.0,2261000.0,4578000.0,0.0,42987000.0,0.0,0.013,0.07,88639000.0,131626000.0,0.307,131626000.0,88639000.0,88554000.0,0.29,0.29,0.29,1104910000.0,,1104910000.0,3531381841.0,11.0,7.34,76151000.0,0.386,1.0,429165000.0,1.0,525050000.0,85000.0,360602000.0,,0.0,42757000.0,0.0,42757000.0,338573000.0,233564000.0,105009000.0,3800598841.0,52626000.0,0.0,0.0,-658000.0,-11846000.0,-12504000.0,-29192000.0,0.0,92558000.0,1764000.0,57406000.0,57406000.0,57406000.0,0.0,0.0,0.134,258060000.0,171105000.0,30057000.0,0.241,3.44,18.49,18.333,264897000.0,0.0,19.25,2.257,2.253,189808000.0,1031593000.0,429165000.0,429165000.0,0.0,,,,,2178000.0,196136000.0,1.0,197433706.0,197093000,197330000.0,2.177,922397000.0,20597000.0,31148000.0,77509000.0,4.68,357102000.0
53,TSS,MRQ,2006-03-31,2006-03-31,2006-03-31,2019-07-31,6097000.0,1414869000.0,,545193000.0,869676000.0,,5.348,-11335000.0,274453000.0,274453000.0,0.0,50393000.0,2.234,0.339,5236000.0,2208000.0,3028000.0,5236000.0,0.0,43161000.0,0.0,0.012,0.06,75402000.0,118563000.0,0.288,118563000.0,75402000.0,75358000.0,0.26,0.26,0.26,1053998000.0,,1053998000.0,3671255443.0,12.0,7.921,27050000.0,0.137,1.0,412290000.0,1.0,535090000.0,44000.0,366519000.0,,0.0,43865000.0,0.0,43865000.0,357128000.0,244043000.0,113085000.0,3932879443.0,5288000.0,0.0,0.0,-402000.0,-11837000.0,-12239000.0,-20889000.0,0.0,38385000.0,31000.0,50393000.0,50393000.0,50393000.0,0.0,0.0,0.122,257695000.0,154595000.0,37904000.0,0.231,3.731,19.784,19.529,263646000.0,0.0,19.92,2.362,2.358,206619000.0,988012000.0,412290000.0,412290000.0,0.0,,,,,2267000.0,196680000.0,1.0,197433707.0,197086000,197326000.0,2.092,879779000.0,20305000.0,24965000.0,86865000.0,4.464,301150000.0
54,TSS,MRQ,2005-12-31,2005-12-31,2005-12-31,2019-07-31,5685000.0,1410897000.0,,512289000.0,898608000.0,,5.137,-15357000.0,267257000.0,267257000.0,0.0,49698000.0,1.849,0.389,5633000.0,2078000.0,3555000.0,5633000.0,0.0,41379000.0,0.0,0.011,0.06,74913000.0,116292000.0,0.276,116292000.0,74913000.0,74798000.0,0.26,0.26,0.26,1012772000.0,,1012772000.0,3680475895.0,12.0,8.211,101295000.0,0.514,1.0,420735000.0,1.0,558294000.0,115000.0,313967000.0,,0.0,42731000.0,0.0,42731000.0,394443000.0,277012000.0,117431000.0,3904069895.0,38213000.0,-38972000.0,37000.0,-1077000.0,-11836000.0,-12876000.0,-63699000.0,-1658000.0,116652000.0,-1864000.0,49698000.0,49698000.0,49698000.0,0.0,0.0,0.118,264101000.0,156634000.0,29464000.0,0.231,3.855,20.07,19.99,267979000.0,0.0,19.79,2.436,2.434,184532000.0,949465000.0,420735000.0,420735000.0,0.0,,,,,288000.0,217458000.0,1.0,197274881.0,197145000,197345000.0,2.134,852603000.0,15264000.0,25100000.0,89478000.0,4.325,235277000.0
55,TSS,MRQ,2005-09-30,2005-09-30,2005-09-30,2019-07-31,7681000.0,1376024000.0,,506301000.0,869723000.0,,4.939,-19606000.0,228738000.0,228738000.0,0.0,48056000.0,2.148,0.409,5144000.0,2005000.0,3139000.0,5144000.0,0.0,39736000.0,0.0,0.009,0.06,74917000.0,114653000.0,0.272,114653000.0,74917000.0,74833000.0,0.24,0.24,0.24,973969000.0,,973969000.0,4430899825.0,15.0,10.41,66578000.0,0.338,1.0,421969000.0,1.0,560949000.0,84000.0,355745000.0,,0.0,5084000.0,0.0,5084000.0,398290000.0,235736000.0,162554000.0,4596796825.0,55631000.0,-15000.0,2493000.0,-436000.0,-11825000.0,-9768000.0,-20397000.0,-1000.0,86184000.0,-388000.0,48056000.0,48056000.0,48056000.0,0.0,0.0,0.114,269768000.0,152201000.0,33237000.0,0.25,4.72,24.478,24.798,272696000.0,0.0,23.31,3.086,3.086,210162000.0,911603000.0,421969000.0,421969000.0,0.0,,,,,289000.0,198523000.0,1.0,197202781.0,197198000,197383000.0,2.14,815075000.0,18734000.0,26777000.0,140064000.0,4.133,270565000.0
56,TSS,MRQ,2005-06-30,2005-06-30,2005-06-30,2019-07-31,10006000.0,1322810000.0,,435416000.0,887394000.0,,4.756,-24138000.0,171566000.0,171566000.0,0.0,50643000.0,1.732,0.407,5669000.0,2123000.0,3546000.0,5669000.0,0.0,36501000.0,0.0,0.007,0.06,77477000.0,113978000.0,0.278,113978000.0,77477000.0,77372000.0,0.26,0.26,0.26,937291000.0,,937291000.0,4629632887.0,17.0,11.651,58150000.0,0.295,1.0,410243000.0,1.0,577663000.0,105000.0,327784000.0,,0.0,3888000.0,0.0,3888000.0,381710000.0,251466000.0,130244000.0,4749517887.0,45809000.0,0.0,427000.0,-1202000.0,-7883000.0,-8658000.0,-28018000.0,1659000.0,82288000.0,197000.0,50643000.0,50643000.0,50643000.0,0.0,0.0,0.123,254722000.0,155521000.0,45762000.0,0.231,5.067,26.552,26.778,272092000.0,0.0,24.1,3.461,3.461,209546000.0,875380000.0,410243000.0,410243000.0,0.0,,,,,282000.0,185542000.0,1.0,197075431.0,197078000,197295000.0,2.082,745147000.0,6169000.0,26729000.0,126698000.0,3.781,183950000.0
57,TSS,MRQ,2005-03-31,2005-03-31,2005-03-31,2019-07-31,12950000.0,1277029000.0,,370841000.0,906188000.0,,4.573,-17280000.0,127023000.0,127023000.0,0.0,46123000.0,1.622,0.413,7138000.0,1930000.0,5208000.0,7138000.0,0.0,32461000.0,0.0,0.006,0.04,70873000.0,103334000.0,0.295,103334000.0,70873000.0,70803000.0,0.23,0.23,0.23,900982000.0,,900982000.0,4668781740.0,19.0,12.81,-61815000.0,-0.314,1.0,349984000.0,1.0,588744000.0,70000.0,339734000.0,,0.0,4987000.0,0.0,4987000.0,372197000.0,228666000.0,143531000.0,4919244740.0,-133890000.0,-56983000.0,0.0,421000.0,-7874000.0,-7453000.0,-79705000.0,0.0,-44535000.0,-2197000.0,46123000.0,46123000.0,46123000.0,0.0,0.0,0.132,214070000.0,135914000.0,39370000.0,0.174,5.46,29.973,30.476,274704000.0,0.0,24.99,3.93,3.933,192008000.0,836562000.0,349984000.0,349984000.0,0.0,,,,,278000.0,163047000.0,1.0,196848529.0,197023000,197233000.0,1.776,688285000.0,8757000.0,24680000.0,138323000.0,3.493,142175000.0
58,TSS,MRQ,2004-12-31,2004-12-31,2004-12-31,2019-07-31,15373000.0,1281943000.0,,448156000.0,833787000.0,,4.392,-43368000.0,256799000.0,256799000.0,0.0,42970000.0,1.648,0.478,6336000.0,1828000.0,4508000.0,6336000.0,0.0,29071000.0,0.0,0.006,0.04,64608000.0,93679000.0,0.305,93679000.0,64608000.0,64544000.0,0.21,0.21,0.21,864612000.0,,864612000.0,4655008255.0,20.0,13.801,144860000.0,0.736,1.0,307157000.0,1.0,476328000.0,64000.0,283287000.0,,0.0,54400000.0,0.0,54400000.0,413517000.0,271865000.0,141652000.0,4783419255.0,116929000.0,-16391000.0,0.0,-335000.0,-7874000.0,-8209000.0,-66468000.0,0.0,188228000.0,3378000.0,42970000.0,42970000.0,42970000.0,0.0,0.0,0.14,191104000.0,116053000.0,75188000.0,0.19,5.532,31.771,31.974,263584000.0,0.0,24.3,4.03,4.03,144827000.0,798321000.0,307157000.0,307157000.0,0.0,,,,,0.0,148852000.0,1.0,196848529.0,196850000,197305000.0,1.56,805615000.0,10791000.0,21574000.0,131106000.0,4.093,176291000.0
59,TSS,MRQ,2004-09-30,2004-09-30,2004-09-30,2019-07-31,9649000.0,1127997000.0,,328508000.0,799489000.0,,4.175,-16018000.0,134220000.0,134220000.0,0.0,39141000.0,1.622,0.368,5809000.0,1519000.0,4290000.0,5809000.0,0.0,26736000.0,0.0,0.005,0.04,59646000.0,86382000.0,0.283,86382000.0,59646000.0,59551000.0,0.2,0.2,0.2,821776000.0,,821776000.0,4823492872.0,22.0,14.608,51210000.0,0.26,1.0,304993000.0,1.0,437847000.0,95000.0,359214000.0,,0.0,69919000.0,0.0,69919000.0,302680000.0,202525000.0,100155000.0,4968456872.0,-27052000.0,-50578000.0,1000.0,-282000.0,-7874000.0,-8155000.0,-85754000.0,0.0,67228000.0,-371000.0,39141000.0,39141000.0,39141000.0,0.0,0.0,0.128,196421000.0,108572000.0,22989000.0,0.2,6.046,33.798,33.653,262738000.0,0.0,25.24,4.29,4.29,168139000.0,763225000.0,304993000.0,304993000.0,0.0,,,,,0.0,158862000.0,1.0,196848529.0,196849000,197210000.0,1.549,690150000.0,0.0,20410000.0,118768000.0,3.506,125983000.0
60,TSS,MRQ,2004-06-30,2004-06-30,2004-06-30,2019-07-31,10876000.0,1030839000.0,,292929000.0,737910000.0,,4.022,-28143000.0,149206000.0,149206000.0,0.0,35886000.0,2.079,0.297,4242000.0,1064000.0,3178000.0,4242000.0,1407000.0,26666000.0,0.0,0.005,0.04,54396000.0,81062000.0,0.28,81062000.0,54396000.0,54357000.0,0.18,0.18,0.18,791738000.0,,791738000.0,4198283035.0,19.0,13.024,40353000.0,0.205,1.0,289622000.0,1.0,387350000.0,39000.0,357599000.0,,0.0,63228000.0,0.0,63228000.0,235527000.0,140926000.0,94601000.0,4310928035.0,35671000.0,876000.0,51000.0,-450000.0,-3937000.0,-4336000.0,-28693000.0,0.0,68496000.0,204000.0,35886000.0,35886000.0,35886000.0,0.0,0.0,0.124,186418000.0,103204000.0,27426000.0,0.222,5.445,30.067,29.595,259866000.0,0.0,21.9,3.852,3.852,117407000.0,731960000.0,289622000.0,289622000.0,0.0,,,,,0.0,148717000.0,1.0,196846029.0,196846000,197175000.0,1.471,643489000.0,0.0,18471000.0,98081000.0,3.269,152003000.0
61,TSS,MRQ,2004-03-31,2004-03-31,2004-03-31,2019-07-31,10244000.0,1014254000.0,,269105000.0,745149000.0,,3.876,-28887000.0,116035000.0,116035000.0,0.0,32561000.0,1.72,0.325,3390000.0,773000.0,2617000.0,3390000.0,10824000.0,26115000.0,0.0,0.004,0.02,50059000.0,76174000.0,0.267,76174000.0,50059000.0,49316000.0,0.17,0.17,0.17,763042000.0,,763042000.0,4061971777.0,19.0,12.806,15072000.0,0.077,1.0,285236000.0,1.0,405630000.0,743000.0,339513000.0,,0.0,57263000.0,0.0,57263000.0,247627000.0,156466000.0,91161000.0,4147545831.0,-16615000.0,15000000.0,-47000.0,-41589000.0,-3936000.0,-45572000.0,-15744000.0,0.0,43959000.0,742000.0,32561000.0,32561000.0,32561000.0,0.0,0.0,0.114,180462000.0,104774000.0,19209000.0,0.118,5.436,29.25,28.863,246286000.0,0.0,21.07,3.814,3.814,133823000.0,703946000.0,285236000.0,285236000.0,0.0,,,,,0.0,145911000.0,1.0,196846029.0,196844000,197214000.0,1.449,608624000.0,2861000.0,16755000.0,88544000.0,3.092,112639000.0
62,TSS,MRQ,2003-12-31,2003-12-31,2003-12-31,2019-07-31,8314000.0,1001236000.0,,273238000.0,727998000.0,,3.722,-27160000.0,130552000.0,130552000.0,0.0,39418000.0,1.859,0.362,44979000.0,15231000.0,29748000.0,44979000.0,17573000.0,27358000.0,0.0,0.002,0.02,59228000.0,86586000.0,0.311,86586000.0,59228000.0,59155000.0,0.2,0.2,0.2,732534000.0,,732534000.0,6066030711.0,29.0,19.543,69487000.0,0.353,1.0,278300000.0,1.0,416938000.0,73000.0,351754000.0,,0.0,66708000.0,0.0,66708000.0,265263000.0,146971000.0,118292000.0,6127012141.0,67241000.0,0.0,-340000.0,-58000.0,-3937000.0,-4335000.0,-27385000.0,0.0,96647000.0,2314000.0,39418000.0,39418000.0,39418000.0,0.0,0.0,0.142,168231000.0,110069000.0,17549000.0,0.1,8.364,43.462,43.236,232076000.0,0.0,31.13,5.816,5.816,120646000.0,675322000.0,278300000.0,278300000.0,0.0,,,,,0.0,138662000.0,1.0,196820178.0,196824000,197774000.0,1.414,584298000.0,401000.0,19737000.0,88544000.0,2.969,126267000.0
63,TSS,MRQ,2003-09-30,2003-09-30,2003-09-30,2019-07-31,3145519.0,905009759.0,,226565859.0,678443900.0,,3.501,-26677000.0,61205660.0,61205660.0,0.0,35513000.0,1.831,0.309,224230.0,0.0,224230.0,224230.0,24073734.0,25460000.0,0.0,0.003,0.02,53058000.0,78518000.0,0.295,78518000.0,53058000.0,53022000.0,0.19,0.18,0.19,689020480.0,,689020480.0,5148819592.0,25.0,17.451,32365000.0,0.164,1.0,266114000.0,1.0,369697715.0,36000.0,350585101.0,,0.0,61810154.0,0.0,61810154.0,212769318.0,123745513.0,89023805.0,5185095557.0,7456000.0,0.0,3292000.0,-20329000.0,-3931000.0,-20968000.0,-31202000.0,0.0,59042000.0,584000.0,35513000.0,35513000.0,35513000.0,0.0,0.0,0.133,161474000.0,104640000.0,17064529.0,0.105,7.525,37.844,37.643,219633535.0,0.0,26.35,5.078,5.079,128420123.0,639840232.0,266114000.0,266114000.0,0.0,,,,,0.0,132496000.0,1.0,196777820.0,196832000,197326000.0,1.352,535312044.0,11256407.0,17509000.0,88799575.0,2.72,102820346.0
64,TSS,MRQ,2003-06-30,2003-06-30,2003-06-30,2019-07-31,2675997.0,892946944.0,,232064849.0,660882095.0,,3.323,-127410000.0,57118092.0,57118092.0,0.0,34306000.0,1.647,0.361,20842127.0,293994.0,20548133.0,20842127.0,28472591.0,23495000.0,0.0,0.003,0.02,52431000.0,75926000.0,0.295,75926000.0,52431000.0,52414000.0,0.17,0.17,0.17,653682828.0,,653682828.0,4241567920.0,21.0,14.969,-77566000.0,-0.394,1.0,257699000.0,1.0,364016812.0,17000.0,351740388.0,,0.0,57867209.0,0.0,57867209.0,236251095.0,140913779.0,95337316.0,4384658781.0,-90066000.0,-26280000.0,-8848000.0,20206000.0,-3449000.0,7909000.0,-146802000.0,0.0,49844000.0,-1017000.0,34306000.0,34306000.0,34306000.0,0.0,0.0,0.133,158306000.0,99393000.0,17645440.0,0.118,6.708,32.645,32.794,218950001.0,0.0,22.3,4.408,4.41,137679005.0,608264602.0,257699000.0,257699000.0,0.0,,,,,0.0,134007000.0,1.0,196621470.0,196703000,197208000.0,1.31,528930132.0,10128318.0,18108000.0,74601683.0,2.689,91151070.0
65,TSS,MRQ,2003-03-31,2003-03-31,2003-03-31,2019-07-31,-108469.0,828829039.0,,298854784.0,529974255.0,,3.194,-8989000.0,143201960.0,143201960.0,0.0,31736000.0,2.402,0.312,111099.0,65673.0,45426.0,111099.0,29721990.0,22102000.0,0.0,0.004,0.018,47263000.0,69365000.0,0.276,69365000.0,47263000.0,47250000.0,0.16,0.16,0.16,629371414.0,,629371414.0,2972723906.0,16.0,11.018,51831000.0,0.263,1.0,251353000.0,1.0,330448308.0,13000.0,230870406.0,,0.0,0.0,0.0,0.0,196598981.0,124419464.0,72179517.0,3085794700.0,29070000.0,0.0,0.0,-24000.0,-3448000.0,-3472000.0,-29256000.0,0.0,60820000.0,978000.0,31736000.0,31736000.0,31736000.0,0.0,0.0,0.126,149711000.0,101642000.0,11233537.0,0.113,4.903,23.708,23.727,120102792.0,0.0,15.66,3.153,3.153,126178305.0,577889163.0,251353000.0,251353000.0,0.0,,,,,0.0,127716000.0,1.0,197049470.0,197049000,197232000.0,1.276,498380731.0,4501241.0,15514000.0,71759091.0,2.529,174435320.0
66,TSS,MRQ,2002-12-31,2002-12-31,2002-12-31,2019-07-31,1052897.0,779493324.0,,262604588.0,516888736.0,,3.057,-46606818.0,113206258.0,113206258.0,0.0,35455701.0,2.304,0.29,135464.0,68110.0,67354.0,135464.0,0.0,21129796.0,0.0,0.005,0.018,50104390.0,71234186.0,0.29,71234186.0,50104390.0,50068390.0,0.18,0.18,0.18,602205890.0,,602205890.0,2542535212.0,14.0,9.864,12835878.0,0.065,1.0,245997622.0,1.0,327645172.0,36000.0,224795641.0,,0.0,54181246.0,0.0,54181246.0,174543571.0,113981717.0,60561854.0,2660167845.0,-6422935.0,-30000503.0,-550.0,-18623.0,-3447853.0,-3467026.0,-63675469.0,0.0,59442696.0,1276864.0,35455701.0,35455701.0,35455701.0,0.0,0.0,0.144,145645836.0,100351786.0,10928336.0,0.1,4.417,21.145,21.094,120835260.0,0.0,13.5,2.785,2.785,121439387.0,549601198.0,245997622.0,245997622.0,0.0,,,,,0.0,123219308.0,1.0,197049470.0,197017000,197497000.0,1.249,451848152.0,5411353.0,14612689.0,59932000.0,2.293,148622871.0
67,TSS,MRQ,2002-09-30,2002-09-30,2002-09-30,2019-07-31,-382384.0,747493094.0,,276857635.0,470635459.0,,2.99,8967814.0,117632633.0,117632633.0,0.0,32815522.0,2.504,0.264,0.0,0.0,0.0,0.0,0.0,18123480.0,0.0,0.005,0.018,48700220.0,66823700.0,0.279,66823700.0,48700220.0,48700220.0,0.17,0.17,0.17,589257934.0,,589257934.0,2513543133.0,14.0,10.009,71006955.0,0.36,1.0,239606633.0,1.0,187301634.0,0.0,331974221.0,,0.0,0.0,0.0,0.0,155566734.0,110584606.0,44982128.0,2591200531.0,38560674.0,0.0,0.0,-34145.0,-3448821.0,-3482966.0,-20324275.0,0.0,62039141.0,328774.0,32815522.0,32815522.0,32815522.0,0.0,0.0,0.137,142510305.0,97096328.0,6756086.0,0.106,4.397,21.355,20.873,116959563.0,0.0,13.15,2.731,2.731,118131937.0,557671668.0,239606633.0,239606633.0,0.0,,,,,0.0,123634806.0,1.0,197049470.0,197049470,197358091.0,1.216,560191460.0,0.0,15884698.0,44982128.0,2.843,166273029.0
68,TSS,MRQ,2002-06-30,2002-06-30,2002-06-30,2019-07-31,-452842.0,706059303.0,,241459216.0,464600087.0,,2.844,-24784258.0,77657398.0,77657398.0,0.0,30152240.0,2.528,0.255,0.0,0.0,0.0,0.0,0.0,18086812.0,0.0,0.003,0.018,44306110.0,62392922.0,0.258,62392922.0,44306110.0,44306110.0,0.15,0.15,0.15,560290100.0,,560290100.0,3623324784.0,21.0,15.366,1915745.0,0.01,1.0,241605739.0,1.0,188058976.0,0.0,344815900.0,,0.0,0.0,0.0,0.0,143150722.0,95527029.0,47623693.0,3705244023.0,-2776774.0,17855119.0,163706.0,-21553.0,-2953669.0,-2811516.0,-25436122.0,0.0,26700003.0,-1229139.0,30152240.0,30152240.0,30152240.0,0.0,0.0,0.125,143290902.0,98314837.0,11844074.0,0.12,6.613,32.508,31.881,118244130.0,0.0,18.81,4.005,4.005,122264695.0,528774291.0,241605739.0,241605739.0,0.0,,,,,0.0,115306693.0,1.0,196982670.0,197003560,197690794.0,1.226,518000327.0,0.0,14153870.0,47623693.0,2.629,145932187.0
69,TSS,MRQ,2002-03-31,2002-03-31,2002-03-31,2019-07-31,-4465773.0,685116503.0,,232123027.0,452993476.0,,2.691,-18666738.0,81919239.0,81919239.0,0.0,27381537.0,2.287,0.288,0.0,0.0,0.0,0.0,0.0,16673912.0,0.0,0.002,0.015,40638280.0,57312192.0,0.251,57312192.0,40638280.0,40638280.0,0.14,0.14,0.14,530122750.0,,530122750.0,4897725513.0,30.0,21.497,30765422.0,0.156,1.0,227923006.0,1.0,178739433.0,0.0,322953657.0,,0.0,0.0,0.0,0.0,152686157.0,101504174.0,51181983.0,4953686601.0,21152035.0,2858384.0,40844.0,-28679.0,-2921657.0,-2909492.0,-24985134.0,0.0,49432160.0,-385499.0,27381537.0,27381537.0,27381537.0,0.0,0.0,0.12,134843957.0,93079049.0,6564341.0,0.107,9.344,45.122,44.123,120183167.0,0.0,25.15,5.477,5.477,114140957.0,506819270.0,227923006.0,227923006.0,0.0,,,,,0.0,112962193.0,1.0,196965670.0,196962984,197723177.0,1.157,506377070.0,0.0,13256743.0,51181983.0,2.571,130618853.0
70,TSS,MRQ,2001-12-31,2001-12-31,2001-12-31,2019-07-31,-3455338.0,656554190.0,,203368391.0,453185799.0,,2.605,7534695.0,58658500.0,58658500.0,0.0,30988897.0,1.96,0.289,238453.0,102990.0,135463.0,238453.0,0.0,18325715.0,0.0,0.003,0.015,46263276.0,64588991.0,0.27,64588991.0,46263276.0,46263276.0,0.17,0.16,0.17,507329599.0,,507329599.0,4125412231.0,26.0,19.03,44094697.0,0.226,1.0,239545369.0,1.0,171045253.0,0.0,323340757.0,,0.0,0.0,0.0,0.0,146866013.0,103748133.0,43117880.0,4125412231.0,-10813751.0,0.0,0.0,-110480.0,-2921658.0,-3032138.0,-43677051.0,0.0,36560002.0,-664564.0,30988897.0,30988897.0,30988897.0,0.0,0.0,0.129,143475491.0,96069878.0,24392237.0,0.088,8.132,39.509,39.222,123668192.0,0.0,21.18,4.623,4.623,114702112.0,467095366.0,239545369.0,239545369.0,0.0,,,,,0.0,122553311.0,1.0,194778670.0,194772766,195604462.0,1.23,485508937.0,4643353.0,15274379.0,42982417.0,2.493,99620258.0
71,TSS,MRQ,2001-09-30,2001-09-30,2001-09-30,2019-07-31,-2347560.0,643293725.0,,223773257.0,419520468.0,,2.43,-12690342.0,0.0,0.0,0.0,25458318.0,1.751,0.354,0.0,0.0,0.0,0.0,0.0,12884741.0,0.0,0.002,0.015,38615446.0,51500187.0,0.238,51500187.0,38615446.0,38615446.0,0.13,0.13,0.13,473249470.0,,473249470.0,4778536778.0,32.0,23.574,24340052.0,0.125,1.0,216147793.0,1.0,158184220.0,0.0,357280032.0,,0.0,0.0,0.0,0.0,167511876.0,127829473.0,39682403.0,4824667656.0,20421123.0,0.0,1201.0,0.0,-2921648.0,-2920447.0,-13688824.0,0.0,37030394.0,0.0,25458318.0,25458318.0,25458318.0,0.0,0.0,0.118,127673704.0,88474089.0,25302350.0,0.115,10.195,49.785,50.142,119538395.0,0.0,24.77,4.584,4.584,125055592.0,452381178.0,216147793.0,216147793.0,0.0,,,,,0.0,108196101.0,1.0,194778670.0,194778566,195712903.0,1.11,485109505.0,9628994.0,13157128.0,39682403.0,2.491,95943784.0
72,TSS,MRQ,2001-06-30,2001-06-30,2001-06-30,2019-07-31,-4407895.0,600652512.0,,187697105.0,412955407.0,,2.303,-22233630.0,46130878.0,46130878.0,0.0,25956394.0,1.67,0.334,0.0,0.0,0.0,0.0,0.0,14491709.0,0.0,0.002,0.015,39941425.0,54433134.0,0.246,54433134.0,39941425.0,39941425.0,0.13,0.13,0.13,448650348.0,,448650348.0,5477542883.0,39.0,28.353,-4524419.0,-0.023,1.0,220893962.0,1.0,160963015.0,0.0,281132181.0,,0.0,0.0,0.0,0.0,149759377.0,112426438.0,37332939.0,5531212968.0,-7539207.0,7074841.0,34098.0,0.0,-2921391.0,-2887293.0,-22361125.0,0.0,17709211.0,0.0,25956394.0,25956394.0,25956394.0,0.0,0.0,0.118,126423238.0,94470724.0,26345907.0,0.115,12.329,61.105,61.207,116094486.0,0.0,28.4,5.613,5.614,106174578.0,429844516.0,220893962.0,220893962.0,0.0,,,,,0.0,106379482.0,1.0,194761020.0,194773366,195682434.0,1.134,439689497.0,10567586.0,13985031.0,37332939.0,2.257,75270667.0
73,TSS,MRQ,2001-03-31,2001-03-31,2001-03-31,2019-07-31,-3831563.0,594836584.0,,190257259.0,404579325.0,,2.188,-22307237.0,53670085.0,53670085.0,0.0,22014620.0,1.495,0.391,0.0,0.0,0.0,0.0,0.0,12775358.0,0.0,0.002,0.015,33489741.0,46265099.0,0.214,46265099.0,33489741.0,33489741.0,0.11,0.11,0.11,426152749.0,,426152749.0,4711049197.0,35.0,24.993,-23022999.0,-0.118,1.0,215734047.0,1.0,155621674.0,0.0,258317422.0,,0.0,0.0,0.0,0.0,166438273.0,127227403.0,39210870.0,4791121092.0,-26401810.0,3335440.0,229066.0,0.0,-2434218.0,-2205152.0,-23480896.0,0.0,-715762.0,0.0,22014620.0,22014620.0,22014620.0,0.0,0.0,0.102,123952589.0,91781458.0,26634167.0,0.136,11.243,53.897,54.185,111704226.0,0.0,24.6,5.236,5.236,103640400.0,406809772.0,215734047.0,215734047.0,0.0,,,,,0.0,102342648.0,1.0,194761020.0,194760194,195534087.0,1.108,439214910.0,10369183.0,11475121.0,39210870.0,2.255,63029856.0
74,TSS,MRQ,2000-12-31,2000-12-31,2000-12-31,2019-07-31,-1613681.0,601223826.0,,207786370.0,393437456.0,,2.1,-64264018.0,80071895.0,80071895.0,0.0,23481529.0,1.442,0.464,0.0,0.0,0.0,0.0,0.0,14758337.0,0.0,0.002,0.013,35746852.0,50505189.0,0.126,50505189.0,35746852.0,35746852.0,0.124,0.124,0.124,409014188.0,,409014188.0,4267382875.0,32.0,22.908,-6549052.0,-0.034,1.0,399786416.0,1.0,145454042.0,0.0,231566155.0,,0.0,0.0,0.0,0.0,189625956.0,144131734.0,45494222.0,4359202585.0,-8827565.0,2837106.0,-679338.0,-55803.0,-2434845.0,-3169986.0,-63294171.0,0.0,57714966.0,-78374.0,23481529.0,23481529.0,23481529.0,0.0,0.0,0.059,132619808.0,267166608.0,43935426.0,0.105,10.658,49.799,49.733,110971777.0,0.0,22.38,5.158,5.158,97522227.0,387716543.0,399786416.0,399786416.0,0.0,,,,,0.0,108889825.0,1.0,194781170.0,194784981,195265352.0,2.052,455769784.0,11104254.0,12265323.0,34841622.0,2.34,63654636.0
75,TSS,MRQ,2000-09-30,2000-09-30,2000-09-30,2019-07-31,-1613681.0,604392682.0,,210955226.0,393437456.0,,2.1,-15465187.0,0.0,0.0,0.0,19066585.0,1.432,0.471,0.0,0.0,0.0,0.0,0.0,12479193.0,0.0,0.003,0.013,29507844.0,41987037.0,0.282,41987037.0,29507844.0,29507844.0,0.1,0.1,0.1,409014188.0,,409014188.0,3180693339.0,25.0,17.699,39667939.0,0.204,1.0,148958597.0,1.0,145454042.0,0.0,311638050.0,,0.0,0.0,0.0,0.0,192794812.0,147300590.0,45494222.0,3274315174.0,-1802125.0,623364.0,-66403.0,0.0,-2434751.0,-2501154.0,-54434097.0,0.0,55133126.0,0.0,19066585.0,19066585.0,19066585.0,0.0,0.0,0.128,123582296.0,25376301.0,43935426.0,0.13,8.005,38.828,39.46,110971777.0,0.0,16.81,5.558,5.558,100691083.0,387716543.0,148958597.0,148958597.0,0.0,,,,,0.0,102198686.0,1.0,194783770.0,194781635,195266171.0,0.765,458938640.0,11104254.0,10441259.0,34841622.0,2.356,63654636.0
76,TSS,MRQ,2000-06-30,2000-06-30,2000-06-30,2019-07-31,-1620259.0,506666002.0,,220020100.0,286645902.0,,1.917,-19339910.0,93621835.0,93621835.0,0.0,24330582.0,2.177,0.357,0.0,0.0,0.0,0.0,0.0,12337723.0,0.0,0.003,0.013,37400154.0,49737877.0,0.331,49737877.0,37400154.0,37400154.0,0.12,0.12,0.12,373423490.0,,373423490.0,3028955135.0,24.0,17.234,16295705.0,0.084,1.0,150489751.0,1.0,107326345.0,0.0,204631076.0,,0.0,0.0,0.0,0.0,133242512.0,101086746.0,32155766.0,3093113864.0,29258820.0,5369192.0,0.0,-204286.0,-1948232.0,-2152518.0,-4224277.0,0.0,35635615.0,0.0,24330582.0,24330582.0,24330582.0,0.0,0.0,0.162,118974578.0,31515173.0,10656723.0,0.108,8.283,37.631,38.173,93770883.0,0.0,15.88,5.352,5.352,98992409.0,351929725.0,150489751.0,150489751.0,0.0,,,,,0.0,97630422.0,1.0,194780470.0,194780470,195345847.0,0.773,399339657.0,10096071.0,13069572.0,32155766.0,2.05,118933354.0
77,TSS,MRQ,2000-03-31,2000-03-31,2000-03-31,2019-07-31,-1514038.0,476083007.0,,189785884.0,286297123.0,,1.805,-6787271.0,64363015.0,64363015.0,0.0,20657241.0,2.028,0.354,204286.0,204286.0,0.0,204286.0,0.0,12574858.0,0.0,0.003,0.01,31482581.0,44057439.0,0.302,44057439.0,31482581.0,31482581.0,0.106,0.106,0.106,351633943.0,,351633943.0,3050934736.0,26.0,18.268,12716468.0,0.065,1.0,145859279.0,1.0,97557009.0,0.0,220790770.0,,0.0,0.0,0.0,0.0,124449064.0,93576499.0,30872565.0,3105633557.0,9459908.0,0.0,-1307472.0,0.0,-1949088.0,-3256560.0,-6787271.0,0.0,19503739.0,0.0,20657241.0,20657241.0,20657241.0,0.0,0.0,0.142,118302025.0,27557254.0,11484705.0,0.094,8.832,40.702,41.295,94588766.0,0.0,15.94,5.502,5.502,98598151.0,330033957.0,145859279.0,145859279.0,0.0,,,,,0.0,95892243.0,1.0,194832720.0,194821830,195231177.0,0.749,378525998.0,9788414.0,10825340.0,30872565.0,1.943,96209385.0
78,TSS,MRQ,1999-12-31,1999-12-31,1999-12-31,2019-07-31,-1453708.0,466771741.0,,179675933.0,287095808.0,,1.715,-18304391.0,54903107.0,54903107.0,0.0,20274826.0,1.74,0.396,204286.0,44520.0,159766.0,204286.0,0.0,13192701.0,0.0,0.002,0.01,30730248.0,43922949.0,0.305,43922949.0,30730248.0,30730248.0,0.1,0.1,0.1,334292056.0,,334292056.0,3143941561.0,30.0,20.447,34315347.0,0.176,1.0,143795779.0,1.0,98824792.0,0.0,209986292.0,,0.0,0.0,0.0,0.0,132479685.0,103261836.0,29217849.0,3179120246.0,19479378.0,440598.0,-1286448.0,-40758.0,-1949361.0,-3276567.0,-29863793.0,0.0,52619738.0,0.0,20274826.0,20274826.0,20274826.0,0.0,0.0,0.141,117816199.0,25979580.0,15267979.0,0.1,9.51,46.348,46.6,96254657.0,0.0,16.31,5.954,5.954,99601498.0,311324731.0,143795779.0,143795779.0,0.0,,,,,0.0,95671339.0,1.0,194918470.0,194912983,195478593.0,0.738,367946949.0,9422203.0,10455422.0,29058083.0,1.888,76414097.0
79,TSS,MRQ,1999-09-30,1999-09-30,1999-09-30,2019-07-31,-1395319.0,428509306.0,,173549995.0,254959311.0,,1.622,-12682172.0,35423729.0,35423729.0,0.0,16933721.0,1.969,0.355,245044.0,40758.0,204286.0,245044.0,0.0,12522292.0,0.0,0.002,0.01,25518974.0,38041266.0,0.276,38041266.0,25518974.0,25518974.0,0.09,0.09,0.09,316172395.0,,316172395.0,3167964307.0,32.0,21.545,7397413.0,0.038,1.0,137827221.0,1.0,92397022.0,0.0,212789160.0,,0.0,0.0,0.0,0.0,112336911.0,88144439.0,24192472.0,3167719263.0,4424569.0,0.0,0.0,0.0,-1949345.0,-1949345.0,-13705671.0,0.0,20079585.0,0.0,16933721.0,16933721.0,16933721.0,0.0,0.0,0.123,117284072.0,20543149.0,15727435.0,0.111,10.019,47.939,47.794,93558063.0,0.0,16.25,6.346,6.346,111655459.0,292758167.0,137827221.0,137827221.0,0.0,,,,,0.0,93515090.0,1.0,194936570.0,194935906,195342210.0,0.707,336112284.0,0.0,8585253.0,23988186.0,1.724,85405556.0
80,TSS,MRQ,1999-06-30,1999-06-30,1999-06-30,2019-07-31,-1350979.0,396136690.0,,147529948.0,248606742.0,,1.545,-24076169.0,0.0,0.0,0.0,18435861.0,2.022,0.315,245044.0,40758.0,204286.0,245044.0,0.0,12988724.0,0.0,0.002,0.01,27995858.0,40984582.0,0.299,40984582.0,27995858.0,27995858.0,0.09,0.09,0.09,301228059.0,,301228059.0,3686892487.0,38.0,26.068,13417000.0,0.069,1.0,136992499.0,1.0,85660518.0,0.0,237754731.0,,0.0,0.0,0.0,0.0,94908631.0,72966485.0,21942146.0,3703436813.0,14135119.0,3500000.0,59900.0,-7479.0,-1948835.0,-1896414.0,-21461636.0,0.0,37493169.0,0.0,18435861.0,18435861.0,18435861.0,0.0,0.0,0.135,112351208.0,24641291.0,12925227.0,0.111,12.294,57.583,57.576,96230980.0,0.0,19.0,8.039,8.039,86719846.0,277770811.0,136992499.0,136992499.0,0.0,,,,,0.0,89206953.0,1.0,194917727.0,194923503,195524859.0,0.703,310476172.0,0.0,9559997.0,21737860.0,1.593,74563463.0
81,TSS,MRQ,1999-03-31,1999-03-31,1999-03-31,2019-07-31,-1284230.0,368285928.0,,130871996.0,237413932.0,,1.461,-14357915.0,16864041.0,16864041.0,0.0,12948568.0,2.018,0.293,319715.0,115429.0,204286.0,319715.0,0.0,11478884.0,0.0,0.002,0.01,19330923.0,30809807.0,0.267,30809807.0,19330923.0,19330923.0,0.07,0.07,0.07,284734668.0,,284734668.0,3645339968.0,42.0,28.729,9976948.0,0.051,1.0,115310512.0,1.0,71295822.0,0.0,215608906.0,,0.0,0.0,0.0,0.0,83551260.0,64836874.0,18714386.0,3654553631.0,7308281.0,1164307.0,33200.0,-22382.0,-1940440.0,-1929622.0,-15096960.0,0.0,24334863.0,0.0,12948568.0,12948568.0,12948568.0,0.0,0.0,0.112,98182128.0,17128384.0,10229791.0,0.143,12.835,63.525,62.5,95906242.0,0.0,18.75,8.802,8.801,87321775.0,261527950.0,115310512.0,115310512.0,0.0,,,,,0.0,81189166.0,1.0,194909527.0,194880819,195644733.0,0.592,296990106.0,0.0,6382355.0,18510100.0,1.524,66035122.0
82,TSS,MRQ,1998-12-31,1998-12-31,1998-12-31,2019-07-31,-1179337.0,348908312.0,,119722091.0,229186221.0,,1.393,-27392644.0,9555760.0,9555760.0,0.0,17759557.0,2.021,0.291,342097.0,130781.0,211316.0,342097.0,0.0,10596951.0,0.0,0.001,0.01,26609328.0,37206279.0,0.341,37206279.0,26609328.0,26609328.0,0.09,0.09,0.09,270353719.0,,270353719.0,4530045122.0,55.0,37.984,-15038712.0,-0.078,1.0,109004752.0,1.0,65861735.0,0.0,214583119.0,,0.0,0.0,0.0,0.0,78554593.0,59249795.0,19304798.0,4560026903.0,-20827732.0,0.0,32750.0,-59614.0,-1940254.0,-1967118.0,-31214546.0,0.0,12353932.0,0.0,17759557.0,17759557.0,17759557.0,0.0,0.0,0.163,87093063.0,21911689.0,7403023.0,0.111,16.867,83.165,83.929,92619005.0,0.0,23.5,11.51,11.508,84795727.0,250528526.0,109004752.0,109004752.0,0.0,,,,,0.0,69356091.0,1.0,194043698.0,194019689,194669451.0,0.562,283046577.0,0.0,8849771.0,19093482.0,1.459,60472296.0
83,TSS,MRQ,1998-09-30,1998-09-30,1998-09-30,2019-07-31,-1180310.0,328366753.0,,125992443.0,202374310.0,,1.306,-15830367.0,30383492.0,30383492.0,0.0,15171168.0,1.951,0.296,401711.0,127008.0,274703.0,401711.0,0.0,9851719.0,0.0,0.002,0.01,22579634.0,32431353.0,0.326,32431353.0,22579634.0,22579634.0,0.08,0.08,0.08,253443827.0,,253443827.0,2900552000.0,37.0,25.675,2180252.0,0.011,1.0,99401925.0,1.0,55734275.0,0.0,178060213.0,,0.0,0.0,0.0,0.0,74922926.0,64590484.0,10332442.0,2935588385.0,-5076824.0,0.0,8550.0,-22220.0,-1940230.0,-1953900.0,-21133543.0,0.0,18010619.0,0.0,15171168.0,15171168.0,15171168.0,0.0,0.0,0.153,81173009.0,18228916.0,7953972.0,0.125,11.583,55.528,58.192,83717592.0,0.0,15.13,7.651,7.651,69034053.0,234709409.0,99401925.0,99401925.0,0.0,,,,,0.0,65952518.0,1.0,194024348.0,194024152,194613957.0,0.512,272632478.0,0.0,7408466.0,10057739.0,1.405,61401959.0
84,TSS,MRQ,1998-06-30,1998-06-30,1998-06-30,2019-07-31,-1181971.0,318194469.0,,129097932.0,189096537.0,,1.238,-22506792.0,35460316.0,35460316.0,0.0,11650057.0,1.951,0.325,423931.0,126682.0,297249.0,423931.0,0.0,9182552.0,0.0,0.001,0.01,17258505.0,26441057.0,0.289,26441057.0,17258505.0,17258505.0,0.06,0.06,0.06,240193531.0,,240193531.0,4021580709.0,53.0,37.501,-14769787.0,-0.076,1.0,91469098.0,1.0,55310551.0,0.0,161685147.0,,0.0,0.0,0.0,0.0,78000938.0,66162386.0,11838552.0,4074190302.0,-17595347.0,4140647.0,33665.0,-22139.0,-1455055.0,-1443529.0,-23888823.0,0.0,7737005.0,0.0,11650057.0,11650057.0,11650057.0,0.0,0.0,0.127,77793526.0,13675572.0,15565664.0,0.167,16.962,80.01,84.0,76017829.0,0.0,21.0,10.824,10.824,70598147.0,221478498.0,91469098.0,91469098.0,0.0,,,,,0.0,63627420.0,1.0,194009062.0,194015912,194747301.0,0.471,262883918.0,0.0,5608448.0,11541303.0,1.355,62935546.0
85,TSS,MRQ,1998-03-31,1998-03-31,1998-03-31,2019-07-31,-1172693.0,305843099.0,,133307809.0,172535290.0,,1.188,-10684453.0,53055663.0,53055663.0,0.0,10250361.0,2.108,0.327,446070.0,126356.0,319714.0,446070.0,0.0,7842451.0,0.0,0.001,0.005,15339660.0,23182111.0,0.241,23182111.0,15339660.0,15339660.0,0.05,0.05,0.05,230441564.0,,230441564.0,3998624143.0,54.0,38.504,14159882.0,0.073,1.0,96318293.0,1.0,47103191.0,0.0,142880861.0,,0.0,0.0,0.0,0.0,75401535.0,63249454.0,12152081.0,4041617969.0,9719741.0,1477969.0,24150.0,-28442.0,-1454953.0,-1459245.0,-13665349.0,998228.0,24844335.0,0.0,10250361.0,10250361.0,10250361.0,0.0,0.0,0.106,83765946.0,12552347.0,11219808.0,0.1,17.539,82.126,83.333,69250536.0,0.0,20.833,10.787,10.787,63743807.0,212556463.0,96318293.0,96318293.0,0.0,,,,,0.0,67576933.0,1.0,193997663.0,194000165,194577276.0,0.496,258739908.0,0.0,5089299.0,11832367.0,1.334,70058355.0
86,TSS,MRQ,1997-12-31,1997-12-31,1997-12-31,2019-07-31,-1178182.0,296857937.0,,132405707.0,164452230.0,,1.141,-10104039.0,43335922.0,43335922.0,0.0,15794925.0,2.153,0.342,474512.0,132416.0,342096.0,474512.0,0.0,7482335.0,0.0,0.001,0.005,23433476.0,30915811.0,0.32,30915811.0,23433476.0,23433476.0,0.07,0.07,0.07,221254756.0,,221254756.0,,,,10129025.0,0.052,1.0,96491141.0,1.0,43133137.0,0.0,149356993.0,,0.0,998228.0,998228.0,0.0,75603181.0,61506397.0,14096784.0,3200961431.0,3337185.0,0.0,26881.0,-3185987.0,-1454799.0,-4613905.0,-12281974.0,-998228.0,20233064.0,0.0,15794925.0,15794925.0,15794925.0,0.0,0.0,0.164,76979376.0,19511765.0,6400365.0,0.071,14.467,67.419,68.75,68968574.0,0.0,16.5,8.855,8.853,69450919.0,202551337.0,96491141.0,96491141.0,0.0,,,,,0.0,58776147.0,1.0,193997663.0,193956373,194238556.0,0.497,253724800.0,0.0,7638551.0,13754688.0,1.308,70899310.0
87,TSS,MRQ,1997-09-30,1997-09-30,1997-09-30,2019-07-31,,,,,,,,-4376176.0,,,0.0,13225395.0,,,,,,,,7160561.0,,0.001,0.005,19540945.0,26701506.0,0.29,26701506.0,19540945.0,19540945.0,0.07,0.07,0.07,,,,,,,10319441.0,0.053,1.0,92134977.0,1.0,,0.0,,,,,,,,,,,10108387.0,0.0,49712.0,2110766.0,-1454509.0,705969.0,-5293199.0,0.0,14695617.0,0.0,13225395.0,13225395.0,13225395.0,0.0,0.0,0.144,75448145.0,16686832.0,,0.071,,,,,0.0,15.92,,,,,92134977.0,92134977.0,0.0,,,,,0.0,60879496.0,1.0,,193967280,194185923.0,0.475,,,6315550.0,,,
88,TSS,MRQ,1997-06-30,1997-06-30,1997-06-30,2019-07-31,,,,,,,,-8139627.0,,,0.0,9941445.0,,,,,,,,7513686.0,,0.001,0.005,15535643.0,23049329.0,0.257,23049329.0,15535643.0,15535643.0,0.06,0.06,0.06,,,,,,,5932887.0,0.031,1.0,89736807.0,1.0,,0.0,,,,,,,,,,,6084164.0,1500000.0,33000.0,919745.0,-1454509.0,-501764.0,-7486586.0,0.0,14072514.0,0.0,9941445.0,9941445.0,9941445.0,0.0,0.0,0.111,76831043.0,12905764.0,,0.083,,,,,0.0,16.207,,,,,89736807.0,89736807.0,0.0,,,,,0.0,62689838.0,1.0,,193934702,194150338.0,0.463,,,5594198.0,,,
89,TSS,MRQ,1997-03-31,1997-03-31,1997-03-31,2019-07-31,,,,,,,,-10444585.0,,,0.0,8516707.0,,,,,,,,6984491.0,,0.001,0.005,13045845.0,20030336.0,0.241,20030336.0,13045845.0,13045845.0,0.04,0.04,0.04,,,,,,,5671818.0,0.029,1.0,83136474.0,1.0,,0.0,,,,,,,,,,,-3689871.0,1752561.0,0.0,-45799.0,-1454509.0,-1500308.0,-18305966.0,5000000.0,16116403.0,0.0,8516707.0,8516707.0,8516707.0,0.0,0.0,0.102,72311520.0,10824954.0,,0.125,,,,,0.0,18.667,,,,,83136474.0,83136474.0,0.0,,,,,0.0,59778320.0,1.0,,193934520,194191326.0,0.429,,,4529138.0,,,
90,TSS,MRQ,1996-12-31,1996-12-31,1996-12-31,2019-07-31,-1178182.0,245759083.0,,103379818.0,142379265.0,,0.922,,27496057.0,27496057.0,,,2.023,0.374,474513.0,0.0,474513.0,474513.0,0.0,,0.0,0.001,0.005,,,,,,,,,,178877747.0,,178877747.0,,,,,,1.0,,,39720484.0,,127911710.0,,0.0,5000000.0,5000000.0,0.0,66881336.0,51105345.0,15775991.0,,,,,,,,,,,,,,,,,,,,4688469.0,,,,89.6,62899046.0,,17.92,,11.151,59044530.0,162227149.0,,,,,,,,,,1.0,,193931240,,,206038599.0,0.0,,15301478.0,1.062,52274473.0
0,TSS,MRT,2019-06-30,2019-06-30,2019-06-30,2019-07-31,-64200000.0,7706806000.0,7605672750.0,1239827000.0,6466979000.0,0.54,14.098,-271296000.0,458220000.0,458220000.0,2524331000.0,616747000.0,2.473,2.089,4288709000.0,78869000.0,4209840000.0,4288709000.0,0.0,408377000.0,0.0,0.004,0.52,749227000.0,1157604000.0,0.282,1157604000.0,749227000.0,749227000.0,3.43,3.4,3.43,2494594000.0,2518360500.0,2494594000.0,26639265131.0,36.0,23.012,695208000.0,3.929,1.0,1579146000.0,0.385,5487900000.0,0.0,5548068000.0,5241135000.0,0.0,206504000.0,0.0,206504000.0,5212212000.0,501327000.0,4710885000.0,22696494131.0,-378000.0,3847000.0,-564108000.0,-35356000.0,-93901000.0,-693364000.0,-270213000.0,0.0,966504000.0,-3305000.0,616747000.0,616747000.0,616747000.0,0.0,0.0,0.15,711020000.0,868126000.0,57911000.0,0.152,9.098,36.8,37.397,572407000.0,0.0,128.27,5.531,5.531,513712000.0,3761596000.0,4103477000.0,4103477000.0,0.0,0.081,0.245,0.143,0.183,50448000.0,711020000.0,1.0,176943121.0,176943121,,23.191,2218906000.0,7516000.0,132480000.0,401486000.0,12.54,738500000.0
1,TSS,MRT,2019-03-31,2019-03-31,2019-03-31,2019-07-31,-55028000.0,7774132000.0,7545593750.0,1229393000.0,6544739000.0,0.54,13.299,-276377000.0,494646000.0,494646000.0,2511329000.0,596422000.0,2.174,2.304,4437417000.0,88179000.0,4349238000.0,4437417000.0,0.0,407894000.0,0.0,0.005,0.52,735189000.0,1143083000.0,0.28,1143083000.0,735189000.0,735189000.0,3.29,3.27,3.29,2352760000.0,2520136000.0,2352760000.0,20256254505.0,28.0,17.721,780986000.0,4.414,1.0,1564243000.0,0.384,5551176000.0,0.0,5600350000.0,5151557000.0,0.0,197831000.0,0.0,197831000.0,5421372000.0,565377000.0,4855995000.0,16808744505.0,2573000.0,-10929000.0,-561773000.0,30316000.0,-94517000.0,-755750000.0,-292289000.0,0.0,1057363000.0,-6751000.0,596422000.0,596422000.0,596422000.0,0.0,0.0,0.146,706506000.0,857737000.0,73061000.0,0.158,7.144,28.183,28.878,591639000.0,0.0,95.01,4.124,4.124,490045000.0,3622560000.0,4075572000.0,4075572000.0,0.0,0.079,0.237,0.143,0.18,53177000.0,706506000.0,1.0,176915530.0,176915530,,23.037,2222956000.0,7750000.0,138767000.0,409706000.0,12.565,664016000.0
2,TSS,MRT,2018-12-31,2018-12-31,2018-12-31,2019-07-31,-60223000.0,7468709000.0,7484990000.0,1140783000.0,6327926000.0,0.538,14.174,-242184000.0,471156000.0,471156000.0,2492482000.0,577917000.0,2.213,1.888,3918666000.0,29125000.0,3889541000.0,3918666000.0,0.0,408573000.0,0.0,0.006,0.52,703659000.0,1112232000.0,0.276,1112232000.0,703659000.0,703659000.0,3.17,3.14,3.17,2585906000.0,2530589500.0,2585906000.0,18242071852.0,26.0,16.401,799483000.0,4.382,1.0,1535729000.0,0.381,5591674000.0,0.0,4808944000.0,4868490750.0,0.0,180661000.0,0.0,180661000.0,4882803000.0,515601000.0,4367202000.0,14830666852.0,22909000.0,-1047782000.0,-141789000.0,648630000.0,-94557000.0,282507000.0,-1294149000.0,0.0,1041667000.0,-7116000.0,576656000.0,576656000.0,576656000.0,0.0,1261000.0,0.143,712991000.0,822738000.0,97956000.0,0.164,5.735,25.718,25.644,383074000.0,0.0,81.29,3.682,3.682,450322000.0,3478650000.0,4028211000.0,4028211000.0,0.0,0.077,0.228,0.145,0.175,48758000.0,712991000.0,1.0,182441467.0,182441467,,22.079,1877035000.0,7773000.0,127003000.0,380278000.0,10.288,625182000.0
3,TSS,MRT,2018-09-30,2018-09-30,2018-09-30,2019-07-31,-50086000.0,7473044000.0,7200735000.0,1199917000.0,6273127000.0,0.595,14.473,-178552000.0,484581000.0,484581000.0,2794652000.0,685368000.0,2.568,1.831,3895986000.0,21171000.0,3874815000.0,3895986000.0,0.0,412095000.0,0.0,0.005,0.52,681067000.0,1093162000.0,0.255,1093162000.0,681067000.0,681067000.0,3.73,3.71,3.73,2640182000.0,2444361250.0,2640182000.0,21626474072.0,32.0,19.783,771577000.0,4.23,1.0,1488758000.0,0.348,5410100000.0,0.0,5007178000.0,4594035250.0,0.0,170177000.0,0.0,170177000.0,4832862000.0,467171000.0,4365691000.0,18011957072.0,65145000.0,-1051629000.0,-219428000.0,848291000.0,-94763000.0,403541000.0,-1285277000.0,0.0,950129000.0,-3248000.0,682444000.0,682444000.0,682444000.0,0.0,2924000.0,0.159,701885000.0,786873000.0,59770000.0,0.139,6.822,26.393,26.472,372900000.0,0.0,98.74,4.205,4.205,485722000.0,3365782000.0,4283410000.0,4283410000.0,0.0,0.095,0.279,0.148,0.159,46863000.0,701885000.0,1.0,182418038.0,182418038,,23.481,2062944000.0,6928000.0,-1377000.0,394119000.0,11.309,732746000.0
4,TSS,MRT,2018-06-30,2018-06-30,2018-06-30,2019-07-31,-45022000.0,7466490000.0,6887196500.0,1137022000.0,6329468000.0,0.656,13.722,-163090000.0,460019000.0,460019000.0,3068760000.0,654134000.0,2.552,1.985,4074536000.0,21349000.0,4053187000.0,4074536000.0,0.0,411048000.0,0.0,0.006,0.52,671718000.0,1082766000.0,0.24,1082766000.0,671718000.0,671718000.0,3.55,3.52,3.55,2501696000.0,2373505750.0,2501696000.0,19057414968.0,28.0,17.601,763574000.0,4.188,1.0,1446855000.0,0.32,5445678000.0,0.0,5189756000.0,4124989250.0,0.0,187818000.0,0.0,187818000.0,4964794000.0,445573000.0,4519221000.0,15408521968.0,32809000.0,-1051629000.0,-242161000.0,847274000.0,-89473000.0,383750000.0,-1275948000.0,0.0,926664000.0,-1657000.0,649579000.0,649579000.0,649579000.0,0.0,4555000.0,0.144,676273000.0,770582000.0,63282000.0,0.146,6.159,23.721,23.808,363336000.0,0.0,84.52,3.412,3.412,440875000.0,3236046000.0,4515615000.0,4515615000.0,0.0,0.094,0.274,0.163,0.149,42878000.0,676273000.0,1.0,182306223.0,182306223,,24.769,2020812000.0,7177000.0,22139000.0,371343000.0,11.085,691449000.0
5,TSS,MRT,2018-03-31,2018-03-31,2018-03-31,2019-07-31,-21219000.0,7531717000.0,6589827500.0,1178279000.0,6353438000.0,0.718,13.177,-147699000.0,493207000.0,493207000.0,3328829000.0,628211000.0,0.967,2.093,4142100000.0,815564000.0,3326536000.0,4142100000.0,0.0,406117000.0,0.0,0.006,0.49,663089000.0,1069206000.0,0.226,1069206000.0,663089000.0,663089000.0,3.39,3.36,3.39,2394574000.0,2314215750.0,2394574000.0,18419104496.0,28.0,17.227,632362000.0,3.48,1.0,1401581000.0,0.296,5494655000.0,0.0,4468085000.0,3660020750.0,0.0,180841000.0,0.0,180841000.0,5011143000.0,1217870000.0,3793273000.0,15675647496.0,322000.0,-1036853000.0,-240158000.0,794338000.0,-84180000.0,464754000.0,-1250579000.0,0.0,780061000.0,6086000.0,622158000.0,622158000.0,622158000.0,0.0,6053000.0,0.132,646449000.0,755132000.0,66077000.0,0.145,6.546,25.196,25.445,360111000.0,0.0,86.26,3.314,3.314,420124000.0,3117519000.0,4730410000.0,4730410000.0,0.0,0.094,0.269,0.181,0.14,39657000.0,646449000.0,1.0,181725568.0,181725568,,26.031,2037062000.0,8104000.0,40931000.0,370869000.0,11.21,-39591000.0
6,TSS,MRT,2017-12-31,2017-12-31,2017-12-31,2019-07-31,-36148000.0,6331689000.0,6294568250.0,1079244000.0,5252445000.0,0.783,12.189,-126220000.0,450357000.0,450357000.0,3577320000.0,592216000.0,1.091,1.774,3193814000.0,565812000.0,2628002000.0,3193814000.0,0.0,405906000.0,0.0,0.006,0.46,652063000.0,1057969000.0,0.215,1057969000.0,652063000.0,652063000.0,3.19,3.16,3.19,2240993000.0,2251754750.0,2240993000.0,17086717907.0,26.0,16.15,730829000.0,3.975,1.0,1350645000.0,0.274,4374932000.0,0.0,3711122000.0,3523950500.0,0.0,163518000.0,0.0,163518000.0,3975007000.0,989092000.0,2985915000.0,14540396907.0,25560000.0,0.0,-262405000.0,-221306000.0,-79017000.0,-638725000.0,-198744000.0,0.0,857049000.0,5980000.0,586185000.0,586185000.0,586185000.0,0.0,6031000.0,0.119,616601000.0,734044000.0,62310000.0,0.144,6.488,24.805,24.793,325218000.0,0.0,79.09,2.951,2.951,412322000.0,3004018000.0,4927965000.0,4927965000.0,0.0,0.093,0.26,0.185,0.132,42409000.0,616601000.0,1.0,183846212.0,183846212,,26.805,1956757000.0,6091000.0,65878000.0,238317000.0,10.643,90152000.0
7,TSS,MRT,2017-09-30,2017-09-30,2017-09-30,2019-07-31,-39258000.0,6218890000.0,6303190250.0,998838000.0,5220052000.0,0.759,12.792,-115472000.0,413622000.0,413622000.0,3464545000.0,422720000.0,1.028,1.633,2959943000.0,565660000.0,2394283000.0,2959943000.0,0.0,405899000.0,0.0,0.007,0.43,605053000.0,1010952000.0,0.211,1010952000.0,605053000.0,605053000.0,2.27,2.25,2.27,2356760000.0,2216486500.0,2356760000.0,14779050406.0,24.0,14.619,711160000.0,3.86,1.0,1322355000.0,0.276,4662537000.0,0.0,3130994000.0,3608159250.0,0.0,150775000.0,0.0,150775000.0,3848728000.0,971680000.0,2877048000.0,12067592406.0,-25603000.0,0.0,-35547000.0,-521266000.0,-73529000.0,-705989000.0,-146533000.0,0.0,826632000.0,287000.0,417927000.0,417927000.0,417927000.0,0.0,4793000.0,0.087,631685000.0,690670000.0,53460000.0,0.189,5.12,28.875,28.855,282490000.0,0.0,65.5,2.521,2.521,409167000.0,2785443000.0,4786900000.0,4786900000.0,0.0,0.066,0.189,0.168,0.126,37444000.0,631685000.0,1.0,184238052.0,184238052,,25.982,1556353000.0,7485000.0,187126000.0,374778000.0,8.448,27158000.0
8,TSS,MRT,2017-06-30,2017-06-30,2017-06-30,2019-07-31,-45138000.0,6277014000.0,6342262250.0,1027008000.0,5250006000.0,0.739,12.305,-97082000.0,427589000.0,427589000.0,3406374000.0,385435000.0,1.089,1.766,3139047000.0,574979000.0,2564068000.0,3139047000.0,0.0,404531000.0,0.0,0.007,0.4,556929000.0,961460000.0,0.205,961460000.0,556929000.0,556929000.0,2.06,2.05,2.06,2264536000.0,2143713750.0,2264536000.0,13517309187.0,24.0,14.059,683099000.0,3.712,1.0,1279838000.0,0.273,4715410000.0,0.0,3329882000.0,3858700250.0,0.0,158540000.0,0.0,158540000.0,3999376000.0,943180000.0,3056196000.0,10719815187.0,-37289000.0,-55000.0,-14307000.0,-522225000.0,-73490000.0,-683755000.0,-130322000.0,0.0,780181000.0,-3393000.0,380184000.0,380184000.0,380184000.0,0.0,5251000.0,0.081,633533000.0,646305000.0,53124000.0,0.194,4.734,28.196,28.277,280636000.0,0.0,58.25,2.288,2.288,442094000.0,2686476000.0,4686212000.0,4686212000.0,0.0,0.06,0.177,0.144,0.119,41188000.0,633533000.0,1.0,184031162.0,184031162,,25.464,1561604000.0,7215000.0,176745000.0,402088000.0,8.486,83828000.0
9,TSS,MRT,2017-03-31,2017-03-31,2017-03-31,2019-07-31,-52381000.0,6350680000.0,6392267000.0,1050811000.0,5299869000.0,0.722,11.697,-98105000.0,464740000.0,464740000.0,3370410000.0,340671000.0,2.323,1.954,3262234000.0,33097000.0,3229137000.0,3262234000.0,0.0,410141000.0,0.0,0.007,0.4,495706000.0,905847000.0,0.196,905847000.0,495706000.0,495706000.0,1.82,1.81,1.82,2144730000.0,2073936750.0,2144730000.0,12740788108.0,26.0,14.065,763232000.0,4.163,1.0,1245014000.0,0.27,4772112000.0,0.0,3923804000.0,4109810500.0,0.0,147743000.0,0.0,147743000.0,4191213000.0,452258000.0,3738955000.0,9802139108.0,-1438396000.0,-2345493000.0,-9969000.0,345953000.0,-73428000.0,190629000.0,-2481412000.0,0.0,861337000.0,-8950000.0,334878000.0,334878000.0,334878000.0,0.0,5793000.0,0.073,656136000.0,588878000.0,45656000.0,0.22,4.57,29.271,29.374,281430000.0,0.0,53.46,2.124,2.124,405746000.0,2590018000.0,4615424000.0,4615424000.0,0.0,0.052,0.161,0.121,0.107,40245000.0,656136000.0,1.0,183354641.0,183354641,,25.172,1578568000.0,7081000.0,160828000.0,419786000.0,8.609,598553000.0
10,TSS,MRT,2016-12-31,2016-12-31,2016-12-31,2019-07-31,-56158000.0,6366177000.0,6160580250.0,1022689000.0,5343488000.0,0.677,11.424,-96726000.0,425354000.0,425354000.0,2993062000.0,325972000.0,2.433,2.02,3364003000.0,50727000.0,3313276000.0,3364003000.0,0.0,373546000.0,0.0,0.008,0.4,480813000.0,854359000.0,0.205,854359000.0,480813000.0,480813000.0,1.74,1.73,1.74,2099920000.0,2018139500.0,2099920000.0,12034043400.0,25.0,14.085,621558000.0,3.381,1.0,1177015000.0,0.282,4836516000.0,0.0,4047957000.0,4031683250.0,0.0,133556000.0,0.0,133556000.0,4242164000.0,420353000.0,3821811000.0,9012535400.0,36281000.0,-2345493000.0,-18567000.0,1915656000.0,-73378000.0,1822190000.0,-2492996000.0,0.0,718284000.0,-11197000.0,319638000.0,319638000.0,319638000.0,0.0,6334000.0,0.077,603633000.0,573382000.0,38712000.0,0.23,4.292,28.196,28.178,282345000.0,0.0,49.03,2.161,2.161,432847000.0,2502222000.0,4170077000.0,4170077000.0,0.0,0.052,0.158,0.119,0.115,33823000.0,603633000.0,1.0,183816753.0,183816753,,22.686,1529661000.0,7055000.0,161175000.0,419552000.0,8.322,602336000.0
11,TSS,MRT,2016-09-30,2016-09-30,2016-09-30,2019-07-31,-47626000.0,6375178000.0,5538509750.0,984868000.0,5390310000.0,0.678,11.236,-128328000.0,446883000.0,446883000.0,2655770000.0,336313000.0,2.666,2.074,3468391000.0,43244000.0,3425147000.0,3468391000.0,0.0,338513000.0,0.0,0.008,0.4,488642000.0,827155000.0,0.22,827155000.0,488642000.0,488642000.0,1.78,1.78,1.78,2065669000.0,1953914000.0,2065669000.0,11851787211.0,24.0,14.328,564232000.0,3.069,1.0,1098926000.0,0.293,4894053000.0,0.0,4133158000.0,3533218250.0,0.0,108199000.0,0.0,108199000.0,4284456000.0,369475000.0,3914981000.0,8667867211.0,-967000.0,-2345493000.0,-115070000.0,2008630000.0,-73400000.0,1837303000.0,-2522664000.0,1686000.0,692560000.0,-8166000.0,328516000.0,328516000.0,328516000.0,-1411000.0,7797000.0,0.087,538186000.0,560740000.0,36659000.0,0.225,4.196,26.385,26.489,281733000.0,0.0,47.15,2.309,2.309,413867000.0,2446762000.0,3754696000.0,3754696000.0,0.0,0.059,0.168,0.138,0.13,15457000.0,538186000.0,1.0,183835996.0,183835996,,20.424,1481125000.0,6974000.0,160126000.0,398083000.0,8.057,615393000.0
12,TSS,MRT,2016-06-30,2016-06-30,2016-06-30,2019-07-31,-47277000.0,6477033000.0,4917095750.0,1009431000.0,5467602000.0,0.674,10.813,-138663000.0,465319000.0,465319000.0,2271935000.0,370923000.0,2.777,2.251,3649239000.0,49085000.0,3600154000.0,3649239000.0,0.0,304096000.0,0.0,0.008,0.4,517490000.0,821586000.0,0.248,821586000.0,517490000.0,517490000.0,1.98,1.97,1.98,1985428000.0,1906400500.0,1985428000.0,10728418020.0,21.0,13.058,517159000.0,2.817,1.0,1043763000.0,0.315,4963145000.0,0.0,4334323000.0,3008639500.0,0.0,116523000.0,0.0,116523000.0,4468306000.0,363485000.0,4104821000.0,9751635020.0,115941000.0,-2346188000.0,-114635000.0,2177374000.0,-73421000.0,2005686000.0,-2535488000.0,961000.0,655822000.0,-10079000.0,363786000.0,363786000.0,363786000.0,-1411000.0,7137000.0,0.11,475246000.0,568517000.0,34428000.0,0.202,4.912,26.806,26.823,286843000.0,0.0,53.11,2.941,2.941,396693000.0,2380024000.0,3315698000.0,3315698000.0,0.0,0.074,0.191,0.172,0.156,13815000.0,475246000.0,1.0,183612032.0,183612032,,18.058,1513888000.0,6394000.0,153704000.0,411532000.0,8.245,645946000.0
13,TSS,MRT,2016-03-31,2016-03-31,2016-03-31,2019-07-31,-36410000.0,5423933000.0,4250968500.0,2426434000.0,2997499000.0,0.672,10.491,-136777000.0,1932111000.0,1932111000.0,1889972000.0,382550000.0,8.553,1.81,2908894000.0,21647000.0,2887247000.0,2908894000.0,0.0,263032000.0,0.0,0.008,0.4,531928000.0,794960000.0,0.278,794960000.0,531928000.0,531928000.0,2.05,2.04,2.05,1921541000.0,1853599500.0,1921541000.0,9763309409.0,18.0,12.282,452593000.0,2.471,1.0,966791000.0,0.338,2505724000.0,0.0,3611295000.0,2433624500.0,0.0,112232000.0,0.0,112232000.0,3477306000.0,283697000.0,3193609000.0,8715171409.0,1603999000.0,-750000.0,-144304000.0,1427328000.0,-73700000.0,1225014000.0,-206698000.0,-1839000.0,589370000.0,-3687000.0,376917000.0,376917000.0,376917000.0,-1411000.0,5633000.0,0.132,403493000.0,563298000.0,44526000.0,0.195,4.536,23.122,23.21,283888000.0,0.0,47.58,3.051,3.051,349271000.0,2328869000.0,2856763000.0,2856763000.0,0.0,0.089,0.203,0.219,0.186,15467000.0,403493000.0,1.0,183168798.0,183168798,,15.596,2918209000.0,6318000.0,155011000.0,211735000.0,15.932,2142737000.0
14,TSS,MRT,2015-12-31,2015-12-31,2015-12-31,2019-07-31,-33544000.0,3877895000.0,3839344750.0,858232000.0,3019663000.0,0.724,10.017,-144588000.0,389328000.0,389328000.0,1855181000.0,369041000.0,2.532,1.088,1431087000.0,53546000.0,1377541000.0,1431087000.0,0.0,258264000.0,0.0,0.008,0.4,515408000.0,773672000.0,0.278,773672000.0,515408000.0,515408000.0,1.98,1.97,1.98,1843018000.0,1800133500.0,1843018000.0,10134526917.0,20.0,13.099,457446000.0,2.486,1.0,924360000.0,0.333,2526625000.0,0.0,2054097000.0,2034162750.0,0.0,106118000.0,0.0,106118000.0,2005803000.0,338932000.0,1666871000.0,9162672917.0,100145000.0,-750000.0,-183599000.0,-52807000.0,-73677000.0,-290754000.0,-204024000.0,0.0,602034000.0,-7111000.0,364044000.0,364044000.0,364044000.0,-1411000.0,4997000.0,0.131,390253000.0,534107000.0,52213000.0,0.202,4.972,25.169,25.152,289898000.0,0.0,49.8,3.296,3.296,314705000.0,2256058000.0,2779541000.0,2779541000.0,0.0,0.095,0.202,0.253,0.185,17192000.0,390253000.0,1.0,183989416.0,183989416,,15.107,1351270000.0,6242000.0,151364000.0,192444000.0,7.344,519300000.0
15,TSS,MRT,2015-09-30,2015-09-30,2015-09-30,2019-07-31,-27164000.0,3889522000.0,3803266250.0,896324000.0,2993198000.0,0.709,10.196,-131147000.0,447850000.0,447850000.0,1788259000.0,365568000.0,2.755,1.059,1419704000.0,41777000.0,1377927000.0,1419704000.0,0.0,254410000.0,0.0,0.009,0.4,515708000.0,770118000.0,0.285,770118000.0,515708000.0,515708000.0,1.96,1.95,1.96,1875615000.0,1762569500.0,1875615000.0,9438773410.0,18.0,12.256,499494000.0,2.715,1.0,909542000.0,0.337,2501172000.0,0.0,2034843000.0,2033124750.0,0.0,101127000.0,0.0,101127000.0,1985355000.0,325361000.0,1659994000.0,8356846410.0,181809000.0,-773000.0,-105575000.0,-60164000.0,-73914000.0,-238713000.0,-200697000.0,-1687000.0,630641000.0,-9422000.0,361076000.0,361076000.0,361076000.0,3338000.0,4492000.0,0.134,370567000.0,538975000.0,55111000.0,0.204,4.456,23.144,23.179,287098000.0,0.0,45.43,3.098,3.098,333467000.0,2191984000.0,2697801000.0,2697801000.0,0.0,0.095,0.205,0.254,0.191,33700000.0,370567000.0,1.0,183949954.0,183949954,,14.666,1388350000.0,25745000.0,154632000.0,189682000.0,7.547,570963000.0
16,TSS,MRT,2015-06-30,2015-06-30,2015-06-30,2019-07-31,-14395000.0,3812524000.0,3761031250.0,787745000.0,3024779000.0,0.693,9.626,-137357000.0,349378000.0,349378000.0,1739185000.0,328715000.0,2.378,1.133,1431305000.0,43791000.0,1387514000.0,1431305000.0,0.0,252345000.0,0.0,0.01,0.4,480293000.0,732638000.0,0.281,732638000.0,480293000.0,480293000.0,1.75,1.75,1.75,1774224000.0,1714301750.0,1774224000.0,8812169154.0,18.0,12.028,468695000.0,2.543,1.0,867617000.0,0.333,2528964000.0,0.0,2034263000.0,2037568000.0,0.0,109367000.0,0.0,109367000.0,2009987000.0,331224000.0,1678763000.0,7698711154.0,98421000.0,-38654000.0,-101344000.0,-60469000.0,-74041000.0,-235142000.0,-262580000.0,-3439000.0,606052000.0,-9909000.0,324259000.0,324259000.0,324259000.0,2458000.0,4456000.0,0.124,362339000.0,505278000.0,57358000.0,0.229,4.339,23.742,23.869,287310000.0,0.0,41.77,2.953,2.953,314678000.0,2089914000.0,2606802000.0,2606802000.0,0.0,0.086,0.189,0.236,0.184,27844000.0,362339000.0,1.0,184311974.0,184311974,,14.143,1283560000.0,23403000.0,156034000.0,200929000.0,6.964,456521000.0
17,TSS,MRT,2015-03-31,2015-03-31,2015-03-31,2019-07-31,-24274000.0,3777438000.0,3727377500.0,760640000.0,3016798000.0,0.675,9.228,-148902000.0,328112000.0,328112000.0,1695714000.0,356680000.0,2.208,1.195,1441570000.0,45526000.0,1396044000.0,1441570000.0,0.0,249401000.0,0.0,0.01,0.4,496532000.0,745933000.0,0.296,745933000.0,496532000.0,496532000.0,1.89,1.88,1.89,1707677000.0,1675354000.0,1707677000.0,8226635745.0,17.0,11.029,421085000.0,2.275,1.0,820472000.0,0.326,2532955000.0,0.0,2013448000.0,2030894250.0,0.0,105957000.0,0.0,105957000.0,2040017000.0,344493000.0,1695524000.0,7059801745.0,20699000.0,6395000.0,-183716000.0,-61352000.0,-74268000.0,-317755000.0,-220257000.0,-630000.0,569987000.0,-11276000.0,351324000.0,351324000.0,351324000.0,-47675000.0,5356000.0,0.14,347033000.0,473439000.0,58473000.0,0.212,4.134,20.095,20.185,285413000.0,0.0,38.15,2.806,2.806,315524000.0,2025427000.0,2516186000.0,2516186000.0,0.0,0.094,0.21,0.244,0.197,24381000.0,347033000.0,1.0,185053781.0,185053781,,13.597,1244483000.0,19584000.0,145208000.0,209446000.0,6.725,416147000.0
18,TSS,MRT,2014-12-31,2014-12-31,2014-12-31,2019-07-31,-11926000.0,3733581000.0,3713322750.0,690553000.0,3043028000.0,0.659,9.106,-147052000.0,289183000.0,289183000.0,1668892000.0,329406000.0,2.329,1.188,1456017000.0,50911000.0,1405106000.0,1456017000.0,0.0,248018000.0,0.0,0.012,0.4,452633000.0,700651000.0,0.286,700651000.0,452633000.0,452633000.0,1.73,1.72,1.73,1692762000.0,1650225250.0,1692762000.0,7510289582.0,17.0,10.719,413149000.0,2.222,1.0,777985000.0,0.318,2553957000.0,0.0,2049945000.0,2035744500.0,0.0,100468000.0,0.0,100468000.0,2011445000.0,296513000.0,1714932000.0,6313092582.0,10953000.0,6395000.0,-135647000.0,-68543000.0,-74796000.0,-316473000.0,-226607000.0,-3291000.0,560201000.0,-6168000.0,322872000.0,322872000.0,322872000.0,-48655000.0,6534000.0,0.132,346345000.0,431640000.0,48793000.0,0.231,3.729,19.553,19.63,290585000.0,0.0,33.96,2.58,2.58,283203000.0,1966370000.0,2446877000.0,2446877000.0,0.0,0.087,0.196,0.222,0.185,23605000.0,346345000.0,1.0,185897897.0,185897897,,13.162,1179624000.0,22192000.0,129761000.0,211820000.0,6.346,394040000.0
19,TSS,MRT,2014-09-30,2014-09-30,2014-09-30,2019-07-31,1046000.0,3720582000.0,3701569500.0,688701000.0,3031881000.0,0.647,9.061,-157122000.0,266041000.0,266041000.0,1633058000.0,317555000.0,2.285,1.194,1463238000.0,47043000.0,1416195000.0,1463238000.0,0.0,247688000.0,0.0,0.013,0.4,436434000.0,684122000.0,0.286,684122000.0,436434000.0,436434000.0,1.65,1.64,1.65,1682544000.0,1622304000.0,1682544000.0,6959168791.0,16.0,10.172,377905000.0,2.035,1.0,761820000.0,0.318,2563769000.0,0.0,2052616000.0,2038913750.0,0.0,96114000.0,0.0,96114000.0,2008925000.0,301394000.0,1707531000.0,5748673791.0,-130819000.0,6418000.0,-178404000.0,-132945000.0,-75155000.0,-424458000.0,-239907000.0,-3522000.0,535027000.0,-1481000.0,308667000.0,308667000.0,308667000.0,-52743000.0,8888000.0,0.129,344095000.0,417725000.0,54507000.0,0.242,3.417,18.624,18.764,274571000.0,0.0,30.96,2.4,2.4,308671000.0,1905112000.0,2394878000.0,2394878000.0,0.0,0.083,0.19,0.214,0.182,25026000.0,356104000.0,1.0,185680678.0,185680678,,12.898,1156813000.0,17110000.0,127767000.0,191873000.0,6.23,387307000.0
20,TSS,MRT,2014-06-30,2014-06-30,2014-06-30,2019-07-31,12504000.0,3677909000.0,3710145500.0,651938000.0,3025971000.0,0.633,8.575,-150051000.0,250957000.0,250957000.0,1602814000.0,299851000.0,2.019,1.254,1461452000.0,43160000.0,1418292000.0,1461452000.0,0.0,244701000.0,0.0,0.013,0.4,407852000.0,652553000.0,0.278,652553000.0,407852000.0,407852000.0,1.54,1.53,1.54,1618433000.0,1602860000.0,1618433000.0,7124904787.0,17.0,10.919,384541000.0,2.037,1.0,745724000.0,0.318,2557944000.0,0.0,2007568000.0,2044387750.0,0.0,99634000.0,0.0,99634000.0,2030245000.0,322892000.0,1707353000.0,5928282787.0,-1123252000.0,-1269611000.0,-174911000.0,118246000.0,-75385000.0,-170655000.0,-1491929000.0,-1185000.0,534592000.0,4740000.0,289212000.0,289212000.0,289212000.0,-52474000.0,10639000.0,0.123,352927000.0,392797000.0,44078000.0,0.26,3.663,20.498,20.396,274507000.0,0.0,31.41,2.524,2.524,281338000.0,1839904000.0,2348538000.0,2348538000.0,0.0,0.078,0.18,0.199,0.174,29469000.0,357654000.0,1.0,188738707.0,188738707,,12.443,1119965000.0,12476000.0,118640000.0,194203000.0,5.934,329046000.0
21,TSS,MRT,2014-03-31,2014-03-31,2014-03-31,2019-07-31,5320000.0,3721219000.0,3587712500.0,688856000.0,3032363000.0,0.616,8.555,-125490000.0,274161000.0,274161000.0,1487952000.0,249072000.0,2.102,1.287,1470783000.0,44945000.0,1425838000.0,1470783000.0,0.0,224285000.0,0.0,0.013,0.4,354877000.0,579162000.0,0.262,579162000.0,354877000.0,354877000.0,1.26,1.26,1.26,1607162000.0,1577228250.0,1607162000.0,6927575399.0,20.0,11.961,423177000.0,2.253,1.0,720410000.0,0.326,2557297000.0,0.0,2032849000.0,2011862500.0,0.0,96533000.0,0.0,96533000.0,2067620000.0,327695000.0,1739925000.0,5712765399.0,84316000.0,-1314660000.0,-55850000.0,1206324000.0,-75298000.0,1036025000.0,-1502141000.0,-1789000.0,548667000.0,1765000.0,237024000.0,237024000.0,237024000.0,-3019000.0,12048000.0,0.107,331734000.0,388676000.0,51488000.0,0.317,3.555,24.102,24.135,262754000.0,0.0,30.41,2.587,2.587,268794000.0,1748660000.0,2208362000.0,2208362000.0,0.0,0.066,0.15,0.176,0.161,24922000.0,335215000.0,1.0,187858119.0,187858119,,11.755,1163922000.0,16380000.0,117853000.0,229649000.0,6.196,361161000.0
22,TSS,MRT,2013-12-31,2013-12-31,2013-12-31,2019-07-31,3749000.0,3686568000.0,3167206250.0,653933000.0,3032635000.0,0.652,8.331,-137833000.0,247700000.0,247700000.0,1369438000.0,256597000.0,2.2,1.293,1492670000.0,56919000.0,1435751000.0,1492670000.0,0.0,205351000.0,0.0,0.012,0.4,355731000.0,561082000.0,0.272,561082000.0,355731000.0,355731000.0,1.3,1.29,1.3,1581077000.0,1539138000.0,1581077000.0,7474610282.0,21.0,13.322,314565000.0,1.658,1.0,694867000.0,0.337,2571701000.0,0.0,2062622000.0,1694055250.0,0.0,94133000.0,0.0,94133000.0,2044490000.0,297215000.0,1747275000.0,6315910282.0,30618000.0,-1314660000.0,-63166000.0,1215283000.0,-56510000.0,1091814000.0,-1509836000.0,-1378000.0,452398000.0,-3758000.0,244750000.0,244750000.0,244750000.0,-2055000.0,11847000.0,0.119,312367000.0,382500000.0,33651000.0,0.308,3.995,25.806,25.6,259968000.0,0.0,33.28,3.06,3.06,255773000.0,1718204000.0,2064305000.0,2064305000.0,0.0,0.077,0.159,0.21,0.172,25405000.0,312367000.0,1.0,189780958.0,189780958,,10.877,1114867000.0,18130000.0,110981000.0,228727000.0,5.874,356718000.0
23,TSS,MRT,2013-09-30,2013-09-30,2013-09-30,2019-07-31,-220000.0,3754886000.0,2751523750.0,760581000.0,2994305000.0,0.684,8.472,-106625000.0,396860000.0,396860000.0,1225872000.0,249461000.0,2.555,1.303,1555560000.0,50841000.0,1504719000.0,1555560000.0,0.0,185771000.0,0.0,0.014,0.4,347283000.0,533054000.0,0.283,533054000.0,347283000.0,347283000.0,1.29,1.27,1.29,1604768000.0,1500171250.0,1604768000.0,5515714582.0,16.0,10.347,322626000.0,1.703,1.0,657015000.0,0.349,2541422000.0,0.0,2074512000.0,1363840500.0,0.0,89964000.0,0.0,89964000.0,2090634000.0,297652000.0,1792982000.0,5572651582.0,40291000.0,-1437108000.0,8059000.0,1279179000.0,-74830000.0,1209261000.0,-1591048000.0,-1807000.0,429251000.0,-7173000.0,239956000.0,239956000.0,239956000.0,-2299000.0,9505000.0,0.127,296226000.0,360789000.0,44119000.0,0.31,3.473,23.224,22.806,259865000.0,0.0,29.42,2.96,2.96,261595000.0,1671595000.0,1882887000.0,1882887000.0,0.0,0.087,0.16,0.255,0.184,23110000.0,283449000.0,1.0,189417117.0,189417117,,9.94,1213464000.0,20447000.0,107327000.0,220846000.0,6.406,462929000.0
24,TSS,MRT,2013-06-30,2013-06-30,2013-06-30,2019-07-31,-9950000.0,3188177000.0,2305282000.0,1716637000.0,1471540000.0,0.772,8.106,-96406000.0,1374922000.0,1374922000.0,1164410000.0,244010000.0,8.236,1.065,1317985000.0,44057000.0,1273928000.0,1317985000.0,0.0,169567000.0,0.0,0.016,0.4,343373000.0,512940000.0,0.288,512940000.0,343373000.0,343373000.0,1.27,1.25,1.27,1515906000.0,1446715500.0,1515906000.0,4579047299.0,13.0,8.927,313191000.0,1.675,1.0,615985000.0,0.346,1045349000.0,0.0,1877467000.0,1030280250.0,0.0,94447000.0,0.0,94447000.0,1614258000.0,208424000.0,1405834000.0,4578074299.0,955566000.0,-186948000.0,-56446000.0,1014850000.0,-74984000.0,880217000.0,-328918000.0,-3414000.0,409597000.0,-5330000.0,235918000.0,235918000.0,235918000.0,-1688000.0,8092000.0,0.133,268782000.0,347203000.0,28623000.0,0.315,3.02,19.405,19.276,248778000.0,0.0,24.48,2.571,2.571,250124000.0,1626300000.0,1780395000.0,1780395000.0,0.0,0.102,0.163,0.333,0.193,17153000.0,262905000.0,1.0,187012839.0,187012839,,9.52,2142828000.0,14228000.0,107455000.0,66885000.0,11.458,1508213000.0
25,TSS,MRT,2013-03-31,2013-03-31,2013-03-31,2019-07-31,-9431000.0,2039194000.0,1992373000.0,566702000.0,1472492000.0,0.894,7.797,-113351000.0,232143000.0,232143000.0,1175452000.0,251426000.0,2.574,0.361,233116000.0,47370000.0,185746000.0,233116000.0,0.0,172235000.0,0.0,0.016,0.4,346936000.0,519171000.0,0.291,519171000.0,346936000.0,346936000.0,1.31,1.29,1.31,1454801000.0,1415976750.0,1454801000.0,4608648044.0,13.0,8.877,296926000.0,1.591,1.0,605734000.0,0.34,1058350000.0,0.0,761620000.0,712361250.0,0.0,91751000.0,0.0,91751000.0,525648000.0,220197000.0,305451000.0,4623622044.0,-147858000.0,-186948000.0,-70918000.0,-58938000.0,-75122000.0,-206356000.0,-346193000.0,-2943000.0,410277000.0,-5586000.0,244912000.0,244912000.0,244912000.0,-1010000.0,6514000.0,0.137,261077000.0,344657000.0,33143000.0,0.305,3.178,18.879,18.916,252797000.0,0.0,24.78,2.596,2.596,237257000.0,1587540000.0,1781186000.0,1781186000.0,0.0,0.123,0.173,0.487,0.195,18331000.0,256151000.0,1.0,186586846.0,186586846,,9.546,980844000.0,13357000.0,102024000.0,54103000.0,5.257,346505000.0
26,TSS,MRT,2012-12-31,2012-12-31,2012-12-31,2019-07-31,1408000.0,2023838000.0,1959108250.0,574726000.0,1449112000.0,0.915,7.628,-83681000.0,247612000.0,247612000.0,1189341000.0,249923000.0,2.493,0.378,232638000.0,40624000.0,192014000.0,232638000.0,0.0,170610000.0,0.0,0.019,0.4,358396000.0,529006000.0,0.295,529006000.0,358396000.0,358396000.0,1.3,1.29,1.3,1425210000.0,1389539250.0,1425210000.0,3880401991.0,11.0,7.335,372072000.0,1.991,1.0,604216000.0,0.337,1036582000.0,0.0,741763000.0,672527000.0,0.0,87764000.0,0.0,87764000.0,539398000.0,230519000.0,308879000.0,4002064991.0,-68725000.0,-188698000.0,-65267000.0,-52125000.0,-94035000.0,-212965000.0,-309794000.0,-3031000.0,455753000.0,-1719000.0,244280000.0,244280000.0,244280000.0,-995000.0,5643000.0,0.136,249247000.0,354969000.0,63370000.0,0.308,2.808,16.383,16.477,260389000.0,0.0,21.42,2.231,2.231,247083000.0,1549063000.0,1793557000.0,1793557000.0,0.0,0.125,0.176,0.533,0.2,17362000.0,247597000.0,1.0,186837768.0,186837768,,9.6,987256000.0,15159000.0,114116000.0,48074000.0,5.284,344207000.0
27,TSS,MRT,2012-09-30,2012-09-30,2012-09-30,2019-07-31,1644000.0,1969919000.0,1917746750.0,690953000.0,1278966000.0,0.972,7.396,-81720000.0,356569000.0,356569000.0,1269558000.0,248578000.0,3.12,0.374,234906000.0,37549000.0,197357000.0,234906000.0,0.0,171091000.0,0.0,0.017,0.4,357124000.0,528215000.0,0.283,528215000.0,357124000.0,357124000.0,1.29,1.29,1.29,1390945000.0,1358559000.0,1390945000.0,4295852078.0,12.0,8.133,390921000.0,2.079,1.0,594548000.0,0.319,886549000.0,0.0,740271000.0,638513000.0,0.0,83037000.0,0.0,83037000.0,519567000.0,221436000.0,298131000.0,4457242078.0,75856000.0,-68850000.0,-93693000.0,-39598000.0,-70052000.0,-205477000.0,-188250000.0,-2863000.0,472641000.0,-3058000.0,243292000.0,243292000.0,243292000.0,0.0,5286000.0,0.131,237010000.0,357538000.0,32824000.0,0.31,3.204,18.321,18.372,264803000.0,0.0,23.7,2.391,2.391,248441000.0,1507542000.0,1864106000.0,1864106000.0,0.0,0.127,0.179,0.559,0.192,15469000.0,235044000.0,1.0,188069286.0,188069286,,9.912,1083370000.0,15024000.0,113832000.0,33199000.0,5.76,469517000.0
28,TSS,MRT,2012-06-30,2012-06-30,2012-06-30,2019-07-31,-6841000.0,1936541000.0,1887529500.0,753840000.0,1182701000.0,0.983,7.367,-77864000.0,418643000.0,418643000.0,1275354000.0,244223000.0,2.026,0.375,257253000.0,197177000.0,60076000.0,257253000.0,0.0,170216000.0,0.0,0.015,0.37,349018000.0,519234000.0,0.28,519234000.0,349018000.0,349018000.0,1.27,1.27,1.27,1392951000.0,1335366000.0,1392951000.0,4405949988.0,13.0,8.485,362565000.0,1.918,1.0,580440000.0,0.313,797262000.0,0.0,605791000.0,652753750.0,0.0,85843000.0,0.0,85843000.0,522823000.0,372098000.0,150725000.0,4524715988.0,155309000.0,-4372000.0,-74485000.0,-18803000.0,-64629000.0,-158913000.0,-117281000.0,-2689000.0,440429000.0,-8926000.0,241128000.0,241128000.0,241128000.0,0.0,3095000.0,0.13,232615000.0,347825000.0,28470000.0,0.291,3.248,18.765,18.843,259160000.0,0.0,23.93,2.438,2.438,246335000.0,1465933000.0,1855794000.0,1855794000.0,0.0,0.128,0.181,0.535,0.188,16383000.0,231031000.0,1.0,189081320.0,189081320,,9.815,1139279000.0,12948000.0,107890000.0,31494000.0,6.025,381742000.0
29,TSS,MRT,2012-03-31,2012-03-31,2012-03-31,2019-07-31,3489000.0,1906135000.0,1861463750.0,712980000.0,1193155000.0,0.989,7.142,-64616000.0,370955000.0,370955000.0,1274737000.0,230893000.0,1.861,0.399,252189000.0,194502000.0,57687000.0,252189000.0,0.0,168970000.0,0.0,0.015,0.34,335160000.0,504130000.0,0.274,504130000.0,335160000.0,335160000.0,1.2,1.2,1.2,1349051000.0,1314685500.0,1349051000.0,4300339651.0,13.0,8.53,367445000.0,1.945,1.0,565960000.0,0.307,802052000.0,0.0,602283000.0,693087250.0,0.0,85891000.0,0.0,85891000.0,537911000.0,383034000.0,154877000.0,4357469651.0,118467000.0,-49659000.0,-75924000.0,-26846000.0,-59306000.0,-163712000.0,-146360000.0,-2565000.0,432061000.0,-3522000.0,228165000.0,228165000.0,228165000.0,0.0,2728000.0,0.124,231702000.0,334258000.0,35827000.0,0.283,3.23,19.098,19.225,260900000.0,0.0,23.07,2.367,2.367,253732000.0,1418140000.0,1840697000.0,1840697000.0,0.0,0.123,0.174,0.484,0.182,15859000.0,230413000.0,1.0,188880349.0,188880349,,9.745,1104083000.0,12665000.0,106995000.0,36064000.0,5.845,329946000.0
30,TSS,MRT,2011-12-31,2011-12-31,2011-12-31,2019-07-31,-445000.0,1858392000.0,1831186250.0,650181000.0,1208211000.0,0.988,6.463,-64322000.0,316337000.0,316337000.0,1257970000.0,222662000.0,1.708,0.413,259207000.0,195614000.0,63593000.0,259207000.0,0.0,169165000.0,0.0,0.016,0.31,323156000.0,492321000.0,0.272,492321000.0,323156000.0,323156000.0,1.15,1.15,1.15,1301289000.0,1284426500.0,1301289000.0,3922938883.0,12.0,7.968,371997000.0,1.847,1.0,550996000.0,0.305,814979000.0,0.0,605707000.0,737789500.0,0.0,82924000.0,0.0,82924000.0,537383000.0,380576000.0,156807000.0,3938557883.0,-78458000.0,-47909000.0,-113206000.0,-28892000.0,-53949000.0,-371053000.0,-141420000.0,-2066000.0,436319000.0,-2304000.0,220559000.0,220559000.0,220559000.0,0.0,2103000.0,0.122,228540000.0,322456000.0,26095000.0,0.27,3.027,17.857,17.009,266608000.0,0.0,19.56,2.177,2.177,248541000.0,1380634000.0,1808966000.0,1808966000.0,0.0,0.12,0.172,0.438,0.179,17000000.0,227251000.0,1.0,201357765.0,201357765,,8.984,1043413000.0,16941000.0,102597000.0,32889000.0,5.182,269605000.0
31,TSS,MRT,2011-09-30,2011-09-30,2011-09-30,2019-07-31,51000.0,1849050000.0,1854653500.0,631791000.0,1217259000.0,0.958,6.738,-111032000.0,280756000.0,280756000.0,1246927000.0,213365000.0,2.918,0.409,265137000.0,54074000.0,211063000.0,265137000.0,0.0,169407000.0,0.0,0.017,0.28,302800000.0,472207000.0,0.266,472207000.0,302800000.0,302800000.0,1.08,1.08,1.08,1298173000.0,1269385250.0,1298173000.0,3264547969.0,11.0,6.913,295891000.0,1.536,1.0,529795000.0,0.298,819718000.0,0.0,797234000.0,784261250.0,0.0,81036000.0,0.0,81036000.0,531347000.0,216479000.0,314868000.0,3261778969.0,-91887000.0,-45268000.0,-71618000.0,18902000.0,-54271000.0,-290201000.0,-208706000.0,-1505000.0,406923000.0,97000.0,207859000.0,207859000.0,207859000.0,81000.0,5506000.0,0.117,226084000.0,303711000.0,25763000.0,0.259,2.513,15.692,15.676,286464000.0,0.0,16.93,1.836,1.836,246971000.0,1339672000.0,1776722000.0,1776722000.0,0.0,0.112,0.164,0.386,0.17,16748000.0,226084000.0,1.0,192662668.0,192662668,,9.222,1029332000.0,15529000.0,94941000.0,40701000.0,5.343,415312000.0
32,TSS,MRT,2011-06-30,2011-06-30,2011-06-30,2019-07-31,8334000.0,1832278000.0,1872629750.0,587661000.0,1244617000.0,0.935,6.801,-122099000.0,263352000.0,263352000.0,1228138000.0,205383000.0,2.564,0.384,266121000.0,52106000.0,214015000.0,266121000.0,0.0,167180000.0,0.0,0.015,0.28,293988000.0,461168000.0,0.263,461168000.0,293988000.0,293988000.0,1.01,1.01,1.01,1310229000.0,1255586000.0,1310229000.0,3597390217.0,12.0,7.801,270647000.0,1.405,1.0,522073000.0,0.298,838718000.0,0.0,767125000.0,787998750.0,0.0,81951000.0,0.0,81951000.0,503620000.0,229204000.0,274416000.0,3579480217.0,-124659000.0,-41022000.0,-79349000.0,21380000.0,-54611000.0,-295805000.0,-230341000.0,68000.0,392746000.0,8741000.0,195454000.0,195454000.0,195454000.0,2544000.0,9929000.0,0.112,220628000.0,301445000.0,29189000.0,0.277,2.732,18.314,18.396,293637000.0,0.0,18.58,2.045,2.045,226327000.0,1294877000.0,1750211000.0,1750211000.0,0.0,0.104,0.156,0.373,0.168,16466000.0,220628000.0,1.0,192652326.0,192652326,,9.085,993560000.0,12090000.0,98534000.0,189000.0,5.157,358457000.0
33,TSS,MRT,2011-03-31,2011-03-31,2011-03-31,2019-07-31,7405000.0,1785025000.0,1888526250.0,572011000.0,1213014000.0,0.918,6.349,-134858000.0,252580000.0,252580000.0,1211966000.0,203214000.0,2.619,0.439,270490000.0,51376000.0,219114000.0,270490000.0,0.0,165615000.0,0.0,0.016,0.28,294559000.0,460174000.0,0.265,460174000.0,294559000.0,294559000.0,0.98,0.98,0.98,1228015000.0,1237726250.0,1228015000.0,3368034965.0,11.0,7.319,222938000.0,1.153,1.0,521578000.0,0.301,803427000.0,0.0,781092000.0,791126500.0,0.0,80379000.0,0.0,80379000.0,539608000.0,218416000.0,321192000.0,3485239965.0,-281999000.0,-144266000.0,-79300000.0,23196000.0,-54846000.0,-293928000.0,-347513000.0,68000.0,357796000.0,1646000.0,191411000.0,191411000.0,191411000.0,2817000.0,11803000.0,0.11,218833000.0,302745000.0,32069000.0,0.286,2.838,18.208,18.388,297463000.0,0.0,18.02,2.01,2.01,236952000.0,1254554000.0,1733544000.0,1733544000.0,0.0,0.101,0.155,0.372,0.17,17148000.0,218833000.0,1.0,193409543.0,193409543,,8.963,981598000.0,9552000.0,103148000.0,44773000.0,5.075,353595000.0
34,TSS,MRT,2010-12-31,2010-12-31,2010-12-31,2019-07-31,-2585000.0,1952261000.0,1883280750.0,721813000.0,1230448000.0,0.912,6.387,-141839000.0,395229000.0,395229000.0,1201012000.0,205621000.0,3.176,0.442,278024000.0,52748000.0,225276000.0,278024000.0,0.0,163111000.0,0.0,0.018,0.28,300035000.0,463146000.0,0.27,463146000.0,300035000.0,300035000.0,0.99,0.99,0.99,1241124000.0,1231100000.0,1241124000.0,2865033347.0,10.0,6.186,247321000.0,1.273,1.0,516565000.0,0.301,816192000.0,0.0,791594000.0,775555000.0,0.0,77127000.0,0.0,77127000.0,548456000.0,227270000.0,321186000.0,2988716347.0,-55160000.0,-144266000.0,-45685000.0,28016000.0,-55087000.0,-81676000.0,-361706000.0,68000.0,389160000.0,-938000.0,193947000.0,193947000.0,193947000.0,3245000.0,11674000.0,0.113,207136000.0,309429000.0,36068000.0,0.283,2.408,15.41,15.535,300102000.0,0.0,15.38,1.74,1.74,237646000.0,1219303000.0,1717577000.0,1717577000.0,0.0,0.103,0.158,0.387,0.175,15721000.0,207136000.0,1.0,194324860.0,194324860,,8.839,1136069000.0,13794000.0,106088000.0,42547000.0,5.846,494543000.0
35,TSS,MRT,2010-09-30,2010-09-30,2010-09-30,2019-07-31,2375000.0,1920955000.0,1822954000.0,747031000.0,1173924000.0,0.938,6.296,-98392000.0,373098000.0,373098000.0,1183513000.0,216894000.0,3.409,0.439,249415000.0,24601000.0,224814000.0,249415000.0,0.0,158064000.0,0.0,0.018,0.28,324238000.0,482302000.0,0.282,482302000.0,324238000.0,324238000.0,1.04,1.04,1.04,1242976000.0,1214769250.0,1242976000.0,2852621393.0,9.0,5.915,271591000.0,1.376,1.0,526603000.0,0.308,765950000.0,0.0,812184000.0,754481750.0,0.0,74024000.0,0.0,74024000.0,545555000.0,219138000.0,326417000.0,3008566393.0,-47540000.0,-144319000.0,-45684000.0,-17629000.0,-55234000.0,-118686000.0,-297370000.0,0.0,369983000.0,-1467000.0,206988000.0,206988000.0,206988000.0,3592000.0,9906000.0,0.121,194241000.0,332362000.0,10296000.0,0.269,2.42,14.535,14.654,298766000.0,0.0,15.24,1.759,1.759,264775000.0,1185590000.0,1710116000.0,1710116000.0,0.0,0.114,0.17,0.43,0.19,14499000.0,194241000.0,1.0,197412493.0,197412493,,8.663,1155005000.0,7195000.0,117250000.0,56072000.0,5.851,527893000.0
36,TSS,MRT,2010-06-30,2010-06-30,2010-06-30,2019-07-31,-11044000.0,1895864000.0,1761782000.0,738403000.0,1157461000.0,0.968,6.276,-93517000.0,396192000.0,396192000.0,1175417000.0,222514000.0,3.539,0.427,240247000.0,15343000.0,224904000.0,240247000.0,0.0,157470000.0,0.0,0.021,0.28,337553000.0,495023000.0,0.29,495023000.0,337553000.0,337553000.0,1.09,1.09,1.09,1238790000.0,1186278750.0,1238790000.0,2363316271.0,7.0,4.774,306233000.0,1.551,1.0,530380000.0,0.311,751628000.0,0.0,779636000.0,730200500.0,0.0,75751000.0,0.0,75751000.0,529515000.0,208655000.0,320860000.0,2684642271.0,41714000.0,-146553000.0,-696000.0,-16941000.0,-55218000.0,-72994000.0,-278449000.0,0.0,399750000.0,-6593000.0,216271000.0,216271000.0,216271000.0,4384000.0,6243000.0,0.127,188638000.0,341742000.0,48300000.0,0.257,2.167,12.413,12.477,293046000.0,0.0,13.6,1.574,1.574,231598000.0,1153670000.0,1705797000.0,1705797000.0,0.0,0.123,0.182,0.462,0.198,14736000.0,188638000.0,1.0,197400167.0,197400167,,8.641,1144236000.0,7692000.0,121282000.0,51145000.0,5.797,529748000.0
37,TSS,MRT,2010-03-31,2010-03-31,2010-03-31,2019-07-31,-7145000.0,1764043000.0,1696510750.0,871645000.0,892398000.0,0.994,6.092,-90279000.0,564835000.0,564835000.0,1159648000.0,224054000.0,3.812,0.457,243509000.0,16874000.0,226635000.0,243509000.0,0.0,155185000.0,0.0,0.018,0.28,342253000.0,497438000.0,0.295,497438000.0,342253000.0,342253000.0,1.11,1.11,1.11,1201510000.0,1147560000.0,1201510000.0,2810890925.0,8.0,5.651,367723000.0,1.864,1.0,527255000.0,0.313,495261000.0,0.0,718806000.0,719834250.0,0.0,76021000.0,0.0,76021000.0,549116000.0,228650000.0,320466000.0,3088635925.0,256942000.0,1890000.0,-963000.0,-16453000.0,-55226000.0,-72760000.0,-122907000.0,0.0,458002000.0,-5393000.0,220014000.0,220014000.0,220014000.0,2991000.0,4040000.0,0.13,182563000.0,344692000.0,29249000.0,0.252,2.571,14.038,14.108,291400000.0,0.0,15.66,1.831,1.831,218815000.0,1117789000.0,1686903000.0,1686903000.0,0.0,0.13,0.192,0.475,0.203,13627000.0,182563000.0,1.0,197230902.0,197230902,,8.553,1268782000.0,9980000.0,122239000.0,49324000.0,6.433,642995000.0
38,TSS,MRT,2009-12-31,2009-12-31,2009-12-31,2019-07-31,5673000.0,1710954000.0,1652788000.0,810896000.0,900058000.0,1.015,5.963,-85521000.0,496444000.0,496444000.0,1149883000.0,219176000.0,3.673,0.444,218400000.0,13277000.0,205123000.0,218400000.0,0.0,156471000.0,0.0,0.016,0.28,337063000.0,493534000.0,0.294,493534000.0,337063000.0,337063000.0,1.09,1.09,1.09,1175801000.0,1102634000.0,1175801000.0,3180243263.0,9.0,6.444,337616000.0,1.712,1.0,527600000.0,0.315,504830000.0,0.0,707301000.0,726718500.0,0.0,75495000.0,0.0,75495000.0,521507000.0,220779000.0,300728000.0,3405376263.0,229937000.0,1685000.0,-326000.0,-13535000.0,-55208000.0,-69298000.0,-119432000.0,0.0,423137000.0,-4470000.0,215213000.0,215213000.0,215213000.0,6544000.0,3963000.0,0.128,183574000.0,344026000.0,21487000.0,0.257,2.896,15.823,15.844,289069000.0,0.0,17.27,2.03,2.03,231162000.0,1080250000.0,1677483000.0,1677483000.0,0.0,0.13,0.195,0.464,0.201,16122000.0,183574000.0,1.0,197184497.0,197184497,,8.507,1206124000.0,11302000.0,121850000.0,47162000.0,6.117,590117000.0
39,TSS,MRT,2009-09-30,2009-09-30,2009-09-30,2019-07-31,7975000.0,1676267000.0,1612555500.0,778329000.0,897938000.0,1.037,5.727,-91574000.0,446458000.0,446458000.0,2012030000.0,222867000.0,3.424,0.475,221325000.0,12342000.0,208983000.0,221325000.0,0.0,157305000.0,0.0,0.017,0.28,340109000.0,497414000.0,0.297,497414000.0,340109000.0,340109000.0,1.12,1.12,1.12,1129014000.0,1056421000.0,1129014000.0,3029619070.0,9.0,6.091,315411000.0,1.6,1.0,-339555000.0,-0.203,508775000.0,0.0,715059000.0,744759250.0,0.0,72936000.0,0.0,72936000.0,536113000.0,227300000.0,308813000.0,3176027070.0,111136000.0,-47698000.0,-12429000.0,-47905000.0,-55497000.0,-116052000.0,-169484000.0,343000.0,406985000.0,-10313000.0,221327000.0,221327000.0,221327000.0,7623000.0,1540000.0,0.132,-481618000.0,142063000.0,36387000.0,0.25,2.813,14.35,14.384,286554000.0,0.0,16.11,1.899,1.899,240753000.0,1033851000.0,1672475000.0,1672475000.0,0.0,0.137,0.21,0.457,0.203,16704000.0,-343769000.0,1.0,197146311.0,197146311,,8.483,1167492000.0,16440000.0,118782000.0,52757000.0,5.922,551029000.0
40,TSS,MRT,2009-06-30,2009-06-30,2009-06-30,2019-07-31,8062000.0,1634779000.0,1590113000.0,715420000.0,919359000.0,1.058,5.498,-97430000.0,370861000.0,370861000.0,1717434000.0,231989000.0,3.07,0.498,224453000.0,12665000.0,211788000.0,224453000.0,0.0,162855000.0,0.0,0.021,0.28,351337000.0,514192000.0,0.306,514192000.0,351337000.0,351337000.0,1.16,1.16,1.16,1083915000.0,1019481750.0,1083915000.0,2562729469.0,7.0,4.984,300028000.0,1.522,1.0,-34430000.0,-0.02,517195000.0,0.0,738171000.0,745560000.0,0.0,71706000.0,0.0,71706000.0,540319000.0,233005000.0,307314000.0,2639985469.0,88476000.0,-50653000.0,-12414000.0,-49144000.0,-55276000.0,-117054000.0,-178227000.0,0.0,397458000.0,-13701000.0,230375000.0,230375000.0,230375000.0,4099000.0,1614000.0,0.137,-250231000.0,215801000.0,29627000.0,0.241,2.436,11.46,11.543,280336000.0,0.0,13.39,1.569,1.569,227583000.0,992638000.0,1683004000.0,1683004000.0,0.0,0.145,0.226,0.471,0.209,18280000.0,-164492000.0,1.0,197160976.0,197160976,,8.536,1117584000.0,16949000.0,120962000.0,51456000.0,5.668,482415000.0
41,TSS,MRT,2009-03-31,2009-03-31,2009-03-31,2019-07-31,-10383000.0,1589152000.0,1567938000.0,678944000.0,910208000.0,1.085,5.228,-96072000.0,303935000.0,303935000.0,1437323000.0,241752000.0,2.66,0.546,226679000.0,15573000.0,211106000.0,226679000.0,0.0,165264000.0,0.0,0.02,0.28,365726000.0,530990000.0,0.312,530990000.0,365726000.0,365726000.0,1.21,1.21,1.21,1021806000.0,981822500.0,1021806000.0,2693296994.0,7.0,5.072,255434000.0,1.307,1.0,263318000.0,0.155,510320000.0,0.0,746343000.0,741404750.0,0.0,75027000.0,0.0,75027000.0,557617000.0,255233000.0,302384000.0,2724346994.0,34896000.0,-50565000.0,-24449000.0,-44893000.0,-55370000.0,-124930000.0,-181917000.0,0.0,351506000.0,-9763000.0,240012000.0,240012000.0,240012000.0,4985000.0,1740000.0,0.141,-33127000.0,296445000.0,29177000.0,0.231,2.666,11.351,11.413,273028000.0,0.0,13.81,1.602,1.587,240421000.0,953005000.0,1700641000.0,1700641000.0,0.0,0.153,0.244,0.493,0.215,22112000.0,4934000.0,1.0,197273497.0,195461000,195816000.0,8.701,1078832000.0,14777000.0,125714000.0,49674000.0,5.519,423711000.0
42,TSS,MRT,2008-12-31,2008-12-31,2008-12-31,2019-07-31,-6627000.0,1550024000.0,1551394250.0,625234000.0,924790000.0,1.103,5.053,-101245000.0,242493000.0,242493000.0,1152648000.0,251676000.0,2.651,0.554,224790000.0,14919000.0,209871000.0,224790000.0,0.0,164643000.0,0.0,0.02,0.28,381306000.0,545949000.0,0.319,545949000.0,381306000.0,381306000.0,1.26,1.26,1.26,990949000.0,948350000.0,990949000.0,2690569192.0,7.0,4.928,251590000.0,1.283,1.0,558886000.0,0.327,517053000.0,0.0,779464000.0,724256750.0,0.0,74012000.0,0.0,74012000.0,549174000.0,235804000.0,313370000.0,2755602192.0,9500000.0,-50360000.0,-35430000.0,-49056000.0,-55449000.0,-140086000.0,-193061000.0,0.0,352835000.0,-10188000.0,250100000.0,250100000.0,250100000.0,1409000.0,1576000.0,0.146,187764000.0,371122000.0,32440000.0,0.222,2.781,11.018,11.111,291341000.0,0.0,14.0,1.61,1.604,246767000.0,920292000.0,1711534000.0,1711534000.0,0.0,0.161,0.264,0.526,0.223,24643000.0,176624000.0,1.0,196828728.0,196106000,196705000.0,8.728,1032971000.0,22793000.0,131206000.0,60573000.0,5.267,389430000.0
43,TSS,MRT,2008-09-30,2008-09-30,2008-09-30,2019-07-31,25235000.0,1586497000.0,1533643250.0,694632000.0,891865000.0,1.046,5.006,-119170000.0,328457000.0,328457000.0,273594000.0,232749000.0,2.27,0.607,263424000.0,74214000.0,189210000.0,263424000.0,0.0,167104000.0,0.0,0.202,3.31,369567000.0,536671000.0,0.335,536671000.0,369567000.0,371059000.0,1.16,1.16,1.16,981257000.0,911731000.0,981257000.0,3228567399.0,9.0,6.016,247120000.0,1.261,1.0,1330435000.0,0.829,497215000.0,-1492000.0,718262000.0,709366750.0,0.0,85187000.0,0.0,85187000.0,595686000.0,305987000.0,289699000.0,3241925399.0,-283830000.0,-13517000.0,-16914000.0,179293000.0,-655179000.0,-488474000.0,-169032000.0,129000.0,366290000.0,7386000.0,229452000.0,229452000.0,229452000.0,-3565000.0,3297000.0,0.143,1056463000.0,273972000.0,36504000.0,2.853,3.304,14.129,14.138,283400000.0,0.0,16.4,2.021,2.004,260843000.0,867739000.0,1604029000.0,1604029000.0,0.0,0.15,0.252,0.521,0.23,25432000.0,854894000.0,1.0,197678378.0,196000000,196450000.0,8.184,1089282000.0,36457000.0,141607000.0,72782000.0,5.558,388645000.0
44,TSS,MRT,2008-06-30,2008-06-30,2008-06-30,2019-07-31,33076000.0,1546079000.0,1593740500.0,654138000.0,891941000.0,1.018,4.755,-115961000.0,283118000.0,283118000.0,273594000.0,237103000.0,2.135,0.646,269760000.0,77736000.0,192024000.0,269760000.0,0.0,159613000.0,0.0,0.149,3.31,372067000.0,531680000.0,0.328,531680000.0,372067000.0,372643000.0,1.19,1.19,1.19,933278000.0,1013858000.0,933278000.0,4404475524.0,12.0,8.284,273867000.0,1.395,1.0,1348554000.0,0.831,504823000.0,-576000.0,721550000.0,660139000.0,0.0,85377000.0,0.0,85377000.0,603000000.0,306348000.0,296652000.0,4403648524.0,-194391000.0,-12552000.0,-16783000.0,248938000.0,-655416000.0,-418783000.0,-169656000.0,472000.0,389828000.0,4220000.0,234180000.0,234180000.0,234180000.0,-3296000.0,2923000.0,0.144,1046852000.0,301702000.0,40277000.0,2.782,4.718,18.805,18.672,288159000.0,0.0,22.22,2.715,2.689,267678000.0,817485000.0,1622148000.0,1622148000.0,0.0,0.147,0.231,0.564,0.229,22980000.0,843295000.0,1.0,198184002.0,196281000,196970000.0,8.264,1041256000.0,30707000.0,138463000.0,73623000.0,5.305,347790000.0
45,TSS,MRT,2008-03-31,2008-03-31,2008-03-31,2019-07-31,32687000.0,1522977000.0,1633345500.0,625569000.0,897408000.0,1.012,4.513,-101400000.0,268355000.0,268355000.0,273594000.0,239010000.0,1.875,0.704,269182000.0,75328000.0,193854000.0,269182000.0,0.0,157097000.0,0.0,0.14,3.31,376659000.0,533756000.0,0.323,533756000.0,376659000.0,376869000.0,1.2,1.2,1.2,887916000.0,1112788500.0,887916000.0,4732898074.0,13.0,8.867,267011000.0,1.357,1.0,1379079000.0,0.834,512395000.0,-210000.0,677751000.0,596022500.0,0.0,85189000.0,0.0,85189000.0,625268000.0,333658000.0,291610000.0,4704783074.0,-179062000.0,-12080000.0,-3156000.0,247144000.0,-655321000.0,-405262000.0,-146243000.0,0.0,368411000.0,4032000.0,236784000.0,236784000.0,236784000.0,-3062000.0,2226000.0,0.143,1048823000.0,330256000.0,43638000.0,2.758,5.299,19.87,19.717,287594000.0,0.0,23.66,2.847,2.817,261935000.0,768264000.0,1652673000.0,1652673000.0,0.0,0.145,0.213,0.632,0.228,17408000.0,839576000.0,1.0,198849665.0,196745000,197306000.0,8.4,1010582000.0,19787000.0,140085000.0,67232000.0,5.137,291911000.0
46,TSS,MRT,2007-12-31,2007-12-31,2007-12-31,2019-07-31,28322000.0,1479020000.0,1668378500.0,586578000.0,892442000.0,0.996,4.292,-106441000.0,240206000.0,240206000.0,273594000.0,239419000.0,2.142,0.741,268321000.0,11728000.0,256593000.0,268321000.0,0.0,156465000.0,0.0,0.118,3.31,379513000.0,535978000.0,0.322,535978000.0,379513000.0,379513000.0,1.2,1.2,1.2,844473000.0,1207775000.0,844473000.0,4996292916.0,13.0,9.322,228421000.0,1.161,1.0,1388856000.0,0.835,513436000.0,0.0,719904000.0,529478500.0,0.0,80905000.0,0.0,80905000.0,625967000.0,273795000.0,352172000.0,5541521916.0,-178605000.0,-12552000.0,11672000.0,258363000.0,-655246000.0,-376704000.0,-141733000.0,0.0,334862000.0,4970000.0,237443000.0,237443000.0,237443000.0,-2829000.0,1976000.0,0.143,1039721000.0,349135000.0,41817000.0,2.758,6.562,23.338,23.333,283138000.0,0.0,28.0,3.333,3.314,256970000.0,725561000.0,1662450000.0,1662450000.0,0.0,0.142,0.197,0.717,0.228,10113000.0,829889000.0,1.0,197911497.0,196759000,197165000.0,8.449,965584000.0,17152000.0,142070000.0,67428000.0,4.907,312783000.0
47,TSS,MRT,2007-09-30,2007-09-30,2007-09-30,2019-07-31,25575000.0,1826886000.0,1707183750.0,963409000.0,863477000.0,1.084,7.064,-64147000.0,624913000.0,624913000.0,0.0,278821000.0,3.819,0.309,79684000.0,5822000.0,73862000.0,79684000.0,0.0,168801000.0,0.0,0.01,0.28,429080000.0,597881000.0,0.323,597881000.0,429080000.0,427952000.0,1.41,1.4,1.41,1389765000.0,1300996750.0,1389765000.0,5008097932.0,12.0,8.376,338686000.0,1.721,1.0,1851224000.0,1.0,508026000.0,1128000.0,521351000.0,446001000.0,0.0,65669000.0,0.0,65669000.0,429178000.0,252280000.0,176898000.0,5486393932.0,337112000.0,78728000.0,4755000.0,68945000.0,-55190000.0,23870000.0,-87184000.0,-78013000.0,402833000.0,-2407000.0,278821000.0,278821000.0,278821000.0,0.0,0.0,0.151,1085428000.0,765796000.0,37419000.0,0.199,3.948,19.677,19.702,276113000.0,0.0,27.78,2.964,2.952,251778000.0,1293735000.0,1851224000.0,1851224000.0,0.0,0.163,0.214,0.962,0.232,7104000.0,875901000.0,1.0,197494382.0,196740000,197089000.0,9.409,1318860000.0,27909000.0,149131000.0,72318000.0,6.704,711129000.0
48,TSS,MRT,2007-06-30,2007-06-30,2007-06-30,2019-07-31,23317000.0,1704499000.0,1630451500.0,832951000.0,871548000.0,1.126,6.757,-58300000.0,493938000.0,493938000.0,0.0,264325000.0,3.377,0.277,15642000.0,6008000.0,9634000.0,15642000.0,0.0,175353000.0,0.0,0.009,0.28,405336000.0,580689000.0,0.316,580689000.0,405336000.0,404889000.0,1.34,1.33,1.34,1329000000.0,1237681750.0,1329000000.0,5373710571.0,13.0,9.254,316022000.0,1.607,1.0,1835474000.0,1.0,514450000.0,447000.0,465084000.0,410807750.0,0.0,62796000.0,0.0,62796000.0,368477000.0,246669000.0,121808000.0,5825180571.0,156711000.0,8150000.0,-13509000.0,3430000.0,-55184000.0,-58410000.0,-157818000.0,-78013000.0,374322000.0,-1383000.0,264325000.0,264325000.0,264325000.0,0.0,0.0,0.144,1087706000.0,747768000.0,31024000.0,0.209,4.383,22.038,22.022,272560000.0,0.0,29.51,3.174,3.162,253640000.0,1238758000.0,1835474000.0,1835474000.0,0.0,0.162,0.214,0.987,0.221,4455000.0,879285000.0,1.0,197396834.0,196693000,197150000.0,9.332,1190049000.0,26853000.0,140564000.0,75468000.0,6.05,586282000.0
49,TSS,MRT,2007-03-31,2007-03-31,2007-03-31,2019-07-31,20533000.0,1663109000.0,1566188500.0,777659000.0,885450000.0,1.152,6.453,-65156000.0,464354000.0,464354000.0,0.0,256043000.0,2.867,0.307,12884000.0,5800000.0,7084000.0,12884000.0,0.0,180330000.0,0.0,0.009,0.28,392318000.0,572648000.0,0.317,572648000.0,392318000.0,392152000.0,1.3,1.29,1.3,1267862000.0,1181659250.0,1267862000.0,5872735492.0,15.0,10.255,348668000.0,1.775,1.0,1804484000.0,1.0,528833000.0,166000.0,411575000.0,384687250.0,0.0,63721000.0,0.0,63721000.0,388624000.0,271231000.0,117393000.0,6286645492.0,178854000.0,7678000.0,-15103000.0,3954000.0,-53215000.0,-58877000.0,-175062000.0,-77541000.0,413824000.0,-1031000.0,256043000.0,256043000.0,256043000.0,0.0,0.0,0.142,1077588000.0,726896000.0,30920000.0,0.215,4.958,24.553,24.5,275567000.0,0.0,31.85,3.484,3.468,238892000.0,1186895000.0,1804484000.0,1804484000.0,0.0,0.163,0.217,1.02,0.217,4439000.0,860611000.0,1.0,197382904.0,196487000,196938000.0,9.184,1134276000.0,23306000.0,136109000.0,74812000.0,5.773,506428000.0
50,TSS,MRT,2006-12-31,2006-12-31,2006-12-31,2019-07-31,20641000.0,1634241000.0,1504128500.0,744716000.0,889525000.0,1.188,6.188,-52336000.0,420691000.0,420691000.0,0.0,249163000.0,2.518,0.337,6781000.0,3156000.0,3625000.0,6781000.0,0.0,184894000.0,0.0,0.01,0.27,375345000.0,560239000.0,0.313,560239000.0,375345000.0,375345000.0,1.27,1.26,1.27,1217360000.0,1128193250.0,1217360000.0,4907444748.0,13.0,8.76,333423000.0,1.695,1.0,1787171000.0,1.0,538550000.0,0.0,385994000.0,373423250.0,0.0,62064000.0,0.0,62064000.0,410652000.0,295787000.0,114865000.0,5197158748.0,151554000.0,8150000.0,-18621000.0,-2691000.0,-51269000.0,-69597000.0,-164179000.0,-77541000.0,385759000.0,-429000.0,249163000.0,249163000.0,249163000.0,0.0,0.0,0.139,1077351000.0,709820000.0,31589000.0,0.213,4.269,20.858,20.78,271321000.0,0.0,26.39,2.908,2.905,246637000.0,1145407000.0,1787171000.0,1787171000.0,0.0,0.166,0.221,1.005,0.21,6173000.0,849498000.0,1.0,196936671.0,196744000,197077000.0,9.084,1095691000.0,21556000.0,126182000.0,75019000.0,5.569,448929000.0
51,TSS,MRT,2006-09-30,2006-09-30,2006-09-30,2019-07-31,16507000.0,1519957000.0,1448292500.0,592662000.0,927295000.0,1.177,5.784,-59909000.0,293791000.0,293791000.0,0.0,211803000.0,2.147,0.334,4077000.0,2337000.0,1740000.0,4077000.0,0.0,171685000.0,0.0,0.011,0.26,315875000.0,487560000.0,0.286,487560000.0,315875000.0,315396000.0,1.09,1.09,1.09,1136505000.0,1077046250.0,1136505000.0,4160441644.0,13.0,8.533,287147000.0,1.461,1.0,1704005000.0,1.0,573647000.0,479000.0,380578000.0,355416500.0,0.0,60410000.0,0.0,60410000.0,379338000.0,276018000.0,103320000.0,4488672644.0,56366000.0,-109550000.0,-18081000.0,-2638000.0,-49340000.0,-68413000.0,-218407000.0,-1658000.0,347056000.0,-3870000.0,211803000.0,211803000.0,211803000.0,0.0,0.0,0.124,1049937000.0,654068000.0,44673000.0,0.239,3.95,21.193,20.945,266993000.0,0.0,22.83,2.634,2.633,233359000.0,1072125000.0,1704005000.0,1704005000.0,0.0,0.146,0.197,0.889,0.185,5216000.0,827363000.0,1.0,196612906.0,196500000,196831000.0,8.672,946310000.0,20147000.0,103593000.0,70944000.0,4.816,316644000.0
52,TSS,MRT,2006-06-30,2006-06-30,2006-06-30,2019-07-31,10391000.0,1447447000.0,1412309250.0,590666000.0,856781000.0,1.192,5.606,-62705000.0,332809000.0,332809000.0,0.0,205553000.0,2.529,0.306,4578000.0,2317000.0,2261000.0,4578000.0,0.0,167263000.0,0.0,0.013,0.25,313871000.0,481134000.0,0.286,481134000.0,313871000.0,313543000.0,1.05,1.05,1.05,1104910000.0,1036412250.0,1104910000.0,3531381841.0,11.0,7.34,271074000.0,1.375,1.0,1684159000.0,1.0,525050000.0,328000.0,360602000.0,349208250.0,0.0,42757000.0,0.0,42757000.0,338573000.0,233564000.0,105009000.0,3800598841.0,151758000.0,-38987000.0,2530000.0,-2573000.0,-47344000.0,-47387000.0,-134177000.0,-1659000.0,333779000.0,-457000.0,205553000.0,205553000.0,205553000.0,0.0,0.0,0.122,1049624000.0,634535000.0,30057000.0,0.238,3.44,18.49,18.333,264897000.0,0.0,19.25,2.257,2.253,189808000.0,1031593000.0,1684159000.0,1684159000.0,0.0,0.146,0.198,0.899,0.186,5022000.0,808797000.0,1.0,197433706.0,197093000,197330000.0,8.545,922397000.0,20597000.0,107990000.0,77509000.0,4.68,357102000.0
53,TSS,MRT,2006-03-31,2006-03-31,2006-03-31,2019-07-31,6097000.0,1414869000.0,1381150000.0,545193000.0,869676000.0,1.206,5.348,-70436000.0,274453000.0,274453000.0,0.0,198790000.0,2.234,0.339,5236000.0,2208000.0,3028000.0,5236000.0,0.0,160777000.0,0.0,0.012,0.24,302709000.0,463486000.0,0.278,463486000.0,302709000.0,302361000.0,1.02,1.02,1.02,1053998000.0,994507500.0,1053998000.0,3671255443.0,12.0,7.921,253073000.0,1.284,1.0,1665237000.0,1.0,535090000.0,348000.0,366519000.0,341003750.0,0.0,43865000.0,0.0,43865000.0,357128000.0,244043000.0,113085000.0,3932879443.0,144941000.0,-38987000.0,2957000.0,-3117000.0,-43381000.0,-43541000.0,-133003000.0,0.0,323509000.0,-2024000.0,198790000.0,198790000.0,198790000.0,0.0,0.0,0.119,1046286000.0,618951000.0,37904000.0,0.235,3.731,19.784,19.529,263646000.0,0.0,19.92,2.362,2.358,206619000.0,988012000.0,1665237000.0,1665237000.0,0.0,0.144,0.2,0.888,0.182,3126000.0,798203000.0,1.0,197433707.0,197086000,197326000.0,8.449,879779000.0,20305000.0,103571000.0,86865000.0,4.464,301150000.0
54,TSS,MRT,2005-12-31,2005-12-31,2005-12-31,2019-07-31,5685000.0,1410897000.0,1346690000.0,512289000.0,898608000.0,1.19,5.137,-76381000.0,267257000.0,267257000.0,0.0,194520000.0,1.849,0.389,5633000.0,2078000.0,3555000.0,5633000.0,0.0,150077000.0,0.0,0.011,0.22,298180000.0,448257000.0,0.28,448257000.0,298180000.0,297806000.0,0.99,0.99,0.99,1012772000.0,956253500.0,1012772000.0,3680475895.0,12.0,8.211,164208000.0,0.833,1.0,1602931000.0,1.0,558294000.0,374000.0,313967000.0,334307500.0,0.0,42731000.0,0.0,42731000.0,394443000.0,277012000.0,117431000.0,3904069895.0,5763000.0,-95970000.0,2957000.0,-2294000.0,-39418000.0,-38755000.0,-191819000.0,0.0,240589000.0,-4252000.0,194520000.0,194520000.0,194520000.0,0.0,0.0,0.121,1002661000.0,600270000.0,29464000.0,0.222,3.855,20.07,19.99,267979000.0,0.0,19.79,2.436,2.434,184532000.0,949465000.0,1602931000.0,1602931000.0,0.0,0.144,0.203,0.892,0.186,1137000.0,764570000.0,1.0,197274881.0,197145000,197345000.0,8.131,852603000.0,15264000.0,103286000.0,89478000.0,4.325,235277000.0
55,TSS,MRT,2005-09-30,2005-09-30,2005-09-30,2019-07-31,7681000.0,1376024000.0,1314451500.0,506301000.0,869723000.0,1.133,4.939,-104392000.0,228738000.0,228738000.0,0.0,187792000.0,2.148,0.409,5144000.0,2005000.0,3139000.0,5144000.0,0.0,137769000.0,0.0,0.009,0.2,287875000.0,425644000.0,0.286,425644000.0,287875000.0,287552000.0,0.94,0.94,0.94,973969000.0,919213500.0,973969000.0,4430899825.0,15.0,10.41,207773000.0,1.054,1.0,1489353000.0,1.0,560949000.0,323000.0,355745000.0,326637500.0,0.0,5084000.0,0.0,5084000.0,398290000.0,235736000.0,162554000.0,4596796825.0,84479000.0,-73389000.0,2920000.0,-1552000.0,-35456000.0,-34088000.0,-194588000.0,1658000.0,312165000.0,990000.0,187792000.0,187792000.0,187792000.0,0.0,0.0,0.126,929664000.0,559689000.0,33237000.0,0.213,4.72,24.478,24.798,272696000.0,0.0,23.31,3.086,3.086,210162000.0,911603000.0,1489353000.0,1489353000.0,0.0,0.143,0.204,0.881,0.193,849000.0,695964000.0,1.0,197202781.0,197198000,197383000.0,7.553,815075000.0,18734000.0,99760000.0,140064000.0,4.133,270565000.0
56,TSS,MRT,2005-06-30,2005-06-30,2005-06-30,2019-07-31,10006000.0,1322810000.0,1252444750.0,435416000.0,887394000.0,1.096,4.756,-100804000.0,171566000.0,171566000.0,0.0,178877000.0,1.732,0.407,5669000.0,2123000.0,3546000.0,5669000.0,0.0,124769000.0,0.0,0.007,0.18,272604000.0,397373000.0,0.29,397373000.0,272604000.0,272270000.0,0.9,0.9,0.9,937291000.0,881165250.0,937291000.0,4629632887.0,17.0,11.651,192405000.0,0.976,1.0,1372377000.0,1.0,577663000.0,334000.0,327784000.0,327504750.0,0.0,3888000.0,0.0,3888000.0,381710000.0,251466000.0,130244000.0,4749517887.0,1796000.0,-123952000.0,428000.0,-1398000.0,-31505000.0,-32475000.0,-259945000.0,1659000.0,293209000.0,1007000.0,178877000.0,178877000.0,178877000.0,0.0,0.0,0.13,856317000.0,516060000.0,45762000.0,0.2,5.067,26.552,26.778,272092000.0,0.0,24.1,3.461,3.461,209546000.0,875380000.0,1372377000.0,1372377000.0,0.0,0.143,0.203,0.832,0.199,560000.0,656303000.0,1.0,197075431.0,197078000,197295000.0,6.964,745147000.0,6169000.0,93393000.0,126698000.0,3.781,183950000.0
57,TSS,MRT,2005-03-31,2005-03-31,2005-03-31,2019-07-31,12950000.0,1277029000.0,1179452000.0,370841000.0,906188000.0,1.061,4.573,-104809000.0,127023000.0,127023000.0,0.0,164120000.0,1.622,0.413,7138000.0,1930000.0,5208000.0,7138000.0,0.0,114934000.0,0.0,0.006,0.16,249523000.0,364457000.0,0.291,364457000.0,249523000.0,249255000.0,0.82,0.82,0.82,900982000.0,844777000.0,900982000.0,4668781740.0,19.0,12.81,174608000.0,0.886,1.0,1251756000.0,1.0,588744000.0,268000.0,339734000.0,334958500.0,0.0,4987000.0,0.0,4987000.0,372197000.0,228666000.0,143531000.0,4919244740.0,-8342000.0,-123076000.0,52000.0,-646000.0,-27559000.0,-28153000.0,-260620000.0,0.0,279417000.0,1014000.0,164120000.0,164120000.0,164120000.0,0.0,0.0,0.131,788013000.0,463743000.0,39370000.0,0.195,5.46,29.973,30.476,274704000.0,0.0,24.99,3.93,3.933,192008000.0,836562000.0,1251756000.0,1251756000.0,0.0,0.139,0.194,0.745,0.199,278000.0,619478000.0,1.0,196848529.0,197023000,197233000.0,6.353,688285000.0,8757000.0,85135000.0,138323000.0,3.493,142175000.0
58,TSS,MRT,2004-12-31,2004-12-31,2004-12-31,2019-07-31,15373000.0,1281943000.0,1113758250.0,448156000.0,833787000.0,1.066,4.392,-116416000.0,256799000.0,256799000.0,0.0,150558000.0,1.648,0.478,6336000.0,1828000.0,4508000.0,6336000.0,0.0,108588000.0,0.0,0.006,0.14,228709000.0,337297000.0,0.284,337297000.0,228709000.0,227768000.0,0.76,0.76,0.76,864612000.0,810292000.0,864612000.0,4655008255.0,20.0,13.801,251495000.0,1.278,1.0,1187008000.0,1.0,476328000.0,941000.0,283287000.0,334903250.0,0.0,54400000.0,0.0,54400000.0,413517000.0,271865000.0,141652000.0,4783419255.0,108933000.0,-51093000.0,5000.0,-42656000.0,-23621000.0,-66272000.0,-196659000.0,0.0,367911000.0,3953000.0,150558000.0,150558000.0,150558000.0,0.0,0.0,0.127,754405000.0,432603000.0,75188000.0,0.184,5.532,31.771,31.974,263584000.0,0.0,24.3,4.03,4.03,144827000.0,798321000.0,1187008000.0,1187008000.0,0.0,0.135,0.186,0.683,0.193,0.0,601956000.0,1.0,196848529.0,196847000,197236000.0,6.03,805615000.0,10791000.0,77210000.0,131106000.0,4.093,176291000.0
59,TSS,MRT,2004-09-30,2004-09-30,2004-09-30,2019-07-31,9649000.0,1127997000.0,1043581500.0,328508000.0,799489000.0,1.11,4.175,-100208000.0,134220000.0,134220000.0,0.0,147006000.0,1.622,0.368,5809000.0,1519000.0,4290000.0,5809000.0,0.0,106875000.0,0.0,0.005,0.12,223329000.0,330204000.0,0.285,330204000.0,223329000.0,222379000.0,0.75,0.75,0.75,821776000.0,777272500.0,821776000.0,4823492872.0,22.0,14.608,176122000.0,0.895,1.0,1158151000.0,1.0,437847000.0,950000.0,359214000.0,352020000.0,0.0,69919000.0,0.0,69919000.0,302680000.0,202525000.0,100155000.0,4968456872.0,59245000.0,-34702000.0,-335000.0,-42379000.0,-19684000.0,-62398000.0,-157576000.0,0.0,276330000.0,2889000.0,147006000.0,147006000.0,147006000.0,0.0,0.0,0.127,731532000.0,426619000.0,22989000.0,0.16,6.046,33.798,33.653,262738000.0,0.0,25.24,4.29,4.29,168139000.0,763225000.0,1158151000.0,1158151000.0,0.0,0.141,0.189,0.634,0.193,0.0,592152000.0,1.0,196848529.0,196849000,197210000.0,5.883,690150000.0,0.0,75373000.0,118768000.0,3.506,125983000.0
60,TSS,MRT,2004-06-30,2004-06-30,2004-06-30,2019-07-31,10876000.0,1030839000.0,987834690.0,292929000.0,737910000.0,1.133,4.022,-110867000.0,149206000.0,149206000.0,0.0,143378000.0,2.079,0.297,4242000.0,1064000.0,3178000.0,4242000.0,1407000.0,105599000.0,0.0,0.005,0.1,216741000.0,322340000.0,0.288,322340000.0,216741000.0,215850000.0,0.74,0.73,0.74,791738000.0,744083620.0,791738000.0,4198283035.0,19.0,13.024,157277000.0,0.799,1.0,1119272000.0,1.0,387350000.0,891000.0,357599000.0,349862775.0,0.0,63228000.0,0.0,63228000.0,235527000.0,140926000.0,94601000.0,4310928035.0,93753000.0,15876000.0,2956000.0,-62426000.0,-15741000.0,-75211000.0,-103024000.0,0.0,268144000.0,3844000.0,143378000.0,143378000.0,143378000.0,0.0,0.0,0.128,696585000.0,422687000.0,27426000.0,0.135,5.445,30.067,29.595,259866000.0,0.0,21.9,3.852,3.852,117407000.0,731960000.0,1119272000.0,1119272000.0,0.0,0.145,0.193,0.62,0.194,0.0,565786000.0,1.0,196846029.0,196846000,197175000.0,5.686,643489000.0,0.0,72472000.0,98081000.0,3.269,152003000.0
61,TSS,MRT,2004-03-31,2004-03-31,2004-03-31,2019-07-31,10244000.0,1014254000.0,953361676.0,269105000.0,745149000.0,1.141,3.876,-210134000.0,116035000.0,116035000.0,0.0,141798000.0,1.72,0.325,3390000.0,773000.0,2617000.0,3390000.0,10824000.0,102428000.0,0.0,0.004,0.08,214776000.0,317204000.0,0.292,317204000.0,214776000.0,213907000.0,0.73,0.72,0.73,763042000.0,709569827.0,763042000.0,4061971777.0,19.0,12.806,39358000.0,0.2,1.0,1087349000.0,1.0,405630000.0,869000.0,339513000.0,348398122.0,0.0,57263000.0,0.0,57263000.0,247627000.0,156466000.0,91161000.0,4147545831.0,-31984000.0,-11280000.0,-5943000.0,-41770000.0,-15253000.0,-62966000.0,-221133000.0,0.0,249492000.0,2623000.0,141798000.0,141798000.0,141798000.0,0.0,0.0,0.13,668473000.0,418876000.0,19209000.0,0.11,5.436,29.25,28.863,246286000.0,0.0,21.07,3.814,3.814,133823000.0,703946000.0,1087349000.0,1087349000.0,0.0,0.149,0.2,0.616,0.198,0.0,551076000.0,1.0,196846029.0,196844000,197214000.0,5.524,608624000.0,2861000.0,72109000.0,88544000.0,3.092,112639000.0
62,TSS,MRT,2003-12-31,2003-12-31,2003-12-31,2019-07-31,8314000.0,1001236000.0,907005436.0,273238000.0,727998000.0,1.161,3.722,-190236000.0,130552000.0,130552000.0,0.0,140973000.0,1.859,0.362,44979000.0,15231000.0,29748000.0,44979000.0,17573000.0,98415000.0,0.0,0.002,0.077,211980000.0,310395000.0,0.295,310395000.0,211980000.0,211841000.0,0.72,0.71,0.72,732534000.0,676152181.0,732534000.0,6066030711.0,29.0,19.543,76117000.0,0.387,1.0,1053466000.0,1.0,416938000.0,139000.0,351754000.0,321237474.0,0.0,66708000.0,0.0,66708000.0,265263000.0,146971000.0,118292000.0,6127012141.0,13701000.0,-26280000.0,-5896000.0,-205000.0,-14765000.0,-20866000.0,-234645000.0,0.0,266353000.0,2859000.0,140973000.0,140973000.0,140973000.0,0.0,0.0,0.134,637722000.0,415744000.0,17549000.0,0.107,8.364,43.462,43.236,232076000.0,0.0,31.13,5.816,5.816,120646000.0,675322000.0,1053466000.0,1053466000.0,0.0,0.155,0.208,0.66,0.201,0.0,532881000.0,1.0,196820178.0,196830000,197438000.0,5.352,584298000.0,401000.0,70868000.0,88544000.0,2.969,126267000.0
63,TSS,MRT,2003-09-30,2003-09-30,2003-09-30,2019-07-31,3145519.0,905009759.0,851569767.0,226565859.0,678443900.0,1.199,3.501,-209682818.0,61205660.0,61205660.0,0.0,137010701.0,1.831,0.309,224230.0,0.0,224230.0,224230.0,24073734.0,92186796.0,0.0,0.003,0.075,202856390.0,295043186.0,0.289,295043186.0,202856390.0,202754390.0,0.7,0.69,0.7,689020480.0,643570153.0,689020480.0,5148819592.0,25.0,17.451,19465878.0,0.099,1.0,1021163622.0,1.0,369697715.0,102000.0,350585101.0,289497884.0,0.0,61810154.0,0.0,61810154.0,212769318.0,123745513.0,89023805.0,5185095557.0,-59962935.0,-56280503.0,-5556550.0,-165623.0,-14275853.0,-19998026.0,-270935469.0,0.0,229148696.0,1821864.0,137010701.0,137010701.0,137010701.0,0.0,0.0,0.134,615136836.0,406026786.0,17064529.0,0.107,7.525,37.844,37.643,219633535.0,0.0,26.35,5.078,5.079,128420123.0,639840232.0,1021163622.0,1021163622.0,0.0,0.161,0.213,0.701,0.199,0.0,517438308.0,1.0,196777820.0,196832000,197326000.0,5.188,535312044.0,11256407.0,65743689.0,88799575.0,2.72,102820346.0
64,TSS,MRT,2003-06-30,2003-06-30,2003-06-30,2019-07-31,2675997.0,892946944.0,812190600.0,232064849.0,660882095.0,1.225,3.323,-174038004.0,57118092.0,57118092.0,0.0,134313223.0,1.647,0.361,20842127.0,293994.0,20548133.0,20842127.0,28472591.0,84850276.0,0.0,0.003,0.073,198498610.0,283348886.0,0.285,283348886.0,198498610.0,198432610.0,0.68,0.68,0.68,653682828.0,618629517.0,653682828.0,4241567920.0,21.0,14.969,58107833.0,0.295,1.0,994656255.0,1.0,364016812.0,66000.0,351740388.0,284845164.0,0.0,57867209.0,0.0,57867209.0,236251095.0,140913779.0,95337316.0,4384658781.0,-28858261.0,-56280503.0,-8848550.0,20129232.0,-13793674.0,-2512992.0,-260057744.0,0.0,232145837.0,1566638.0,134313223.0,134313223.0,134313223.0,0.0,0.0,0.135,596173141.0,398483114.0,17645440.0,0.107,6.708,32.645,32.794,218950001.0,0.0,22.3,4.408,4.41,137679005.0,608264602.0,994656255.0,994656255.0,0.0,0.165,0.217,0.697,0.2,0.0,508577114.0,1.0,196621470.0,196703000,197208000.0,5.057,528930132.0,10128318.0,64119387.0,74601683.0,2.689,91151070.0
65,TSS,MRT,2003-03-31,2003-03-31,2003-03-31,2019-07-31,-108469.0,828829039.0,765468690.0,298854784.0,529974255.0,1.278,3.194,-71412262.0,143201960.0,143201960.0,0.0,130159463.0,2.402,0.312,111099.0,65673.0,45426.0,111099.0,29721990.0,79442088.0,0.0,0.004,0.07,190373720.0,269815808.0,0.276,269815808.0,190373720.0,190324720.0,0.66,0.66,0.66,629371414.0,595281335.0,629371414.0,2972723906.0,16.0,11.018,137589578.0,0.698,1.0,978562994.0,1.0,330448308.0,49000.0,230870406.0,283114042.0,0.0,0.0,0.0,0.0,196598981.0,124419464.0,72179517.0,3085794700.0,58430965.0,-12145384.0,163156.0,-98321.0,-13298343.0,-13233508.0,-138691866.0,0.0,209001840.0,1354499.0,130159463.0,130159463.0,130159463.0,0.0,0.0,0.133,581158043.0,397404951.0,11233537.0,0.106,4.903,23.708,23.727,120102792.0,0.0,15.66,3.153,3.153,126178305.0,577889163.0,978562994.0,978562994.0,0.0,0.17,0.219,0.672,0.195,0.0,489876807.0,1.0,197049470.0,197049000,197232000.0,4.966,498380731.0,4501241.0,60165257.0,71759091.0,2.529,174435320.0
66,TSS,MRT,2002-12-31,2002-12-31,2002-12-31,2019-07-31,1052897.0,779493324.0,729540556.0,262604588.0,516888736.0,1.309,3.057,-81090000.0,113206258.0,113206258.0,0.0,125805000.0,2.304,0.29,135464.0,68110.0,67354.0,135464.0,0.0,74014000.0,0.0,0.005,0.068,183749000.0,257763000.0,0.27,257763000.0,183749000.0,183713000.0,0.64,0.64,0.64,602205890.0,570469169.0,602205890.0,2542535212.0,14.0,9.864,116524000.0,0.591,1.0,955133000.0,1.0,327645172.0,36000.0,224795641.0,306134855.0,0.0,54181246.0,0.0,54181246.0,174543571.0,113981717.0,60561854.0,2660167845.0,50513000.0,-9287000.0,204000.0,-103000.0,-12772000.0,-12671000.0,-134421000.0,0.0,197614000.0,-9000.0,125805000.0,125805000.0,125805000.0,0.0,0.0,0.132,566291000.0,388842000.0,10928336.0,0.106,4.417,21.145,21.094,120835260.0,0.0,13.5,2.785,2.785,121439387.0,549601198.0,955133000.0,955133000.0,0.0,0.172,0.221,0.6,0.192,0.0,475123000.0,1.0,197049470.0,197017000,197497000.0,4.848,451848152.0,5411353.0,57908000.0,59932000.0,2.293,148622871.0
67,TSS,MRT,2002-09-30,2002-09-30,2002-09-30,2019-07-31,-382384.0,747493094.0,698805773.0,276857635.0,470635459.0,1.358,2.99,-26948487.0,117632633.0,117632633.0,0.0,121338196.0,2.504,0.264,0.0,0.0,0.0,0.0,0.0,71209919.0,0.0,0.005,0.065,179907886.0,251117805.0,0.265,251117805.0,179907886.0,179907886.0,0.63,0.62,0.63,589257934.0,546750096.0,589257934.0,2513543133.0,14.0,10.009,147782819.0,0.75,1.0,948680747.0,1.0,187301634.0,0.0,331974221.0,330771134.0,0.0,0.0,0.0,0.0,155566734.0,110584606.0,44982128.0,2591200531.0,46122184.0,20713503.0,204550.0,-194857.0,-12245805.0,-12236112.0,-114422582.0,0.0,174731306.0,-1950428.0,121338196.0,121338196.0,121338196.0,0.0,0.0,0.128,564120655.0,384560092.0,6756086.0,0.103,4.397,21.355,20.873,116959563.0,0.0,13.15,2.731,2.731,118131937.0,557671668.0,948680747.0,948680747.0,0.0,0.174,0.222,0.544,0.19,0.0,474457003.0,1.0,197049470.0,197049470,197358091.0,4.814,560191460.0,0.0,58569690.0,44982128.0,2.843,166273029.0
68,TSS,MRT,2002-06-30,2002-06-30,2002-06-30,2019-07-31,-452842.0,706059303.0,672755930.0,241459216.0,464600087.0,1.375,2.844,-48606643.0,77657398.0,77657398.0,0.0,113980992.0,2.528,0.255,0.0,0.0,0.0,0.0,0.0,65971180.0,0.0,0.003,0.063,169823112.0,235794292.0,0.255,235794292.0,169823112.0,169823112.0,0.59,0.58,0.59,560290100.0,517747980.0,560290100.0,3623324784.0,21.0,15.366,101115916.0,0.513,1.0,925221907.0,1.0,188058976.0,0.0,344815900.0,337097587.0,0.0,0.0,0.0,0.0,143150722.0,95527029.0,47623693.0,3705244023.0,27982633.0,20713503.0,205751.0,-160712.0,-11718632.0,-11673593.0,-107787131.0,0.0,149722559.0,-2279202.0,113980992.0,113980992.0,113980992.0,0.0,0.0,0.123,549284054.0,375937853.0,11844074.0,0.107,6.613,32.508,31.881,118244130.0,0.0,18.81,4.005,4.005,122264695.0,528774291.0,925221907.0,925221907.0,0.0,0.169,0.22,0.504,0.184,0.0,459018298.0,1.0,196982670.0,197003560,197690794.0,4.696,518000327.0,0.0,55842120.0,47623693.0,2.629,145932187.0
69,TSS,MRT,2002-03-31,2002-03-31,2002-03-31,2019-07-31,-4465773.0,685116503.0,646404233.0,232123027.0,452993476.0,1.399,2.691,-46056015.0,81919239.0,81919239.0,0.0,109785146.0,2.287,0.288,0.0,0.0,0.0,0.0,0.0,62376077.0,0.0,0.002,0.06,165458427.0,227834504.0,0.252,227834504.0,165458427.0,165458427.0,0.57,0.56,0.57,530122750.0,489838042.0,530122750.0,4897725513.0,30.0,21.497,94675752.0,0.481,1.0,904510130.0,1.0,178739433.0,0.0,322953657.0,321176657.0,0.0,0.0,0.0,0.0,152686157.0,101504174.0,51181983.0,4953686601.0,23220200.0,9933225.0,76143.0,-139159.0,-11686354.0,-11749370.0,-104712134.0,0.0,140731767.0,-1050063.0,109785146.0,109785146.0,109785146.0,0.0,0.0,0.121,532416390.0,372093740.0,6564341.0,0.105,9.344,45.122,44.123,120183167.0,0.0,25.15,5.477,5.477,114140957.0,506819270.0,904510130.0,904510130.0,0.0,0.17,0.224,0.515,0.183,0.0,450091087.0,1.0,196965670.0,196962984,197723177.0,4.592,506377070.0,0.0,55673281.0,51181983.0,2.571,130618853.0
70,TSS,MRT,2001-12-31,2001-12-31,2001-12-31,2019-07-31,-3455338.0,656554190.0,623834253.0,203368391.0,453185799.0,1.43,2.605,-49696514.0,58658500.0,58658500.0,0.0,104418229.0,1.96,0.289,238453.0,102990.0,135463.0,238453.0,0.0,58477523.0,0.0,0.003,0.06,158309888.0,216787411.0,0.243,216787411.0,158309888.0,158309888.0,0.54,0.53,0.54,507329599.0,463845542.0,507329599.0,4125412231.0,26.0,19.03,40887331.0,0.21,1.0,892321171.0,1.0,171045253.0,0.0,323340757.0,305017598.0,0.0,0.0,0.0,0.0,146866013.0,103748133.0,43117880.0,4125412231.0,-24333645.0,10410281.0,264365.0,-110480.0,-11198915.0,-11045030.0,-103207896.0,0.0,90583845.0,-664564.0,104418229.0,104418229.0,104418229.0,0.0,0.0,0.117,521525022.0,370796149.0,24392237.0,0.111,8.132,39.509,39.222,123668192.0,0.0,21.18,4.623,4.623,114702112.0,467095366.0,892321171.0,892321171.0,0.0,0.167,0.225,0.519,0.177,0.0,439471542.0,1.0,194778670.0,194772766,195604462.0,4.581,485508937.0,4643353.0,53891659.0,42982417.0,2.493,99620258.0
71,TSS,MRT,2001-09-30,2001-09-30,2001-09-30,2019-07-31,-2347560.0,643293725.0,610001662.0,223773257.0,419520468.0,1.726,2.43,-121495227.0,0.0,0.0,0.0,96910861.0,1.751,0.354,0.0,0.0,0.0,0.0,0.0,54910145.0,0.0,0.002,0.057,147793464.0,202703609.0,0.193,202703609.0,147793464.0,147793464.0,0.494,0.494,0.494,473249470.0,439266689.0,473249470.0,4778536778.0,32.0,23.574,-9756418.0,-0.05,1.0,1052562218.0,1.0,158184220.0,0.0,357280032.0,282073948.0,0.0,0.0,0.0,0.0,167511876.0,127829473.0,39682403.0,4824667656.0,-22347459.0,13247387.0,-414973.0,-55803.0,-10712102.0,-11182878.0,-122825016.0,0.0,111738809.0,-78374.0,96910861.0,96910861.0,96910861.0,0.0,0.0,0.092,510669339.0,541892879.0,25302350.0,0.115,10.195,49.785,50.142,119538395.0,0.0,24.77,4.584,4.584,125055592.0,452381178.0,1052562218.0,1052562218.0,0.0,0.159,0.221,0.524,0.14,0.0,425808056.0,1.0,194778670.0,194778566,195712903.0,5.404,485109505.0,9628994.0,50882603.0,39682403.0,2.491,95943784.0
72,TSS,MRT,2001-06-30,2001-06-30,2001-06-30,2019-07-31,-4407895.0,600652512.0,600276401.0,187697105.0,412955407.0,1.642,2.303,-124270072.0,46130878.0,46130878.0,0.0,90519128.0,1.67,0.334,0.0,0.0,0.0,0.0,0.0,54504597.0,0.0,0.002,0.055,138685862.0,193190459.0,0.196,193190459.0,138685862.0,138685862.0,0.464,0.464,0.464,448650348.0,423207868.0,448650348.0,5477542883.0,39.0,28.353,5571469.0,0.029,1.0,985373022.0,1.0,160963015.0,0.0,281132181.0,270663452.0,0.0,0.0,0.0,0.0,149759377.0,112426438.0,37332939.0,5531212968.0,-44570707.0,13870751.0,-482577.0,-55803.0,-10225205.0,-10763585.0,-163570289.0,0.0,129841541.0,-78374.0,90519128.0,90519128.0,90519128.0,0.0,0.0,0.092,506577931.0,478795091.0,26345907.0,0.119,12.329,61.105,61.207,116094486.0,0.0,28.4,5.613,5.614,106174578.0,429844516.0,985373022.0,985373022.0,0.0,0.151,0.214,0.512,0.141,0.0,419810641.0,1.0,194761020.0,194773366,195682434.0,5.059,439689497.0,10567586.0,48166734.0,37332939.0,2.257,75270667.0
73,TSS,MRT,2001-03-31,2001-03-31,2001-03-31,2019-07-31,-3831563.0,594836584.0,576779774.0,190257259.0,404579325.0,1.586,2.188,-121376352.0,53670085.0,53670085.0,0.0,88893316.0,1.495,0.391,0.0,0.0,0.0,0.0,0.0,52350611.0,0.0,0.002,0.053,136144591.0,188495202.0,0.206,188495202.0,136144591.0,136144591.0,0.454,0.454,0.454,426152749.0,404401154.0,426152749.0,4711049197.0,35.0,24.993,26391593.0,0.136,1.0,914968811.0,1.0,155621674.0,0.0,258317422.0,251538176.0,0.0,0.0,0.0,0.0,166438273.0,127227403.0,39210870.0,4791121092.0,-7772680.0,12165102.0,-516675.0,-260089.0,-9252046.0,-10028810.0,-145433441.0,0.0,147767945.0,-78374.0,88893316.0,88893316.0,88893316.0,0.0,0.0,0.097,499129271.0,415839540.0,26634167.0,0.117,11.243,53.897,54.185,111704226.0,0.0,24.6,5.236,5.236,103640400.0,406809772.0,914968811.0,914968811.0,0.0,0.154,0.22,0.541,0.149,0.0,411061581.0,1.0,194761020.0,194760194,195534087.0,4.698,439214910.0,10369183.0,47251275.0,39210870.0,2.255,63029856.0
74,TSS,MRT,2000-12-31,2000-12-31,2000-12-31,2019-07-31,-1613681.0,601223826.0,547091379.0,207786370.0,393437456.0,1.545,2.1,-105856386.0,80071895.0,80071895.0,0.0,87535937.0,1.442,0.464,0.0,0.0,0.0,0.0,0.0,52150111.0,0.0,0.002,0.048,134137431.0,186287542.0,0.22,186287542.0,134137431.0,134137431.0,0.45,0.45,0.45,409014188.0,385771452.0,409014188.0,4267382875.0,32.0,22.908,62131060.0,0.319,1.0,845094043.0,1.0,145454042.0,0.0,231566155.0,242156513.0,0.0,0.0,0.0,0.0,189625956.0,144131734.0,45494222.0,4359202585.0,28089038.0,8829662.0,-2053213.0,-260089.0,-8766916.0,-11080218.0,-128739816.0,0.0,167987446.0,-78374.0,87535937.0,87535937.0,87535937.0,0.0,0.0,0.104,493478707.0,351615336.0,43935426.0,0.107,10.658,49.799,49.733,110971777.0,0.0,22.38,5.158,5.158,97522227.0,387716543.0,845094043.0,845094043.0,0.0,0.16,0.227,0.554,0.159,0.0,404611176.0,1.0,194781170.0,194784981,195265352.0,4.339,455769784.0,11104254.0,46601494.0,34841622.0,2.34,63654636.0
75,TSS,MRT,2000-09-30,2000-09-30,2000-09-30,2019-07-31,-1613681.0,604392682.0,513478358.0,210955226.0,393437456.0,1.147,2.1,-59896759.0,0.0,0.0,0.0,84329234.0,1.432,0.471,0.0,0.0,0.0,0.0,0.0,50584475.0,0.0,0.003,0.045,129120827.0,179705302.0,0.305,179705302.0,129120827.0,129120827.0,0.426,0.426,0.426,409014188.0,367090919.0,409014188.0,3180693339.0,25.0,17.699,102995459.0,0.529,1.0,589103406.0,1.0,145454042.0,0.0,311638050.0,236761547.0,0.0,0.0,0.0,0.0,192794812.0,147300590.0,45494222.0,3274315174.0,56395981.0,6433154.0,-2660323.0,-245044.0,-8281432.0,-11186799.0,-95309438.0,0.0,162892218.0,0.0,84329234.0,84329234.0,84329234.0,0.0,0.0,0.143,478675098.0,110428308.0,43935426.0,0.106,8.005,38.828,39.46,110971777.0,0.0,16.81,5.558,5.558,100691083.0,387716543.0,589103406.0,589103406.0,0.0,0.164,0.23,0.545,0.219,0.0,391392690.0,1.0,194783770.0,194781635,195266171.0,3.024,458938640.0,11104254.0,44791593.0,34841622.0,2.356,63654636.0
76,TSS,MRT,2000-06-30,2000-06-30,2000-06-30,2019-07-31,-1620259.0,506666002.0,469507514.0,220020100.0,286645902.0,1.231,1.917,-57113744.0,93621835.0,93621835.0,0.0,82196370.0,2.177,0.357,0.0,0.0,0.0,0.0,0.0,50627574.0,0.0,0.003,0.043,125131957.0,175759531.0,0.304,175759531.0,125131957.0,125131957.0,0.416,0.416,0.416,373423490.0,343880471.0,373423490.0,3028955135.0,24.0,17.234,70724933.0,0.363,1.0,577972030.0,1.0,107326345.0,0.0,204631076.0,212049325.0,0.0,0.0,0.0,0.0,133242512.0,101086746.0,32155766.0,3093113864.0,62622675.0,5809790.0,-2593920.0,-245044.0,-7796026.0,-10634990.0,-54581012.0,0.0,127838677.0,0.0,82196370.0,82196370.0,82196370.0,0.0,0.0,0.142,472376874.0,105595156.0,10656723.0,0.103,8.283,37.631,38.173,93770883.0,0.0,15.88,5.352,5.352,98992409.0,351929725.0,577972030.0,577972030.0,0.0,0.175,0.239,0.59,0.217,0.0,382709094.0,1.0,194780470.0,194780470,195345847.0,2.967,399339657.0,10096071.0,42935587.0,32155766.0,2.05,118933354.0
77,TSS,MRT,2000-03-31,2000-03-31,2000-03-31,2019-07-31,-1514038.0,476083007.0,441875186.0,189785884.0,286297123.0,1.277,1.805,-61850003.0,64363015.0,64363015.0,0.0,76301649.0,2.028,0.354,204286.0,204286.0,0.0,204286.0,0.0,51278575.0,0.0,0.003,0.04,115727661.0,167006236.0,0.296,167006236.0,115727661.0,115727661.0,0.386,0.386,0.386,351633943.0,325831613.0,351633943.0,3050934736.0,26.0,18.268,67846228.0,0.348,1.0,564474778.0,1.0,97557009.0,0.0,220790770.0,220330238.0,0.0,0.0,0.0,0.0,124449064.0,93576499.0,30872565.0,3105633557.0,47498974.0,3940598.0,-2534020.0,-48237.0,-7796629.0,-10378886.0,-71818371.0,0.0,129696231.0,0.0,76301649.0,76301649.0,76301649.0,0.0,0.0,0.135,465753504.0,98721274.0,11484705.0,0.104,8.832,40.702,41.295,94588766.0,0.0,15.94,5.502,5.502,98598151.0,330033957.0,564474778.0,564474778.0,0.0,0.173,0.234,0.525,0.205,0.0,374285625.0,1.0,194832720.0,194821830,195231177.0,2.897,378525998.0,9788414.0,39426012.0,30872565.0,1.943,96209385.0
78,TSS,MRT,1999-12-31,1999-12-31,1999-12-31,2019-07-31,-1453708.0,466771741.0,414925916.0,179675933.0,287095808.0,1.287,1.715,-69420647.0,54903107.0,54903107.0,0.0,68592976.0,1.74,0.396,204286.0,44520.0,159766.0,204286.0,0.0,50182601.0,0.0,0.002,0.04,103576003.0,153758604.0,0.288,153758604.0,103576003.0,103576003.0,0.35,0.35,0.35,334292056.0,309106795.0,334292056.0,3143941561.0,30.0,20.447,65106708.0,0.334,1.0,533926011.0,1.0,98824792.0,0.0,209986292.0,219034772.0,0.0,0.0,0.0,0.0,132479685.0,103261836.0,29217849.0,3179120246.0,45347347.0,5104905.0,-1193348.0,-70619.0,-7787981.0,-9051948.0,-80128060.0,0.0,134527355.0,0.0,68592976.0,68592976.0,68592976.0,0.0,0.0,0.128,445633607.0,88292404.0,15267979.0,0.114,9.51,46.348,46.6,96254657.0,0.0,16.31,5.954,5.954,99601498.0,311324731.0,533926011.0,533926011.0,0.0,0.165,0.222,0.473,0.194,0.0,359582548.0,1.0,194918470.0,194912983,195478593.0,2.739,367946949.0,9422203.0,34983027.0,29058083.0,1.888,76414097.0
79,TSS,MRT,1999-09-30,1999-09-30,1999-09-30,2019-07-31,-1395319.0,428509306.0,385460059.0,173549995.0,254959311.0,1.295,1.622,-78508900.0,35423729.0,35423729.0,0.0,66077707.0,1.969,0.355,245044.0,40758.0,204286.0,245044.0,0.0,47586851.0,0.0,0.002,0.04,99455083.0,147041934.0,0.295,147041934.0,99455083.0,99455083.0,0.34,0.34,0.34,316172395.0,293122210.0,316172395.0,3167964307.0,32.0,21.545,15752649.0,0.081,1.0,499134984.0,1.0,92397022.0,0.0,212789160.0,220183979.0,0.0,0.0,0.0,0.0,112336911.0,88144439.0,24192472.0,3167719263.0,5040237.0,4664307.0,125850.0,-89475.0,-7778874.0,-7742499.0,-81478813.0,0.0,94261549.0,0.0,66077707.0,66077707.0,66077707.0,0.0,0.0,0.132,414910471.0,84224513.0,15727435.0,0.118,10.019,47.939,47.794,93558063.0,0.0,16.25,6.346,6.346,111655459.0,292758167.0,499134984.0,499134984.0,0.0,0.171,0.225,0.452,0.199,0.0,333267300.0,1.0,194936570.0,194935906,195342210.0,2.561,336112284.0,0.0,33377376.0,23988186.0,1.724,85405556.0
80,TSS,MRT,1999-06-30,1999-06-30,1999-06-30,2019-07-31,-1350979.0,396136690.0,360424421.0,147529948.0,248606742.0,1.278,1.545,-81657095.0,0.0,0.0,0.0,64315154.0,2.022,0.315,245044.0,40758.0,204286.0,245044.0,0.0,44916278.0,0.0,0.002,0.04,96515743.0,141432021.0,0.307,141432021.0,96515743.0,96515743.0,0.33,0.33,0.33,301228059.0,277440068.0,301228059.0,3686892487.0,38.0,26.068,10535488.0,0.054,1.0,460709688.0,1.0,85660518.0,0.0,237754731.0,211501742.0,0.0,0.0,0.0,0.0,94908631.0,72966485.0,21942146.0,3703436813.0,-4461156.0,4664307.0,134400.0,-111695.0,-7769759.0,-7747054.0,-88906685.0,0.0,92192583.0,0.0,64315154.0,64315154.0,64315154.0,0.0,0.0,0.14,378799408.0,81910280.0,12925227.0,0.121,12.294,57.583,57.576,96230980.0,0.0,19.0,8.039,8.039,86719846.0,277770811.0,460709688.0,460709688.0,0.0,0.178,0.232,0.456,0.209,0.0,305704728.0,1.0,194917727.0,194923503,195524859.0,2.364,310476172.0,0.0,32200589.0,21737860.0,1.593,74563463.0
81,TSS,MRT,1999-03-31,1999-03-31,1999-03-31,2019-07-31,-1284230.0,368285928.0,340938866.0,130871996.0,237413932.0,1.218,1.461,-80087718.0,16864041.0,16864041.0,0.0,57529350.0,2.018,0.293,319715.0,115429.0,204286.0,319715.0,0.0,41110106.0,0.0,0.002,0.04,85778390.0,126888496.0,0.306,126888496.0,85778390.0,85778390.0,0.3,0.3,0.3,284734668.0,262181436.0,284734668.0,3645339968.0,42.0,28.729,-17651299.0,-0.091,1.0,415186287.0,1.0,71295822.0,0.0,215608906.0,192484346.0,0.0,0.0,0.0,0.0,83551260.0,64836874.0,18714386.0,3654553631.0,-36191622.0,5304954.0,108165.0,-126355.0,-7275979.0,-7294169.0,-91333872.0,0.0,62436419.0,0.0,57529350.0,57529350.0,57529350.0,0.0,0.0,0.139,344241726.0,70944561.0,10229791.0,0.133,12.835,63.525,62.5,95906242.0,0.0,18.75,8.802,8.801,87321775.0,261527950.0,415186287.0,415186287.0,0.0,0.169,0.219,0.446,0.207,0.0,280125195.0,1.0,194909527.0,194880819,195644733.0,2.13,296990106.0,0.0,28249040.0,18510100.0,1.524,66035122.0
82,TSS,MRT,1998-12-31,1998-12-31,1998-12-31,2019-07-31,-1179337.0,348908312.0,325328158.0,119722091.0,229186221.0,1.218,1.393,-76414256.0,9555760.0,9555760.0,0.0,54831143.0,2.021,0.291,342097.0,130781.0,211316.0,342097.0,0.0,37473673.0,0.0,0.001,0.035,81787127.0,119260800.0,0.301,119260800.0,81787127.0,81787127.0,0.28,0.28,0.28,270353719.0,248608160.0,270353719.0,4530045122.0,55.0,37.984,-13468365.0,-0.069,1.0,396194068.0,1.0,65861735.0,0.0,214583119.0,174302335.0,0.0,0.0,0.0,0.0,78554593.0,59249795.0,19304798.0,4560026903.0,-33780162.0,5618616.0,99115.0,-132415.0,-6790492.0,-6823792.0,-89902261.0,998228.0,62945891.0,0.0,54831143.0,54831143.0,54831143.0,0.0,0.0,0.138,329825544.0,66368524.0,7403023.0,0.125,16.867,83.165,83.929,92619005.0,0.0,23.5,11.51,11.508,84795727.0,250528526.0,396194068.0,396194068.0,0.0,0.169,0.221,0.469,0.206,0.0,266512962.0,1.0,194043698.0,194019689,194669451.0,2.042,283046577.0,0.0,26955984.0,19093482.0,1.459,60472296.0
83,TSS,MRT,1998-09-30,1998-09-30,1998-09-30,2019-07-31,-1180310.0,328366753.0,312315565.0,125992443.0,202374310.0,1.229,1.306,-59125651.0,30383492.0,30383492.0,0.0,52866511.0,1.951,0.296,401711.0,127008.0,274703.0,401711.0,0.0,34359057.0,0.0,0.002,0.031,78611275.0,112970332.0,0.294,112970332.0,78611275.0,78611275.0,0.26,0.26,0.26,253443827.0,236333420.0,253443827.0,2900552000.0,37.0,25.675,11699372.0,0.06,1.0,383680457.0,1.0,55734275.0,0.0,178060213.0,157995804.0,0.0,0.0,0.0,0.0,74922926.0,64590484.0,10332442.0,2935588385.0,-9615245.0,5618616.0,93246.0,-3258788.0,-6305037.0,-9470579.0,-70969689.0,0.0,70825023.0,0.0,52866511.0,52866511.0,52866511.0,0.0,0.0,0.138,319711857.0,63968600.0,7953972.0,0.119,11.583,55.528,58.192,83717592.0,0.0,15.13,7.651,7.651,69034053.0,234709409.0,383680457.0,383680457.0,0.0,0.169,0.224,0.498,0.205,0.0,255933018.0,1.0,194024348.0,194024152,194613957.0,1.977,272632478.0,0.0,25744764.0,10057739.0,1.405,61401959.0
84,TSS,MRT,1998-06-30,1998-06-30,1998-06-30,2019-07-31,-1181971.0,318194469.0,,129097932.0,189096537.0,,1.238,-47671460.0,35460316.0,35460316.0,0.0,50920738.0,1.951,0.325,423931.0,126682.0,297249.0,423931.0,0.0,31667899.0,0.0,0.001,0.026,75572586.0,107240485.0,0.285,107240485.0,75572586.0,75572586.0,0.25,0.25,0.25,240193531.0,,240193531.0,4021580709.0,53.0,37.501,19838561.0,0.102,1.0,376413509.0,1.0,55310551.0,0.0,161685147.0,,0.0,0.0,0.0,0.0,78000938.0,66162386.0,11838552.0,4074190302.0,5569966.0,5618616.0,134408.0,-1125802.0,-5819316.0,-6810710.0,-55129345.0,0.0,67510021.0,0.0,50920738.0,50920738.0,50920738.0,0.0,0.0,0.135,313986993.0,62426516.0,15565664.0,0.104,16.962,80.01,84.0,76017829.0,0.0,21.0,10.824,10.824,70598147.0,221478498.0,376413509.0,376413509.0,0.0,,,,0.201,0.0,250859996.0,1.0,194009062.0,194015912,194747301.0,1.94,262883918.0,0.0,24651848.0,11541303.0,1.355,62935546.0
85,TSS,MRT,1998-03-31,1998-03-31,1998-03-31,2019-07-31,-1172693.0,305843099.0,,133307809.0,172535290.0,,1.188,-33304295.0,53055663.0,53055663.0,0.0,49212126.0,2.108,0.327,446070.0,126356.0,319714.0,446070.0,0.0,29999033.0,0.0,0.001,0.021,73849724.0,103848757.0,0.277,103848757.0,73849724.0,73849724.0,0.25,0.25,0.25,230441564.0,,230441564.0,3998624143.0,54.0,38.504,40541235.0,0.209,1.0,374681218.0,1.0,47103191.0,0.0,142880861.0,,0.0,0.0,0.0,0.0,75401535.0,63249454.0,12152081.0,4041617969.0,29249477.0,2977969.0,133743.0,-183918.0,-5818770.0,-5868945.0,-38727108.0,0.0,73845530.0,0.0,49212126.0,49212126.0,49212126.0,0.0,0.0,0.131,313024510.0,61656708.0,11219808.0,0.084,17.539,82.126,83.333,69250536.0,0.0,20.833,10.787,10.787,63743807.0,212556463.0,374681218.0,374681218.0,0.0,,,,0.197,0.0,249922414.0,1.0,193997663.0,194000165,194577276.0,1.931,258739908.0,0.0,24637598.0,11832367.0,1.334,70058355.0
86,TSS,MRT,1997-12-31,1997-12-31,1997-12-31,2019-07-31,-1178182.0,296857937.0,271308510.0,132405707.0,164452230.0,1.332,1.141,-33064427.0,43335922.0,43335922.0,0.0,47478472.0,2.153,0.342,474512.0,132416.0,342096.0,474512.0,0.0,29141073.0,0.0,0.001,0.021,71555909.0,100696982.0,0.279,100696982.0,71555909.0,71555909.0,0.24,0.24,0.24,221254756.0,200066252.0,221254756.0,,,,32053171.0,0.165,1.0,361499399.0,1.0,43133137.0,0.0,149356993.0,138634352.0,0.0,998228.0,998228.0,0.0,75603181.0,61506397.0,14096784.0,3200961431.0,15839865.0,3252561.0,109593.0,-201275.0,-5818326.0,-5910008.0,-43367725.0,4001772.0,65117598.0,0.0,47478472.0,47478472.0,47478472.0,0.0,0.0,0.131,301570084.0,59929315.0,6400365.0,0.087,14.467,67.419,68.75,68968574.0,0.0,16.5,8.855,8.853,69450919.0,202551337.0,361499399.0,361499399.0,0.0,0.175,0.237,0.516,0.198,0.0,242123801.0,1.0,193997663.0,193956373,194238556.0,1.864,253724800.0,0.0,24077437.0,13754688.0,1.308,70899310.0
87,TSS,MRT,1997-09-30,1997-09-30,1997-09-30,2019-07-31,,,,,,,,,,,,,,,,,,,,,,0.001,0.021,,,,,,,,,,,,,,,,,,1.0,,,,,,,,,,,,,,,,,,,,,,,,,,,,,,,,,,,,,,,,15.92,,,,,,,,,,,,,,1.0,,193967280,,,,,,,,
88,TSS,MRT,1997-06-30,1997-06-30,1997-06-30,2019-07-31,,,,,,,,,,,,,,,,,,,,,,0.001,0.021,,,,,,,,,,,,,,,,,,1.0,,,,,,,,,,,,,,,,,,,,,,,,,,,,,,,,,,,,,,,,16.207,,,,,,,,,,,,,,1.0,,193934702,,,,,,,,
89,TSS,MRT,1997-03-31,1997-03-31,1997-03-31,2019-07-31,,,,,,,,,,,,,,,,,,,,,,0.001,0.021,,,,,,,,,,,,,,,,,,1.0,,,,,,,,,,,,,,,,,,,,,,,,,,,,,,,,,,,,,,,,18.667,,,,,,,,,,,,,,1.0,,193934520,,,,,,,,
90,TSS,MRT,1996-12-31,1996-12-31,1996-12-31,2019-07-31,-1178182.0,245759083.0,,103379818.0,142379265.0,,0.922,-27907530.0,27496057.0,27496057.0,0.0,39437181.0,2.023,0.374,474513.0,0.0,474513.0,474513.0,0.0,23106775.0,0.0,0.001,0.021,60444404.0,83551179.0,0.268,83551179.0,60444404.0,60444404.0,0.2,0.2,0.2,178877747.0,,178877747.0,,,,30089369.0,0.155,1.0,311648349.0,1.0,39720484.0,0.0,127911710.0,,0.0,5000000.0,5000000.0,0.0,66881336.0,51105345.0,15775991.0,,8646434.0,-2482939.0,2560.0,-254954.0,-5817756.0,-6070150.0,-43280315.0,-5000000.0,57996899.0,0.0,39437181.0,39437181.0,39437181.0,0.0,0.0,0.127,259744821.0,51903528.0,4688469.0,0.105,,,89.6,62899046.0,0.0,17.92,,11.151,59044530.0,162227149.0,311648349.0,311648349.0,0.0,,,,0.194,0.0,206376357.0,1.0,,193931240,194176647.0,1.607,206038599.0,0.0,21007223.0,15301478.0,1.062,52274473.0
91,TSS,MRT,1995-12-31,1995-12-31,1995-12-31,2019-07-31,,,,,,,,-24243013.0,,,0.0,27730102.0,,,,,,,,20285123.0,,0.002,0.02,43707076.0,63992199.0,0.256,63992199.0,43707076.0,43707076.0,0.14,0.14,0.14,,,,,,,23635194.0,0.122,1.0,249707697.0,1.0,,0.0,,,,,,,,,,,4164949.0,-3455865.0,0.0,-242682.0,-5816817.0,-6059499.0,-37653759.0,0.0,47878207.0,0.0,27730102.0,27730102.0,27730102.0,0.0,0.0,0.111,206786178.0,42921519.0,,0.143,,,72.0,,0.0,10.08,,7.827,,,249707697.0,249707697.0,0.0,,,,0.175,0.0,159494911.0,,,193894839,194123294.0,1.288,,,15976974.0,,,
