None,ticker,dimension,calendardate,datekey,reportperiod,lastupdated,accoci,assets,assetsavg,assetsc,assetsnc,assetturnover,bvps,capex,cashneq,cashnequsd,cor,consolinc,currentratio,de,debt,debtc,debtnc,debtusd,deferredrev,depamor,deposits,divyield,dps,ebit,ebitda,ebitdamargin,ebitdausd,ebitusd,ebt,eps,epsdil,epsusd,equity,equityavg,equityusd,ev,evebit,evebitda,fcf,fcfps,fxusd,gp,grossmargin,intangibles,intexp,invcap,invcapavg,inventory,investments,investmentsc,investmentsnc,liabilities,liabilitiesc,liabilitiesnc,marketcap,ncf,ncfbus,ncfcommon,ncfdebt,ncfdiv,ncff,ncfi,ncfinv,ncfo,ncfx,netinc,netinccmn,netinccmnusd,netincdis,netincnci,netmargin,opex,opinc,payables,payoutratio,pb,pe,pe1,ppnenet,prefdivis,price,ps,ps1,receivables,retearn,revenue,revenueusd,rnd,roa,roe,roic,ros,sbcomp,sgna,sharefactor,sharesbas,shareswa,shareswadil,sps,tangibles,taxassets,taxexp,taxliabilities,tbvps,workingcapital
0,WRK,MRY,2020-12-31,2020-09-30,2020-09-30,2021-08-25,-1319900000.0,28779700000.0,30238600000.0,4944700000.0,23835000000.0,0.581,40.944,-936600000.0,251100000.0,251100000.0,14381600000.0,-686100000.0,1.688,1.706,9430600000.0,222900000.0,9207700000.0,9430600000.0,0.0,1487000000.0,0.0,0.038,1.33,-133900000.0,1353100000.0,0.077,1353100000.0,-133900000.0,-527400000.0,-2.67,-2.67,-2.67,10630600000.0,11412825000.0,10630600000.0,18781667042.0,-140.0,13.88,1134100000.0,4.368,1.0,3197200000.0,0.182,9629400000.0,393500000.0,25400900000.0,26203400000.0,2023400000.0,0.0,0.0,0.0,18132200000.0,2928900000.0,15203300000.0,9019767042.0,99500000.0,-1300000.0,22200000.0,-673900000.0,-344500000.0,-1021100000.0,-921500000.0,0.0,2070700000.0,-28600000.0,-690900000.0,-690900000.0,-690900000.0,0.0,4800000.0,-0.039,3453400000.0,-256200000.0,1674200000.0,-0.498,0.848,-13.055,-13.011,10778900000.0,0.0,34.74,0.513,0.513,2142700000.0,1031600000.0,17578800000.0,17578800000.0,0.0,-0.023,-0.061,-0.005,-0.008,130300000.0,2024900000.0,1.0,259636357.0,259636357.0,,67.705,19150300000.0,0.0,163500000.0,2916900000.0,73.758,2015800000.0
1,WRK,MRY,2019-12-31,2019-09-30,2019-09-30,2021-08-25,-1069200000.0,30156700000.0,30582175000.0,4974300000.0,25182400000.0,0.598,45.348,-1224500000.0,151600000.0,151600000.0,14540000000.0,867900000.0,1.448,1.583,10063400000.0,561100000.0,9502300000.0,10063400000.0,0.0,1511200000.0,0.0,0.05,1.82,1571000000.0,3082200000.0,0.169,3082200000.0,1571000000.0,1139700000.0,3.36,3.33,3.36,11669900000.0,11685525000.0,11669900000.0,19739199716.0,13.0,6.404,1085700000.0,4.219,1.0,3749000000.0,0.205,11345100000.0,431300000.0,25288300000.0,25726500000.0,2107500000.0,0.0,0.0,0.0,18472500000.0,3435100000.0,15037400000.0,9380099716.0,-485200000.0,-3385400000.0,-70300000.0,2314600000.0,-467900000.0,1780200000.0,-4579600000.0,0.0,2310200000.0,4000000.0,862900000.0,862900000.0,862900000.0,0.0,5000000.0,0.047,2254600000.0,1494400000.0,1831800000.0,0.542,0.804,10.87,10.848,11189500000.0,0.0,36.45,0.513,0.513,2193200000.0,1997100000.0,18289000000.0,18289000000.0,0.0,0.028,0.074,0.061,0.086,64200000.0,2115400000.0,1.0,257341556.0,257341556.0,,71.069,18811600000.0,0.0,276800000.0,2878000000.0,73.1,1539200000.0
2,WRK,MRY,2018-12-31,2018-09-30,2018-09-30,2021-08-25,-695300000.0,25360500000.0,25268200000.0,4785100000.0,20575400000.0,0.644,44.958,-968700000.0,636800000.0,636800000.0,12923100000.0,1909300000.0,1.436,1.21,6415200000.0,740700000.0,5674500000.0,6415200000.0,0.0,1252200000.0,0.0,0.032,1.72,1325400000.0,2577600000.0,0.158,2577600000.0,1325400000.0,1031600000.0,7.46,7.34,7.46,11469400000.0,11441075000.0,11469400000.0,19718102595.0,15.0,7.65,962500000.0,3.773,1.0,3362000000.0,0.206,8699600000.0,293800000.0,19106000000.0,19354425000.0,1829600000.0,0.0,0.0,0.0,13878100000.0,3333300000.0,10544800000.0,13633202595.0,332800000.0,-354200000.0,-168500000.0,-120100000.0,-440900000.0,-755100000.0,-815100000.0,461600000.0,1931200000.0,-28200000.0,1906100000.0,1906100000.0,1906100000.0,0.0,3200000.0,0.117,2174800000.0,1187200000.0,1716800000.0,0.231,1.189,7.152,7.164,9082500000.0,0.0,53.44,0.837,0.837,2010700000.0,1573300000.0,16285100000.0,16285100000.0,0.0,0.075,0.167,0.068,0.081,66800000.0,1843200000.0,1.0,255112324.0,255112324.0,,63.835,16660900000.0,0.0,-874500000.0,2321500000.0,65.308,1451800000.0
3,WRK,MRY,2017-12-31,2017-09-30,2017-09-30,2021-08-25,-457300000.0,25089000000.0,23945050000.0,4490900000.0,20598100000.0,0.621,40.718,-722500000.0,304000000.0,304000000.0,12141500000.0,698600000.0,1.492,1.422,6554800000.0,608700000.0,5946100000.0,6554800000.0,0.0,1112100000.0,0.0,0.028,1.6,1089700000.0,2201800000.0,0.148,2201800000.0,1089700000.0,867200000.0,2.81,2.77,2.81,10342500000.0,9931925000.0,10342500000.0,20701149897.0,19.0,9.402,741300000.0,2.918,1.0,2718200000.0,0.183,8857600000.0,222500000.0,19472400000.0,19144400000.0,1797300000.0,0.0,0.0,0.0,14702900000.0,3009800000.0,11693100000.0,14409449897.0,-62400000.0,-585100000.0,-57200000.0,-169100000.0,-403200000.0,-655400000.0,-868700000.0,411200000.0,1463800000.0,-2100000.0,708200000.0,708200000.0,708200000.0,0.0,-9600000.0,0.048,1935000000.0,783200000.0,1492100000.0,0.569,1.393,20.347,20.189,9118300000.0,0.0,56.73,0.97,0.97,1886800000.0,172400000.0,14859700000.0,14859700000.0,0.0,0.03,0.071,0.057,0.073,58000000.0,1686800000.0,1.0,254000527.0,254000527.0,,58.503,16231400000.0,0.0,159000000.0,3410200000.0,63.903,1481100000.0
4,WRK,MRY,2016-12-31,2016-09-30,2016-09-30,2021-08-25,-626400000.0,23038200000.0,24146050000.0,3912600000.0,19125600000.0,0.587,38.684,-765500000.0,366400000.0,366400000.0,11413200000.0,-389900000.0,1.792,1.358,5789200000.0,292900000.0,5496300000.0,5789200000.0,0.0,1141900000.0,0.0,0.031,1.5,-94000000.0,1047900000.0,0.074,1047900000.0,-94000000.0,-306500000.0,-1.56,-1.54,-1.56,9728800000.0,10388250000.0,9728800000.0,17785561699.0,-189.0,16.973,922900000.0,3.67,1.0,2758600000.0,0.195,7377400000.0,212500000.0,18900600000.0,19419700000.0,1638200000.0,0.0,0.0,0.0,13208200000.0,2183000000.0,11025200000.0,12192461699.0,112600000.0,-592800000.0,-323500000.0,617300000.0,-380700000.0,-231000000.0,-1351400000.0,0.0,1688400000.0,6600000.0,-396300000.0,-396300000.0,-396300000.0,544700000.0,6400000.0,-0.028,2328300000.0,430300000.0,1054400000.0,-0.962,1.253,-30.766,-31.077,9294300000.0,0.0,48.48,0.86,0.86,1592200000.0,-105900000.0,14171800000.0,14171800000.0,0.0,-0.016,-0.038,-0.005,-0.007,75700000.0,1591200000.0,1.0,251494672.0,251494672.0,,56.35,15660800000.0,0.0,89800000.0,3130700000.0,62.271,1729600000.0
5,WRK,MRY,2015-12-31,2015-09-30,2015-09-30,2021-08-25,-780200000.0,25372400000.0,18206050000.0,4176000000.0,21196400000.0,0.611,44.498,-556700000.0,215100000.0,215100000.0,8986500000.0,511800000.0,1.917,1.166,5621900000.0,63700000.0,5558200000.0,5621900000.0,0.0,740800000.0,0.0,0.007,0.375,872600000.0,1613400000.0,0.145,1613400000.0,872600000.0,740100000.0,2.97,2.93,2.97,11651800000.0,7979300000.0,11651800000.0,16062482468.0,18.0,9.956,646900000.0,2.471,1.0,2138300000.0,0.192,7442000000.0,132500000.0,21158400000.0,15581700000.0,1761000000.0,0.0,0.0,0.0,13588500000.0,2178800000.0,11409700000.0,13469482468.0,195700000.0,272900000.0,-1023800000.0,532900000.0,-214500000.0,-718000000.0,-282700000.0,1100000.0,1203600000.0,-7200000.0,507100000.0,507100000.0,507100000.0,-10600000.0,4700000.0,0.046,1285800000.0,852500000.0,1231400000.0,0.126,1.156,26.562,17.32,9159800000.0,0.0,51.44,1.211,1.211,1575400000.0,1661600000.0,11124800000.0,11124800000.0,0.0,0.028,0.064,0.056,0.078,49200000.0,1133500000.0,1.0,261848415.0,261848415.0,,42.486,17930400000.0,0.0,233000000.0,3189700000.0,68.476,1997200000.0
6,WRK,MRY,2014-12-31,2014-09-30,2014-09-30,2021-08-25,-495300000.0,11039700000.0,,2432500000.0,8607200000.0,,,-506800000.0,41400000.0,41400000.0,7961500000.0,483800000.0,1.788,1.563,2984700000.0,132600000.0,2852100000.0,2984700000.0,0.0,584500000.0,0.0,,0.0,861500000.0,1446000000.0,0.146,1446000000.0,861500000.0,766200000.0,3.34,3.29,3.34,4306800000.0,,4306800000.0,,,,645000000.0,,1.0,1933600000.0,0.195,2617500000.0,95300000.0,10005000000.0,,1029200000.0,0.0,0.0,0.0,6732300000.0,1360500000.0,5371800000.0,,-3800000.0,-467600000.0,-247300000.0,145900000.0,-101100000.0,-188100000.0,-967400000.0,7000000.0,1151800000.0,-100000.0,479700000.0,479700000.0,479700000.0,0.0,4100000.0,0.048,1079200000.0,854400000.0,812800000.0,0.0,,,,5832600000.0,0.0,,,,1118700000.0,1960900000.0,9895100000.0,9895100000.0,0.0,,,,0.087,42600000.0,975700000.0,1.0,,,,,8422200000.0,0.0,286500000.0,1132800000.0,,1072000000.0
7,WRK,MRY,2013-12-31,2013-09-30,2013-09-30,2021-08-25,,,,,,,,-398200000.0,,,7698900000.0,732500000.0,,,,,,,,552200000.0,,,0.0,812400000.0,1364600000.0,0.143,1364600000.0,812400000.0,705500000.0,5.05,4.98,5.05,,,,,,,634300000.0,,1.0,1846500000.0,0.193,,106900000.0,,,,,,,,,,,-800000.0,-6400000.0,3500000.0,-559700000.0,-75300000.0,-629200000.0,-403600000.0,1000000.0,1032500000.0,-500000.0,727300000.0,727300000.0,727300000.0,0.0,5200000.0,0.076,1032300000.0,814200000.0,,0.0,,,,,0.0,,,,,,9545400000.0,9545400000.0,0.0,,,,0.085,46500000.0,954300000.0,1.0,,,,,,,-21800000.0,,,
0,WRK,MRQ,2021-06-30,2021-06-30,2021-06-30,2021-08-25,-1040800000.0,29414100000.0,,5723700000.0,23690400000.0,,42.968,-201200000.0,549800000.0,549800000.0,3886400000.0,251000000.0,1.489,1.567,8672600000.0,565700000.0,8106900000.0,8672600000.0,0.0,369000000.0,0.0,0.016,0.24,430000000.0,799000000.0,0.166,799000000.0,430000000.0,327500000.0,0.94,0.93,0.94,11451100000.0,,11451100000.0,22771311774.0,-429.0,16.18,549600000.0,2.062,1.0,929900000.0,0.193,9400700000.0,102500000.0,24292200000.0,,2145600000.0,0.0,0.0,0.0,17943600000.0,3844000000.0,14099600000.0,14162711774.0,215800000.0,0.0,14500000.0,-302300000.0,-64000000.0,-356700000.0,-190300000.0,1200000.0,750800000.0,12000000.0,250100000.0,250100000.0,250100000.0,0.0,900000.0,0.052,547600000.0,382300000.0,1906100000.0,0.255,1.237,-22.081,-21.036,10631300000.0,0.0,53.22,0.781,0.782,2518100000.0,1370800000.0,4816300000.0,4816300000.0,0.0,,,,,23300000.0,539700000.0,1.0,266116343.0,266500000.0,269000000.0,18.072,20013400000.0,0.0,77400000.0,2885300000.0,75.097,1879700000.0
1,WRK,MRQ,2021-03-31,2021-03-31,2021-03-31,2021-08-25,-1194300000.0,28971900000.0,,5384600000.0,23587300000.0,,41.721,-71000000.0,334000000.0,334000000.0,3688200000.0,114400000.0,1.516,1.62,8942600000.0,549500000.0,8393100000.0,8942600000.0,0.0,361400000.0,0.0,0.015,0.2,226500000.0,587900000.0,0.132,587900000.0,226500000.0,143000000.0,0.42,0.42,0.42,11051900000.0,,11051900000.0,22402053031.0,-116.0,17.72,61200000.0,0.231,1.0,749600000.0,0.169,9459000000.0,83500000.0,24568800000.0,,2090900000.0,0.0,0.0,0.0,17901900000.0,3552700000.0,14349200000.0,13716053031.0,80200000.0,0.0,12600000.0,27300000.0,-53200000.0,-500000.0,-54800000.0,5000000.0,132200000.0,3300000.0,112500000.0,112500000.0,112500000.0,0.0,1900000.0,0.025,552500000.0,197100000.0,1796800000.0,0.476,1.241,-19.237,-18.723,10572500000.0,0.0,52.05,0.782,0.786,2416200000.0,1186000000.0,4437800000.0,4437800000.0,0.0,,,,,31100000.0,547000000.0,1.0,263516869.0,264900000.0,267000000.0,16.753,19512900000.0,0.0,30500000.0,2872600000.0,73.661,1831900000.0
2,WRK,MRQ,2020-12-31,2020-12-31,2020-12-31,2021-08-25,-1115300000.0,28836400000.0,,4863800000.0,23972600000.0,,41.732,-168700000.0,253800000.0,253800000.0,3648600000.0,152500000.0,1.595,1.629,8939800000.0,168700000.0,8771100000.0,8939800000.0,0.0,364500000.0,0.0,0.024,0.2,296100000.0,660600000.0,0.15,660600000.0,296100000.0,202300000.0,0.58,0.57,0.58,10963000000.0,,10963000000.0,20612817999.0,-177.0,15.224,550700000.0,2.096,1.0,752900000.0,0.171,9595100000.0,93800000.0,24878200000.0,,2084600000.0,0.0,0.0,0.0,17856300000.0,3049100000.0,14807200000.0,11433317999.0,2700000.0,-100000.0,-12400000.0,-502100000.0,-52600000.0,-584100000.0,-140400000.0,23300000.0,719400000.0,7800000.0,152000000.0,152000000.0,152000000.0,0.0,500000.0,0.035,519900000.0,233000000.0,1672200000.0,0.345,1.043,-16.878,-16.551,10784300000.0,0.0,43.53,0.651,0.651,2023400000.0,1126300000.0,4401500000.0,4401500000.0,0.0,,,,,20000000.0,509700000.0,1.0,262653756.0,262700000.0,264800000.0,16.755,19241300000.0,0.0,50300000.0,2910800000.0,73.244,1814700000.0
3,WRK,MRQ,2020-09-30,2020-09-30,2020-09-30,2021-08-25,-1319900000.0,28779700000.0,,4944700000.0,23835000000.0,,40.944,-101300000.0,251100000.0,251100000.0,3658100000.0,-1154500000.0,1.688,1.706,9430600000.0,222900000.0,9207700000.0,9430600000.0,0.0,365600000.0,0.0,0.038,0.2,-1005700000.0,-640100000.0,-0.143,-640100000.0,-1005700000.0,-1116000000.0,-4.47,-4.46,-4.47,10630600000.0,,10630600000.0,18781667042.0,-140.0,13.88,630400000.0,2.428,1.0,813400000.0,0.182,9629400000.0,110300000.0,25400900000.0,,2023400000.0,0.0,0.0,0.0,18132200000.0,2928900000.0,15203300000.0,9019767042.0,-40400000.0,-300000.0,5500000.0,-616100000.0,-51900000.0,-669000000.0,-96100000.0,0.0,731700000.0,-7000000.0,-1156000000.0,-1156000000.0,-1156000000.0,0.0,1500000.0,-0.259,1868300000.0,-1054900000.0,1674200000.0,-0.045,0.848,-13.055,-13.011,10778900000.0,0.0,34.74,0.513,0.513,2142700000.0,1031600000.0,4471500000.0,4471500000.0,0.0,,,,,31900000.0,489000000.0,1.0,259636357.0,259636357.0,,17.222,19150300000.0,0.0,40000000.0,2916900000.0,73.758,2015800000.0
4,WRK,MRQ,2020-06-30,2020-06-30,2020-06-30,2021-08-25,-1387400000.0,30277600000.0,,5005900000.0,25271700000.0,,45.155,-241800000.0,291500000.0,291500000.0,3466300000.0,180000000.0,1.796,1.584,10053400000.0,213100000.0,9840300000.0,10053400000.0,0.0,365700000.0,0.0,0.056,0.2,290100000.0,655800000.0,0.155,655800000.0,290100000.0,197700000.0,0.69,0.69,0.69,11713100000.0,,11713100000.0,17542946357.0,13.0,6.069,498400000.0,1.921,1.0,770000000.0,0.182,11019900000.0,92400000.0,26232700000.0,,2137700000.0,0.0,0.0,0.0,18547700000.0,2786900000.0,15760800000.0,7326546357.0,-348700000.0,-300000.0,3300000.0,-790800000.0,-51900000.0,-859200000.0,-236100000.0,0.0,740200000.0,6400000.0,178500000.0,178500000.0,178500000.0,0.0,1500000.0,0.042,498400000.0,271600000.0,1513500000.0,0.29,0.626,9.443,9.389,10922600000.0,0.0,28.26,0.413,0.413,2083200000.0,2240300000.0,4236300000.0,4236300000.0,0.0,,,,,68800000.0,489700000.0,1.0,259255002.0,259400000.0,260400000.0,16.331,19257700000.0,0.0,19200000.0,2888200000.0,74.239,2219000000.0
5,WRK,MRQ,2020-03-31,2020-03-31,2020-03-31,2021-08-25,-1419000000.0,30960300000.0,,5492200000.0,25468100000.0,,44.334,-228000000.0,640200000.0,640200000.0,3642500000.0,148900000.0,1.749,1.695,10856600000.0,432000000.0,10424600000.0,10856600000.0,0.0,374500000.0,0.0,0.065,0.465,303200000.0,677700000.0,0.152,677700000.0,303200000.0,205900000.0,0.57,0.57,0.57,11482400000.0,,11482400000.0,17361974275.0,11.0,5.672,-60400000.0,-0.233,1.0,804800000.0,0.181,11109900000.0,97300000.0,26927000000.0,,2125400000.0,0.0,0.0,0.0,19462300000.0,3139800000.0,16322500000.0,7303974275.0,483800000.0,-400000.0,-2100000.0,681000000.0,-120700000.0,568400000.0,-228400000.0,0.0,167600000.0,-23800000.0,148100000.0,148100000.0,148100000.0,0.0,800000.0,0.033,530400000.0,274400000.0,1696400000.0,0.816,0.636,8.593,8.564,11036300000.0,0.0,28.26,0.401,0.402,2222100000.0,2114400000.0,4447300000.0,4447300000.0,0.0,,,,,15800000.0,518700000.0,1.0,258456273.0,259000000.0,260200000.0,17.171,19850400000.0,0.0,57800000.0,2878400000.0,76.642,2352400000.0
6,WRK,MRQ,2019-12-31,2019-12-31,2019-12-31,2021-08-25,-1034900000.0,30936800000.0,,4952600000.0,25984200000.0,,45.799,-365500000.0,156400000.0,156400000.0,3614700000.0,139500000.0,1.437,1.615,10214400000.0,565100000.0,9649300000.0,10214400000.0,0.0,381200000.0,0.0,0.043,0.465,278500000.0,659700000.0,0.149,659700000.0,278500000.0,185000000.0,0.54,0.53,0.54,11825200000.0,,11825200000.0,20978053295.0,14.0,6.796,65700000.0,0.254,1.0,809000000.0,0.183,11295000000.0,93500000.0,26253000000.0,,2189700000.0,0.0,0.0,0.0,19096300000.0,3446800000.0,15649500000.0,11066253295.0,4800000.0,-300000.0,15500000.0,52000000.0,-120000000.0,-61300000.0,-360900000.0,0.0,431200000.0,-4200000.0,138500000.0,138500000.0,138500000.0,0.0,1000000.0,0.031,556300000.0,252700000.0,1781000000.0,0.861,0.936,12.833,12.771,11281100000.0,0.0,42.91,0.602,0.603,2061700000.0,2087500000.0,4423700000.0,4423700000.0,0.0,,,,,13800000.0,527500000.0,1.0,257894507.0,258200000.0,259900000.0,17.133,19641800000.0,0.0,46500000.0,2891700000.0,76.072,1505800000.0
7,WRK,MRQ,2019-09-30,2019-09-30,2019-09-30,2021-08-25,-1069200000.0,30156700000.0,,4974300000.0,25182400000.0,,45.348,-372500000.0,151600000.0,151600000.0,3572900000.0,312400000.0,1.448,1.583,10063400000.0,561100000.0,9502300000.0,10063400000.0,0.0,383100000.0,0.0,0.05,0.455,514100000.0,897200000.0,0.193,897200000.0,514100000.0,400100000.0,1.21,1.2,1.21,11669900000.0,,11669900000.0,19739199716.0,13.0,6.404,538100000.0,2.091,1.0,1078700000.0,0.232,11345100000.0,114000000.0,25288300000.0,,2107500000.0,0.0,0.0,0.0,18472500000.0,3435100000.0,15037400000.0,9380099716.0,-27500000.0,-6700000.0,9700000.0,-466100000.0,-117200000.0,-559300000.0,-378900000.0,0.0,910600000.0,100000.0,310800000.0,310800000.0,310800000.0,0.0,1600000.0,0.067,588400000.0,490300000.0,1831800000.0,0.376,0.804,10.87,10.848,11189500000.0,0.0,36.45,0.513,0.513,2193200000.0,1997100000.0,4651600000.0,4651600000.0,0.0,,,,,12900000.0,530300000.0,1.0,257341556.0,257341556.0,,18.076,18811600000.0,0.0,89300000.0,2878000000.0,73.1,1539200000.0
8,WRK,MRQ,2019-06-30,2019-06-30,2019-06-30,2021-08-25,-695400000.0,30812100000.0,,5193700000.0,25618400000.0,,45.969,-340700000.0,179100000.0,179100000.0,3701100000.0,253800000.0,1.447,1.604,10538200000.0,779100000.0,9759100000.0,10538200000.0,0.0,385300000.0,0.0,0.049,0.455,441300000.0,826600000.0,0.176,826600000.0,441300000.0,330200000.0,0.98,0.98,0.98,11827700000.0,,11827700000.0,20015649348.0,13.0,6.789,393900000.0,1.531,1.0,988900000.0,0.211,11496700000.0,111100000.0,26084000000.0,,2074200000.0,0.0,0.0,0.0,18970800000.0,3590500000.0,15380300000.0,9374349348.0,24900000.0,-29200000.0,5400000.0,-243000000.0,-117000000.0,-365300000.0,-350100000.0,0.0,734600000.0,5700000.0,252600000.0,252600000.0,252600000.0,0.0,1200000.0,0.054,567500000.0,421400000.0,1706800000.0,0.464,0.793,11.271,11.187,11169300000.0,0.0,36.47,0.524,0.525,2398100000.0,1805100000.0,4690000000.0,4690000000.0,0.0,,,,,15800000.0,544800000.0,1.0,257042757.0,257300000.0,258600000.0,18.228,19315400000.0,0.0,77600000.0,2965800000.0,75.07,1603200000.0
9,WRK,MRQ,2019-03-31,2019-03-31,2019-03-31,2021-08-25,-725500000.0,30693000000.0,,5214000000.0,25479000000.0,,45.366,-277300000.0,154200000.0,154200000.0,3720400000.0,161900000.0,1.288,1.636,10795500000.0,1422400000.0,9373100000.0,10795500000.0,0.0,383700000.0,0.0,0.046,0.455,319400000.0,703100000.0,0.152,703100000.0,319400000.0,207600000.0,0.63,0.62,0.63,11640800000.0,,11640800000.0,20353645308.0,14.0,7.101,84600000.0,0.33,1.0,899600000.0,0.195,11578800000.0,111800000.0,25708900000.0,,2096900000.0,0.0,0.0,0.0,19039400000.0,4046600000.0,14992800000.0,9793545308.0,-106500000.0,-6600000.0,-54100000.0,-28900000.0,-117600000.0,-191800000.0,-277800000.0,0.0,361900000.0,1200000.0,160400000.0,160400000.0,160400000.0,0.0,1500000.0,0.035,594300000.0,305300000.0,1702000000.0,0.722,0.841,11.559,11.517,11029400000.0,0.0,38.35,0.565,0.568,2367000000.0,1671200000.0,4620000000.0,4620000000.0,0.0,,,,,18100000.0,546500000.0,1.0,255372759.0,256600000.0,259400000.0,18.005,19114200000.0,0.0,47200000.0,2955200000.0,74.49,1167400000.0
10,WRK,MRQ,2018-12-31,2018-12-31,2018-12-31,2021-08-25,-754800000.0,30666900000.0,,5226000000.0,25440900000.0,,45.54,-234000000.0,260700000.0,260700000.0,3545600000.0,139800000.0,1.401,1.642,10820800000.0,1092800000.0,9728000000.0,10820800000.0,0.0,359100000.0,0.0,0.046,0.455,296200000.0,655300000.0,0.151,655300000.0,296200000.0,201800000.0,0.55,0.54,0.55,11603700000.0,,11603700000.0,15352521179.0,10.0,5.483,69100000.0,0.271,1.0,781800000.0,0.181,11672300000.0,94400000.0,25824800000.0,,2101800000.0,0.0,0.0,0.0,19051400000.0,3729900000.0,15321500000.0,9574121179.0,-376100000.0,-3342900000.0,-31300000.0,3052600000.0,-116100000.0,2896600000.0,-3572800000.0,0.0,303100000.0,-3000000.0,139100000.0,139100000.0,139100000.0,0.0,700000.0,0.032,504400000.0,277400000.0,1679500000.0,0.827,0.825,10.52,10.577,10969700000.0,0.0,37.76,0.573,0.575,2315500000.0,1635300000.0,4327400000.0,4327400000.0,0.0,,,,,17400000.0,493800000.0,1.0,253551938.0,254800000.0,259500000.0,16.984,18994600000.0,0.0,62700000.0,2932600000.0,74.547,1496100000.0
11,WRK,MRQ,2018-09-30,2018-09-30,2018-09-30,2021-08-25,-695300000.0,25360500000.0,,4785100000.0,20575400000.0,,44.958,-331800000.0,636800000.0,636800000.0,3304600000.0,280000000.0,1.436,1.21,6415200000.0,740700000.0,5674500000.0,6415200000.0,0.0,314300000.0,0.0,0.032,0.43,449000000.0,763300000.0,0.18,763300000.0,449000000.0,375000000.0,1.1,1.09,1.1,11469400000.0,,11469400000.0,19718102595.0,15.0,7.65,463800000.0,1.818,1.0,932000000.0,0.22,8699600000.0,74000000.0,19106000000.0,,1829600000.0,0.0,0.0,0.0,13878100000.0,3333300000.0,10544800000.0,13633202595.0,184200000.0,-54900000.0,-90900000.0,-149100000.0,-111200000.0,-335900000.0,-271300000.0,115500000.0,795600000.0,-4200000.0,279600000.0,279600000.0,279600000.0,0.0,400000.0,0.066,509000000.0,423000000.0,1716800000.0,0.391,1.189,7.152,7.164,9082500000.0,0.0,53.44,0.837,0.837,2010700000.0,1573300000.0,4236600000.0,4236600000.0,0.0,,,,,17600000.0,462600000.0,1.0,255112324.0,255112324.0,,16.607,16660900000.0,0.0,95400000.0,2321500000.0,65.308,1451800000.0
12,WRK,MRQ,2018-06-30,2018-06-30,2018-06-30,2021-08-25,-674300000.0,25135700000.0,,4626200000.0,20509500000.0,,44.489,-230700000.0,452600000.0,452600000.0,3270400000.0,271300000.0,1.559,1.204,6537500000.0,594400000.0,5943100000.0,6537500000.0,0.0,315400000.0,0.0,0.03,0.43,429400000.0,744800000.0,0.18,744800000.0,429400000.0,352700000.0,1.05,1.03,1.05,11393600000.0,,11393600000.0,21076985970.0,18.0,8.714,431200000.0,1.684,1.0,867100000.0,0.21,8749300000.0,76700000.0,19503800000.0,,1819300000.0,0.0,0.0,0.0,13722900000.0,2967500000.0,10755400000.0,14622885970.0,180200000.0,-3100000.0,-95000000.0,-168700000.0,-110300000.0,-356900000.0,-102700000.0,93000000.0,661900000.0,-22100000.0,268200000.0,268200000.0,268200000.0,0.0,3100000.0,0.065,482000000.0,385100000.0,1484000000.0,0.41,1.283,8.023,7.986,8932200000.0,0.0,57.02,0.908,0.906,1980800000.0,1427900000.0,4137500000.0,4137500000.0,0.0,,,,,15300000.0,456300000.0,1.0,256451876.0,256100000.0,260600000.0,16.156,16386400000.0,0.0,84500000.0,2249300000.0,63.984,1658700000.0
13,WRK,MRQ,2018-03-31,2018-03-31,2018-03-31,2021-08-25,-441700000.0,25439700000.0,,4576700000.0,20863000000.0,,45.091,-205700000.0,272400000.0,272400000.0,3227600000.0,224500000.0,1.368,1.2,6726500000.0,1113500000.0,5613000000.0,6726500000.0,0.0,316300000.0,0.0,0.026,0.43,320300000.0,636600000.0,0.158,636600000.0,320300000.0,242000000.0,0.87,0.86,0.87,11547900000.0,,11547900000.0,22669610691.0,19.0,9.469,22600000.0,0.088,1.0,789400000.0,0.197,8894700000.0,78300000.0,19653600000.0,,1888200000.0,0.0,0.0,0.0,13857500000.0,3345500000.0,10512000000.0,16371510691.0,-39900000.0,-188900000.0,6000000.0,130700000.0,-109800000.0,-16800000.0,-250500000.0,136500000.0,228300000.0,-900000.0,223200000.0,223200000.0,223200000.0,0.0,1300000.0,0.056,505500000.0,283900000.0,1442900000.0,0.494,1.418,8.697,8.683,9056800000.0,0.0,64.17,1.045,1.049,1950200000.0,1302400000.0,4017000000.0,4017000000.0,0.0,,,,,19300000.0,471000000.0,1.0,255127173.0,256100000.0,260300000.0,15.685,16545000000.0,0.0,18800000.0,2305800000.0,64.604,1231200000.0
14,WRK,MRQ,2017-12-31,2017-12-31,2017-12-31,2021-08-25,-497600000.0,25136900000.0,,4465200000.0,20671700000.0,,44.523,-200500000.0,312300000.0,312300000.0,3120500000.0,1133500000.0,1.28,1.211,6610400000.0,1244600000.0,5365800000.0,6610400000.0,0.0,306200000.0,0.0,0.026,0.43,126700000.0,432900000.0,0.111,432900000.0,126700000.0,61900000.0,4.45,4.38,4.45,11353400000.0,,11353400000.0,22344978563.0,21.0,10.061,44900000.0,0.176,1.0,773500000.0,0.199,8793400000.0,64800000.0,19154300000.0,,1869200000.0,0.0,0.0,0.0,13743300000.0,3487300000.0,10256000000.0,16094178563.0,8300000.0,-107300000.0,11400000.0,67000000.0,-109600000.0,-45500000.0,-190600000.0,116600000.0,245400000.0,-1000000.0,1135100000.0,1135100000.0,1135100000.0,0.0,-1600000.0,0.291,678300000.0,95200000.0,1402300000.0,0.097,1.418,9.132,9.121,9063900000.0,0.0,63.21,1.051,1.053,1804300000.0,1196800000.0,3894000000.0,3894000000.0,0.0,,,,,14600000.0,453300000.0,1.0,254614437.0,255000000.0,259200000.0,15.271,16343500000.0,0.0,-1073200000.0,2278000000.0,64.092,977900000.0
15,WRK,MRQ,2017-09-30,2017-09-30,2017-09-30,2021-08-25,-457300000.0,25089000000.0,,4490900000.0,20598100000.0,,40.718,-226500000.0,304000000.0,304000000.0,3304600000.0,195300000.0,1.492,1.422,6554800000.0,608700000.0,5946100000.0,6554800000.0,0.0,297800000.0,0.0,0.028,0.4,306600000.0,604400000.0,0.149,604400000.0,306600000.0,247200000.0,0.77,0.76,0.77,10342500000.0,,10342500000.0,20701149897.0,19.0,9.402,-168900000.0,-0.665,1.0,756000000.0,0.186,8857600000.0,59400000.0,19472400000.0,,1797300000.0,0.0,0.0,0.0,14702900000.0,3009800000.0,11693100000.0,14409449897.0,53300000.0,-141900000.0,13500000.0,8500000.0,-101600000.0,-63800000.0,59300000.0,398600000.0,57600000.0,200000.0,196100000.0,196100000.0,196100000.0,0.0,-800000.0,0.048,514600000.0,241400000.0,1492100000.0,0.519,1.393,20.347,20.189,9118300000.0,0.0,56.73,0.97,0.97,1886800000.0,172400000.0,4060600000.0,4060600000.0,0.0,,,,,5000000.0,496500000.0,1.0,254000527.0,254000527.0,,15.987,16231400000.0,0.0,51100000.0,3410200000.0,63.903,1481100000.0
16,WRK,MRQ,2017-06-30,2017-06-30,2017-06-30,2021-08-25,-543400000.0,24870000000.0,,4358300000.0,20511700000.0,,40.258,-160300000.0,231100000.0,231100000.0,3000100000.0,326600000.0,1.425,1.446,6522800000.0,710500000.0,5812300000.0,6522800000.0,0.0,275200000.0,0.0,0.028,0.4,444900000.0,720100000.0,0.195,720100000.0,444900000.0,388800000.0,1.3,1.29,1.3,10149000000.0,,10149000000.0,19509758575.0,30.0,11.28,428800000.0,1.701,1.0,695500000.0,0.188,8791500000.0,56100000.0,19311300000.0,,1767100000.0,0.0,0.0,0.0,14673400000.0,3058900000.0,11614500000.0,14227258575.0,-160100000.0,-410100000.0,15100000.0,-76300000.0,-100500000.0,-181900000.0,-571000000.0,0.0,589100000.0,3700000.0,328100000.0,328100000.0,328100000.0,0.0,-1500000.0,0.089,462100000.0,233400000.0,1452700000.0,0.308,1.402,33.866,34.133,9077300000.0,0.0,56.66,0.987,0.991,1902400000.0,79300000.0,3695600000.0,3695600000.0,0.0,,,,,18500000.0,402700000.0,1.0,251098810.0,252100000.0,255300000.0,14.659,16078500000.0,0.0,60700000.0,3378400000.0,63.778,1299400000.0
17,WRK,MRQ,2017-03-31,2017-03-31,2017-03-31,2021-08-25,-601600000.0,22950100000.0,,4992500000.0,17957600000.0,,38.554,-164300000.0,391200000.0,391200000.0,2980900000.0,98200000.0,2.151,1.362,5673700000.0,214200000.0,5459500000.0,5673700000.0,0.0,263900000.0,0.0,0.03,0.4,199600000.0,463500000.0,0.127,463500000.0,199600000.0,146700000.0,0.41,0.4,0.41,9684700000.0,,9684700000.0,18295088434.0,40.0,11.821,135400000.0,0.539,1.0,675400000.0,0.185,6740600000.0,52900000.0,19170900000.0,,1587900000.0,0.0,0.0,0.0,13193500000.0,2321100000.0,10872400000.0,13028488434.0,-108000000.0,-35200000.0,-27000000.0,-89200000.0,-100700000.0,-219100000.0,-196500000.0,3100000.0,299700000.0,7900000.0,103100000.0,103100000.0,103100000.0,0.0,-4900000.0,0.028,488400000.0,187000000.0,1225300000.0,0.976,1.345,70.692,71.274,8633700000.0,0.0,52.03,0.91,0.913,1563500000.0,-147200000.0,3656300000.0,3656300000.0,0.0,,,,,17400000.0,398700000.0,1.0,250403391.0,251200000.0,254600000.0,14.555,16209500000.0,0.0,43600000.0,3033300000.0,64.528,2671400000.0
18,WRK,MRQ,2016-12-31,2016-12-31,2016-12-31,2021-08-25,-742100000.0,22871100000.0,,4035200000.0,18835900000.0,,38.023,-171400000.0,500600000.0,500600000.0,2855900000.0,78500000.0,1.807,1.386,5767200000.0,283400000.0,5483800000.0,5767200000.0,0.0,275200000.0,0.0,0.03,0.4,138600000.0,413800000.0,0.12,413800000.0,138600000.0,84500000.0,0.32,0.32,0.32,9551500000.0,,9551500000.0,18171232700.0,45.0,11.87,346000000.0,1.377,1.0,591300000.0,0.172,7282200000.0,54100000.0,18623000000.0,,1656300000.0,0.0,0.0,0.0,13241100000.0,2232500000.0,11008600000.0,12748432700.0,152400000.0,2100000.0,-58800000.0,-12100000.0,-100400000.0,-190600000.0,-160500000.0,9500000.0,517400000.0,-13900000.0,80900000.0,80900000.0,80900000.0,0.0,-2400000.0,0.023,469900000.0,121400000.0,1213300000.0,1.25,1.335,92.313,94.019,9079100000.0,0.0,50.77,0.901,0.901,1517500000.0,-139200000.0,3447200000.0,3447200000.0,0.0,,,,,17100000.0,388900000.0,1.0,251101688.0,251200000.0,255300000.0,13.723,15588900000.0,0.0,3600000.0,3116000000.0,62.058,1802700000.0
19,WRK,MRQ,2016-09-30,2016-09-30,2016-09-30,2021-08-25,-626400000.0,23038200000.0,,3912600000.0,19125600000.0,,38.684,-161700000.0,366400000.0,366400000.0,2892400000.0,-91700000.0,1.792,1.358,5789200000.0,292900000.0,5496300000.0,5789200000.0,0.0,274200000.0,0.0,0.031,0.375,-142000000.0,132200000.0,0.037,132200000.0,-142000000.0,-161300000.0,-0.37,-0.36,-0.37,9728800000.0,,9728800000.0,17785561699.0,-189.0,16.973,219900000.0,0.874,1.0,719300000.0,0.199,7377400000.0,19300000.0,18900600000.0,,1638200000.0,0.0,0.0,0.0,13208200000.0,2183000000.0,11025200000.0,12192461699.0,82200000.0,-11600000.0,-34600000.0,-5800000.0,-94400000.0,-139800000.0,-171800000.0,-5400000.0,381600000.0,12200000.0,-92000000.0,-92000000.0,-92000000.0,5300000.0,300000.0,-0.025,832500000.0,-113200000.0,1054400000.0,-1.014,1.253,-30.766,-31.077,9294300000.0,0.0,48.48,0.86,0.86,1592200000.0,-105900000.0,3611700000.0,3611700000.0,0.0,,,,,23900000.0,412400000.0,1.0,251494672.0,251494672.0,,14.361,15660800000.0,0.0,-69300000.0,3130700000.0,62.271,1729600000.0
20,WRK,MRQ,2016-06-30,2016-06-30,2016-06-30,2021-08-25,-611400000.0,23446400000.0,,3885200000.0,19561200000.0,,39.243,-194900000.0,266000000.0,266000000.0,2869200000.0,93700000.0,1.684,1.354,5859100000.0,345200000.0,5513900000.0,5859100000.0,0.0,282200000.0,0.0,0.039,0.375,256000000.0,538200000.0,0.15,538200000.0,256000000.0,192000000.0,0.37,0.36,0.37,9913100000.0,,9913100000.0,15821236124.0,62.0,11.274,336700000.0,1.333,1.0,727300000.0,0.202,7439300000.0,64000000.0,19293100000.0,,1691100000.0,0.0,0.0,0.0,13423600000.0,2307100000.0,11116500000.0,9818936124.0,-108900000.0,-173500000.0,-39300000.0,-21100000.0,-94700000.0,-277500000.0,-363500000.0,4900000.0,531600000.0,500000.0,92300000.0,92300000.0,92300000.0,58700000.0,1400000.0,0.026,437900000.0,289400000.0,1109500000.0,1.014,0.991,-52.09,-39.663,9345200000.0,0.0,38.87,0.693,0.693,1596600000.0,83300000.0,3596500000.0,3596500000.0,0.0,,,,,21600000.0,394800000.0,1.0,252609625.0,252609625.0,,14.237,16007100000.0,0.0,99700000.0,3283000000.0,63.367,1578100000.0
21,WRK,MRQ,2016-03-31,2016-03-31,2016-03-31,2021-08-25,-677200000.0,25268400000.0,,4449200000.0,20819200000.0,,43.078,-213500000.0,374900000.0,374900000.0,2835400000.0,59800000.0,1.74,1.298,6377200000.0,518900000.0,5858300000.0,6377200000.0,0.0,291200000.0,0.0,0.029,0.375,155400000.0,446600000.0,0.128,446600000.0,155400000.0,91400000.0,0.22,0.22,0.22,10935400000.0,,10935400000.0,15480039857.0,58.0,12.024,38700000.0,0.152,1.0,657300000.0,0.188,8659600000.0,64000000.0,20054000000.0,,2058900000.0,0.0,0.0,0.0,14193600000.0,2557100000.0,11636500000.0,9907739857.0,130700000.0,-99600000.0,-160700000.0,464800000.0,-95200000.0,196100000.0,-312700000.0,400000.0,252200000.0,-4900000.0,56900000.0,56900000.0,56900000.0,-1400000.0,2900000.0,0.016,506600000.0,150700000.0,1243400000.0,1.705,0.906,-79.644,-162.625,9787300000.0,0.0,39.03,0.755,0.755,1662800000.0,1060300000.0,3492700000.0,3492700000.0,0.0,,,,,18400000.0,395500000.0,1.0,253849343.0,253849343.0,,13.759,16608800000.0,0.0,34500000.0,3513800000.0,65.428,1892100000.0
22,WRK,MRQ,2015-12-31,2015-12-31,2015-12-31,2021-08-25,-827500000.0,24831200000.0,,4008300000.0,20822900000.0,,42.688,-195400000.0,244200000.0,244200000.0,2816200000.0,-451700000.0,1.782,1.249,5816500000.0,184800000.0,5631700000.0,5816500000.0,0.0,294300000.0,0.0,0.016,0.375,-363400000.0,-69100000.0,-0.02,-69100000.0,-363400000.0,-428600000.0,-1.76,-1.73,-1.76,10975700000.0,,10975700000.0,17126322614.0,57.0,14.488,327600000.0,1.274,1.0,654700000.0,0.189,8723300000.0,65200000.0,19431100000.0,,2027400000.0,0.0,0.0,0.0,13708800000.0,2249100000.0,11459700000.0,11729522614.0,8600000.0,-308100000.0,-88900000.0,179400000.0,-96400000.0,-9800000.0,-503400000.0,100000.0,523000000.0,-1200000.0,-453500000.0,-453500000.0,-453500000.0,482100000.0,1800000.0,-0.131,551300000.0,103400000.0,1313700000.0,-0.213,1.069,-164.049,142.562,9762700000.0,0.0,45.62,0.971,0.971,1491000000.0,1104100000.0,3470900000.0,3470900000.0,0.0,,,,,11800000.0,388500000.0,1.0,257113604.0,257113604.0,,13.499,16107900000.0,0.0,24900000.0,3533000000.0,62.649,1759200000.0
23,WRK,MRQ,2015-09-30,2015-09-30,2015-09-30,2021-08-25,-780200000.0,25372400000.0,,4176000000.0,21196400000.0,,44.498,-220600000.0,215100000.0,215100000.0,2930700000.0,117900000.0,1.917,1.166,5621900000.0,63700000.0,5558200000.0,5621900000.0,0.0,281300000.0,0.0,0.007,0.375,206300000.0,487600000.0,0.135,487600000.0,206300000.0,142700000.0,0.19,0.19,0.19,11651800000.0,,11651800000.0,16062482468.0,18.0,9.956,166400000.0,0.635,1.0,685400000.0,0.19,7442000000.0,63600000.0,21158400000.0,,1761000000.0,0.0,0.0,0.0,13588500000.0,2178800000.0,11409700000.0,13469482468.0,185100000.0,269200000.0,-990500000.0,870500000.0,-97900000.0,-246300000.0,48900000.0,300000.0,387000000.0,-4500000.0,115800000.0,115800000.0,115800000.0,-10600000.0,2100000.0,0.032,495500000.0,189900000.0,1231400000.0,1.974,1.156,26.562,17.32,9159800000.0,0.0,51.44,1.211,1.211,1575400000.0,1661600000.0,3616100000.0,3616100000.0,0.0,,,,,20700000.0,390400000.0,1.0,261848415.0,261848415.0,,13.81,17930400000.0,0.0,26900000.0,3189700000.0,68.476,1997200000.0
24,WRK,MRQ,2015-06-30,2015-06-30,2015-06-30,2021-08-25,-532500000.0,10835700000.0,,2304800000.0,8530900000.0,,17.4,-109300000.0,50500000.0,50500000.0,2012600000.0,157900000.0,1.751,1.378,2643500000.0,129000000.0,2514500000.0,2643500000.0,0.0,155000000.0,0.0,0.0,0.0,267300000.0,422300000.0,0.166,422300000.0,267300000.0,244700000.0,1.11,1.1,1.11,4556100000.0,,4556100000.0,,,,156500000.0,0.598,1.0,526300000.0,0.207,2541400000.0,22600000.0,9571000000.0,,996200000.0,0.0,0.0,0.0,6279000000.0,1316300000.0,4962700000.0,15946568997.0,3500000.0,0.0,2200000.0,-110500000.0,-45200000.0,-151800000.0,-108900000.0,400000.0,265800000.0,-1600000.0,156400000.0,156400000.0,156400000.0,0.0,1500000.0,0.062,259500000.0,266800000.0,752500000.0,0.0,3.5,29.249,15.818,5782600000.0,0.0,60.9,1.576,1.576,1025900000.0,2207400000.0,2538900000.0,2538900000.0,0.0,,,,,7100000.0,246800000.0,1.0,261848415.0,261848415.0,,9.696,8294300000.0,0.0,88300000.0,1227500000.0,31.676,988500000.0
25,WRK,MRQ,2015-03-31,2015-03-31,2015-03-31,2021-08-25,,,,,,,,-103400000.0,,,1998500000.0,110400000.0,,,,,,,,152700000.0,,,0.0,188600000.0,341300000.0,0.139,341300000.0,188600000.0,165600000.0,0.78,0.77,0.78,,,,,,,115000000.0,,1.0,457100000.0,0.186,,23000000.0,,,,,,,,,,,6900000.0,3700000.0,-28600000.0,-53000000.0,-45100000.0,-111500000.0,-99500000.0,200000.0,218400000.0,-500000.0,109800000.0,109800000.0,109800000.0,0.0,600000.0,0.045,269800000.0,187300000.0,,0.0,,,,,0.0,,,,,,2455600000.0,2455600000.0,0.0,,,,,10700000.0,252600000.0,1.0,,,,,,,55800000.0,,,
26,WRK,MRQ,2014-12-31,2014-12-31,2014-12-31,2021-08-25,,,,,,,,-123400000.0,,,2044700000.0,125600000.0,,,,,,,,151800000.0,,,0.0,210400000.0,362200000.0,0.144,362200000.0,210400000.0,187100000.0,0.89,0.88,0.89,,,,,,,209000000.0,,1.0,469500000.0,0.187,,23300000.0,,,,,,,,,,,200000.0,0.0,-6900000.0,-174100000.0,-26300000.0,-208400000.0,-123200000.0,200000.0,332400000.0,-600000.0,125100000.0,125100000.0,125100000.0,0.0,500000.0,0.05,261000000.0,208500000.0,,0.0,,,,,0.0,,,,,,2514200000.0,2514200000.0,0.0,,,,,10700000.0,243700000.0,1.0,,,,,,,62000000.0,,,
27,WRK,MRQ,2014-09-30,2014-09-30,2014-09-30,2021-08-25,-495300000.0,11039700000.0,,2432500000.0,8607200000.0,,,-153800000.0,41400000.0,41400000.0,2039000000.0,155300000.0,1.788,1.563,2984700000.0,132600000.0,2852100000.0,2984700000.0,0.0,151200000.0,0.0,,0.0,263900000.0,415100000.0,0.159,415100000.0,263900000.0,239700000.0,1.07,1.06,1.07,4306800000.0,,4306800000.0,,,,248900000.0,,1.0,569000000.0,0.218,2617500000.0,24200000.0,10005000000.0,,1029200000.0,0.0,0.0,0.0,6732300000.0,1360500000.0,5371800000.0,,-7400000.0,-73700000.0,-160600000.0,400000.0,-25100000.0,-182300000.0,-227300000.0,200000.0,402700000.0,-500000.0,153900000.0,153900000.0,153900000.0,0.0,1400000.0,0.059,308500000.0,260500000.0,812800000.0,0.0,,,,5832600000.0,0.0,,,,1118700000.0,1960900000.0,2608000000.0,2608000000.0,0.0,,,,,13200000.0,250100000.0,1.0,,,,,8422200000.0,0.0,85800000.0,1132800000.0,,1072000000.0
28,WRK,MRQ,2014-06-30,2014-06-30,2014-06-30,2021-08-25,,,,,,,,,,,2041300000.0,134400000.0,,,,,,,,,,,0.0,234100000.0,,,,234100000.0,210200000.0,0.93,0.91,0.93,,,,,,,,,1.0,489600000.0,0.193,,23900000.0,,,,,,,,,,,,,,,,,,,,,133300000.0,133300000.0,133300000.0,0.0,1100000.0,0.053,258600000.0,231000000.0,,0.0,,,,,0.0,,,,,,2530900000.0,2530900000.0,0.0,,,,,,245300000.0,1.0,,,,,,,76900000.0,,,
0,WRK,MRT,2021-06-30,2021-06-30,2021-06-30,2021-08-25,-1040800000.0,29414100000.0,29000525000.0,5723700000.0,23690400000.0,0.625,42.968,-542200000.0,549800000.0,549800000.0,14881300000.0,-636600000.0,1.489,1.567,8672600000.0,565700000.0,8106900000.0,8672600000.0,0.0,1460500000.0,0.0,0.016,0.84,-53100000.0,1407400000.0,0.078,1407400000.0,-53100000.0,-443200000.0,-2.53,-2.54,-2.53,11451100000.0,11024150000.0,11451100000.0,22771311774.0,-429.0,16.18,1791900000.0,6.724,1.0,3245800000.0,0.179,9400700000.0,390100000.0,24292200000.0,24785025000.0,2145600000.0,0.0,0.0,0.0,17943600000.0,3844000000.0,14099600000.0,14162711774.0,258300000.0,-400000.0,20200000.0,-1393200000.0,-221700000.0,-1610300000.0,-481600000.0,29500000.0,2334100000.0,16100000.0,-641400000.0,-641400000.0,-641400000.0,0.0,4800000.0,-0.035,3488300000.0,-242500000.0,1906100000.0,-0.332,1.237,-22.081,-21.036,10631300000.0,0.0,53.22,0.781,0.782,2518100000.0,1370800000.0,18127100000.0,18127100000.0,0.0,-0.022,-0.058,-0.002,-0.003,106300000.0,2085400000.0,1.0,266116343.0,266500000.0,,68.019,20013400000.0,0.0,198200000.0,2885300000.0,75.097,1879700000.0
1,WRK,MRT,2021-03-31,2021-03-31,2021-03-31,2021-08-25,-1194300000.0,28971900000.0,29216400000.0,5384600000.0,23587300000.0,0.601,41.721,-582800000.0,334000000.0,334000000.0,14461200000.0,-707600000.0,1.516,1.62,8942600000.0,549500000.0,8393100000.0,8942600000.0,0.0,1457200000.0,0.0,0.015,0.8,-193000000.0,1264200000.0,0.072,1264200000.0,-193000000.0,-573000000.0,-2.78,-2.78,-2.78,11051900000.0,11089650000.0,11051900000.0,22402053031.0,-116.0,17.72,1740700000.0,6.571,1.0,3085900000.0,0.176,9459000000.0,380000000.0,24568800000.0,25270150000.0,2090900000.0,0.0,0.0,0.0,17901900000.0,3552700000.0,14349200000.0,13716053031.0,-306200000.0,-700000.0,9000000.0,-1881700000.0,-209600000.0,-2112800000.0,-527400000.0,28300000.0,2323500000.0,10500000.0,-713000000.0,-713000000.0,-713000000.0,0.0,5400000.0,-0.041,3439100000.0,-353200000.0,1796800000.0,-0.288,1.241,-19.237,-18.723,10572500000.0,0.0,52.05,0.782,0.786,2416200000.0,1186000000.0,17547100000.0,17547100000.0,0.0,-0.024,-0.064,-0.008,-0.011,151800000.0,2035400000.0,1.0,263516869.0,264900000.0,,66.24,19512900000.0,0.0,140000000.0,2872600000.0,73.661,1831900000.0
2,WRK,MRT,2020-12-31,2020-12-31,2020-12-31,2021-08-25,-1115300000.0,28836400000.0,29713500000.0,4863800000.0,23972600000.0,0.591,41.732,-739800000.0,253800000.0,253800000.0,14415500000.0,-673100000.0,1.595,1.629,8939800000.0,168700000.0,8771100000.0,8939800000.0,0.0,1470300000.0,0.0,0.024,1.065,-116300000.0,1354000000.0,0.077,1354000000.0,-116300000.0,-510100000.0,-2.63,-2.63,-2.63,10963000000.0,11197275000.0,10963000000.0,20612817999.0,-177.0,15.224,1619100000.0,6.163,1.0,3141100000.0,0.179,9595100000.0,393800000.0,24878200000.0,25859700000.0,2084600000.0,0.0,0.0,0.0,17856300000.0,3049100000.0,14807200000.0,11433317999.0,97400000.0,-1100000.0,-5700000.0,-1228000000.0,-277100000.0,-1543900000.0,-701000000.0,23300000.0,2358900000.0,-16600000.0,-677400000.0,-677400000.0,-677400000.0,0.0,4300000.0,-0.039,3417000000.0,-275900000.0,1672200000.0,-0.405,1.043,-16.878,-16.551,10784300000.0,0.0,43.53,0.651,0.651,2023400000.0,1126300000.0,17556600000.0,17556600000.0,0.0,-0.023,-0.06,-0.004,-0.007,136500000.0,2007100000.0,1.0,262653756.0,262700000.0,,66.831,19241300000.0,0.0,167300000.0,2910800000.0,73.244,1814700000.0
3,WRK,MRT,2020-09-30,2020-09-30,2020-09-30,2021-08-25,-1319900000.0,28779700000.0,30238600000.0,4944700000.0,23835000000.0,0.581,40.944,-936600000.0,251100000.0,251100000.0,14381600000.0,-686100000.0,1.688,1.706,9430600000.0,222900000.0,9207700000.0,9430600000.0,0.0,1487000000.0,0.0,0.038,1.33,-133900000.0,1353100000.0,0.077,1353100000.0,-133900000.0,-527400000.0,-2.67,-2.67,-2.67,10630600000.0,11412825000.0,10630600000.0,18781667042.0,-140.0,13.88,1134100000.0,4.368,1.0,3197200000.0,0.182,9629400000.0,393500000.0,25400900000.0,26203400000.0,2023400000.0,0.0,0.0,0.0,18132200000.0,2928900000.0,15203300000.0,9019767042.0,99500000.0,-1300000.0,22200000.0,-673900000.0,-344500000.0,-1021100000.0,-921500000.0,0.0,2070700000.0,-28600000.0,-690900000.0,-690900000.0,-690900000.0,0.0,4800000.0,-0.039,3453400000.0,-256200000.0,1674200000.0,-0.498,0.848,-13.055,-13.011,10778900000.0,0.0,34.74,0.513,0.513,2142700000.0,1031600000.0,17578800000.0,17578800000.0,0.0,-0.023,-0.061,-0.005,-0.008,130300000.0,2024900000.0,1.0,259636357.0,259636357.0,,67.705,19150300000.0,0.0,163500000.0,2916900000.0,73.758,2015800000.0
4,WRK,MRT,2020-06-30,2020-06-30,2020-06-30,2021-08-25,-1387400000.0,30277600000.0,30582850000.0,5005900000.0,25271700000.0,0.581,45.155,-1207800000.0,291500000.0,291500000.0,14296400000.0,780800000.0,1.796,1.584,10053400000.0,213100000.0,9840300000.0,10053400000.0,0.0,1504500000.0,0.0,0.056,1.585,1385900000.0,2890400000.0,0.163,2890400000.0,1385900000.0,988700000.0,3.01,2.99,3.01,11713100000.0,11672650000.0,11713100000.0,17542946357.0,13.0,6.069,1041800000.0,4.016,1.0,3462500000.0,0.195,11019900000.0,397200000.0,26232700000.0,26175250000.0,2137700000.0,0.0,0.0,0.0,18547700000.0,2786900000.0,15760800000.0,7326546357.0,112400000.0,-7700000.0,26400000.0,-523900000.0,-409800000.0,-911400000.0,-1204300000.0,0.0,2249600000.0,-21500000.0,775900000.0,775900000.0,775900000.0,0.0,4900000.0,0.044,2173500000.0,1289000000.0,1513500000.0,0.527,0.626,9.443,9.389,10922600000.0,0.0,28.26,0.413,0.413,2083200000.0,2240300000.0,17758900000.0,17758900000.0,0.0,0.025,0.066,0.053,0.078,111300000.0,2066200000.0,1.0,259255002.0,259400000.0,,68.461,19257700000.0,0.0,212800000.0,2888200000.0,74.239,2219000000.0
5,WRK,MRT,2020-03-31,2020-03-31,2020-03-31,2021-08-25,-1419000000.0,30960300000.0,30716475000.0,5492200000.0,25468100000.0,0.593,44.334,-1306700000.0,640200000.0,640200000.0,14531200000.0,854600000.0,1.749,1.695,10856600000.0,432000000.0,10424600000.0,10856600000.0,0.0,1524100000.0,0.0,0.065,1.84,1537100000.0,3061200000.0,0.168,3061200000.0,1537100000.0,1121200000.0,3.3,3.28,3.3,11482400000.0,11701300000.0,11482400000.0,17361974275.0,11.0,5.672,937300000.0,3.619,1.0,3681400000.0,0.202,11109900000.0,415900000.0,26927000000.0,26138075000.0,2125400000.0,0.0,0.0,0.0,19462300000.0,3139800000.0,16322500000.0,7303974275.0,486000000.0,-36600000.0,28500000.0,23900000.0,-474900000.0,-417500000.0,-1318300000.0,0.0,2244000000.0,-22200000.0,850000000.0,850000000.0,850000000.0,0.0,4600000.0,0.047,2242600000.0,1438800000.0,1696400000.0,0.558,0.636,8.593,8.564,11036300000.0,0.0,28.26,0.401,0.402,2222100000.0,2114400000.0,18212600000.0,18212600000.0,0.0,0.028,0.073,0.059,0.084,58300000.0,2121300000.0,1.0,258456273.0,259000000.0,,70.319,19850400000.0,0.0,271200000.0,2878400000.0,76.642,2352400000.0
6,WRK,MRT,2019-12-31,2019-12-31,2019-12-31,2021-08-25,-1034900000.0,30936800000.0,30649650000.0,4952600000.0,25984200000.0,0.6,45.799,-1356000000.0,156400000.0,156400000.0,14609100000.0,867600000.0,1.437,1.615,10214400000.0,565100000.0,9649300000.0,10214400000.0,0.0,1533300000.0,0.0,0.043,1.83,1553300000.0,3086600000.0,0.168,3086600000.0,1553300000.0,1122900000.0,3.36,3.33,3.36,11825200000.0,11740900000.0,11825200000.0,20978053295.0,14.0,6.796,1082300000.0,4.192,1.0,3776200000.0,0.205,11295000000.0,430400000.0,26253000000.0,25833550000.0,2189700000.0,0.0,0.0,0.0,19096300000.0,3446800000.0,15649500000.0,11066253295.0,-104300000.0,-42800000.0,-23500000.0,-686000000.0,-471800000.0,-1177700000.0,-1367700000.0,0.0,2438300000.0,2800000.0,862300000.0,862300000.0,862300000.0,0.0,5300000.0,0.047,2306500000.0,1469700000.0,1781000000.0,0.545,0.936,12.833,12.771,11281100000.0,0.0,42.91,0.602,0.603,2061700000.0,2087500000.0,18385300000.0,18385300000.0,0.0,0.028,0.073,0.06,0.084,60600000.0,2149100000.0,1.0,257894507.0,258200000.0,,71.206,19641800000.0,0.0,260600000.0,2891700000.0,76.072,1505800000.0
7,WRK,MRT,2019-09-30,2019-09-30,2019-09-30,2021-08-25,-1069200000.0,30156700000.0,30582175000.0,4974300000.0,25182400000.0,0.598,45.348,-1224500000.0,151600000.0,151600000.0,14540000000.0,867900000.0,1.448,1.583,10063400000.0,561100000.0,9502300000.0,10063400000.0,0.0,1511200000.0,0.0,0.05,1.82,1571000000.0,3082200000.0,0.169,3082200000.0,1571000000.0,1139700000.0,3.36,3.33,3.36,11669900000.0,11685525000.0,11669900000.0,19739199716.0,13.0,6.404,1085700000.0,4.219,1.0,3749000000.0,0.205,11345100000.0,431300000.0,25288300000.0,25726500000.0,2107500000.0,0.0,0.0,0.0,18472500000.0,3435100000.0,15037400000.0,9380099716.0,-485200000.0,-3385400000.0,-70300000.0,2314600000.0,-467900000.0,1780200000.0,-4579600000.0,0.0,2310200000.0,4000000.0,862900000.0,862900000.0,862900000.0,0.0,5000000.0,0.047,2254600000.0,1494400000.0,1831800000.0,0.542,0.804,10.87,10.848,11189500000.0,0.0,36.45,0.513,0.513,2193200000.0,1997100000.0,18289000000.0,18289000000.0,0.0,0.028,0.074,0.061,0.086,64200000.0,2115400000.0,1.0,257341556.0,257341556.0,,71.069,18811600000.0,0.0,276800000.0,2878000000.0,73.1,1539200000.0
8,WRK,MRT,2019-06-30,2019-06-30,2019-06-30,2021-08-25,-695400000.0,30812100000.0,29383125000.0,5193700000.0,25618400000.0,0.608,45.969,-1183800000.0,179100000.0,179100000.0,14271700000.0,835500000.0,1.447,1.604,10538200000.0,779100000.0,9759100000.0,10538200000.0,0.0,1442400000.0,0.0,0.049,1.795,1505900000.0,2948300000.0,0.165,2948300000.0,1505900000.0,1114600000.0,3.26,3.23,3.26,11827700000.0,11635400000.0,11827700000.0,20015649348.0,13.0,6.789,1011400000.0,3.931,1.0,3602300000.0,0.202,11496700000.0,391300000.0,26084000000.0,24180925000.0,2074200000.0,0.0,0.0,0.0,18970800000.0,3590500000.0,15380300000.0,9374349348.0,-273500000.0,-3433600000.0,-170900000.0,2631600000.0,-461900000.0,2003600000.0,-4472000000.0,115500000.0,2195200000.0,-300000.0,831700000.0,831700000.0,831700000.0,0.0,3800000.0,0.047,2175200000.0,1427100000.0,1706800000.0,0.551,0.793,11.271,11.187,11169300000.0,0.0,36.47,0.524,0.525,2398100000.0,1805100000.0,17874000000.0,17874000000.0,0.0,0.028,0.071,0.062,0.084,68900000.0,2047700000.0,1.0,257042757.0,257300000.0,,69.468,19315400000.0,0.0,282900000.0,2965800000.0,75.07,1603200000.0
9,WRK,MRT,2019-03-31,2019-03-31,2019-03-31,2021-08-25,-725500000.0,30693000000.0,27964025000.0,5214000000.0,25479000000.0,0.619,45.366,-1073800000.0,154200000.0,154200000.0,13841000000.0,853000000.0,1.288,1.636,10795500000.0,1422400000.0,9373100000.0,10795500000.0,0.0,1372500000.0,0.0,0.046,1.77,1494000000.0,2866500000.0,0.165,2866500000.0,1494000000.0,1137100000.0,3.33,3.28,3.33,11640800000.0,11526875000.0,11640800000.0,20353645308.0,14.0,7.101,1048700000.0,4.087,1.0,3480500000.0,0.201,11578800000.0,356900000.0,25708900000.0,22535875000.0,2096900000.0,0.0,0.0,0.0,19039400000.0,4046600000.0,14992800000.0,9793545308.0,-118200000.0,-3407500000.0,-271300000.0,2705900000.0,-455200000.0,2012000000.0,-4224600000.0,208500000.0,2122500000.0,-28100000.0,847300000.0,847300000.0,847300000.0,0.0,5700000.0,0.049,2089700000.0,1390800000.0,1702000000.0,0.532,0.841,11.559,11.517,11029400000.0,0.0,38.35,0.565,0.568,2367000000.0,1671200000.0,17321500000.0,17321500000.0,0.0,0.03,0.074,0.066,0.086,68400000.0,1959200000.0,1.0,255372759.0,256600000.0,,67.504,19114200000.0,0.0,289800000.0,2955200000.0,74.49,1167400000.0
10,WRK,MRT,2018-12-31,2018-12-31,2018-12-31,2021-08-25,-754800000.0,30666900000.0,26650700000.0,5226000000.0,25440900000.0,0.627,45.54,-1002200000.0,260700000.0,260700000.0,13348200000.0,915600000.0,1.401,1.642,10820800000.0,1092800000.0,9728000000.0,10820800000.0,0.0,1305100000.0,0.0,0.046,1.745,1494900000.0,2800000000.0,0.167,2800000000.0,1494900000.0,1171500000.0,3.57,3.52,3.57,11603700000.0,11503650000.0,11603700000.0,15352521179.0,10.0,5.483,986700000.0,3.872,1.0,3370300000.0,0.202,11672300000.0,323400000.0,25824800000.0,21022050000.0,2101800000.0,0.0,0.0,0.0,19051400000.0,3729900000.0,15321500000.0,9574121179.0,-51600000.0,-3589800000.0,-211200000.0,2865500000.0,-447400000.0,2187000000.0,-4197300000.0,345000000.0,1988900000.0,-30200000.0,910100000.0,910100000.0,910100000.0,0.0,5500000.0,0.054,2000900000.0,1369400000.0,1679500000.0,0.489,0.825,10.52,10.577,10969700000.0,0.0,37.76,0.573,0.575,2315500000.0,1635300000.0,16718500000.0,16718500000.0,0.0,0.034,0.079,0.071,0.089,69600000.0,1883700000.0,1.0,253551938.0,254800000.0,,65.614,18994600000.0,0.0,261400000.0,2932600000.0,74.547,1496100000.0
11,WRK,MRT,2018-09-30,2018-09-30,2018-09-30,2021-08-25,-695300000.0,25360500000.0,25268200000.0,4785100000.0,20575400000.0,0.644,44.958,-968700000.0,636800000.0,636800000.0,12923100000.0,1909300000.0,1.436,1.21,6415200000.0,740700000.0,5674500000.0,6415200000.0,0.0,1252200000.0,0.0,0.032,1.72,1325400000.0,2577600000.0,0.158,2577600000.0,1325400000.0,1031600000.0,7.46,7.34,7.46,11469400000.0,11441075000.0,11469400000.0,19718102595.0,15.0,7.65,962500000.0,3.773,1.0,3362000000.0,0.206,8699600000.0,293800000.0,19106000000.0,19354425000.0,1829600000.0,0.0,0.0,0.0,13878100000.0,3333300000.0,10544800000.0,13633202595.0,332800000.0,-354200000.0,-168500000.0,-120100000.0,-440900000.0,-755100000.0,-815100000.0,461600000.0,1931200000.0,-28200000.0,1906100000.0,1906100000.0,1906100000.0,0.0,3200000.0,0.117,2174800000.0,1187200000.0,1716800000.0,0.231,1.189,7.152,7.164,9082500000.0,0.0,53.44,0.837,0.837,2010700000.0,1573300000.0,16285100000.0,16285100000.0,0.0,0.075,0.167,0.068,0.081,66800000.0,1843200000.0,1.0,255112324.0,255112324.0,,63.835,16660900000.0,0.0,-874500000.0,2321500000.0,65.308,1451800000.0
12,WRK,MRT,2018-06-30,2018-06-30,2018-06-30,2021-08-25,-674300000.0,25135700000.0,25200325000.0,4626200000.0,20509500000.0,0.639,44.489,-863400000.0,452600000.0,452600000.0,12923100000.0,1824600000.0,1.559,1.204,6537500000.0,594400000.0,5943100000.0,6537500000.0,0.0,1235700000.0,0.0,0.03,1.69,1183000000.0,2418700000.0,0.15,2418700000.0,1183000000.0,903800000.0,7.14,7.03,7.14,11393600000.0,11159350000.0,11393600000.0,21076985970.0,18.0,8.714,329800000.0,1.288,1.0,3186000000.0,0.198,8749300000.0,279200000.0,19503800000.0,19446025000.0,1819300000.0,0.0,0.0,0.0,13722900000.0,2967500000.0,10755400000.0,14622885970.0,201900000.0,-441200000.0,-64100000.0,37500000.0,-431300000.0,-483000000.0,-484500000.0,744700000.0,1193200000.0,-23800000.0,1822600000.0,1822600000.0,1822600000.0,0.0,2000000.0,0.113,2180400000.0,1005600000.0,1484000000.0,0.237,1.283,8.023,7.986,8932200000.0,0.0,57.02,0.908,0.906,1980800000.0,1427900000.0,16109100000.0,16109100000.0,0.0,0.072,0.163,0.061,0.073,54200000.0,1877100000.0,1.0,256451876.0,256100000.0,,62.902,16386400000.0,0.0,-918800000.0,2249300000.0,63.984,1658700000.0
13,WRK,MRT,2018-03-31,2018-03-31,2018-03-31,2021-08-25,-441700000.0,25439700000.0,25133900000.0,4576700000.0,20863000000.0,0.623,45.091,-793000000.0,272400000.0,272400000.0,12652800000.0,1879900000.0,1.368,1.2,6726500000.0,1113500000.0,5613000000.0,6726500000.0,0.0,1195500000.0,0.0,0.026,1.66,1198500000.0,2394000000.0,0.153,2394000000.0,1198500000.0,939900000.0,7.39,7.29,7.39,11547900000.0,10848200000.0,11547900000.0,22669610691.0,19.0,9.469,327400000.0,1.278,1.0,3014400000.0,0.192,8894700000.0,258600000.0,19653600000.0,19397900000.0,1888200000.0,0.0,0.0,0.0,13857500000.0,3345500000.0,10512000000.0,16371510691.0,-138400000.0,-848200000.0,46000000.0,129900000.0,-421500000.0,-308000000.0,-952800000.0,651700000.0,1120400000.0,2000000.0,1882500000.0,1882500000.0,1882500000.0,0.0,-2600000.0,0.12,2160500000.0,853900000.0,1442900000.0,0.225,1.418,8.697,8.683,9056800000.0,0.0,64.17,1.045,1.049,1950200000.0,1302400000.0,15667200000.0,15667200000.0,0.0,0.075,0.174,0.062,0.076,57400000.0,1823500000.0,1.0,255127173.0,256100000.0,,61.176,16545000000.0,0.0,-942600000.0,2305800000.0,64.604,1231200000.0
14,WRK,MRT,2017-12-31,2017-12-31,2017-12-31,2021-08-25,-497600000.0,25136900000.0,24511500000.0,4465200000.0,20671700000.0,0.624,44.523,-751600000.0,312300000.0,312300000.0,12406100000.0,1753600000.0,1.28,1.211,6610400000.0,1244600000.0,5365800000.0,6610400000.0,0.0,1143100000.0,0.0,0.026,1.63,1077800000.0,2220900000.0,0.145,2220900000.0,1077800000.0,844600000.0,6.93,6.83,6.93,11353400000.0,10382400000.0,11353400000.0,22344978563.0,21.0,10.061,440200000.0,1.726,1.0,2900400000.0,0.189,8793400000.0,233200000.0,19154300000.0,19277225000.0,1869200000.0,0.0,0.0,0.0,13743300000.0,3487300000.0,10256000000.0,16094178563.0,-206500000.0,-694500000.0,13000000.0,-90000000.0,-412400000.0,-510300000.0,-898800000.0,518300000.0,1191800000.0,10800000.0,1762400000.0,1762400000.0,1762400000.0,0.0,-8800000.0,0.115,2143400000.0,757000000.0,1402300000.0,0.235,1.418,9.132,9.121,9063900000.0,0.0,63.21,1.051,1.053,1804300000.0,1196800000.0,15306500000.0,15306500000.0,0.0,0.072,0.17,0.056,0.07,55500000.0,1751200000.0,1.0,254614437.0,255000000.0,,60.025,16343500000.0,0.0,-917800000.0,2278000000.0,64.092,977900000.0
15,WRK,MRT,2017-09-30,2017-09-30,2017-09-30,2021-08-25,-457300000.0,25089000000.0,23945050000.0,4490900000.0,20598100000.0,0.621,40.718,-722500000.0,304000000.0,304000000.0,12141500000.0,698600000.0,1.492,1.422,6554800000.0,608700000.0,5946100000.0,6554800000.0,0.0,1112100000.0,0.0,0.028,1.6,1089700000.0,2201800000.0,0.148,2201800000.0,1089700000.0,867200000.0,2.81,2.77,2.81,10342500000.0,9931925000.0,10342500000.0,20701149897.0,19.0,9.402,741300000.0,2.918,1.0,2718200000.0,0.183,8857600000.0,222500000.0,19472400000.0,19144400000.0,1797300000.0,0.0,0.0,0.0,14702900000.0,3009800000.0,11693100000.0,14409449897.0,-62400000.0,-585100000.0,-57200000.0,-169100000.0,-403200000.0,-655400000.0,-868700000.0,411200000.0,1463800000.0,-2100000.0,708200000.0,708200000.0,708200000.0,0.0,-9600000.0,0.048,1935000000.0,783200000.0,1492100000.0,0.569,1.393,20.347,20.189,9118300000.0,0.0,56.73,0.97,0.97,1886800000.0,172400000.0,14859700000.0,14859700000.0,0.0,0.03,0.071,0.057,0.073,58000000.0,1686800000.0,1.0,254000527.0,254000527.0,,58.503,16231400000.0,0.0,159000000.0,3410200000.0,63.903,1481100000.0
16,WRK,MRT,2017-06-30,2017-06-30,2017-06-30,2021-08-25,-543400000.0,24870000000.0,23432350000.0,4358300000.0,20511700000.0,0.615,40.258,-657700000.0,231100000.0,231100000.0,11729300000.0,411600000.0,1.425,1.446,6522800000.0,710500000.0,5812300000.0,6522800000.0,0.0,1088500000.0,0.0,0.028,1.575,641100000.0,1729600000.0,0.12,1729600000.0,641100000.0,458700000.0,1.66,1.65,1.66,10149000000.0,9778500000.0,10149000000.0,19509758575.0,30.0,11.28,1130100000.0,4.483,1.0,2681500000.0,0.186,8791500000.0,182400000.0,19311300000.0,19001450000.0,1767100000.0,0.0,0.0,0.0,14673400000.0,3058900000.0,11614500000.0,14227258575.0,-33500000.0,-454800000.0,-105300000.0,-183400000.0,-396000000.0,-731400000.0,-1099800000.0,7200000.0,1787800000.0,9900000.0,420100000.0,420100000.0,420100000.0,5300000.0,-8500000.0,0.029,2252900000.0,428600000.0,1452700000.0,0.949,1.402,33.866,34.133,9077300000.0,0.0,56.66,0.987,0.991,1902400000.0,79300000.0,14410800000.0,14410800000.0,0.0,0.018,0.043,0.034,0.044,76900000.0,1602700000.0,1.0,251098810.0,252100000.0,,57.163,16078500000.0,0.0,38600000.0,3378400000.0,63.778,1299400000.0
17,WRK,MRT,2017-03-31,2017-03-31,2017-03-31,2021-08-25,-601600000.0,22950100000.0,23076450000.0,4992500000.0,17957600000.0,0.62,38.554,-692300000.0,391200000.0,391200000.0,11598400000.0,178700000.0,2.151,1.362,5673700000.0,214200000.0,5459500000.0,5673700000.0,0.0,1095500000.0,0.0,0.03,1.55,452200000.0,1547700000.0,0.108,1547700000.0,452200000.0,261900000.0,0.73,0.72,0.73,9684700000.0,9719525000.0,9684700000.0,18295088434.0,40.0,11.821,1038000000.0,4.132,1.0,2713300000.0,0.19,6740600000.0,190300000.0,19170900000.0,18996900000.0,1587900000.0,0.0,0.0,0.0,13193500000.0,2321100000.0,10872400000.0,13028488434.0,17700000.0,-218200000.0,-159700000.0,-128200000.0,-390200000.0,-827000000.0,-892300000.0,12100000.0,1730300000.0,6700000.0,184300000.0,184300000.0,184300000.0,64000000.0,-5600000.0,0.013,2228700000.0,484600000.0,1225300000.0,2.123,1.345,70.692,71.274,8633700000.0,0.0,52.03,0.91,0.913,1563500000.0,-147200000.0,14311700000.0,14311700000.0,0.0,0.008,0.019,0.024,0.032,80000000.0,1594800000.0,1.0,250403391.0,251200000.0,,56.973,16209500000.0,0.0,77600000.0,3033300000.0,64.528,2671400000.0
18,WRK,MRT,2016-12-31,2016-12-31,2016-12-31,2021-08-25,-742100000.0,22871100000.0,23656025000.0,4035200000.0,18835900000.0,0.598,38.023,-741500000.0,500600000.0,500600000.0,11452900000.0,140300000.0,1.807,1.386,5767200000.0,283400000.0,5483800000.0,5767200000.0,0.0,1122800000.0,0.0,0.03,1.525,408000000.0,1530800000.0,0.108,1530800000.0,408000000.0,206600000.0,0.54,0.54,0.54,9551500000.0,10032200000.0,9551500000.0,18171232700.0,45.0,11.87,941300000.0,3.747,1.0,2695200000.0,0.19,7282200000.0,201400000.0,18623000000.0,19217675000.0,1656300000.0,0.0,0.0,0.0,13241100000.0,2232500000.0,11008600000.0,12748432700.0,256400000.0,-282600000.0,-293400000.0,425800000.0,-384700000.0,-411800000.0,-1008500000.0,9400000.0,1682800000.0,-6100000.0,138100000.0,138100000.0,138100000.0,62600000.0,2200000.0,0.01,2246900000.0,448300000.0,1213300000.0,2.824,1.335,92.313,94.019,9079100000.0,0.0,50.77,0.901,0.901,1517500000.0,-139200000.0,14148100000.0,14148100000.0,0.0,0.006,0.014,0.021,0.029,81000000.0,1591600000.0,1.0,251101688.0,251200000.0,,56.322,15588900000.0,0.0,68500000.0,3116000000.0,62.058,1802700000.0
19,WRK,MRT,2016-09-30,2016-09-30,2016-09-30,2021-08-25,-626400000.0,23038200000.0,24146050000.0,3912600000.0,19125600000.0,0.587,38.684,-765500000.0,366400000.0,366400000.0,11413200000.0,-389900000.0,1.792,1.358,5789200000.0,292900000.0,5496300000.0,5789200000.0,0.0,1141900000.0,0.0,0.031,1.5,-94000000.0,1047900000.0,0.074,1047900000.0,-94000000.0,-306500000.0,-1.56,-1.54,-1.56,9728800000.0,10388250000.0,9728800000.0,17785561699.0,-189.0,16.973,922900000.0,3.67,1.0,2758600000.0,0.195,7377400000.0,212500000.0,18900600000.0,19419700000.0,1638200000.0,0.0,0.0,0.0,13208200000.0,2183000000.0,11025200000.0,12192461699.0,112600000.0,-592800000.0,-323500000.0,617300000.0,-380700000.0,-231000000.0,-1351400000.0,0.0,1688400000.0,6600000.0,-396300000.0,-396300000.0,-396300000.0,544700000.0,6400000.0,-0.028,2328300000.0,430300000.0,1054400000.0,-0.962,1.253,-30.766,-31.077,9294300000.0,0.0,48.48,0.86,0.86,1592200000.0,-105900000.0,14171800000.0,14171800000.0,0.0,-0.016,-0.038,-0.005,-0.007,75700000.0,1591200000.0,1.0,251494672.0,251494672.0,,56.35,15660800000.0,0.0,89800000.0,3130700000.0,62.271,1729600000.0
20,WRK,MRT,2016-06-30,2016-06-30,2016-06-30,2021-08-25,-611400000.0,23446400000.0,24729600000.0,3885200000.0,19561200000.0,0.573,39.243,-824400000.0,266000000.0,266000000.0,11451500000.0,-180300000.0,1.684,1.354,5859100000.0,345200000.0,5513900000.0,5859100000.0,0.0,1149000000.0,0.0,0.039,1.5,254300000.0,1403300000.0,0.099,1403300000.0,254300000.0,-2500000.0,-0.98,-0.96,-0.98,9913100000.0,10869000000.0,9913100000.0,15821236124.0,62.0,11.274,869400000.0,3.442,1.0,2724700000.0,0.192,7439300000.0,256800000.0,19293100000.0,19984150000.0,1691100000.0,0.0,0.0,0.0,13423600000.0,2307100000.0,11116500000.0,9818936124.0,215500000.0,-312000000.0,-1279400000.0,1493600000.0,-384200000.0,-337500000.0,-1130700000.0,5700000.0,1693800000.0,-10100000.0,-188500000.0,-188500000.0,-188500000.0,528800000.0,8200000.0,-0.013,1991300000.0,733400000.0,1109500000.0,-1.531,0.991,-52.09,-39.663,9345200000.0,0.0,38.87,0.693,0.693,1596600000.0,83300000.0,14176200000.0,14176200000.0,0.0,-0.008,-0.017,0.013,0.018,72500000.0,1569200000.0,1.0,252609625.0,252609625.0,,56.119,16007100000.0,0.0,186000000.0,3283000000.0,63.367,1578100000.0
21,WRK,MRT,2016-03-31,2016-03-31,2016-03-31,2021-08-25,-677200000.0,25268400000.0,21576925000.0,4449200000.0,20819200000.0,0.608,43.078,-738800000.0,374900000.0,374900000.0,10594900000.0,-116100000.0,1.74,1.298,6377200000.0,518900000.0,5858300000.0,6377200000.0,0.0,1021800000.0,0.0,0.029,1.125,265600000.0,1287400000.0,0.098,1287400000.0,265600000.0,50200000.0,-0.24,-0.22,-0.24,10935400000.0,9529750000.0,10935400000.0,15480039857.0,58.0,12.024,689200000.0,2.715,1.0,2523700000.0,0.192,8659600000.0,215400000.0,20054000000.0,17553625000.0,2058900000.0,0.0,0.0,0.0,14193600000.0,2557100000.0,11636500000.0,9907739857.0,327900000.0,-138500000.0,-1237900000.0,1404200000.0,-334700000.0,-211800000.0,-876100000.0,1200000.0,1428000000.0,-12200000.0,-124400000.0,-124400000.0,-124400000.0,470100000.0,8300000.0,-0.009,1812900000.0,710800000.0,1243400000.0,-4.688,0.906,-79.644,-162.625,9787300000.0,0.0,39.03,0.755,0.755,1662800000.0,1060300000.0,13118600000.0,13118600000.0,0.0,-0.006,-0.013,0.015,0.02,58000000.0,1421200000.0,1.0,253849343.0,253849343.0,,51.679,16608800000.0,0.0,174600000.0,3513800000.0,65.428,1892100000.0
22,WRK,MRT,2015-12-31,2015-12-31,2015-12-31,2021-08-25,-827500000.0,24831200000.0,,4008300000.0,20822900000.0,,42.688,-628700000.0,244200000.0,244200000.0,9758000000.0,-65500000.0,1.782,1.249,5816500000.0,184800000.0,5631700000.0,5816500000.0,0.0,883300000.0,0.0,0.016,0.75,298800000.0,1182100000.0,0.098,1182100000.0,298800000.0,124400000.0,0.32,0.33,0.32,10975700000.0,,10975700000.0,17126322614.0,57.0,14.488,765500000.0,2.977,1.0,2323500000.0,0.192,8723300000.0,174400000.0,19431100000.0,,2027400000.0,0.0,0.0,0.0,13708800000.0,2249100000.0,11459700000.0,11729522614.0,204100000.0,-35200000.0,-1105800000.0,886400000.0,-284600000.0,-519400000.0,-662900000.0,1000000.0,1394200000.0,-7800000.0,-71500000.0,-71500000.0,-71500000.0,471500000.0,6000000.0,-0.006,1576100000.0,747400000.0,1313700000.0,2.344,1.069,-164.049,142.562,9762700000.0,0.0,45.62,0.971,0.971,1491000000.0,1104100000.0,12081500000.0,12081500000.0,0.0,,,,0.025,50300000.0,1278300000.0,1.0,257113604.0,257113604.0,,46.989,16107900000.0,0.0,195900000.0,3533000000.0,62.649,1759200000.0
23,WRK,MRT,2015-09-30,2015-09-30,2015-09-30,2021-08-25,-780200000.0,25372400000.0,18206050000.0,4176000000.0,21196400000.0,0.611,44.498,-556700000.0,215100000.0,215100000.0,8986500000.0,511800000.0,1.917,1.166,5621900000.0,63700000.0,5558200000.0,5621900000.0,0.0,740800000.0,0.0,0.007,0.375,872600000.0,1613400000.0,0.145,1613400000.0,872600000.0,740100000.0,2.97,2.93,2.97,11651800000.0,7979300000.0,11651800000.0,16062482468.0,18.0,9.956,646900000.0,2.471,1.0,2138300000.0,0.192,7442000000.0,132500000.0,21158400000.0,15581700000.0,1761000000.0,0.0,0.0,0.0,13588500000.0,2178800000.0,11409700000.0,13469482468.0,195700000.0,272900000.0,-1023800000.0,532900000.0,-214500000.0,-718000000.0,-282700000.0,1100000.0,1203600000.0,-7200000.0,507100000.0,507100000.0,507100000.0,-10600000.0,4700000.0,0.046,1285800000.0,852500000.0,1231400000.0,0.126,1.156,26.562,17.32,9159800000.0,0.0,51.44,1.211,1.211,1575400000.0,1661600000.0,11124800000.0,11124800000.0,0.0,0.028,0.064,0.056,0.078,49200000.0,1133500000.0,1.0,261848415.0,261848415.0,,42.486,17930400000.0,0.0,233000000.0,3189700000.0,68.476,1997200000.0
24,WRK,MRT,2015-06-30,2015-06-30,2015-06-30,2021-08-25,-532500000.0,10835700000.0,,2304800000.0,8530900000.0,,17.4,-489900000.0,50500000.0,50500000.0,8094800000.0,549200000.0,1.751,1.378,2643500000.0,129000000.0,2514500000.0,2643500000.0,0.0,610700000.0,0.0,0.0,0.0,930200000.0,1540900000.0,0.152,1540900000.0,930200000.0,837100000.0,3.85,3.81,3.85,4556100000.0,,4556100000.0,,,,729400000.0,2.786,1.0,2021900000.0,0.2,2541400000.0,93100000.0,9571000000.0,,996200000.0,0.0,0.0,0.0,6279000000.0,1316300000.0,4962700000.0,15946568997.0,3200000.0,-70000000.0,-193900000.0,-337200000.0,-141700000.0,-654000000.0,-558900000.0,1000000.0,1219300000.0,-3200000.0,545200000.0,545200000.0,545200000.0,0.0,4000000.0,0.054,1098800000.0,923100000.0,752500000.0,0.0,3.5,29.249,15.818,5782600000.0,0.0,60.9,1.576,1.576,1025900000.0,2207400000.0,10116700000.0,10116700000.0,0.0,,,,0.092,41700000.0,993200000.0,1.0,261848415.0,261848415.0,,38.636,8294300000.0,0.0,291900000.0,1227500000.0,31.676,988500000.0
25,WRK,MRT,2015-03-31,2015-03-31,2015-03-31,2021-08-25,,,,,,,,,,,8123500000.0,525700000.0,,,,,,,,,,,0.0,897000000.0,,,,897000000.0,802600000.0,3.67,3.62,3.67,,,,,,,,,1.0,1985200000.0,0.196,,94400000.0,,,,,,,,,,,,,,,,,,,,,522100000.0,522100000.0,522100000.0,0.0,3600000.0,0.052,1097900000.0,887300000.0,,0.0,,,,,0.0,,,,,,10108700000.0,10108700000.0,0.0,,,,0.089,,991700000.0,1.0,,,,,,,280500000.0,,,
26,WRK,MRT,2014-12-31,2014-12-31,2014-12-31,2021-08-25,,,,,,,,,,,,,,,,,,,,,,,0.0,,,,,,,,,,,,,,,,,,1.0,,,,,,,,,,,,,,,,,,,,,,,,,,,,,,,,,,,,,,,,,,,,,,,,,,,,,,1.0,,,,,,,,,,
27,WRK,MRT,2014-09-30,2014-09-30,2014-09-30,2021-08-25,-495300000.0,11039700000.0,,2432500000.0,8607200000.0,,,-506800000.0,41400000.0,41400000.0,7961500000.0,483800000.0,1.788,1.563,2984700000.0,132600000.0,2852100000.0,2984700000.0,0.0,584500000.0,0.0,,0.0,861500000.0,1446000000.0,0.146,1446000000.0,861500000.0,766200000.0,3.34,3.29,3.34,4306800000.0,,4306800000.0,,,,645000000.0,,1.0,1933600000.0,0.195,2617500000.0,95300000.0,10005000000.0,,1029200000.0,0.0,0.0,0.0,6732300000.0,1360500000.0,5371800000.0,,-3800000.0,-467600000.0,-247300000.0,145900000.0,-101100000.0,-188100000.0,-967400000.0,7000000.0,1151800000.0,-100000.0,479700000.0,479700000.0,479700000.0,0.0,4100000.0,0.048,1079200000.0,854400000.0,812800000.0,0.0,,,,5832600000.0,0.0,,,,1118700000.0,1960900000.0,9895100000.0,9895100000.0,0.0,,,,0.087,42600000.0,975700000.0,1.0,,,,,8422200000.0,0.0,286500000.0,1132800000.0,,1072000000.0
28,WRK,MRT,2014-06-30,2014-06-30,2014-06-30,2021-08-25,,,,,,,,,,,,,,,,,,,,,,,0.0,,,,,,,,,,,,,,,,,,1.0,,,,,,,,,,,,,,,,,,,,,,,,,,,,,,,,,,,,,,,,,,,,,,,,,,,,,,1.0,,,,,,,,,,
29,WRK,MRT,2013-09-30,2013-09-30,2013-09-30,2021-08-25,,,,,,,,-398200000.0,,,7698900000.0,732500000.0,,,,,,,,552200000.0,,,0.0,812400000.0,1364600000.0,0.143,1364600000.0,812400000.0,705500000.0,5.05,4.98,5.05,,,,,,,634300000.0,,1.0,1846500000.0,0.193,,106900000.0,,,,,,,,,,,-800000.0,-6400000.0,3500000.0,-559700000.0,-75300000.0,-629200000.0,-403600000.0,1000000.0,1032500000.0,-500000.0,727300000.0,727300000.0,727300000.0,0.0,5200000.0,0.076,1032300000.0,814200000.0,,0.0,,,,,0.0,,,,,,9545400000.0,9545400000.0,0.0,,,,0.085,46500000.0,954300000.0,1.0,,,,,,,-21800000.0,,,
