None,ticker,dimension,calendardate,datekey,reportperiod,lastupdated,accoci,assets,assetsavg,assetsc,assetsnc,assetturnover,bvps,capex,cashneq,cashnequsd,cor,consolinc,currentratio,de,debt,debtc,debtnc,debtusd,deferredrev,depamor,deposits,divyield,dps,ebit,ebitda,ebitdamargin,ebitdausd,ebitusd,ebt,eps,epsdil,epsusd,equity,equityavg,equityusd,ev,evebit,evebitda,fcf,fcfps,fxusd,gp,grossmargin,intangibles,intexp,invcap,invcapavg,inventory,investments,investmentsc,investmentsnc,liabilities,liabilitiesc,liabilitiesnc,marketcap,ncf,ncfbus,ncfcommon,ncfdebt,ncfdiv,ncff,ncfi,ncfinv,ncfo,ncfx,netinc,netinccmn,netinccmnusd,netincdis,netincnci,netmargin,opex,opinc,payables,payoutratio,pb,pe,pe1,ppnenet,prefdivis,price,ps,ps1,receivables,retearn,revenue,revenueusd,rnd,roa,roe,roic,ros,sbcomp,sgna,sharefactor,sharesbas,shareswa,shareswadil,sps,tangibles,taxassets,taxexp,taxliabilities,tbvps,workingcapital
0,BVSN,MRY,2018-12-31,2018-12-31,2018-12-31,2021-01-08,-1435000.0,3853000.0,6940750.0,3742000.0,111000.0,0.728,0.28,-15000.0,2574000.0,2574000.0,1958000.0,-7000000.0,1.973,1.75,0.0,0.0,0.0,0.0,321000.0,22000.0,0.0,0.0,0.0,-7031000.0,-7009000.0,-1.388,-7009000.0,-7031000.0,-7031000.0,-1.4,-1.4,-1.4,1401000.0,3827500.0,1401000.0,1350036.0,0.0,-0.193,-7119000.0,-1.425,1.0,3093000.0,0.612,0.0,0.0,-618000.0,-605250.0,0.0,0.0,0.0,0.0,2452000.0,1897000.0,555000.0,5699036.0,-5986000.0,0.0,10000.0,0.0,0.0,10000.0,985000.0,1000000.0,-7104000.0,123000.0,-7000000.0,-7000000.0,-7000000.0,0.0,0.0,-1.386,9937000.0,-6844000.0,215000.0,0.0,4.068,-0.814,-0.814,15000.0,0.0,1.14,1.128,1.128,331000.0,-1269113000.0,5051000.0,5051000.0,5020000.0,-1.009,-1.829,11.617,-1.392,354000.0,4917000.0,1.0,4999154.0,4997000.0,4997000.0,1.011,3853000.0,0.0,-31000.0,0.0,0.771,1845000.0
1,BVSN,MRY,2017-12-31,2017-12-31,2017-12-31,2021-01-08,-1558000.0,11979000.0,16194500.0,11736000.0,243000.0,0.393,1.469,-7000.0,8560000.0,8560000.0,3148000.0,-9899000.0,2.872,0.639,0.0,0.0,0.0,0.0,1187000.0,32000.0,0.0,0.0,0.0,-10011000.0,-9979000.0,-1.57,-9979000.0,-10011000.0,-10011000.0,-1.99,-1.99,-1.99,7309000.0,10877250.0,7309000.0,7636312.0,-1.0,-0.765,-9632000.0,-1.936,1.0,3209000.0,0.505,0.0,0.0,-668000.0,834500.0,0.0,1000000.0,1000000.0,0.0,4670000.0,4087000.0,583000.0,17963312.0,-3170000.0,0.0,79000.0,0.0,0.0,79000.0,6967000.0,6974000.0,-9625000.0,-591000.0,-9899000.0,-9899000.0,-9899000.0,0.0,0.0,-1.557,13972000.0,-10763000.0,434000.0,0.0,2.458,-1.815,-1.809,35000.0,0.0,3.6,2.826,2.817,1193000.0,-1262718000.0,6357000.0,6357000.0,6563000.0,-0.611,-0.91,-11.996,-1.575,857000.0,7409000.0,1.0,4989809.0,4975000.0,4975000.0,1.278,11979000.0,0.0,-112000.0,0.0,2.408,7649000.0
2,BVSN,MRY,2016-12-31,2016-12-31,2016-12-31,2021-01-08,-967000.0,21993000.0,25773000.0,21786000.0,207000.0,0.308,3.425,-14000.0,11730000.0,11730000.0,3324000.0,-9485000.0,4.956,0.304,0.0,0.0,0.0,0.0,1260000.0,41000.0,0.0,0.0,0.0,-9437000.0,-9396000.0,-1.183,-9396000.0,-9437000.0,-9437000.0,-1.93,-1.93,-1.93,16863000.0,20147500.0,16863000.0,14169469.0,-2.0,-1.508,-9621000.0,-1.954,1.0,4616000.0,0.581,0.0,0.0,5867000.0,10196250.0,0.0,7974000.0,7974000.0,0.0,5130000.0,4396000.0,734000.0,23010469.0,2130000.0,0.0,192000.0,0.0,0.0,192000.0,11543000.0,11557000.0,-9607000.0,2000.0,-9485000.0,-9485000.0,-9485000.0,0.0,0.0,-1.195,14570000.0,-9954000.0,377000.0,0.0,1.365,-2.426,-2.409,60000.0,0.0,4.65,2.898,2.884,896000.0,-1252819000.0,7940000.0,7940000.0,6901000.0,-0.368,-0.471,-0.926,-1.189,875000.0,7669000.0,1.0,4948488.0,4924000.0,4924000.0,1.613,21993000.0,0.0,48000.0,0.0,4.466,17390000.0
3,BVSN,MRY,2015-12-31,2015-12-31,2015-12-31,2021-01-08,-739000.0,32210000.0,36176500.0,31980000.0,230000.0,0.261,5.252,-16000.0,9600000.0,9600000.0,3493000.0,-11437000.0,5.53,0.263,0.0,0.0,0.0,0.0,1518000.0,77000.0,0.0,0.0,0.0,-11408000.0,-11331000.0,-1.2,-11331000.0,-11408000.0,-11408000.0,-2.36,-2.36,-2.36,25509000.0,29283000.0,25509000.0,17221332.0,-2.0,-1.52,-8400000.0,-1.729,1.0,5949000.0,0.63,0.0,0.0,16827000.0,14861250.0,0.0,19531000.0,19531000.0,0.0,6701000.0,5783000.0,918000.0,29290332.0,-15341000.0,0.0,275000.0,0.0,0.0,275000.0,-7409000.0,-7393000.0,-8384000.0,177000.0,-11437000.0,-11437000.0,-11437000.0,0.0,0.0,-1.211,15609000.0,-9660000.0,551000.0,0.0,1.148,-2.561,-2.542,87000.0,0.0,6.0,3.102,3.086,1751000.0,-1243334000.0,9442000.0,9442000.0,7219000.0,-0.316,-0.391,-0.768,-1.208,1064000.0,8390000.0,1.0,4881722.0,4857000.0,4857000.0,1.944,32210000.0,0.0,29000.0,0.0,6.632,26197000.0
4,BVSN,MRY,2014-12-31,2014-12-31,2014-12-31,2021-01-08,-733000.0,41826000.0,45809250.0,41484000.0,342000.0,0.297,7.421,-24000.0,24941000.0,24941000.0,4555000.0,-9481000.0,7.627,0.174,0.0,0.0,0.0,0.0,1638000.0,118000.0,0.0,0.0,0.0,-9324000.0,-9206000.0,-0.678,-9206000.0,-9324000.0,-9324000.0,-1.98,-1.98,-1.98,35613000.0,38457000.0,35613000.0,1615301.0,0.0,-0.175,-10002000.0,-2.084,1.0,9030000.0,0.665,0.0,0.0,11446000.0,9581750.0,0.0,12138000.0,12138000.0,0.0,6213000.0,5439000.0,774000.0,29029301.0,-11924000.0,0.0,557000.0,0.0,0.0,557000.0,-2626000.0,-2602000.0,-9978000.0,123000.0,-9481000.0,-9481000.0,-9481000.0,0.0,0.0,-0.698,16427000.0,-7397000.0,482000.0,0.0,0.815,-3.062,-3.04,148000.0,0.0,6.02,2.137,2.127,3286000.0,-1231897000.0,13585000.0,13585000.0,7311000.0,-0.207,-0.247,-0.973,-0.686,1000000.0,9116000.0,1.0,4822143.0,4799000.0,4799000.0,2.831,41826000.0,0.0,157000.0,0.0,8.716,36045000.0
5,BVSN,MRY,2013-12-31,2013-12-31,2013-12-31,2021-01-08,-856000.0,51609000.0,53055000.0,51171000.0,438000.0,0.294,9.212,-70000.0,36865000.0,36865000.0,4841000.0,-5422000.0,6.899,0.189,0.0,0.0,0.0,0.0,2507000.0,134000.0,0.0,0.0,0.0,-5300000.0,-5166000.0,-0.331,-5166000.0,-5300000.0,-5300000.0,-1.15,-1.15,-1.15,43414000.0,44598250.0,43414000.0,6838302.0,-1.0,-1.324,-6362000.0,-1.35,1.0,10758000.0,0.69,0.0,0.0,7327000.0,9211250.0,0.0,9535000.0,9535000.0,0.0,8195000.0,7417000.0,778000.0,45848302.0,13076000.0,0.0,484000.0,0.0,0.0,484000.0,18886000.0,18956000.0,-6292000.0,-2000.0,-5422000.0,-5422000.0,-5422000.0,0.0,0.0,-0.348,16535000.0,-5777000.0,503000.0,0.0,1.056,-8.456,-8.4,242000.0,0.0,9.66,2.939,2.919,3533000.0,-1222416000.0,15599000.0,15599000.0,7067000.0,-0.102,-0.122,-0.575,-0.34,697000.0,9468000.0,1.0,4746201.0,4713000.0,4713000.0,3.31,51609000.0,0.0,122000.0,0.0,10.95,43754000.0
6,BVSN,MRY,2012-12-31,2012-12-31,2012-12-31,2021-01-08,-854000.0,57886000.0,58401750.0,57374000.0,512000.0,0.259,10.275,-281000.0,23789000.0,23789000.0,5002000.0,-5052000.0,6.345,0.215,0.0,0.0,0.0,0.0,2342000.0,117000.0,0.0,0.0,0.0,-4918000.0,-4801000.0,-0.317,-4801000.0,-4918000.0,-4918000.0,-1.09,-1.09,-1.09,47657000.0,48727750.0,47657000.0,23573141.0,-5.0,-4.91,-5287000.0,-1.14,1.0,10124000.0,0.669,0.0,0.0,25055000.0,26369000.0,0.0,28492000.0,28492000.0,0.0,10229000.0,9042000.0,1187000.0,41758141.0,-21616000.0,0.0,2167000.0,0.0,0.0,2167000.0,-18937000.0,-18656000.0,-5006000.0,160000.0,-5052000.0,-5052000.0,-5052000.0,0.0,0.0,-0.334,16299000.0,-6175000.0,679000.0,0.0,0.876,-8.266,-8.202,306000.0,0.0,8.94,2.761,2.741,4018000.0,-1216994000.0,15126000.0,15126000.0,6445000.0,-0.087,-0.104,-0.187,-0.325,612000.0,9842000.0,1.0,4670933.0,4638000.0,4638000.0,3.261,57886000.0,0.0,134000.0,0.0,12.481,48332000.0
7,BVSN,MRY,2011-12-31,2011-12-31,2011-12-31,2021-01-08,-1014000.0,61002000.0,63802250.0,60715000.0,287000.0,0.275,11.06,-33000.0,46427000.0,46427000.0,6013000.0,-5389000.0,5.897,0.226,0.0,0.0,0.0,0.0,2665000.0,154000.0,0.0,0.0,0.0,-5268000.0,-5114000.0,-0.291,-5114000.0,-5268000.0,-5268000.0,-1.2,-1.2,-1.2,49770000.0,52133750.0,49770000.0,10581454.0,-2.0,-2.069,-6635000.0,-1.474,1.0,11541000.0,0.657,0.0,0.0,4279000.0,14092250.0,0.0,9009000.0,9009000.0,0.0,11232000.0,10296000.0,936000.0,49403454.0,12439000.0,0.0,350000.0,0.0,0.0,350000.0,18815000.0,18848000.0,-6602000.0,-124000.0,-5389000.0,-5389000.0,-5389000.0,0.0,0.0,-0.307,17091000.0,-5550000.0,595000.0,0.0,0.993,-9.167,-9.117,143000.0,0.0,10.94,2.814,2.804,4100000.0,-1211942000.0,17554000.0,17554000.0,6356000.0,-0.084,-0.103,-0.374,-0.3,576000.0,9925000.0,1.0,4515855.0,4500000.0,4500000.0,3.901,61002000.0,0.0,121000.0,0.0,13.556,50419000.0
8,BVSN,MRY,2010-12-31,2010-12-31,2010-12-31,2021-01-08,-890000.0,68152000.0,68660750.0,66569000.0,1583000.0,0.318,12.193,-49000.0,32966000.0,32966000.0,6353000.0,-2884000.0,5.705,0.254,0.0,0.0,0.0,0.0,2333000.0,164000.0,0.0,0.0,0.0,-2621000.0,-2457000.0,-0.113,-2457000.0,-2621000.0,-2621000.0,-0.65,-0.65,-0.65,54357000.0,53328500.0,54357000.0,23095725.0,-9.0,-9.4,-3040000.0,-0.682,1.0,15464000.0,0.709,0.0,0.0,23517000.0,25979500.0,0.0,28857000.0,27857000.0,1000000.0,13795000.0,11669000.0,2126000.0,55867725.0,11386000.0,0.0,438000.0,0.0,0.0,438000.0,13634000.0,13683000.0,-2991000.0,305000.0,-2884000.0,-2884000.0,-2884000.0,0.0,0.0,-0.132,19723000.0,-4259000.0,654000.0,0.0,1.028,-19.372,-19.231,264000.0,0.0,12.5,2.561,2.554,4277000.0,-1206553000.0,21817000.0,21817000.0,7296000.0,-0.042,-0.054,-0.101,-0.12,1105000.0,11577000.0,1.0,4469418.0,4458000.0,4458000.0,4.894,68152000.0,0.0,263000.0,0.0,15.288,54900000.0
9,BVSN,MRY,2009-12-31,2009-12-31,2009-12-31,2021-01-08,-1195000.0,72867000.0,71487000.0,71098000.0,1769000.0,0.433,12.572,-68000.0,21600000.0,21600000.0,7563000.0,3734000.0,4.702,0.315,0.0,0.0,0.0,0.0,2010000.0,196000.0,0.0,0.0,0.0,3707000.0,3903000.0,0.126,3903000.0,3707000.0,3707000.0,0.85,0.85,0.85,55393000.0,53176000.0,55393000.0,23815623.0,6.0,6.102,54000.0,0.012,1.0,23398000.0,0.756,0.0,0.0,36146000.0,16925000.0,0.0,41209000.0,40209000.0,1000000.0,17474000.0,15121000.0,2353000.0,59920623.0,-31304000.0,0.0,537000.0,0.0,0.0,537000.0,-31251000.0,-31183000.0,122000.0,-712000.0,3734000.0,3734000.0,3734000.0,0.0,0.0,0.121,21085000.0,2313000.0,788000.0,0.0,1.082,16.047,15.953,384000.0,0.0,13.56,1.935,1.93,7099000.0,-1203669000.0,30961000.0,30961000.0,8573000.0,0.052,0.07,0.219,0.12,1116000.0,12441000.0,1.0,4418925.0,4406000.0,4407000.0,7.027,72867000.0,0.0,-27000.0,0.0,16.538,55977000.0
10,BVSN,MRY,2008-12-31,2008-12-31,2008-12-31,2021-01-08,-483000.0,74737000.0,90853500.0,72660000.0,2077000.0,0.395,11.595,-165000.0,52904000.0,52904000.0,8911000.0,-15010000.0,3.365,0.474,0.0,0.0,0.0,0.0,5810000.0,378000.0,0.0,0.0,0.0,-14490000.0,-14112000.0,-0.393,-14112000.0,-14490000.0,-14490000.0,-3.43,-3.43,-3.43,50718000.0,66624250.0,50718000.0,-13827915.0,1.0,0.98,8047000.0,1.84,1.0,26992000.0,0.752,0.0,0.0,243000.0,-6451750.0,0.0,10004000.0,9004000.0,1000000.0,24019000.0,21590000.0,2429000.0,48722085.0,-1089000.0,0.0,332000.0,0.0,0.0,332000.0,-9134000.0,-8969000.0,8212000.0,-499000.0,-15010000.0,-15010000.0,-15010000.0,0.0,0.0,-0.418,48407000.0,-21415000.0,1251000.0,0.0,0.961,-3.246,-3.236,514000.0,0.0,11.1,1.357,1.352,8167000.0,-1207403000.0,35903000.0,35903000.0,9183000.0,-0.165,-0.225,2.246,-0.404,1130000.0,14184000.0,1.0,4389377.0,4374000.0,4374000.0,8.208,74737000.0,0.0,520000.0,0.0,17.087,51070000.0
11,BVSN,MRY,2007-12-31,2007-12-31,2007-12-31,2021-01-08,16000.0,90312000.0,86015500.0,63017000.0,27295000.0,0.581,15.027,-435000.0,53993000.0,53993000.0,9006000.0,17278000.0,2.798,0.394,0.0,0.0,0.0,0.0,2857000.0,969000.0,0.0,0.0,0.0,17205000.0,18174000.0,0.363,18174000.0,17205000.0,17205000.0,4.01,3.9,4.01,64765000.0,53886500.0,64765000.0,142820192.0,8.0,7.858,14156000.0,3.284,1.0,41012000.0,0.82,25066000.0,0.0,-11270000.0,-16869250.0,0.0,1000000.0,0.0,1000000.0,25547000.0,22523000.0,3024000.0,194351192.0,16970000.0,0.0,1989000.0,0.0,0.0,1989000.0,542000.0,0.0,14591000.0,-152000.0,17278000.0,17278000.0,17278000.0,0.0,0.0,0.345,24741000.0,16271000.0,1359000.0,0.0,3.001,11.248,11.16,688000.0,0.0,44.75,3.886,3.856,7614000.0,-1192393000.0,50018000.0,50018000.0,9668000.0,0.201,0.321,-1.02,0.344,1447000.0,14424000.0,1.0,4343043.0,4310000.0,4430000.0,11.605,65246000.0,0.0,-73000.0,0.0,15.138,40494000.0
12,BVSN,MRY,2006-12-31,2006-12-31,2006-12-31,2021-01-08,168000.0,76942000.0,60774500.0,49214000.0,27728000.0,0.855,16.453,-246000.0,38000000.0,38000000.0,12714000.0,15016000.0,1.626,0.779,0.0,0.0,0.0,0.0,6278000.0,1385000.0,0.0,0.0,0.0,15650000.0,17035000.0,0.328,17035000.0,15650000.0,15650000.0,5.71,5.71,5.71,43254000.0,22311750.0,43254000.0,35536199.0,2.0,2.086,15807000.0,6.013,1.0,39270000.0,0.755,25066000.0,0.0,-16383000.0,-18354250.0,0.0,1000000.0,0.0,1000000.0,33688000.0,30259000.0,3429000.0,54437199.0,32154000.0,0.0,16235000.0,-389000.0,0.0,15846000.0,180000.0,426000.0,16053000.0,75000.0,15016000.0,15016000.0,15016000.0,0.0,0.0,0.289,23813000.0,15457000.0,1249000.0,0.0,1.259,3.625,3.415,1144000.0,0.0,19.5,1.047,0.986,10106000.0,-1210059000.0,51984000.0,51984000.0,10510000.0,0.247,0.673,-0.853,0.301,950000.0,16672000.0,1.0,2791651.0,2629000.0,2629000.0,19.773,51876000.0,0.0,634000.0,0.0,19.732,18955000.0
13,BVSN,MRY,2005-12-31,2005-12-31,2005-12-31,2021-01-08,93000.0,49942000.0,85652500.0,19403000.0,30539000.0,0.702,-7.102,-116000.0,4849000.0,4849000.0,21893000.0,-38966000.0,0.351,-6.136,20924000.0,20924000.0,0.0,20924000.0,2678000.0,1231000.0,0.0,0.0,0.0,-41577000.0,-40346000.0,-0.671,-40346000.0,-41577000.0,-41577000.0,-28.5,-28.5,-28.5,-9723000.0,17864750.0,-9723000.0,22572046.0,-1.0,-0.559,-38017000.0,-27.767,1.0,38228000.0,0.636,25066000.0,0.0,-14324000.0,-18609250.0,0.0,1997000.0,0.0,1997000.0,59665000.0,55275000.0,4390000.0,16870046.0,-37002000.0,0.0,637000.0,-23837000.0,0.0,-23200000.0,23834000.0,1691000.0,-37901000.0,265000.0,-38966000.0,-38966000.0,-38966000.0,0.0,0.0,-0.648,73241000.0,-35013000.0,4396000.0,0.0,-1.735,-0.433,-0.43,2334000.0,0.0,12.25,0.281,0.279,12640000.0,-1225075000.0,60121000.0,60121000.0,13831000.0,-0.455,-2.181,2.234,-0.692,0.0,25687000.0,1.0,1377147.0,1369120.0,1369120.0,43.912,24876000.0,0.0,-2611000.0,0.0,18.169,-35872000.0
14,BVSN,MRY,2004-12-31,2004-12-31,2004-12-31,2021-01-08,-172000.0,144653000.0,160047750.0,80386000.0,64267000.0,0.487,21.125,-730000.0,41851000.0,41851000.0,26281000.0,18566000.0,0.799,4.104,35078000.0,30851000.0,4227000.0,35078000.0,3573000.0,3672000.0,0.0,0.0,0.0,18257000.0,21929000.0,0.281,21929000.0,18257000.0,18257000.0,13.75,13.5,13.75,28341000.0,18452250.0,28341000.0,61802688.0,3.0,2.818,-42580000.0,-31.739,1.0,51723000.0,0.663,56434000.0,0.0,-19213000.0,-30663250.0,0.0,24830000.0,21933000.0,2897000.0,116312000.0,100659000.0,15653000.0,92832688.0,-36925000.0,0.0,1911000.0,6969000.0,0.0,8880000.0,-3839000.0,1319000.0,-41850000.0,-116000.0,18566000.0,18566000.0,18566000.0,0.0,0.0,0.238,31357000.0,20366000.0,7470000.0,0.0,3.276,5.0,5.0,3566000.0,0.0,68.75,1.19,1.182,14370000.0,-1186109000.0,78004000.0,78004000.0,18024000.0,0.116,1.006,-0.595,0.234,-19000.0,36878000.0,1.0,1350294.0,1341560.0,1372840.0,58.144,88219000.0,0.0,-309000.0,0.0,65.759,-20273000.0
15,BVSN,MRY,2003-12-31,2003-12-31,2003-12-31,2021-01-08,-49000.0,195082000.0,207140500.0,99502000.0,95580000.0,0.425,6.059,55000.0,78776000.0,78776000.0,28269000.0,-35471000.0,1.008,23.539,28946000.0,27977000.0,969000.0,28946000.0,7596000.0,11261000.0,0.0,0.0,0.0,-35032000.0,-23771000.0,-0.27,-23771000.0,-35032000.0,-35032000.0,-27.0,-27.0,-27.0,7950000.0,28351250.0,7950000.0,68549175.0,-2.0,-2.884,-23064000.0,-17.579,1.0,59812000.0,0.679,56434000.0,0.0,-9936000.0,-24676750.0,0.0,21392000.0,0.0,21392000.0,187132000.0,98754000.0,88378000.0,140937175.0,1390000.0,0.0,1529000.0,949000.0,0.0,2478000.0,22031000.0,25099000.0,-23119000.0,0.0,-35471000.0,-35471000.0,-35471000.0,0.0,0.0,-0.403,97743000.0,-37931000.0,9186000.0,0.0,17.728,-3.973,-3.944,15400000.0,0.0,106.5,1.6,1.586,15380000.0,-1204675000.0,88081000.0,88081000.0,21067000.0,-0.171,-1.251,1.42,-0.398,342000.0,36184000.0,1.0,1323354.0,1312000.0,1312000.0,67.135,138648000.0,0.0,439000.0,0.0,105.677,748000.0
16,BVSN,MRY,2002-12-31,2002-12-31,2002-12-31,2021-01-08,37000.0,240136000.0,280405000.0,133968000.0,106168000.0,0.413,32.489,-844000.0,94090000.0,94090000.0,47042000.0,-170522000.0,1.044,4.768,27922000.0,25977000.0,1945000.0,27922000.0,14158000.0,21748000.0,0.0,0.0,0.0,-167049000.0,-145301000.0,-1.254,-145301000.0,-167049000.0,-162919000.0,-133.0,-133.0,-133.0,41633000.0,95463500.0,41633000.0,38409372.0,0.0,-0.264,-100038000.0,-78.067,1.0,68856000.0,0.594,57320000.0,-4130000.0,-11704000.0,26277000.0,0.0,27154000.0,24484000.0,2670000.0,198503000.0,128352000.0,70151000.0,110001372.0,1628000.0,0.0,2891000.0,24023000.0,0.0,26914000.0,73908000.0,61507000.0,-99194000.0,0.0,-170522000.0,-170522000.0,-170522000.0,0.0,0.0,-1.471,223764000.0,-154908000.0,8105000.0,0.0,2.642,-0.645,-0.641,26600000.0,0.0,85.25,0.949,0.943,22917000.0,-1169204000.0,115898000.0,115898000.0,41432000.0,-0.608,-1.786,-6.357,-1.441,846000.0,65206000.0,1.0,1290339.0,1281440.0,1281440.0,90.444,182816000.0,0.0,7603000.0,0.0,142.665,5616000.0
17,BVSN,MRY,2001-12-31,2001-12-31,2001-12-31,2021-01-08,-5245000.0,392417000.0,695645000.0,194047000.0,198370000.0,0.357,165.171,-54936000.0,105707000.0,105707000.0,107534000.0,-836259000.0,1.529,0.932,3899000.0,977000.0,2922000.0,3899000.0,22580000.0,236656000.0,0.0,0.0,0.0,-834123000.0,-597467000.0,-2.405,-597467000.0,-834123000.0,-834123000.0,-680.0,-680.0,-680.0,203147000.0,513410000.0,203147000.0,658715370.0,-1.0,-1.103,-132803000.0,-107.977,1.0,140889000.0,0.567,60867000.0,0.0,102860000.0,150010500.0,0.0,93423000.0,65705000.0,27718000.0,189270000.0,126882000.0,62388000.0,778275370.0,-77379000.0,7171000.0,16425000.0,-975000.0,0.0,15450000.0,-14962000.0,32803000.0,-77867000.0,0.0,-836259000.0,-836259000.0,-836259000.0,0.0,0.0,-3.366,968084000.0,-827195000.0,11276000.0,0.0,3.831,-0.931,-0.907,67219000.0,0.0,616.5,3.133,3.052,39768000.0,-998682000.0,248423000.0,248423000.0,85095000.0,-1.202,-1.629,-5.56,-3.358,350000.0,182110000.0,1.0,1262409.0,1229920.0,1229920.0,201.983,331550000.0,2857000.0,2136000.0,0.0,269.57,67165000.0
18,BVSN,MRY,2000-12-31,2000-12-31,2000-12-31,2021-01-08,-4348000.0,1143024000.0,995991250.0,344762000.0,798262000.0,0.417,874.184,-67515000.0,153137000.0,153137000.0,127218000.0,-161629000.0,2.674,0.132,4874000.0,977000.0,3897000.0,4874000.0,16330000.0,198332000.0,0.0,0.0,0.0,-138581000.0,59751000.0,0.144,59751000.0,-138581000.0,-138581000.0,-140.0,-140.0,-140.0,1009298000.0,884155750.0,1009298000.0,2946511302.0,-21.0,49.313,-12181000.0,-10.55,1.0,288281000.0,0.694,607501000.0,0.0,258329000.0,202850000.0,0.0,171952000.0,69397000.0,102555000.0,133726000.0,128931000.0,4795000.0,3097822302.0,-126686000.0,-6039000.0,40340000.0,-1490000.0,0.0,38850000.0,-220870000.0,-147316000.0,55334000.0,0.0,-161629000.0,-161629000.0,-161629000.0,0.0,0.0,-0.389,445079000.0,-156798000.0,15711000.0,0.0,3.069,-19.166,-18.498,76685000.0,0.0,2589.75,7.456,7.196,104811000.0,-162423000.0,415499000.0,415499000.0,61721000.0,-0.162,-0.183,-0.683,-0.334,23067000.0,195503000.0,1.0,1196186.0,1154560.0,1154560.0,359.876,535523000.0,5579000.0,23048000.0,0.0,463.833,215831000.0
19,BVSN,MRY,1999-12-31,1999-12-31,1999-12-31,2021-01-08,25925000.0,406128000.0,205007000.0,380206000.0,25922000.0,0.563,338.969,-13291000.0,279823000.0,279823000.0,28811000.0,18809000.0,6.783,0.177,6137000.0,1247000.0,4890000.0,6137000.0,3896000.0,4739000.0,0.0,0.0,0.0,19805000.0,24544000.0,0.212,24544000.0,19805000.0,19805000.0,18.0,15.75,18.0,345188000.0,168627750.0,345188000.0,13146096780.0,664.0,535.613,20055000.0,19.694,1.0,86703000.0,0.751,0.0,0.0,76392000.0,63893500.0,0.0,73172000.0,68758000.0,4414000.0,60940000.0,56050000.0,4890000.0,13195065780.0,217945000.0,-3765000.0,221514000.0,1671000.0,0.0,223185000.0,-38586000.0,-21530000.0,33346000.0,0.0,18809000.0,18809000.0,18809000.0,0.0,0.0,0.163,71441000.0,15262000.0,5754000.0,0.0,38.226,701.529,708.333,16751000.0,0.0,12750.0,114.229,112.401,26540000.0,-794000.0,115514000.0,115514000.0,14568000.0,0.092,0.112,0.31,0.171,329000.0,56873000.0,1.0,1034907.0,1018347.0,1158720.0,113.433,406128000.0,0.0,996000.0,16769000.0,398.811,324156000.0
20,BVSN,MRY,1998-12-31,1998-12-31,1998-12-31,2021-01-08,3198000.0,101562000.0,88153000.0,80128000.0,21434000.0,0.578,87.605,-4198000.0,61878000.0,61878000.0,9705000.0,4039000.0,4.854,0.241,4451000.0,1257000.0,3194000.0,4451000.0,1918000.0,2947000.0,0.0,0.0,0.0,3960000.0,6907000.0,0.136,6907000.0,3960000.0,3960000.0,4.5,4.5,4.5,81809000.0,72000250.0,81809000.0,729009576.0,184.0,105.546,-3035000.0,-3.25,1.0,41206000.0,0.809,0.0,0.0,27627000.0,17491750.0,0.0,11546000.0,0.0,11546000.0,19753000.0,16508000.0,3245000.0,786124576.0,53601000.0,0.0,57532000.0,-92000.0,0.0,58840000.0,-6402000.0,-2204000.0,1163000.0,0.0,4039000.0,4039000.0,4039000.0,0.0,0.0,0.079,39282000.0,1924000.0,2243000.0,0.0,9.609,194.633,177.778,8034000.0,0.0,800.0,15.441,14.674,15361000.0,-19603000.0,50911000.0,50911000.0,9227000.0,0.046,0.056,0.226,0.078,597000.0,30055000.0,1.0,982656.0,933840.0,1026120.0,54.518,101562000.0,700000.0,-79000.0,0.0,108.757,63620000.0
21,BVSN,MRY,1997-12-31,1997-12-31,1997-12-31,2021-01-08,0.0,26539000.0,27734500.0,19822000.0,6717000.0,0.977,18.707,-4878000.0,9677000.0,9677000.0,5948000.0,-7373000.0,2.378,0.755,4227000.0,1222000.0,3005000.0,4227000.0,532000.0,1613000.0,0.0,0.0,0.0,-7373000.0,-5760000.0,-0.213,-5760000.0,-7373000.0,-7373000.0,-9.0,-9.0,-9.0,15121000.0,18068500.0,15121000.0,,,,-13557000.0,-16.772,1.0,21157000.0,0.781,0.0,0.0,12752000.0,8768000.0,0.0,796000.0,796000.0,0.0,11418000.0,8337000.0,3081000.0,128953255.0,-9331000.0,0.0,1050000.0,3260000.0,0.0,2910000.0,-3562000.0,1316000.0,-8679000.0,0.0,-7373000.0,-7373000.0,-7373000.0,0.0,0.0,-0.272,28795000.0,-7638000.0,1863000.0,0.0,8.528,-17.49,-17.556,6467000.0,0.0,158.0,4.758,4.712,8783000.0,-23642000.0,27105000.0,27105000.0,7392000.0,-0.266,-0.408,-0.841,-0.272,428000.0,21403000.0,1.0,816160.0,808320.0,808320.0,33.533,26539000.0,0.0,0.0,0.0,32.832,11485000.0
22,BVSN,MRY,1996-12-31,1996-12-31,1996-12-31,2021-01-08,0.0,28930000.0,,25585000.0,3345000.0,,27.925,-2529000.0,17608000.0,17608000.0,2494000.0,-10145000.0,3.492,0.377,789000.0,294000.0,495000.0,789000.0,2625000.0,753000.0,0.0,0.0,0.0,-10145000.0,-9392000.0,-0.863,-9392000.0,-10145000.0,-10145000.0,-13.5,-13.5,-13.5,21016000.0,,21016000.0,,,,-10907000.0,-14.492,1.0,8388000.0,0.771,0.0,0.0,4784000.0,,0.0,2112000.0,2112000.0,0.0,7914000.0,7327000.0,587000.0,,13297000.0,0.0,21333000.0,-274000.0,0.0,26120000.0,-4445000.0,-1916000.0,-8378000.0,0.0,-10145000.0,-10145000.0,-10145000.0,0.0,0.0,-0.932,19085000.0,-10697000.0,958000.0,0.0,,,-14.0,3024000.0,0.0,189.0,,13.071,5548000.0,-16269000.0,10882000.0,10882000.0,4985000.0,,,,-0.932,513000.0,14100000.0,1.0,,752600.0,752600.0,14.459,28930000.0,0.0,0.0,0.0,38.44,18258000.0
23,BVSN,MRY,1995-12-31,1995-12-31,1995-12-31,2021-01-08,,,,,,,,-679000.0,,,249000.0,-4318000.0,,,,,,,,120000.0,,,0.0,-4318000.0,-4198000.0,-7.774,-4198000.0,-4318000.0,-4318000.0,-9.0,-9.0,-9.0,,,,,,,-4419000.0,-9.225,1.0,291000.0,0.539,,0.0,,,,,,,,,,,3503000.0,0.0,-6000.0,683000.0,0.0,6629000.0,614000.0,1293000.0,-3740000.0,0.0,-4318000.0,-4318000.0,-4318000.0,0.0,0.0,-7.996,4769000.0,-4478000.0,,0.0,,,,,0.0,,,,,,540000.0,540000.0,2575000.0,,,,-7.996,100000.0,2194000.0,1.0,,479040.0,479040.0,1.127,,,0.0,,,
0,BVSN,MRQ,2019-09-30,2019-09-30,2019-09-30,2021-01-08,-1251000.0,5587000.0,,3987000.0,1600000.0,,0.543,0.0,2169000.0,2169000.0,87000.0,1134000.0,1.954,1.044,58000.0,58000.0,0.0,58000.0,670000.0,1000.0,0.0,0.0,0.0,1661000.0,1662000.0,2.347,1662000.0,1661000.0,1661000.0,0.22,0.22,0.22,2734000.0,,2734000.0,4820883.0,15.0,14.263,-1043000.0,-0.207,1.0,621000.0,0.877,0.0,0.0,1436000.0,,0.0,1497000.0,0.0,1497000.0,2853000.0,2040000.0,813000.0,9362883.0,-2451000.0,-1596000.0,0.0,0.0,0.0,0.0,-1596000.0,0.0,-1043000.0,188000.0,1663000.0,1663000.0,1663000.0,-1684000.0,-529000.0,2.349,987000.0,-366000.0,452000.0,0.0,3.425,26.905,-37.0,69000.0,0.0,1.85,2.372,2.359,1214000.0,-1268024000.0,708000.0,708000.0,322000.0,,,,,19000.0,665000.0,1.0,5061018.0,5034000.0,5044000.0,0.141,5587000.0,0.0,-2000.0,0.0,1.11,1947000.0
1,BVSN,MRQ,2019-06-30,2019-06-30,2019-06-30,2021-01-08,-1439000.0,5510000.0,,5326000.0,184000.0,,0.172,0.0,4620000.0,4620000.0,252000.0,-887000.0,2.382,3.267,78000.0,78000.0,0.0,78000.0,846000.0,4000.0,0.0,0.0,0.0,-273000.0,-269000.0,-0.289,-269000.0,-273000.0,-273000.0,-0.06,-0.06,-0.06,864000.0,,864000.0,1541627.0,-1.0,-0.508,-951000.0,-0.19,1.0,679000.0,0.729,0.0,0.0,-1268000.0,,0.0,0.0,0.0,0.0,2823000.0,2236000.0,587000.0,7132627.0,-1051000.0,0.0,0.0,0.0,0.0,0.0,0.0,0.0,-951000.0,-100000.0,-285000.0,-285000.0,-285000.0,0.0,-602000.0,-0.306,1673000.0,-994000.0,317000.0,0.0,8.255,-2.353,-2.311,90000.0,0.0,1.41,1.791,1.776,246000.0,-1269687000.0,931000.0,931000.0,675000.0,,,,,19000.0,998000.0,1.0,5058601.0,5018000.0,5018000.0,0.186,5510000.0,0.0,12000.0,0.0,1.098,3090000.0
2,BVSN,MRQ,2019-03-31,2019-03-31,2019-03-31,2021-01-08,-1339000.0,7103000.0,,6895000.0,208000.0,,0.246,0.0,5671000.0,5671000.0,273000.0,-119000.0,2.438,2.81,80000.0,80000.0,0.0,80000.0,804000.0,1000.0,0.0,0.0,0.0,606000.0,607000.0,0.568,607000.0,606000.0,606000.0,0.12,0.12,0.12,1228000.0,,1228000.0,3799621.0,-1.0,-0.773,1000.0,0.0,1.0,795000.0,0.744,0.0,0.0,-1316000.0,,0.0,0.0,0.0,0.0,3451000.0,2828000.0,623000.0,8148621.0,3097000.0,0.0,3000000.0,0.0,0.0,3000000.0,0.0,0.0,1000.0,96000.0,602000.0,602000.0,602000.0,0.0,-721000.0,0.564,1573000.0,-778000.0,537000.0,0.0,6.636,-1.661,-1.663,114000.0,0.0,1.63,1.897,1.898,525000.0,-1269402000.0,1068000.0,1068000.0,661000.0,,,,,18000.0,912000.0,1.0,4999154.0,5002000.0,5018000.0,0.214,7103000.0,0.0,4000.0,0.0,1.42,4067000.0
3,BVSN,MRQ,2018-12-31,2018-12-31,2018-12-31,2021-01-08,-1435000.0,3853000.0,,3742000.0,111000.0,,0.28,-14000.0,2574000.0,2574000.0,353000.0,-1632000.0,1.973,1.75,0.0,0.0,0.0,0.0,321000.0,5000.0,0.0,0.0,0.0,-1667000.0,-1662000.0,-1.339,-1662000.0,-1667000.0,-1667000.0,-0.33,-0.33,-0.33,1401000.0,,1401000.0,1350036.0,0.0,-0.193,-1793000.0,-0.359,1.0,888000.0,0.716,0.0,0.0,-618000.0,,0.0,0.0,0.0,0.0,2452000.0,1897000.0,555000.0,5699036.0,-1775000.0,0.0,1000.0,0.0,0.0,1000.0,-14000.0,0.0,-1779000.0,17000.0,-1632000.0,-1632000.0,-1632000.0,0.0,0.0,-1.315,2542000.0,-1654000.0,215000.0,0.0,4.068,-0.814,-0.814,15000.0,0.0,1.14,1.128,1.128,331000.0,-1269113000.0,1241000.0,1241000.0,1235000.0,,,,,54000.0,1307000.0,1.0,4999154.0,4997000.0,4997000.0,0.248,3853000.0,0.0,-35000.0,0.0,0.771,1845000.0
4,BVSN,MRQ,2018-09-30,2018-09-30,2018-09-30,2021-01-08,-1452000.0,5874000.0,,5638000.0,236000.0,,0.592,1000.0,4349000.0,4349000.0,132000.0,-1716000.0,2.43,0.984,0.0,0.0,0.0,0.0,507000.0,5000.0,0.0,0.0,0.0,-1714000.0,-1709000.0,-2.3,-1709000.0,-1714000.0,-1714000.0,-0.34,-0.34,-0.34,2961000.0,,2961000.0,3086265.0,0.0,-0.391,-1843000.0,-0.369,1.0,611000.0,0.822,0.0,0.0,-795000.0,,0.0,0.0,0.0,0.0,2913000.0,2320000.0,593000.0,9246265.0,-1811000.0,0.0,3000.0,0.0,0.0,3000.0,1000.0,0.0,-1844000.0,29000.0,-1716000.0,-1716000.0,-1716000.0,1265000.0,0.0,-2.31,1001000.0,-390000.0,335000.0,0.0,3.123,-1.185,-1.186,19000.0,0.0,1.85,1.824,1.824,320000.0,-1267481000.0,743000.0,743000.0,235000.0,,,,,67000.0,766000.0,1.0,4997981.0,4998000.0,4998000.0,0.149,5874000.0,0.0,2000.0,0.0,1.175,3318000.0
5,BVSN,MRQ,2018-06-30,2018-06-30,2018-06-30,2021-01-08,-1481000.0,8019000.0,,7778000.0,241000.0,,0.916,1000.0,6160000.0,6160000.0,531000.0,-2160000.0,2.687,0.752,0.0,0.0,0.0,0.0,676000.0,6000.0,0.0,0.0,0.0,-2159000.0,-2153000.0,-1.732,-2153000.0,-2159000.0,-2159000.0,-0.43,-0.43,-0.43,4577000.0,,4577000.0,2942658.0,0.0,-0.339,-1996000.0,-0.399,1.0,712000.0,0.573,0.0,0.0,-1036000.0,,0.0,0.0,0.0,0.0,3442000.0,2895000.0,547000.0,9838658.0,-736000.0,0.0,1000.0,0.0,0.0,1000.0,1001000.0,1000000.0,-1997000.0,259000.0,-2160000.0,-2160000.0,-2160000.0,0.0,0.0,-1.738,2557000.0,-1845000.0,423000.0,0.0,2.15,-1.145,-1.145,25000.0,0.0,1.969,1.702,1.702,579000.0,-1265767000.0,1243000.0,1243000.0,1297000.0,,,,,107000.0,1260000.0,1.0,4996779.0,4997000.0,4997000.0,0.249,8019000.0,0.0,1000.0,0.0,1.605,4883000.0
6,BVSN,MRQ,2018-03-31,2018-03-31,2018-03-31,2021-01-08,-1740000.0,10017000.0,,9763000.0,254000.0,,1.275,-3000.0,6896000.0,6896000.0,583000.0,-1492000.0,3.156,0.572,0.0,0.0,0.0,0.0,693000.0,6000.0,0.0,0.0,0.0,-1491000.0,-1485000.0,-0.926,-1485000.0,-1491000.0,-1491000.0,-0.3,-0.3,-0.3,6371000.0,,6371000.0,3594567.0,0.0,-0.405,-1487000.0,-0.298,1.0,1020000.0,0.636,0.0,0.0,28000.0,,0.0,1000000.0,1000000.0,0.0,3646000.0,3093000.0,553000.0,13921567.0,-1664000.0,0.0,5000.0,0.0,0.0,5000.0,-3000.0,0.0,-1484000.0,-182000.0,-1492000.0,-1492000.0,-1492000.0,0.0,0.0,-0.931,2710000.0,-1690000.0,382000.0,0.0,2.185,-1.583,-1.576,32000.0,0.0,2.79,2.263,2.265,718000.0,-1263605000.0,1603000.0,1603000.0,1403000.0,,,,,126000.0,1307000.0,1.0,4989809.0,4995000.0,4995000.0,0.321,10017000.0,0.0,1000.0,0.0,2.005,6670000.0
7,BVSN,MRQ,2017-12-31,2017-12-31,2017-12-31,2021-01-08,-1558000.0,11979000.0,,11736000.0,243000.0,,1.465,0.0,8560000.0,8560000.0,814000.0,-2437000.0,2.872,0.639,0.0,0.0,0.0,0.0,1187000.0,7000.0,0.0,0.0,0.0,-2553000.0,-2546000.0,-1.721,-2546000.0,-2553000.0,-2553000.0,-0.49,-0.49,-0.49,7309000.0,,7309000.0,7636312.0,-1.0,-0.765,-2719000.0,-0.545,1.0,665000.0,0.45,0.0,0.0,-668000.0,,0.0,1000000.0,1000000.0,0.0,4670000.0,4087000.0,583000.0,17963312.0,-1767000.0,0.0,15000.0,0.0,0.0,15000.0,997000.0,997000.0,-2719000.0,-60000.0,-2437000.0,-2437000.0,-2437000.0,0.0,0.0,-1.648,3325000.0,-2660000.0,434000.0,0.0,2.458,-1.815,-1.809,35000.0,0.0,3.6,2.826,2.817,1193000.0,-1262718000.0,1479000.0,1479000.0,1568000.0,,,,,129000.0,1757000.0,1.0,4989809.0,4990000.0,4990000.0,0.296,11979000.0,0.0,-116000.0,0.0,2.401,7649000.0
8,BVSN,MRQ,2017-09-30,2017-09-30,2017-09-30,2021-01-08,-1498000.0,14395000.0,,14205000.0,190000.0,,1.938,-5000.0,10327000.0,10327000.0,708000.0,-2502000.0,3.466,0.49,0.0,0.0,0.0,0.0,1092000.0,9000.0,0.0,0.0,0.0,-2500000.0,-2491000.0,-1.712,-2491000.0,-2500000.0,-2500000.0,-0.5,-0.5,-0.5,9662000.0,,9662000.0,8394779.0,-1.0,-0.856,-3046000.0,-0.611,1.0,747000.0,0.513,0.0,0.0,-30000.0,,0.0,1997000.0,1997000.0,0.0,4733000.0,4098000.0,635000.0,20357779.0,-1636000.0,0.0,18000.0,0.0,0.0,18000.0,1585000.0,1590000.0,-3041000.0,-198000.0,-2502000.0,-2502000.0,-2502000.0,0.0,0.0,-1.72,3460000.0,-2713000.0,370000.0,0.0,2.107,-2.067,-2.06,42000.0,0.0,4.1,2.935,2.947,751000.0,-1260281000.0,1455000.0,1455000.0,1661000.0,,,,,262000.0,1799000.0,1.0,4965312.0,4985000.0,4985000.0,0.292,14395000.0,0.0,2000.0,0.0,2.888,10107000.0
9,BVSN,MRQ,2017-06-30,2017-06-30,2017-06-30,2021-01-08,-1300000.0,17798000.0,,17604000.0,194000.0,,2.432,-1000.0,11963000.0,11963000.0,777000.0,-2362000.0,3.566,0.473,0.0,0.0,0.0,0.0,1493000.0,8000.0,0.0,0.0,0.0,-2372000.0,-2364000.0,-1.464,-2364000.0,-2372000.0,-2372000.0,-0.48,-0.48,-0.48,12082000.0,,12082000.0,9841812.0,-1.0,-1.01,-1716000.0,-0.345,1.0,838000.0,0.519,0.0,0.0,898000.0,,0.0,3587000.0,3587000.0,0.0,5716000.0,4937000.0,779000.0,22070812.0,-266000.0,0.0,15000.0,0.0,0.0,15000.0,1691000.0,1692000.0,-1715000.0,-257000.0,-2362000.0,-2362000.0,-2362000.0,0.0,0.0,-1.463,3487000.0,-2649000.0,391000.0,0.0,1.827,-2.254,-2.234,46000.0,0.0,4.445,2.97,2.971,934000.0,-1257779000.0,1615000.0,1615000.0,1655000.0,,,,,230000.0,1832000.0,1.0,4965312.0,4967000.0,4967000.0,0.325,17798000.0,0.0,-10000.0,0.0,3.583,12667000.0
10,BVSN,MRQ,2017-03-31,2017-03-31,2017-03-31,2021-01-08,-1043000.0,20606000.0,,20404000.0,202000.0,,2.916,-1000.0,12229000.0,12229000.0,849000.0,-2598000.0,3.895,0.425,0.0,0.0,0.0,0.0,1672000.0,8000.0,0.0,0.0,0.0,-2586000.0,-2578000.0,-1.426,-2578000.0,-2586000.0,-2586000.0,-0.52,-0.52,-0.52,14456000.0,,14456000.0,13467607.0,-1.0,-1.352,-2151000.0,-0.434,1.0,959000.0,0.53,0.0,0.0,3138000.0,,0.0,5278000.0,5278000.0,0.0,6150000.0,5239000.0,911000.0,25197607.0,499000.0,0.0,31000.0,0.0,0.0,31000.0,2694000.0,2695000.0,-2150000.0,-76000.0,-2598000.0,-2598000.0,-2598000.0,0.0,0.0,-1.437,3700000.0,-2741000.0,433000.0,0.0,1.743,-2.512,-2.492,53000.0,0.0,5.083,3.256,3.256,1507000.0,-1255417000.0,1808000.0,1808000.0,1679000.0,,,,,236000.0,2021000.0,1.0,4957524.0,4958000.0,4958000.0,0.365,20606000.0,0.0,12000.0,0.0,4.156,15165000.0
11,BVSN,MRQ,2016-12-31,2016-12-31,2016-12-31,2021-01-08,-967000.0,21993000.0,,21786000.0,207000.0,,3.402,-2000.0,11730000.0,11730000.0,772000.0,-2389000.0,4.956,0.304,0.0,0.0,0.0,0.0,1260000.0,10000.0,0.0,0.0,0.0,-2386000.0,-2376000.0,-1.155,-2376000.0,-2386000.0,-2386000.0,-0.49,-0.49,-0.49,16863000.0,,16863000.0,14169469.0,-2.0,-1.508,-2388000.0,-0.482,1.0,1286000.0,0.625,0.0,0.0,5867000.0,,0.0,7974000.0,7974000.0,0.0,5130000.0,4396000.0,734000.0,23010469.0,2889000.0,0.0,24000.0,0.0,0.0,24000.0,4999000.0,5001000.0,-2386000.0,252000.0,-2389000.0,-2389000.0,-2389000.0,0.0,0.0,-1.161,3378000.0,-2092000.0,377000.0,0.0,1.365,-2.426,-2.409,60000.0,0.0,4.65,2.898,2.884,896000.0,-1252819000.0,2058000.0,2058000.0,1712000.0,,,,,236000.0,1666000.0,1.0,4948488.0,4957000.0,4957000.0,0.415,21993000.0,0.0,3000.0,0.0,4.437,17390000.0
12,BVSN,MRQ,2016-09-30,2016-09-30,2016-09-30,2021-01-08,-989000.0,24171000.0,,23952000.0,219000.0,,3.849,-3000.0,8841000.0,8841000.0,892000.0,-2442000.0,5.421,0.274,0.0,0.0,0.0,0.0,1276000.0,8000.0,0.0,0.0,0.0,-2430000.0,-2422000.0,-1.241,-2422000.0,-2430000.0,-2430000.0,-0.5,-0.5,-0.5,18970000.0,,18970000.0,11648632.0,-1.0,-1.129,-3157000.0,-0.641,1.0,1059000.0,0.543,0.0,0.0,10912000.0,,0.0,12975000.0,12975000.0,0.0,5201000.0,4418000.0,783000.0,26644632.0,-6155000.0,0.0,44000.0,0.0,0.0,44000.0,-2994000.0,-2991000.0,-3154000.0,-51000.0,-2442000.0,-2442000.0,-2442000.0,0.0,0.0,-1.252,3546000.0,-2487000.0,503000.0,0.0,1.405,-2.558,-2.521,68000.0,0.0,5.395,3.113,3.106,925000.0,-1250430000.0,1951000.0,1951000.0,1743000.0,,,,,226000.0,1803000.0,1.0,4938764.0,4928000.0,4928000.0,0.396,24171000.0,0.0,12000.0,0.0,4.905,19534000.0
13,BVSN,MRQ,2016-06-30,2016-06-30,2016-06-30,2021-01-08,-938000.0,27231000.0,,27005000.0,226000.0,,4.313,-7000.0,14996000.0,14996000.0,850000.0,-2603000.0,5.177,0.285,0.0,0.0,0.0,0.0,1625000.0,11000.0,0.0,0.0,0.0,-2597000.0,-2586000.0,-1.345,-2586000.0,-2597000.0,-2597000.0,-0.53,-0.53,-0.53,21193000.0,,21193000.0,25179724.0,-3.0,-2.533,-2326000.0,-0.473,1.0,1072000.0,0.558,0.0,0.0,7019000.0,,0.0,9983000.0,9983000.0,0.0,6038000.0,5216000.0,822000.0,32594724.0,7581000.0,0.0,69000.0,0.0,0.0,69000.0,9879000.0,9886000.0,-2319000.0,-48000.0,-2603000.0,-2603000.0,-2603000.0,0.0,0.0,-1.354,3767000.0,-2695000.0,548000.0,0.0,1.538,-3.246,-3.218,73000.0,0.0,6.63,3.751,3.749,903000.0,-1247988000.0,1922000.0,1922000.0,1703000.0,,,,,211000.0,2064000.0,1.0,4916248.0,4914000.0,4914000.0,0.391,27231000.0,0.0,6000.0,0.0,5.542,21789000.0
14,BVSN,MRQ,2016-03-31,2016-03-31,2016-03-31,2021-01-08,-890000.0,29697000.0,,29475000.0,222000.0,,4.813,-2000.0,7415000.0,7415000.0,810000.0,-2051000.0,5.567,0.26,0.0,0.0,0.0,0.0,1664000.0,12000.0,0.0,0.0,0.0,-2024000.0,-2012000.0,-1.001,-2012000.0,-2024000.0,-2024000.0,-0.42,-0.42,-0.42,23564000.0,,23564000.0,25373808.0,-3.0,-2.581,-1750000.0,-0.357,1.0,1199000.0,0.597,0.0,0.0,16987000.0,,0.0,19870000.0,19870000.0,0.0,6133000.0,5295000.0,838000.0,37442808.0,-2185000.0,0.0,55000.0,0.0,0.0,55000.0,-341000.0,-339000.0,-1748000.0,-151000.0,-2051000.0,-2051000.0,-2051000.0,0.0,0.0,-1.021,3879000.0,-2680000.0,494000.0,0.0,1.589,-3.77,-3.76,77000.0,0.0,7.67,4.181,4.193,1029000.0,-1245385000.0,2009000.0,2009000.0,1743000.0,,,,,202000.0,2136000.0,1.0,4881722.0,4896000.0,4896000.0,0.41,29697000.0,0.0,27000.0,0.0,6.066,24180000.0
15,BVSN,MRQ,2015-12-31,2015-12-31,2015-12-31,2021-01-08,-739000.0,32210000.0,,31980000.0,230000.0,,5.226,-4000.0,9600000.0,9600000.0,1176000.0,-3319000.0,5.53,0.263,0.0,0.0,0.0,0.0,1518000.0,13000.0,0.0,0.0,0.0,-3309000.0,-3296000.0,-1.231,-3296000.0,-3309000.0,-3309000.0,-0.69,-0.69,-0.69,25509000.0,,25509000.0,17221332.0,-2.0,-1.52,-3376000.0,-0.692,1.0,1501000.0,0.561,0.0,0.0,16827000.0,,0.0,19531000.0,19531000.0,0.0,6701000.0,5783000.0,918000.0,29290332.0,-2469000.0,0.0,55000.0,0.0,0.0,55000.0,636000.0,640000.0,-3372000.0,212000.0,-3319000.0,-3319000.0,-3319000.0,0.0,0.0,-1.24,3908000.0,-2407000.0,551000.0,0.0,1.148,-2.561,-2.542,87000.0,0.0,6.0,3.102,3.086,1751000.0,-1243334000.0,2677000.0,2677000.0,1812000.0,,,,,196000.0,2096000.0,1.0,4881722.0,4881000.0,4881000.0,0.548,32210000.0,0.0,10000.0,0.0,6.599,26197000.0
16,BVSN,MRQ,2015-09-30,2015-09-30,2015-09-30,2021-01-08,-768000.0,34821000.0,,34531000.0,290000.0,,5.868,-9000.0,12069000.0,12069000.0,698000.0,-2067000.0,6.624,0.22,0.0,0.0,0.0,0.0,1550000.0,16000.0,0.0,0.0,0.0,-2064000.0,-2048000.0,-0.984,-2048000.0,-2064000.0,-2064000.0,-0.42,-0.42,-0.42,28548000.0,,28548000.0,13898208.0,-1.0,-1.468,-2872000.0,-0.59,1.0,1384000.0,0.665,0.0,0.0,17539000.0,,0.0,20171000.0,20171000.0,0.0,6273000.0,5213000.0,1060000.0,29189208.0,-3222000.0,0.0,71000.0,0.0,0.0,71000.0,-209000.0,-200000.0,-2863000.0,-221000.0,-2067000.0,-2067000.0,-2067000.0,0.0,0.0,-0.993,3847000.0,-2463000.0,461000.0,0.0,1.022,-3.017,-3.0,96000.0,0.0,6.0,2.637,2.637,811000.0,-1240015000.0,2082000.0,2082000.0,1752000.0,,,,,288000.0,2095000.0,1.0,4864787.0,4865000.0,4865000.0,0.428,34821000.0,0.0,3000.0,0.0,7.157,29318000.0
17,BVSN,MRQ,2015-06-30,2015-06-30,2015-06-30,2021-01-08,-547000.0,37747000.0,,37448000.0,299000.0,,6.285,0.0,15291000.0,15291000.0,857000.0,-2496000.0,6.153,0.238,0.0,0.0,0.0,0.0,1758000.0,21000.0,0.0,0.0,0.0,-2495000.0,-2474000.0,-1.131,-2474000.0,-2495000.0,-2495000.0,-0.51,-0.51,-0.51,30478000.0,,30478000.0,4061142.0,0.0,-0.383,-1104000.0,-0.228,1.0,1330000.0,0.608,0.0,0.0,16370000.0,,0.0,19971000.0,19971000.0,0.0,7269000.0,6086000.0,1183000.0,29139142.0,-9787000.0,0.0,74000.0,0.0,0.0,74000.0,-8768000.0,-8768000.0,-1104000.0,11000.0,-2496000.0,-2496000.0,-2496000.0,0.0,0.0,-1.141,3968000.0,-2638000.0,555000.0,0.0,0.956,-2.683,-2.659,103000.0,0.0,6.01,2.405,2.406,804000.0,-1237948000.0,2187000.0,2187000.0,1797000.0,,,,,290000.0,2171000.0,1.0,4848443.0,4849000.0,4849000.0,0.451,37747000.0,0.0,1000.0,0.0,7.784,31362000.0
18,BVSN,MRQ,2015-03-31,2015-03-31,2015-03-31,2021-01-08,-558000.0,39928000.0,,39604000.0,324000.0,,6.745,-3000.0,25078000.0,25078000.0,762000.0,-3555000.0,6.449,0.225,0.0,0.0,0.0,0.0,1887000.0,27000.0,0.0,0.0,0.0,-3540000.0,-3513000.0,-1.407,-3513000.0,-3540000.0,-3540000.0,-0.74,-0.74,-0.74,32597000.0,,32597000.0,4303644.0,0.0,-0.413,-1048000.0,-0.217,1.0,1734000.0,0.695,0.0,0.0,8709000.0,,0.0,11203000.0,11203000.0,0.0,7331000.0,6141000.0,1190000.0,29244644.0,137000.0,0.0,75000.0,0.0,0.0,75000.0,932000.0,935000.0,-1045000.0,175000.0,-3555000.0,-3555000.0,-3555000.0,0.0,0.0,-1.424,3886000.0,-2152000.0,729000.0,0.0,0.897,-2.734,-2.702,124000.0,0.0,6.052,2.235,2.235,2023000.0,-1235452000.0,2496000.0,2496000.0,1858000.0,,,,,290000.0,2028000.0,1.0,4832228.0,4833000.0,4833000.0,0.516,39928000.0,0.0,15000.0,0.0,8.262,33463000.0
19,BVSN,MRQ,2014-12-31,2014-12-31,2014-12-31,2021-01-08,-733000.0,41826000.0,,41484000.0,342000.0,,7.384,-4000.0,24941000.0,24941000.0,1039000.0,-1556000.0,7.627,0.174,0.0,0.0,0.0,0.0,1638000.0,29000.0,0.0,0.0,0.0,-1461000.0,-1432000.0,-0.333,-1432000.0,-1461000.0,-1461000.0,-0.33,-0.33,-0.33,35613000.0,,35613000.0,1615301.0,0.0,-0.175,-2625000.0,-0.544,1.0,3267000.0,0.759,0.0,0.0,11446000.0,,0.0,12138000.0,12138000.0,0.0,6213000.0,5439000.0,774000.0,29029301.0,-2473000.0,0.0,43000.0,0.0,0.0,43000.0,62000.0,66000.0,-2621000.0,43000.0,-1556000.0,-1556000.0,-1556000.0,0.0,0.0,-0.361,4005000.0,-738000.0,482000.0,0.0,0.815,-3.062,-3.04,148000.0,0.0,6.02,2.137,2.127,3286000.0,-1231897000.0,4306000.0,4306000.0,1871000.0,,,,,229000.0,2134000.0,1.0,4822143.0,4823000.0,4823000.0,0.893,41826000.0,0.0,95000.0,0.0,8.672,36045000.0
20,BVSN,MRQ,2014-09-30,2014-09-30,2014-09-30,2021-01-08,-776000.0,43462000.0,,43085000.0,377000.0,,7.662,-6000.0,27414000.0,27414000.0,1104000.0,-3253000.0,7.452,0.179,0.0,0.0,0.0,0.0,1886000.0,34000.0,0.0,0.0,0.0,-3220000.0,-3186000.0,-1.02,-3186000.0,-3220000.0,-3220000.0,-0.68,-0.68,-0.68,36854000.0,,36854000.0,11561772.0,-1.0,-1.279,-4461000.0,-0.927,1.0,2021000.0,0.647,0.0,0.0,10266000.0,,0.0,12203000.0,12203000.0,0.0,6608000.0,5782000.0,826000.0,43043772.0,-4068000.0,0.0,84000.0,0.0,0.0,84000.0,257000.0,263000.0,-4455000.0,46000.0,-3253000.0,-3253000.0,-3253000.0,0.0,0.0,-1.041,4082000.0,-2061000.0,490000.0,0.0,1.168,-4.649,-4.613,173000.0,0.0,8.95,3.313,3.314,2177000.0,-1230341000.0,3125000.0,3125000.0,1836000.0,,,,,287000.0,2246000.0,1.0,4809360.0,4810000.0,4810000.0,0.65,43462000.0,0.0,33000.0,0.0,9.036,37303000.0
21,BVSN,MRQ,2014-06-30,2014-06-30,2014-06-30,2021-01-08,-822000.0,47578000.0,,47170000.0,408000.0,,8.279,-7000.0,31482000.0,31482000.0,1378000.0,-2333000.0,6.637,0.199,0.0,0.0,0.0,0.0,2194000.0,29000.0,0.0,0.0,0.0,-2307000.0,-2278000.0,-0.721,-2278000.0,-2307000.0,-2307000.0,-0.49,-0.49,-0.49,39690000.0,,39690000.0,11176771.0,-2.0,-1.693,-2053000.0,-0.428,1.0,1782000.0,0.564,0.0,0.0,8989000.0,,0.0,12466000.0,12466000.0,0.0,7888000.0,7107000.0,781000.0,46027771.0,-3369000.0,0.0,107000.0,0.0,0.0,107000.0,-1442000.0,-1435000.0,-2046000.0,12000.0,-2333000.0,-2333000.0,-2333000.0,0.0,0.0,-0.738,4004000.0,-2222000.0,532000.0,0.0,1.16,-6.715,-6.666,201000.0,0.0,9.599,3.328,3.327,1890000.0,-1227088000.0,3160000.0,3160000.0,1775000.0,,,,,233000.0,2229000.0,1.0,4795059.0,4794000.0,4794000.0,0.659,47578000.0,0.0,26000.0,0.0,9.924,40063000.0
22,BVSN,MRQ,2014-03-31,2014-03-31,2014-03-31,2021-01-08,-834000.0,50371000.0,,49951000.0,420000.0,,8.736,-7000.0,34851000.0,34851000.0,1034000.0,-2339000.0,6.328,0.209,0.0,0.0,0.0,0.0,2545000.0,26000.0,0.0,0.0,0.0,-2336000.0,-2310000.0,-0.772,-2310000.0,-2336000.0,-2336000.0,-0.49,-0.49,-0.49,41671000.0,,41671000.0,15979780.0,-3.0,-2.973,-863000.0,-0.181,1.0,1960000.0,0.655,0.0,0.0,7626000.0,,0.0,11031000.0,11031000.0,0.0,8700000.0,7894000.0,806000.0,52844780.0,-2014000.0,0.0,323000.0,0.0,0.0,323000.0,-1503000.0,-1496000.0,-856000.0,22000.0,-2339000.0,-2339000.0,-2339000.0,0.0,0.0,-0.781,4336000.0,-2376000.0,443000.0,0.0,1.268,-9.415,-9.373,222000.0,0.0,11.06,3.583,3.577,2660000.0,-1224755000.0,2994000.0,2994000.0,1829000.0,,,,,251000.0,2507000.0,1.0,4778009.0,4770000.0,4770000.0,0.628,50371000.0,0.0,3000.0,0.0,10.56,42057000.0
23,BVSN,MRQ,2013-12-31,2013-12-31,2013-12-31,2021-01-08,-856000.0,51609000.0,,51171000.0,438000.0,,9.153,-12000.0,36865000.0,36865000.0,1257000.0,-1334000.0,6.899,0.189,0.0,0.0,0.0,0.0,2507000.0,29000.0,0.0,0.0,0.0,-1292000.0,-1263000.0,-0.34,-1263000.0,-1292000.0,-1292000.0,-0.28,-0.28,-0.28,43414000.0,,43414000.0,6838302.0,-1.0,-1.324,-1442000.0,-0.304,1.0,2455000.0,0.661,0.0,0.0,7327000.0,,0.0,9535000.0,9535000.0,0.0,8195000.0,7417000.0,778000.0,45848302.0,-2145000.0,0.0,97000.0,0.0,0.0,97000.0,-851000.0,-839000.0,-1430000.0,39000.0,-1334000.0,-1334000.0,-1334000.0,0.0,0.0,-0.359,3910000.0,-1455000.0,503000.0,0.0,1.056,-8.456,-8.4,242000.0,0.0,9.66,2.939,2.919,3533000.0,-1222416000.0,3712000.0,3712000.0,1749000.0,,,,,253000.0,2161000.0,1.0,4746201.0,4743000.0,4743000.0,0.783,51609000.0,0.0,42000.0,0.0,10.881,43754000.0
24,BVSN,MRQ,2013-09-30,2013-09-30,2013-09-30,2021-01-08,-895000.0,51975000.0,,51514000.0,461000.0,,9.398,-8000.0,39010000.0,39010000.0,1280000.0,-848000.0,7.653,0.172,0.0,0.0,0.0,0.0,2018000.0,37000.0,0.0,0.0,0.0,-787000.0,-750000.0,-0.189,-750000.0,-787000.0,-787000.0,-0.18,-0.18,-0.18,44360000.0,,44360000.0,3428537.0,-1.0,-0.687,-1935000.0,-0.41,1.0,2684000.0,0.677,0.0,0.0,6234000.0,,0.0,8697000.0,8697000.0,0.0,7615000.0,6731000.0,884000.0,44804537.0,-2366000.0,0.0,177000.0,0.0,0.0,177000.0,-615000.0,-607000.0,-1927000.0,-1000.0,-848000.0,-848000.0,-848000.0,0.0,0.0,-0.214,4015000.0,-1331000.0,580000.0,0.0,1.01,-8.56,-8.482,259000.0,0.0,9.5,2.807,2.809,2506000.0,-1221082000.0,3964000.0,3964000.0,1779000.0,,,,,187000.0,2236000.0,1.0,4716267.0,4720000.0,4720000.0,0.84,51975000.0,0.0,61000.0,0.0,11.012,44783000.0
25,BVSN,MRQ,2013-06-30,2013-06-30,2013-06-30,2021-01-08,-894000.0,53213000.0,,52726000.0,487000.0,,9.537,-41000.0,41376000.0,41376000.0,1103000.0,-1092000.0,7.086,0.187,0.0,0.0,0.0,0.0,2297000.0,35000.0,0.0,0.0,0.0,-1087000.0,-1052000.0,-0.258,-1052000.0,-1087000.0,-1087000.0,-0.23,-0.23,-0.23,44844000.0,,44844000.0,12812664.0,-3.0,-3.056,-1959000.0,-0.417,1.0,2977000.0,0.73,0.0,0.0,4396000.0,,0.0,8089000.0,8089000.0,0.0,8369000.0,7441000.0,928000.0,40667664.0,13521000.0,0.0,98000.0,0.0,0.0,98000.0,15424000.0,15465000.0,-1918000.0,-83000.0,-1092000.0,-1092000.0,-1092000.0,0.0,0.0,-0.268,4364000.0,-1387000.0,565000.0,0.0,0.907,-9.135,-9.105,287000.0,0.0,8.65,2.603,2.603,2085000.0,-1220234000.0,4080000.0,4080000.0,1836000.0,,,,,147000.0,2528000.0,1.0,4701464.0,4702000.0,4702000.0,0.868,53213000.0,0.0,5000.0,0.0,11.317,45285000.0
26,BVSN,MRQ,2013-03-31,2013-03-31,2013-03-31,2021-01-08,-811000.0,55423000.0,,54939000.0,484000.0,,9.768,-9000.0,27855000.0,27855000.0,1201000.0,-2148000.0,6.329,0.211,0.0,0.0,0.0,0.0,2359000.0,33000.0,0.0,0.0,0.0,-2134000.0,-2101000.0,-0.547,-2101000.0,-2134000.0,-2134000.0,-0.46,-0.46,-0.46,45775000.0,,45775000.0,17487753.0,-3.0,-3.142,-1026000.0,-0.219,1.0,2642000.0,0.687,0.0,0.0,18888000.0,,0.0,23555000.0,23555000.0,0.0,9648000.0,8680000.0,968000.0,41276753.0,4066000.0,0.0,112000.0,0.0,0.0,112000.0,4928000.0,4937000.0,-1017000.0,43000.0,-2148000.0,-2148000.0,-2148000.0,0.0,0.0,-0.559,4246000.0,-1604000.0,867000.0,0.0,0.902,-7.052,-6.992,282000.0,0.0,8.81,2.725,2.725,2382000.0,-1219142000.0,3843000.0,3843000.0,1703000.0,,,,,110000.0,2543000.0,1.0,4685216.0,4686000.0,4686000.0,0.82,55423000.0,0.0,14000.0,0.0,11.827,46259000.0
27,BVSN,MRQ,2012-12-31,2012-12-31,2012-12-31,2021-01-08,-854000.0,57886000.0,,57374000.0,512000.0,,10.203,-13000.0,23789000.0,23789000.0,1341000.0,-1146000.0,6.345,0.215,0.0,0.0,0.0,0.0,2342000.0,33000.0,0.0,0.0,0.0,-1118000.0,-1085000.0,-0.266,-1085000.0,-1118000.0,-1118000.0,-0.25,-0.25,-0.25,47657000.0,,47657000.0,23573141.0,-5.0,-4.91,100000.0,0.021,1.0,2733000.0,0.671,0.0,0.0,25055000.0,,0.0,28492000.0,28492000.0,0.0,10229000.0,9042000.0,1187000.0,41758141.0,6642000.0,0.0,97000.0,0.0,0.0,97000.0,6382000.0,6395000.0,113000.0,50000.0,-1146000.0,-1146000.0,-1146000.0,0.0,0.0,-0.281,4138000.0,-1405000.0,679000.0,0.0,0.876,-8.266,-8.202,306000.0,0.0,8.94,2.761,2.741,4018000.0,-1216994000.0,4074000.0,4074000.0,1649000.0,,,,,135000.0,2489000.0,1.0,4670933.0,4671000.0,4671000.0,0.872,57886000.0,0.0,28000.0,0.0,12.393,48332000.0
28,BVSN,MRQ,2012-09-30,2012-09-30,2012-09-30,2021-01-08,-904000.0,56860000.0,,56313000.0,547000.0,,10.419,-20000.0,18185000.0,18185000.0,1196000.0,-66000.0,7.843,0.172,0.0,0.0,0.0,0.0,1756000.0,35000.0,0.0,0.0,0.0,10000.0,45000.0,0.012,45000.0,10000.0,10000.0,-0.01,-0.01,-0.01,48520000.0,,48520000.0,31452488.0,-6.0,-5.754,-875000.0,-0.188,1.0,2432000.0,0.67,0.0,0.0,31495000.0,,0.0,34886000.0,34886000.0,0.0,8340000.0,7180000.0,1160000.0,43634488.0,5994000.0,0.0,101000.0,0.0,0.0,101000.0,6694000.0,6714000.0,-855000.0,54000.0,-66000.0,-66000.0,-66000.0,0.0,0.0,-0.018,3730000.0,-1298000.0,651000.0,0.0,0.899,-7.63,-7.556,328000.0,0.0,9.37,2.862,2.862,2150000.0,-1215848000.0,3628000.0,3628000.0,1558000.0,,,,,231000.0,2172000.0,1.0,4656829.0,4657000.0,4657000.0,0.779,56860000.0,0.0,76000.0,0.0,12.21,49133000.0
29,BVSN,MRQ,2012-06-30,2012-06-30,2012-06-30,2021-01-08,-958000.0,57768000.0,,57208000.0,560000.0,,10.384,-207000.0,12182000.0,12182000.0,1169000.0,-2493000.0,6.753,0.198,0.0,0.0,0.0,0.0,2347000.0,22000.0,0.0,0.0,0.0,-2447000.0,-2425000.0,-0.673,-2425000.0,-2447000.0,-2447000.0,-0.54,-0.54,-0.54,48201000.0,,48201000.0,14222495.0,-2.0,-2.005,-3369000.0,-0.726,1.0,2434000.0,0.676,0.0,0.0,37115000.0,,0.0,40816000.0,40816000.0,0.0,9567000.0,8471000.0,1096000.0,53884495.0,-27487000.0,0.0,156000.0,0.0,0.0,156000.0,-24376000.0,-24169000.0,-3162000.0,-105000.0,-2493000.0,-2493000.0,-2493000.0,0.0,0.0,-0.692,4212000.0,-1778000.0,505000.0,0.0,1.118,-7.388,-7.302,342000.0,0.0,11.61,3.396,3.397,2800000.0,-1215782000.0,3603000.0,3603000.0,1604000.0,,,,,125000.0,2606000.0,1.0,4641214.0,4642000.0,4642000.0,0.776,57768000.0,0.0,46000.0,0.0,12.445,48737000.0
30,BVSN,MRQ,2012-03-31,2012-03-31,2012-03-31,2021-01-08,-853000.0,61093000.0,,60795000.0,298000.0,,11.031,-41000.0,39662000.0,39662000.0,1296000.0,-1347000.0,6.32,0.209,0.0,0.0,0.0,0.0,2596000.0,27000.0,0.0,0.0,0.0,-1363000.0,-1336000.0,-0.35,-1336000.0,-1363000.0,-1363000.0,-0.29,-0.29,-0.29,50533000.0,,50533000.0,84423656.0,-13.0,-13.75,-1143000.0,-0.25,1.0,2525000.0,0.661,0.0,0.0,11811000.0,,0.0,16647000.0,16647000.0,0.0,10560000.0,9620000.0,940000.0,130850656.0,-6765000.0,0.0,1813000.0,0.0,0.0,1813000.0,-7637000.0,-7596000.0,-1102000.0,161000.0,-1347000.0,-1347000.0,-1347000.0,0.0,0.0,-0.353,4219000.0,-1694000.0,695000.0,0.0,2.589,-20.629,-20.475,156000.0,0.0,28.46,8.05,8.021,3159000.0,-1213289000.0,3821000.0,3821000.0,1634000.0,,,,,121000.0,2575000.0,1.0,4597704.0,4581000.0,4581000.0,0.834,61093000.0,0.0,-16000.0,0.0,13.336,51175000.0
31,BVSN,MRQ,2011-12-31,2011-12-31,2011-12-31,2021-01-08,-1014000.0,61002000.0,,60715000.0,287000.0,,11.016,-8000.0,46427000.0,46427000.0,1279000.0,-1813000.0,5.897,0.226,0.0,0.0,0.0,0.0,2665000.0,37000.0,0.0,0.0,0.0,-1787000.0,-1750000.0,-0.417,-1750000.0,-1787000.0,-1787000.0,-0.4,-0.4,-0.4,49770000.0,,49770000.0,10581454.0,-2.0,-2.069,-2450000.0,-0.542,1.0,2916000.0,0.695,0.0,0.0,4279000.0,,0.0,9009000.0,9009000.0,0.0,11232000.0,10296000.0,936000.0,49403454.0,7596000.0,0.0,88000.0,0.0,0.0,88000.0,9961000.0,9969000.0,-2442000.0,-11000.0,-1813000.0,-1813000.0,-1813000.0,0.0,0.0,-0.432,4058000.0,-1142000.0,595000.0,0.0,0.993,-9.167,-9.117,143000.0,0.0,10.94,2.814,2.804,4100000.0,-1211942000.0,4195000.0,4195000.0,1310000.0,,,,,117000.0,2426000.0,1.0,4515855.0,4518000.0,4518000.0,0.929,61002000.0,0.0,26000.0,0.0,13.502,50419000.0
32,BVSN,MRQ,2011-09-30,2011-09-30,2011-09-30,2021-01-08,-1003000.0,61420000.0,,61107000.0,313000.0,,11.407,-13000.0,38822000.0,38822000.0,1473000.0,-1641000.0,6.874,0.195,0.0,0.0,0.0,0.0,2043000.0,37000.0,0.0,0.0,0.0,-1621000.0,-1584000.0,-0.373,-1584000.0,-1621000.0,-1621000.0,-0.36,-0.36,-0.36,51389000.0,,51389000.0,2950978.0,-1.0,-0.943,-2166000.0,-0.481,1.0,2774000.0,0.653,0.0,0.0,13708000.0,,0.0,18978000.0,18978000.0,0.0,10031000.0,8890000.0,1141000.0,39239978.0,2533000.0,0.0,73000.0,0.0,0.0,73000.0,4818000.0,4831000.0,-2153000.0,-205000.0,-1641000.0,-1641000.0,-1641000.0,0.0,0.0,-0.386,3869000.0,-1095000.0,642000.0,0.0,0.764,-11.905,-11.932,172000.0,0.0,8.71,2.127,2.127,2107000.0,-1210129000.0,4247000.0,4247000.0,1523000.0,,,,,109000.0,2297000.0,1.0,4505164.0,4505000.0,4505000.0,0.943,61420000.0,0.0,20000.0,0.0,13.634,52217000.0
33,BVSN,MRQ,2011-06-30,2011-06-30,2011-06-30,2021-01-08,-798000.0,64761000.0,,64428000.0,333000.0,,11.802,2000.0,36289000.0,36289000.0,1518000.0,-1542000.0,6.274,0.221,0.0,0.0,0.0,0.0,2394000.0,39000.0,0.0,0.0,0.0,-1509000.0,-1470000.0,-0.368,-1470000.0,-1509000.0,-1509000.0,-0.34,-0.34,-0.34,53052000.0,,53052000.0,20200955.0,337.0,91.823,-1998000.0,-0.444,1.0,2474000.0,0.62,0.0,0.0,18203000.0,,0.0,23808000.0,23808000.0,0.0,11709000.0,10269000.0,1440000.0,56222955.0,254000.0,0.0,87000.0,0.0,0.0,87000.0,2061000.0,2059000.0,-2000000.0,106000.0,-1542000.0,-1542000.0,-1542000.0,0.0,0.0,-0.386,4446000.0,-1972000.0,665000.0,0.0,1.06,-324.988,-312.75,196000.0,0.0,12.51,2.9,2.901,3045000.0,-1208488000.0,3992000.0,3992000.0,1658000.0,,,,,77000.0,2450000.0,1.0,4494241.0,4495000.0,4495000.0,0.888,64761000.0,0.0,33000.0,0.0,14.407,54159000.0
34,BVSN,MRQ,2011-03-31,2011-03-31,2011-03-31,2021-01-08,-904000.0,68026000.0,,66650000.0,1376000.0,,12.11,-14000.0,36022000.0,36022000.0,1743000.0,-393000.0,5.636,0.252,0.0,0.0,0.0,0.0,2565000.0,41000.0,0.0,0.0,0.0,-351000.0,-310000.0,-0.061,-310000.0,-351000.0,-351000.0,-0.09,-0.09,-0.09,54324000.0,,54324000.0,31928842.0,-44.0,-57.529,-21000.0,-0.005,1.0,3377000.0,0.66,0.0,0.0,20179000.0,,0.0,25868000.0,25868000.0,0.0,13702000.0,11825000.0,1877000.0,64894842.0,2056000.0,0.0,102000.0,0.0,0.0,102000.0,1975000.0,1989000.0,-7000.0,-14000.0,-393000.0,-393000.0,-393000.0,0.0,0.0,-0.077,4718000.0,-1341000.0,974000.0,0.0,1.195,-64.38,-62.957,238000.0,0.0,14.48,3.081,3.084,4283000.0,-1206946000.0,5120000.0,5120000.0,1865000.0,,,,,273000.0,2752000.0,1.0,4481688.0,4486000.0,4486000.0,1.141,68026000.0,0.0,42000.0,0.0,15.164,54825000.0
35,BVSN,MRQ,2010-12-31,2010-12-31,2010-12-31,2021-01-08,-890000.0,68152000.0,,66569000.0,1583000.0,,12.16,-45000.0,32966000.0,32966000.0,1550000.0,280000.0,5.705,0.254,0.0,0.0,0.0,0.0,2333000.0,40000.0,0.0,0.0,0.0,194000.0,234000.0,0.046,234000.0,194000.0,194000.0,0.06,0.06,0.06,54357000.0,,54357000.0,23095725.0,-9.0,-9.4,-1294000.0,-0.289,1.0,3537000.0,0.695,0.0,0.0,23517000.0,,0.0,28857000.0,27857000.0,1000000.0,13795000.0,11669000.0,2126000.0,55867725.0,194000.0,0.0,95000.0,0.0,0.0,95000.0,1239000.0,1284000.0,-1249000.0,109000.0,280000.0,280000.0,280000.0,0.0,0.0,0.055,4115000.0,-578000.0,654000.0,0.0,1.028,-19.372,-19.231,264000.0,0.0,12.5,2.561,2.554,4277000.0,-1206553000.0,5087000.0,5087000.0,1517000.0,,,,,248000.0,2492000.0,1.0,4469418.0,4470000.0,4470000.0,1.138,68152000.0,0.0,-86000.0,0.0,15.247,54900000.0
36,BVSN,MRQ,2010-09-30,2010-09-30,2010-09-30,2021-01-08,-999000.0,68496000.0,,66898000.0,1598000.0,,12.015,-2000.0,32772000.0,32772000.0,1573000.0,1482000.0,5.448,0.277,0.0,0.0,0.0,0.0,1963000.0,40000.0,0.0,0.0,0.0,1726000.0,1766000.0,0.341,1766000.0,1726000.0,1726000.0,0.33,0.33,0.33,53625000.0,,53625000.0,17021550.0,-7.0,-7.249,-142000.0,-0.032,1.0,3612000.0,0.697,0.0,0.0,23445000.0,,0.0,30132000.0,29132000.0,1000000.0,14871000.0,12279000.0,2592000.0,45712550.0,4101000.0,0.0,75000.0,0.0,0.0,75000.0,4149000.0,4151000.0,-140000.0,17000.0,1482000.0,1482000.0,1482000.0,0.0,0.0,0.286,4883000.0,-1271000.0,689000.0,0.0,0.852,-16.856,-16.803,266000.0,0.0,10.25,1.907,1.908,3225000.0,-1206833000.0,5185000.0,5185000.0,1738000.0,,,,,319000.0,3047000.0,1.0,4459761.0,4463000.0,4464000.0,1.162,68496000.0,0.0,244000.0,0.0,15.348,54619000.0
37,BVSN,MRQ,2010-06-30,2010-06-30,2010-06-30,2021-01-08,-1016000.0,67329000.0,,65783000.0,1546000.0,,11.61,-1000.0,28691000.0,28691000.0,1635000.0,-2377000.0,4.942,0.301,0.0,0.0,0.0,0.0,2138000.0,42000.0,0.0,0.0,0.0,-2287000.0,-2245000.0,-0.396,-2245000.0,-2287000.0,-2287000.0,-0.53,-0.53,-0.53,51732000.0,,51732000.0,28604366.0,-11.0,-12.064,-2418000.0,-0.543,1.0,4033000.0,0.712,0.0,0.0,25327000.0,,0.0,32961000.0,31961000.0,1000000.0,15597000.0,13311000.0,2286000.0,52991366.0,4304000.0,0.0,151000.0,0.0,0.0,151000.0,6462000.0,6463000.0,-2417000.0,108000.0,-2377000.0,-2377000.0,-2377000.0,0.0,0.0,-0.419,5038000.0,-1005000.0,826000.0,0.0,1.024,-22.126,-22.453,299000.0,0.0,11.9,2.012,2.014,3374000.0,-1208315000.0,5668000.0,5668000.0,1900000.0,,,,,250000.0,3018000.0,1.0,4453056.0,4456000.0,4456000.0,1.272,67329000.0,0.0,90000.0,0.0,15.11,52472000.0
38,BVSN,MRQ,2010-03-31,2010-03-31,2010-03-31,2021-01-08,-1124000.0,70666000.0,,68943000.0,1723000.0,,12.069,-1000.0,24387000.0,24387000.0,1595000.0,-2269000.0,4.706,0.318,0.0,0.0,0.0,0.0,2299000.0,42000.0,0.0,0.0,0.0,-2254000.0,-2212000.0,-0.376,-2212000.0,-2254000.0,-2254000.0,-0.51,-0.51,-0.51,53600000.0,,53600000.0,37634179.0,19.0,17.845,814000.0,0.183,1.0,4282000.0,0.729,0.0,0.0,31629000.0,,0.0,39424000.0,38424000.0,1000000.0,17066000.0,14650000.0,2416000.0,59234179.0,2787000.0,0.0,117000.0,0.0,0.0,117000.0,1784000.0,1785000.0,815000.0,71000.0,-2269000.0,-2269000.0,-2269000.0,0.0,0.0,-0.386,5687000.0,-1405000.0,907000.0,0.0,1.105,28.328,27.833,344000.0,0.0,13.36,2.054,2.057,4219000.0,-1205938000.0,5877000.0,5877000.0,2141000.0,,,,,288000.0,3020000.0,1.0,4433696.0,4441000.0,4441000.0,1.323,70666000.0,0.0,15000.0,0.0,15.912,54293000.0
39,BVSN,MRQ,2009-12-31,2009-12-31,2009-12-31,2021-01-08,-1195000.0,72867000.0,,71098000.0,1769000.0,,12.496,-5000.0,21600000.0,21600000.0,1830000.0,452000.0,4.702,0.315,0.0,0.0,0.0,0.0,2010000.0,34000.0,0.0,0.0,0.0,309000.0,343000.0,0.047,343000.0,309000.0,309000.0,0.1,0.1,0.1,55393000.0,,55393000.0,23815623.0,6.0,6.102,-1435000.0,-0.324,1.0,5416000.0,0.747,0.0,0.0,36146000.0,,0.0,41209000.0,40209000.0,1000000.0,17474000.0,15121000.0,2353000.0,59920623.0,-14505000.0,0.0,128000.0,0.0,0.0,128000.0,-13120000.0,-13115000.0,-1430000.0,-83000.0,452000.0,452000.0,452000.0,0.0,0.0,0.062,5084000.0,332000.0,788000.0,0.0,1.082,16.047,15.953,384000.0,0.0,13.56,1.935,1.93,7099000.0,-1203669000.0,7246000.0,7246000.0,2227000.0,,,,,234000.0,2836000.0,1.0,4418925.0,4433000.0,4428000.0,1.635,72867000.0,0.0,-143000.0,0.0,16.437,55977000.0
40,BVSN,MRQ,2009-09-30,2009-09-30,2009-09-30,2021-01-08,-1112000.0,70289000.0,,68379000.0,1910000.0,,12.381,-22000.0,36105000.0,36105000.0,1790000.0,1799000.0,4.966,0.286,0.0,0.0,0.0,0.0,1765000.0,48000.0,0.0,0.0,0.0,1695000.0,1743000.0,0.231,1743000.0,1695000.0,1695000.0,0.41,0.41,0.41,54662000.0,,54662000.0,25135919.0,-1.0,-1.382,713000.0,0.161,1.0,5752000.0,0.763,0.0,0.0,20415000.0,,0.0,28094000.0,27094000.0,1000000.0,15627000.0,13769000.0,1858000.0,69353919.0,-8113000.0,0.0,136000.0,0.0,0.0,136000.0,-8728000.0,-8706000.0,735000.0,-256000.0,1799000.0,1799000.0,1799000.0,0.0,0.0,0.239,5195000.0,557000.0,1011000.0,0.0,1.269,-3.686,-3.66,421000.0,0.0,15.74,2.078,2.083,3342000.0,-1204121000.0,7542000.0,7542000.0,2169000.0,,,,,352000.0,3030000.0,1.0,4406221.0,4415000.0,4435000.0,1.708,70289000.0,0.0,-104000.0,0.0,15.92,54610000.0
41,BVSN,MRQ,2009-06-30,2009-06-30,2009-06-30,2021-01-08,-856000.0,71752000.0,,69840000.0,1912000.0,,11.972,-13000.0,44218000.0,44218000.0,1973000.0,2109000.0,4.079,0.363,0.0,0.0,0.0,0.0,3138000.0,47000.0,0.0,0.0,0.0,2188000.0,2235000.0,0.273,2235000.0,2188000.0,2188000.0,0.48,0.48,0.48,52631000.0,,52631000.0,4195620.0,0.0,-0.215,1182000.0,0.269,1.0,6199000.0,0.759,0.0,0.0,10411000.0,,0.0,19388000.0,18388000.0,1000000.0,19121000.0,17123000.0,1998000.0,55562620.0,-7149000.0,0.0,131000.0,0.0,0.0,131000.0,-8580000.0,-8567000.0,1195000.0,105000.0,2109000.0,2109000.0,2109000.0,0.0,0.0,0.258,5153000.0,1046000.0,809000.0,0.0,1.056,-2.734,-2.726,437000.0,0.0,12.65,1.633,1.635,5357000.0,-1205920000.0,8172000.0,8172000.0,2009000.0,,,,,269000.0,3088000.0,1.0,4392302.0,4396000.0,4399000.0,1.859,71752000.0,0.0,79000.0,0.0,16.322,52717000.0
42,BVSN,MRQ,2009-03-31,2009-03-31,2009-03-31,2021-01-08,-961000.0,71040000.0,,69096000.0,1944000.0,,11.417,-28000.0,51367000.0,51367000.0,1970000.0,-626000.0,3.647,0.42,0.0,0.0,0.0,0.0,4525000.0,67000.0,0.0,0.0,0.0,-485000.0,-418000.0,-0.052,-418000.0,-485000.0,-485000.0,-0.14,-0.14,-0.14,50018000.0,,50018000.0,1590820.0,0.0,-0.078,-406000.0,-0.093,1.0,6031000.0,0.754,0.0,0.0,728000.0,,0.0,10799000.0,9799000.0,1000000.0,21022000.0,18945000.0,2077000.0,54494820.0,-1537000.0,0.0,142000.0,0.0,0.0,142000.0,-823000.0,-795000.0,-378000.0,-478000.0,-626000.0,-626000.0,-626000.0,0.0,0.0,-0.078,5653000.0,378000.0,924000.0,0.0,1.09,-2.595,-2.599,468000.0,0.0,12.45,1.609,1.61,6059000.0,-1208029000.0,8001000.0,8001000.0,2168000.0,,,,,261000.0,3487000.0,1.0,4377094.0,4381000.0,4381000.0,1.826,71040000.0,0.0,141000.0,0.0,16.215,50151000.0
43,BVSN,MRQ,2008-12-31,2008-12-31,2008-12-31,2021-01-08,-483000.0,74737000.0,,72660000.0,2077000.0,,11.7,-60000.0,52904000.0,52904000.0,2265000.0,-22096000.0,3.365,0.474,0.0,0.0,0.0,0.0,5810000.0,153000.0,0.0,0.0,0.0,-21904000.0,-21751000.0,-2.253,-21751000.0,-21904000.0,-21904000.0,-5.05,-5.03,-5.05,50718000.0,,50718000.0,-13827915.0,1.0,0.98,-165000.0,-0.038,1.0,7388000.0,0.765,0.0,0.0,243000.0,,0.0,10004000.0,9004000.0,1000000.0,24019000.0,21590000.0,2429000.0,48722085.0,-9646000.0,0.0,-262000.0,0.0,0.0,-262000.0,-9064000.0,-9004000.0,-105000.0,-215000.0,-22096000.0,-22096000.0,-22096000.0,0.0,0.0,-2.289,30818000.0,-23430000.0,1251000.0,0.0,0.961,-3.246,-3.236,514000.0,0.0,11.1,1.357,1.352,8167000.0,-1207403000.0,9653000.0,9653000.0,2320000.0,,,,,245000.0,3441000.0,1.0,4389377.0,4335000.0,4197000.0,2.227,74737000.0,0.0,192000.0,0.0,17.24,51070000.0
44,BVSN,MRQ,2008-09-30,2008-09-30,2008-09-30,2021-01-08,-268000.0,97744000.0,,70498000.0,27246000.0,,16.487,-83000.0,62550000.0,62550000.0,2225000.0,289000.0,3.265,0.338,0.0,0.0,0.0,0.0,5963000.0,95000.0,0.0,0.0,0.0,330000.0,425000.0,0.052,425000.0,330000.0,330000.0,0.07,0.06,0.07,73054000.0,,73054000.0,24301931.0,2.0,1.773,3252000.0,0.734,1.0,5966000.0,0.728,25066000.0,0.0,-11462000.0,,0.0,1000000.0,0.0,1000000.0,24690000.0,21590000.0,3100000.0,79927931.0,6924000.0,0.0,129000.0,0.0,0.0,129000.0,3438000.0,3521000.0,3335000.0,22000.0,289000.0,289000.0,289000.0,0.0,0.0,0.035,5819000.0,147000.0,819000.0,0.0,1.094,6.169,6.104,575000.0,0.0,18.25,2.131,2.156,5346000.0,-1185300000.0,8191000.0,8191000.0,2217000.0,,,,,411000.0,3596000.0,1.0,4379613.0,4431000.0,4466000.0,1.849,72678000.0,0.0,41000.0,0.0,16.402,48908000.0
45,BVSN,MRQ,2008-06-30,2008-06-30,2008-06-30,2021-01-08,-290000.0,95321000.0,,68118000.0,27203000.0,,16.513,51000.0,55626000.0,55626000.0,2161000.0,1435000.0,3.369,0.32,0.0,0.0,0.0,0.0,2505000.0,12000.0,0.0,0.0,0.0,1439000.0,1451000.0,0.181,1451000.0,1439000.0,1439000.0,0.33,0.33,0.33,72194000.0,,72194000.0,49326630.0,3.0,2.659,1443000.0,0.33,1.0,5869000.0,0.731,25066000.0,0.0,-5592000.0,,0.0,4486000.0,3486000.0,1000000.0,23127000.0,20221000.0,2906000.0,107056630.0,-2104000.0,0.0,250000.0,0.0,0.0,250000.0,-3435000.0,-3486000.0,1392000.0,-311000.0,1435000.0,1435000.0,1435000.0,0.0,0.0,0.179,5868000.0,1000.0,1210000.0,0.0,1.483,5.905,5.861,580000.0,0.0,24.5,2.545,2.546,7029000.0,-1185597000.0,8030000.0,8030000.0,2309000.0,,,,,289000.0,3564000.0,1.0,4369658.0,4372000.0,4419000.0,1.837,70255000.0,0.0,4000.0,0.0,16.069,47897000.0
46,BVSN,MRQ,2008-03-31,2008-03-31,2008-03-31,2021-01-08,21000.0,95612000.0,,68365000.0,27247000.0,,16.184,-73000.0,57730000.0,57730000.0,2260000.0,5361000.0,3.134,0.356,0.0,0.0,0.0,0.0,2814000.0,118000.0,0.0,0.0,0.0,5644000.0,5762000.0,0.574,5762000.0,5644000.0,5644000.0,1.23,1.21,1.23,70531000.0,,70531000.0,70210396.0,3.0,2.717,3517000.0,0.807,1.0,7770000.0,0.775,25066000.0,0.0,-8996000.0,,0.0,1000000.0,0.0,1000000.0,25081000.0,21812000.0,3269000.0,124203396.0,3737000.0,0.0,215000.0,0.0,0.0,215000.0,-73000.0,0.0,3590000.0,5000.0,5361000.0,5361000.0,5361000.0,0.0,0.0,0.534,5902000.0,1868000.0,1395000.0,0.0,1.761,4.941,4.872,643000.0,0.0,28.5,2.626,2.626,8985000.0,-1187032000.0,10030000.0,10030000.0,2337000.0,,,,,185000.0,3583000.0,1.0,4358014.0,4358000.0,4413000.0,2.302,70546000.0,0.0,283000.0,0.0,16.188,46553000.0
47,BVSN,MRQ,2007-12-31,2007-12-31,2007-12-31,2021-01-08,16000.0,90312000.0,,63017000.0,27295000.0,,14.902,36000.0,53993000.0,53993000.0,2259000.0,5872000.0,2.798,0.394,0.0,0.0,0.0,0.0,2857000.0,138000.0,0.0,0.0,0.0,5932000.0,6070000.0,0.54,6070000.0,5932000.0,5932000.0,1.36,1.32,1.36,64765000.0,,64765000.0,142820192.0,8.0,7.858,2128000.0,0.49,1.0,8990000.0,0.799,25066000.0,0.0,-11270000.0,,0.0,1000000.0,0.0,1000000.0,25547000.0,22523000.0,3024000.0,194351192.0,3238000.0,0.0,407000.0,0.0,0.0,407000.0,812000.0,0.0,2092000.0,-73000.0,5872000.0,5872000.0,5872000.0,0.0,0.0,0.522,6476000.0,2514000.0,1359000.0,0.0,3.001,11.248,11.16,688000.0,0.0,44.75,3.886,3.856,7614000.0,-1192393000.0,11249000.0,11249000.0,2246000.0,,,,,538000.0,4426000.0,1.0,4343043.0,4346000.0,4460000.0,2.588,65246000.0,0.0,60000.0,0.0,15.013,40494000.0
48,BVSN,MRQ,2007-09-30,2007-09-30,2007-09-30,2021-01-08,89000.0,87891000.0,,60500000.0,27391000.0,,13.4,-58000.0,51531000.0,51531000.0,2105000.0,5462000.0,2.237,0.515,0.0,0.0,0.0,0.0,3042000.0,222000.0,0.0,0.0,0.0,5043000.0,5265000.0,0.413,5265000.0,5043000.0,5043000.0,1.26,1.22,1.26,58023000.0,,58023000.0,191354787.0,10.0,9.746,3959000.0,0.914,1.0,10651000.0,0.835,25066000.0,0.0,-15757000.0,,0.0,1000000.0,0.0,1000000.0,29868000.0,27051000.0,2817000.0,238317787.0,4568000.0,0.0,768000.0,0.0,0.0,768000.0,-58000.0,0.0,4017000.0,-159000.0,5462000.0,5462000.0,5462000.0,0.0,0.0,0.428,6146000.0,4505000.0,1316000.0,0.0,4.107,12.934,10.536,794000.0,0.0,55.0,4.599,4.596,7576000.0,-1198264000.0,12756000.0,12756000.0,2283000.0,,,,,316000.0,3603000.0,1.0,4333051.0,4330000.0,4464000.0,2.946,62825000.0,0.0,-419000.0,0.0,14.509,33449000.0
49,BVSN,MRQ,2007-06-30,2007-06-30,2007-06-30,2021-01-08,248000.0,84679000.0,,57161000.0,27518000.0,,11.886,82000.0,46963000.0,46963000.0,2237000.0,8440000.0,1.848,0.658,0.0,0.0,0.0,0.0,4304000.0,77000.0,0.0,0.0,0.0,8670000.0,8747000.0,0.659,8747000.0,8670000.0,8670000.0,2.0,2.0,2.0,51074000.0,,51074000.0,171877678.0,9.0,8.395,4728000.0,1.1,1.0,11031000.0,0.831,25066000.0,0.0,-18283000.0,,0.0,1000000.0,0.0,1000000.0,33605000.0,30933000.0,2672000.0,213690678.0,5150000.0,0.0,316000.0,0.0,0.0,316000.0,82000.0,0.0,4646000.0,106000.0,8440000.0,8440000.0,8440000.0,0.0,0.0,0.636,6049000.0,4982000.0,1180000.0,0.0,4.184,11.659,8.347,945000.0,0.0,49.75,4.059,4.061,8640000.0,-1203726000.0,13268000.0,13268000.0,2483000.0,,,,,293000.0,3260000.0,1.0,4295290.0,4296960.0,4441400.0,3.088,59613000.0,0.0,230000.0,0.0,13.873,26228000.0
50,BVSN,MRQ,2007-03-31,2007-03-31,2007-03-31,2021-01-08,142000.0,81180000.0,,53514000.0,27666000.0,,9.77,-495000.0,41813000.0,41813000.0,2405000.0,-2496000.0,1.467,0.948,0.0,0.0,0.0,0.0,6403000.0,532000.0,0.0,0.0,0.0,-2440000.0,-1908000.0,-0.15,-1908000.0,-2440000.0,-2440000.0,-0.5,-0.5,-0.5,41684000.0,,41684000.0,248664065.0,20.0,17.99,3341000.0,0.783,1.0,10340000.0,0.811,25066000.0,0.0,-22167000.0,,0.0,1000000.0,0.0,1000000.0,39496000.0,36468000.0,3028000.0,286664065.0,4014000.0,0.0,498000.0,0.0,0.0,498000.0,-294000.0,0.0,3836000.0,-26000.0,-2496000.0,-2496000.0,-2496000.0,0.0,0.0,-0.196,6069000.0,4271000.0,1373000.0,0.0,6.877,24.63,14.278,1104000.0,0.0,67.25,5.502,5.507,10552000.0,-1212165000.0,12745000.0,12745000.0,2655000.0,,,,,300000.0,3136000.0,1.0,4262663.0,4266680.0,4266680.0,2.987,56114000.0,0.0,56000.0,0.0,13.152,17046000.0
51,BVSN,MRQ,2006-12-31,2006-12-31,2006-12-31,2021-01-08,168000.0,76942000.0,,49214000.0,27728000.0,,16.453,-131000.0,38000000.0,38000000.0,2205000.0,7020000.0,1.626,0.779,0.0,0.0,0.0,0.0,6278000.0,326000.0,0.0,0.0,0.0,7205000.0,7531000.0,0.577,7531000.0,7205000.0,7205000.0,2.46,2.46,2.46,43254000.0,,43254000.0,35536199.0,2.0,2.086,3883000.0,1.477,1.0,10841000.0,0.831,25066000.0,0.0,-16383000.0,,0.0,1000000.0,0.0,1000000.0,33688000.0,30259000.0,3429000.0,54437199.0,20099000.0,0.0,16177000.0,0.0,0.0,16177000.0,-91000.0,40000.0,4014000.0,-1000.0,7020000.0,7020000.0,7020000.0,0.0,0.0,0.538,3884000.0,6957000.0,1249000.0,0.0,1.259,3.625,3.415,1144000.0,0.0,19.5,1.047,0.986,10106000.0,-1210059000.0,13046000.0,13046000.0,2708000.0,,,,,381000.0,3142000.0,1.0,2791651.0,2629000.0,2629000.0,4.962,51876000.0,0.0,185000.0,0.0,19.732,18955000.0
52,BVSN,MRQ,2006-09-30,2006-09-30,2006-09-30,2021-01-08,169000.0,55296000.0,,25800000.0,29496000.0,,7.08,-17000.0,18901000.0,18901000.0,2751000.0,5365000.0,0.862,1.81,0.0,0.0,0.0,0.0,14882000.0,510000.0,0.0,0.0,0.0,5593000.0,6103000.0,0.449,6103000.0,5593000.0,5593000.0,2.0,2.0,2.0,19678000.0,,19678000.0,36053381.0,-2.0,-1.99,3615000.0,1.301,1.0,10834000.0,0.797,25066000.0,0.0,-18587000.0,,0.0,0.0,0.0,0.0,35618000.0,29916000.0,5702000.0,49347381.0,3649000.0,0.0,-70000.0,-162000.0,0.0,-232000.0,369000.0,386000.0,3632000.0,-120000.0,5365000.0,5365000.0,5365000.0,0.0,0.0,0.395,5078000.0,5756000.0,2103000.0,0.0,2.508,-2.495,-1.044,1390000.0,0.0,17.75,0.929,0.929,6882000.0,-1217078000.0,13585000.0,13585000.0,2766000.0,,,,,261000.0,4190000.0,1.0,2780134.0,2779560.0,2779560.0,4.887,30230000.0,0.0,228000.0,0.0,10.876,-4116000.0
53,BVSN,MRQ,2006-06-30,2006-06-30,2006-06-30,2021-01-08,289000.0,55020000.0,,25266000.0,29754000.0,,5.149,-77000.0,13456000.0,13456000.0,3638000.0,1750000.0,0.697,2.863,162000.0,162000.0,0.0,162000.0,4479000.0,281000.0,0.0,0.0,0.0,1815000.0,2096000.0,0.165,2096000.0,1815000.0,1815000.0,0.75,0.75,0.75,14242000.0,,14242000.0,50587496.0,-1.0,-1.267,2418000.0,0.874,1.0,9091000.0,0.714,25066000.0,0.0,-19583000.0,,0.0,1796000.0,0.0,1796000.0,40778000.0,36243000.0,4535000.0,34512496.0,2611000.0,0.0,128000.0,-115000.0,0.0,13000.0,-77000.0,0.0,2495000.0,180000.0,1750000.0,1750000.0,1750000.0,0.0,0.0,0.137,7611000.0,1480000.0,2507000.0,0.0,2.423,-0.849,-0.413,1884000.0,0.0,12.5,0.644,0.645,10043000.0,-1222443000.0,12729000.0,12729000.0,2405000.0,,,,,140000.0,5221000.0,1.0,2761000.0,2766040.0,2766040.0,4.602,29954000.0,0.0,65000.0,0.0,10.829,-10977000.0
54,BVSN,MRQ,2006-03-31,2006-03-31,2006-03-31,2021-01-08,109000.0,55840000.0,,25856000.0,29984000.0,,7.026,-21000.0,10845000.0,10845000.0,4120000.0,881000.0,0.662,3.625,277000.0,277000.0,0.0,277000.0,5335000.0,268000.0,0.0,0.0,0.0,1037000.0,1305000.0,0.103,1305000.0,1037000.0,1037000.0,0.5,0.5,0.5,12073000.0,,12073000.0,21194899.0,0.0,-0.473,5891000.0,3.428,1.0,8504000.0,0.674,25066000.0,0.0,-18864000.0,,0.0,1796000.0,0.0,1796000.0,43767000.0,39070000.0,4697000.0,15492899.0,5795000.0,0.0,0.0,-112000.0,0.0,-112000.0,-21000.0,0.0,5912000.0,16000.0,881000.0,881000.0,881000.0,0.0,0.0,0.07,7240000.0,1264000.0,4058000.0,0.0,1.283,-0.341,-0.338,2088000.0,0.0,11.25,0.275,0.343,13068000.0,-1224194000.0,12624000.0,12624000.0,2631000.0,,,,,168000.0,4119000.0,1.0,1377147.0,1718320.0,1722720.0,7.347,30774000.0,0.0,156000.0,0.0,17.909,-13214000.0
55,BVSN,MRQ,2005-12-31,2005-12-31,2005-12-31,2021-01-08,93000.0,49942000.0,,19403000.0,30539000.0,,-7.059,16000.0,4849000.0,4849000.0,4795000.0,-27772000.0,0.351,-6.136,20924000.0,20924000.0,0.0,20924000.0,2678000.0,258000.0,0.0,0.0,0.0,-27881000.0,-27623000.0,-1.95,-27623000.0,-27881000.0,-27881000.0,-20.25,-20.25,-20.25,-9723000.0,,-9723000.0,22572046.0,-1.0,-0.559,-3246000.0,-2.357,1.0,9368000.0,0.661,25066000.0,0.0,-14324000.0,,0.0,1997000.0,0.0,1997000.0,59665000.0,55275000.0,4390000.0,16870046.0,-1217000.0,0.0,39000.0,-214000.0,0.0,-175000.0,1951000.0,0.0,-3262000.0,269000.0,-27772000.0,-27772000.0,-27772000.0,0.0,0.0,-1.961,26534000.0,-17166000.0,4396000.0,0.0,-1.735,-0.433,-0.43,2334000.0,0.0,12.25,0.281,0.279,12640000.0,-1225075000.0,14163000.0,14163000.0,2495000.0,,,,,0.0,4342000.0,1.0,1377147.0,1377400.0,1377400.0,10.282,24876000.0,0.0,-109000.0,0.0,18.06,-35872000.0
56,BVSN,MRQ,2005-09-30,2005-09-30,2005-09-30,2021-01-08,-168000.0,67443000.0,,18521000.0,48922000.0,,12.005,-24000.0,6066000.0,6066000.0,5747000.0,-15512000.0,0.38,3.092,11768000.0,11768000.0,0.0,11768000.0,3043000.0,335000.0,0.0,0.0,0.0,-16053000.0,-15718000.0,-1.117,-15718000.0,-16053000.0,-16053000.0,-11.25,-11.25,-11.25,16480000.0,,16480000.0,27480512.0,-2.0,-1.821,-4583000.0,-3.338,1.0,8330000.0,0.592,43236000.0,0.0,-18772000.0,,0.0,1997000.0,0.0,1997000.0,50963000.0,48681000.0,2282000.0,28142512.0,-20773000.0,0.0,76000.0,-17147000.0,0.0,-17071000.0,838000.0,240000.0,-4559000.0,19000.0,-15512000.0,-15512000.0,-15512000.0,0.0,0.0,-1.102,22626000.0,-14296000.0,4561000.0,0.0,1.708,-2.062,-2.05,2612000.0,0.0,20.5,0.428,0.428,10576000.0,-1198572000.0,14077000.0,14077000.0,3095000.0,,,,,0.0,5110000.0,1.0,1372805.0,1372800.0,1372800.0,10.254,24207000.0,0.0,-541000.0,0.0,17.633,-30160000.0
57,BVSN,MRQ,2005-06-30,2005-06-30,2005-06-30,2021-01-08,-149000.0,106383000.0,,43733000.0,62650000.0,,22.643,-51000.0,28751000.0,28751000.0,5428000.0,-3096000.0,0.641,2.436,28089000.0,27927000.0,162000.0,28089000.0,3705000.0,222000.0,0.0,0.0,0.0,-3026000.0,-2804000.0,-0.181,-2804000.0,-3026000.0,-3026000.0,-2.25,-2.25,-2.25,30959000.0,,30959000.0,34718957.0,2.0,1.398,-4822000.0,-3.527,1.0,10086000.0,0.65,56434000.0,0.0,-18980000.0,,0.0,1997000.0,0.0,1997000.0,75424000.0,68267000.0,7157000.0,41700957.0,-10379000.0,0.0,152000.0,-6226000.0,0.0,-6074000.0,548000.0,0.0,-4771000.0,-82000.0,-3096000.0,-3096000.0,-3096000.0,0.0,0.0,-0.2,12153000.0,-2067000.0,5461000.0,0.0,1.347,1.652,1.627,2940000.0,0.0,30.5,0.606,0.606,12815000.0,-1184036000.0,15514000.0,15514000.0,3955000.0,,,,,0.0,7889000.0,1.0,1367244.0,1367240.0,1367240.0,11.347,49949000.0,0.0,70000.0,0.0,36.533,-24534000.0
58,BVSN,MRQ,2005-03-31,2005-03-31,2005-03-31,2021-01-08,-127000.0,118842000.0,,55623000.0,63219000.0,,24.832,-57000.0,40374000.0,40374000.0,5923000.0,7413000.0,0.715,2.522,33392000.0,33116000.0,276000.0,33392000.0,3107000.0,416000.0,0.0,0.0,0.0,5381000.0,5797000.0,0.354,5797000.0,5381000.0,5381000.0,5.5,4.75,5.5,33743000.0,,33743000.0,48908523.0,2.0,1.808,-25366000.0,-18.667,1.0,10444000.0,0.638,56434000.0,0.0,-22361000.0,,0.0,2335000.0,0.0,2335000.0,85099000.0,77787000.0,7312000.0,57750523.0,-4633000.0,0.0,370000.0,-250000.0,0.0,120000.0,20497000.0,1451000.0,-25309000.0,59000.0,7413000.0,7413000.0,7413000.0,0.0,0.0,0.453,11929000.0,-1485000.0,6335000.0,0.0,1.711,2.151,2.125,3168000.0,0.0,42.5,0.786,0.786,12740000.0,-1181122000.0,16367000.0,16367000.0,4287000.0,,,,,0.0,8346000.0,1.0,1358836.0,1358840.0,1598720.0,12.045,62408000.0,0.0,-2032000.0,0.0,45.927,-22164000.0
59,BVSN,MRQ,2004-12-31,2004-12-31,2004-12-31,2021-01-08,-172000.0,144653000.0,,80386000.0,64267000.0,,20.975,-241000.0,41851000.0,41851000.0,6164000.0,-2455000.0,0.799,4.104,35078000.0,30851000.0,4227000.0,35078000.0,3573000.0,543000.0,0.0,0.0,0.0,-2905000.0,-2362000.0,-0.12,-2362000.0,-2905000.0,-2905000.0,-2.0,-1.75,-2.0,28341000.0,,28341000.0,61802688.0,3.0,2.818,-3247000.0,-2.403,1.0,13599000.0,0.688,56434000.0,0.0,-19213000.0,,0.0,24830000.0,21933000.0,2897000.0,116312000.0,100659000.0,15653000.0,92832688.0,13707000.0,0.0,350000.0,19637000.0,0.0,19987000.0,-2969000.0,568000.0,-3006000.0,-305000.0,-2455000.0,-2455000.0,-2455000.0,0.0,0.0,-0.124,14048000.0,-449000.0,7470000.0,0.0,3.276,5.0,5.0,3566000.0,0.0,68.75,1.19,1.182,14370000.0,-1186109000.0,19763000.0,19763000.0,4027000.0,,,,,-4000.0,9361000.0,1.0,1350294.0,1351160.0,1372720.0,14.627,88219000.0,0.0,-450000.0,0.0,65.291,-20273000.0
60,BVSN,MRQ,2004-09-30,2004-09-30,2004-09-30,2021-01-08,133000.0,128446000.0,,63505000.0,64941000.0,,22.884,-171000.0,47307000.0,47307000.0,6647000.0,23380000.0,0.764,3.176,16277000.0,15774000.0,503000.0,16277000.0,4297000.0,820000.0,0.0,0.0,0.0,23391000.0,24211000.0,1.406,24211000.0,23391000.0,23391000.0,17.5,17.25,17.5,30755000.0,,30755000.0,37821798.0,16.0,5.077,-29224000.0,-21.745,1.0,10577000.0,0.614,56434000.0,0.0,-42106000.0,,0.0,2371000.0,0.0,2371000.0,97691000.0,83088000.0,14603000.0,98454798.0,-38760000.0,0.0,376000.0,-12252000.0,0.0,-11876000.0,1980000.0,851000.0,-29053000.0,189000.0,23380000.0,23380000.0,23380000.0,0.0,0.0,1.357,-12499000.0,23076000.0,6730000.0,0.0,3.201,47.494,48.833,4383000.0,0.0,73.25,1.208,1.208,12100000.0,-1183654000.0,17224000.0,17224000.0,4600000.0,,,,,0.0,8355000.0,1.0,1344093.0,1343960.0,1362080.0,12.816,72012000.0,0.0,11000.0,0.0,53.582,-19583000.0
61,BVSN,MRQ,2004-06-30,2004-06-30,2004-06-30,2021-01-08,1000.0,178904000.0,,83642000.0,95262000.0,,5.086,-174000.0,89163000.0,89163000.0,6615000.0,-1492000.0,0.903,25.267,28530000.0,27911000.0,619000.0,28530000.0,6164000.0,900000.0,0.0,0.0,0.0,-1498000.0,-598000.0,-0.03,-598000.0,-1498000.0,-1498000.0,-1.0,-1.0,-1.0,6811000.0,,6811000.0,74083254.0,-2.0,-3.024,-6234000.0,-4.656,1.0,13513000.0,0.671,56434000.0,0.0,-30768000.0,,0.0,1381000.0,0.0,1381000.0,172093000.0,92605000.0,79488000.0,140568254.0,-9576000.0,0.0,382000.0,-250000.0,0.0,132000.0,-3648000.0,0.0,-6060000.0,0.0,-1492000.0,-1492000.0,-1492000.0,0.0,0.0,-0.074,15068000.0,-1555000.0,8151000.0,0.0,20.638,-4.452,-4.421,13220000.0,0.0,105.0,1.697,1.697,12522000.0,-1207034000.0,20128000.0,20128000.0,4509000.0,,,,,-30000.0,9880000.0,1.0,1338745.0,1339040.0,1339040.0,15.032,122470000.0,0.0,-6000.0,0.0,91.461,-8963000.0
62,BVSN,MRQ,2004-03-31,2004-03-31,2004-03-31,2021-01-08,-49000.0,188188000.0,,94941000.0,93247000.0,,5.932,-144000.0,95264000.0,95264000.0,6855000.0,-867000.0,0.991,22.815,28779000.0,28003000.0,776000.0,28779000.0,7258000.0,1409000.0,0.0,0.0,0.0,-731000.0,678000.0,0.032,678000.0,-731000.0,-731000.0,-0.75,-0.75,-0.75,7902000.0,,7902000.0,135094440.0,-4.0,-4.837,-3875000.0,-2.909,1.0,14034000.0,0.672,56434000.0,0.0,-30566000.0,,0.0,1665000.0,0.0,1665000.0,180286000.0,95835000.0,84451000.0,204751440.0,-2296000.0,0.0,803000.0,-166000.0,0.0,637000.0,798000.0,-100000.0,-3731000.0,0.0,-867000.0,-867000.0,-867000.0,0.0,0.0,-0.042,14741000.0,-707000.0,7632000.0,0.0,25.911,-5.435,-5.386,14037000.0,0.0,153.5,2.423,2.419,14294000.0,-1205542000.0,20889000.0,20889000.0,4888000.0,,,,,15000.0,9283000.0,1.0,1333886.0,1332000.0,1332000.0,15.682,131754000.0,0.0,136000.0,0.0,98.914,-894000.0
63,BVSN,MRQ,2003-12-31,2003-12-31,2003-12-31,2021-01-08,-49000.0,195082000.0,,99502000.0,95580000.0,,6.008,0.0,78776000.0,78776000.0,7070000.0,-18948000.0,1.008,23.539,28946000.0,27977000.0,969000.0,28946000.0,7596000.0,1924000.0,0.0,0.0,0.0,-18765000.0,-16841000.0,-0.724,-16841000.0,-18765000.0,-18765000.0,-14.25,-14.25,-14.25,7950000.0,,7950000.0,68549175.0,-2.0,-2.884,-4311000.0,-3.258,1.0,16182000.0,0.696,56434000.0,0.0,-9936000.0,,0.0,21392000.0,0.0,21392000.0,187132000.0,98754000.0,88378000.0,140937175.0,-1844000.0,0.0,363000.0,-81000.0,0.0,282000.0,2185000.0,1054000.0,-4311000.0,0.0,-18948000.0,-18948000.0,-18948000.0,0.0,0.0,-0.815,35393000.0,-19211000.0,9186000.0,0.0,17.728,-3.973,-3.944,15400000.0,0.0,106.5,1.6,1.586,15380000.0,-1204675000.0,23252000.0,23252000.0,4386000.0,,,,,63000.0,9013000.0,1.0,1323354.0,1323280.0,1323280.0,17.571,138648000.0,0.0,183000.0,0.0,104.776,748000.0
64,BVSN,MRQ,2003-09-30,2003-09-30,2003-09-30,2021-01-08,-46000.0,196861000.0,,98157000.0,98704000.0,,20.075,-4000.0,101578000.0,101578000.0,6581000.0,-10265000.0,0.989,6.45,29190000.0,27977000.0,1213000.0,29190000.0,7098000.0,2440000.0,0.0,0.0,0.0,-10178000.0,-7738000.0,-0.417,-7738000.0,-10178000.0,-10178000.0,-7.75,-7.75,-7.75,26424000.0,,26424000.0,83050584.0,-3.0,-6.14,-10198000.0,-7.748,1.0,11988000.0,0.646,56434000.0,0.0,-31162000.0,,0.0,2678000.0,1054000.0,1624000.0,170437000.0,99201000.0,71236000.0,161158584.0,-10152000.0,0.0,772000.0,-231000.0,0.0,541000.0,-499000.0,3702000.0,-10194000.0,0.0,-10265000.0,-10265000.0,-10265000.0,0.0,0.0,-0.553,22821000.0,-10833000.0,11167000.0,0.0,6.099,-6.081,-6.125,17205000.0,0.0,122.5,1.722,1.722,11079000.0,-1185727000.0,18569000.0,18569000.0,4467000.0,,,,,230000.0,9595000.0,1.0,1315580.0,1316240.0,1316240.0,14.108,140427000.0,0.0,87000.0,0.0,106.688,-1044000.0
65,BVSN,MRQ,2003-06-30,2003-06-30,2003-06-30,2021-01-08,0.0,212696000.0,,115338000.0,97358000.0,,27.313,191000.0,107533000.0,107533000.0,7672000.0,-7595000.0,1.122,4.944,29425000.0,27968000.0,1457000.0,29425000.0,9318000.0,3453000.0,0.0,0.0,0.0,-7481000.0,-4028000.0,-0.185,-4028000.0,-7481000.0,-7481000.0,-5.75,-5.75,-5.75,35781000.0,,35781000.0,93561917.0,-1.0,-1.316,-8724000.0,-6.659,1.0,14133000.0,0.648,56434000.0,0.0,-24600000.0,,0.0,6678000.0,4756000.0,1922000.0,176915000.0,102754000.0,74161000.0,181617917.0,-8203000.0,0.0,130000.0,1505000.0,0.0,1635000.0,-923000.0,-1112000.0,-8915000.0,0.0,-7595000.0,-7595000.0,-7595000.0,0.0,0.0,-0.348,22336000.0,-8203000.0,9224000.0,0.0,5.076,-2.163,-2.135,19671000.0,0.0,138.75,1.776,1.777,14391000.0,-1175462000.0,21805000.0,21805000.0,6063000.0,,,,,0.0,8456000.0,1.0,1308958.0,1310040.0,1310040.0,16.645,156262000.0,0.0,114000.0,0.0,119.28,12584000.0
66,BVSN,MRQ,2003-03-31,2003-03-31,2003-03-31,2021-01-08,4000.0,223923000.0,,123137000.0,100786000.0,,33.324,-132000.0,115734000.0,115734000.0,6946000.0,1337000.0,1.095,4.177,27678000.0,25977000.0,1701000.0,27678000.0,10510000.0,3444000.0,0.0,0.0,0.0,1282000.0,4726000.0,0.193,4726000.0,1282000.0,1282000.0,1.0,1.0,1.0,43250000.0,,43250000.0,57246762.0,0.0,-0.516,169000.0,0.13,1.0,17509000.0,0.716,56433000.0,0.0,-33009000.0,,0.0,5610000.0,3649000.0,1961000.0,180673000.0,112443000.0,68230000.0,123414762.0,21589000.0,0.0,264000.0,-244000.0,0.0,20000.0,21268000.0,21455000.0,301000.0,0.0,1337000.0,1337000.0,1337000.0,0.0,0.0,0.055,17193000.0,316000.0,8462000.0,0.0,2.854,-0.927,-0.918,22950000.0,0.0,95.0,1.123,1.122,14790000.0,-1167867000.0,24455000.0,24455000.0,6151000.0,,,,,49000.0,9120000.0,1.0,1299103.0,1297880.0,1309080.0,18.842,167490000.0,0.0,-55000.0,0.0,129.049,10694000.0
67,BVSN,MRQ,2002-12-31,2002-12-31,2002-12-31,2021-01-08,37000.0,240136000.0,,133968000.0,106168000.0,,32.263,-26000.0,94090000.0,94090000.0,12118000.0,-9977000.0,1.044,4.768,27922000.0,25977000.0,1945000.0,27922000.0,14158000.0,7236000.0,0.0,0.0,0.0,-13723000.0,-6487000.0,-0.225,-6487000.0,-13723000.0,-9593000.0,-7.5,-7.5,-7.5,41633000.0,,41633000.0,38409372.0,0.0,-0.264,-8746000.0,-6.778,1.0,16667000.0,0.579,57320000.0,-4130000.0,-11704000.0,,0.0,27154000.0,24484000.0,2670000.0,198503000.0,128352000.0,70151000.0,110001372.0,-5728000.0,0.0,42000.0,-245000.0,0.0,-203000.0,3195000.0,3280000.0,-8720000.0,0.0,-9977000.0,-9977000.0,-9977000.0,0.0,0.0,-0.347,24929000.0,-8262000.0,8105000.0,0.0,2.642,-0.645,-0.641,26600000.0,0.0,85.25,0.949,0.943,22917000.0,-1169204000.0,28785000.0,28785000.0,6677000.0,,,,,-1000.0,10066000.0,1.0,1290339.0,1290440.0,1290440.0,22.306,182816000.0,0.0,384000.0,0.0,141.67,5616000.0
68,BVSN,MRQ,2002-09-30,2002-09-30,2002-09-30,2021-01-08,-1288000.0,253216000.0,,137817000.0,115399000.0,,38.459,-12000.0,99759000.0,99759000.0,10165000.0,-67733000.0,1.056,4.117,28167000.0,25977000.0,2190000.0,28167000.0,15410000.0,2271000.0,0.0,0.0,0.0,-67595000.0,-65324000.0,-2.398,-65324000.0,-67595000.0,-67595000.0,-52.75,-52.75,-52.75,49490000.0,,49490000.0,-33211307.0,0.0,0.19,-13837000.0,-10.753,1.0,17074000.0,0.627,58207000.0,0.0,-7135000.0,,0.0,31408000.0,26135000.0,5273000.0,203726000.0,130552000.0,73174000.0,39573693.0,9292000.0,0.0,54000.0,-242000.0,0.0,-188000.0,23305000.0,12588000.0,-13825000.0,0.0,-67733000.0,-67733000.0,-67733000.0,0.0,0.0,-2.487,84676000.0,-67602000.0,9704000.0,0.0,0.8,-0.183,-0.186,30502000.0,0.0,30.75,0.291,0.291,18903000.0,-1159227000.0,27239000.0,27239000.0,7774000.0,,,,,77000.0,11957000.0,1.0,1286949.0,1286840.0,1286840.0,21.167,195009000.0,0.0,138000.0,0.0,151.541,7265000.0
69,BVSN,MRQ,2002-06-30,2002-06-30,2002-06-30,2021-01-08,-1305000.0,277444000.0,,153470000.0,123974000.0,,91.359,-205000.0,101196000.0,101196000.0,11325000.0,-56690000.0,1.152,1.37,28411000.0,25977000.0,2434000.0,28411000.0,18348000.0,5855000.0,0.0,0.0,0.0,-49786000.0,-43931000.0,-1.493,-43931000.0,-49786000.0,-49786000.0,-44.25,-44.25,-44.25,117075000.0,,117075000.0,29200304.0,0.0,-0.062,-57682000.0,-45.012,1.0,18094000.0,0.615,59094000.0,0.0,12321000.0,,0.0,44472000.0,37559000.0,6913000.0,160369000.0,133244000.0,27125000.0,89413304.0,9954000.0,0.0,1165000.0,24754000.0,0.0,25919000.0,41512000.0,39142000.0,-57477000.0,0.0,-56690000.0,-56690000.0,-56690000.0,0.0,0.0,-1.927,69270000.0,-51176000.0,13892000.0,0.0,0.764,-0.154,-0.151,35796000.0,0.0,69.75,0.568,0.567,20404000.0,-1091494000.0,29419000.0,29419000.0,13006000.0,,,,,162000.0,20812000.0,1.0,1281911.0,1281480.0,1281480.0,22.957,218350000.0,0.0,6904000.0,0.0,170.389,20226000.0
70,BVSN,MRQ,2002-03-31,2002-03-31,2002-03-31,2021-01-08,-852000.0,350824000.0,,171765000.0,179059000.0,,137.559,-601000.0,63868000.0,63868000.0,13434000.0,-36122000.0,1.443,1.02,3655000.0,977000.0,2678000.0,3655000.0,22792000.0,6386000.0,0.0,0.0,0.0,-35945000.0,-29559000.0,-0.971,-29559000.0,-35945000.0,-35945000.0,-28.5,-28.5,-28.5,173656000.0,,173656000.0,371832843.0,0.0,-0.625,-19773000.0,-15.663,1.0,17021000.0,0.559,59980000.0,0.0,111626000.0,,0.0,115580000.0,65719000.0,49861000.0,177168000.0,119005000.0,58163000.0,491392843.0,-11890000.0,0.0,1630000.0,-244000.0,0.0,1386000.0,5896000.0,6497000.0,-19172000.0,0.0,-36122000.0,-36122000.0,-36122000.0,0.0,0.0,-1.186,44889000.0,-27868000.0,12034000.0,0.0,2.83,-0.64,-0.63,57969000.0,0.0,389.25,2.64,2.64,28242000.0,-1034804000.0,30455000.0,30455000.0,13975000.0,,,,,608000.0,22371000.0,1.0,1262409.0,1262409.0,,24.125,290844000.0,2857000.0,177000.0,0.0,230.388,52760000.0
71,BVSN,MRQ,2001-12-31,2001-12-31,2001-12-31,2021-01-08,-5245000.0,392417000.0,,194047000.0,198370000.0,,165.171,-4632000.0,105707000.0,105707000.0,15692000.0,-55325000.0,1.529,0.932,3899000.0,977000.0,2922000.0,3899000.0,22580000.0,18348000.0,0.0,0.0,0.0,-54757000.0,-36409000.0,-0.744,-36409000.0,-54757000.0,-54757000.0,-39.5,-39.5,-39.5,203147000.0,,203147000.0,658715370.0,-1.0,-1.103,-32358000.0,-26.309,1.0,33238000.0,0.679,60867000.0,0.0,102860000.0,,0.0,93423000.0,65705000.0,27718000.0,189270000.0,126882000.0,62388000.0,778275370.0,-47945000.0,0.0,1094000.0,-244000.0,0.0,850000.0,-21069000.0,-16437000.0,-27726000.0,0.0,-55325000.0,-55325000.0,-55325000.0,0.0,0.0,-1.131,79649000.0,-46411000.0,11276000.0,0.0,3.831,-0.931,-0.907,67219000.0,0.0,616.5,3.133,3.052,39768000.0,-998682000.0,48930000.0,48930000.0,21278000.0,,,,,0.0,26261000.0,1.0,1262409.0,1229920.0,,39.783,331550000.0,2857000.0,568000.0,0.0,269.57,67165000.0
72,BVSN,MRQ,2001-09-30,2001-09-30,2001-09-30,2021-01-08,-8491000.0,449619000.0,,239967000.0,209652000.0,,205.166,-2794000.0,123703000.0,123703000.0,17374000.0,-432947000.0,1.747,0.77,4143000.0,977000.0,3166000.0,4143000.0,25996000.0,73572000.0,0.0,0.0,0.0,-432541000.0,-358969000.0,-7.367,-358969000.0,-432541000.0,-432541000.0,-349.75,-349.75,-349.75,254022000.0,,254022000.0,120252613.0,0.0,-0.217,-19967000.0,-16.127,1.0,31355000.0,0.643,74305000.0,0.0,118430000.0,,0.0,107789000.0,65879000.0,41910000.0,195597000.0,137324000.0,58273000.0,253506613.0,-13938000.0,0.0,2637000.0,-218000.0,0.0,2419000.0,816000.0,3610000.0,-17173000.0,0.0,-432947000.0,-432947000.0,-432947000.0,0.0,0.0,-8.885,465693000.0,-434338000.0,11696000.0,0.0,0.998,-0.3,-0.296,80464000.0,0.0,204.75,0.75,0.75,34988000.0,-943357000.0,48729000.0,48729000.0,16230000.0,,,,,350000.0,36744000.0,1.0,1238128.0,1238128.0,,39.357,375314000.0,5579000.0,406000.0,0.0,303.13,102643000.0
73,BVSN,MRQ,2001-06-30,2001-06-30,2001-06-30,2021-01-08,-8133000.0,903383000.0,,264630000.0,638753000.0,,562.829,-8658000.0,137641000.0,137641000.0,33250000.0,-242842000.0,1.656,0.32,4387000.0,977000.0,3410000.0,4387000.0,29564000.0,72665000.0,0.0,0.0,0.0,-242511000.0,-169846000.0,-2.927,-169846000.0,-242511000.0,-242511000.0,-199.75,-199.75,-199.75,684313000.0,,684313000.0,1234989427.0,-3.0,-7.24,-19907000.0,-16.373,1.0,24785000.0,0.427,476951000.0,0.0,133378000.0,,0.0,112824000.0,48465000.0,64359000.0,219070000.0,159800000.0,59270000.0,1365090427.0,2910000.0,7171000.0,5343000.0,-256000.0,0.0,5087000.0,9072000.0,10559000.0,-11249000.0,0.0,-242842000.0,-242842000.0,-242842000.0,0.0,0.0,-4.184,266420000.0,-241635000.0,20454000.0,0.0,1.995,-2.937,-2.901,85713000.0,0.0,1122.75,3.334,3.334,55810000.0,-510410000.0,58035000.0,58035000.0,20616000.0,,,,,0.0,56034000.0,1.0,1215845.0,1215845.0,,47.732,426432000.0,5579000.0,331000.0,0.0,350.729,104830000.0
74,BVSN,MRQ,2001-03-31,2001-03-31,2001-03-31,2021-01-08,-3694000.0,1037161000.0,,280523000.0,756638000.0,,762.555,-38852000.0,134731000.0,134731000.0,41218000.0,-105145000.0,2.329,0.137,4630000.0,977000.0,3653000.0,4630000.0,20868000.0,72071000.0,0.0,0.0,0.0,-104314000.0,-32243000.0,-0.348,-32243000.0,-104314000.0,-104314000.0,-87.75,-87.75,-87.75,912158000.0,,912158000.0,1250917861.0,-5.0,137.102,-60571000.0,-50.637,1.0,51511000.0,0.556,541221000.0,0.0,245374000.0,,0.0,135566000.0,41597000.0,93969000.0,125003000.0,120465000.0,4538000.0,1402228861.0,-18406000.0,0.0,7351000.0,-257000.0,0.0,7094000.0,-3781000.0,35071000.0,-21719000.0,0.0,-105145000.0,-105145000.0,-105145000.0,0.0,0.0,-1.134,156322000.0,-104811000.0,19706000.0,0.0,1.537,-5.066,-4.999,109746000.0,0.0,1172.25,3.139,3.139,86474000.0,-267568000.0,92729000.0,92729000.0,26971000.0,,,,,0.0,63071000.0,1.0,1196186.0,1196186.0,,77.521,495940000.0,5579000.0,831000.0,0.0,414.601,160058000.0
75,BVSN,MRQ,2000-12-31,2000-12-31,2000-12-31,2021-01-08,-4348000.0,1143024000.0,,344762000.0,798262000.0,,874.184,-37581000.0,153137000.0,153137000.0,42226000.0,-64036000.0,2.674,0.132,4874000.0,977000.0,3897000.0,4874000.0,16330000.0,69326000.0,0.0,0.0,0.0,-62757000.0,6569000.0,0.047,6569000.0,-62757000.0,-62757000.0,-54.5,-54.5,-54.5,1009298000.0,,1009298000.0,2946511302.0,-21.0,49.313,-27353000.0,-23.691,1.0,96234000.0,0.695,607501000.0,0.0,258329000.0,,0.0,171952000.0,69397000.0,102555000.0,133726000.0,128931000.0,4795000.0,3097822302.0,-3264000.0,0.0,12583000.0,-202000.0,0.0,12381000.0,-25873000.0,11708000.0,10228000.0,0.0,-64036000.0,-64036000.0,-64036000.0,0.0,0.0,-0.462,161703000.0,-65469000.0,15711000.0,0.0,3.069,-19.166,-18.498,76685000.0,0.0,2589.75,7.456,7.196,104811000.0,-162423000.0,138460000.0,138460000.0,21168000.0,,,,,1762000.0,74339000.0,1.0,1196186.0,1154560.0,,119.924,535523000.0,5579000.0,1279000.0,0.0,463.833,215831000.0
76,BVSN,MRQ,2000-09-30,2000-09-30,2000-09-30,2021-01-08,-144000.0,1177670000.0,,372645000.0,805025000.0,,895.397,-12766000.0,156401000.0,156401000.0,35410000.0,-52756000.0,3.402,0.108,5090000.0,977000.0,4113000.0,5090000.0,16897000.0,69121000.0,0.0,0.0,0.0,-44191000.0,24930000.0,0.207,24930000.0,-44191000.0,-44191000.0,-45.0,-45.0,-45.0,1063138000.0,,1063138000.0,6644812907.0,-99.0,104.786,-2249000.0,-1.894,1.0,84784000.0,0.705,674876000.0,0.0,241948000.0,,0.0,191817000.0,110526000.0,81291000.0,114532000.0,109535000.0,4997000.0,6788298907.0,7571000.0,-1611000.0,12218000.0,-496000.0,0.0,11722000.0,-14668000.0,-291000.0,10517000.0,0.0,-52756000.0,-52756000.0,-52756000.0,0.0,0.0,-0.439,133293000.0,-48509000.0,12824000.0,0.0,6.385,-75.822,-74.735,42234000.0,0.0,5717.25,21.162,21.162,92579000.0,-98387000.0,120194000.0,120194000.0,14988000.0,,,,,8015000.0,51997000.0,1.0,1187336.0,1187336.0,,101.23,502794000.0,0.0,8565000.0,0.0,423.464,263110000.0
77,BVSN,MRQ,2000-06-30,2000-06-30,2000-06-30,2021-01-08,5016000.0,1204417000.0,,403558000.0,800859000.0,,990.789,-9994000.0,148830000.0,148830000.0,31845000.0,-54871000.0,4.086,0.094,5344000.0,997000.0,4347000.0,5344000.0,24574000.0,57942000.0,0.0,0.0,0.0,-48074000.0,9868000.0,0.103,9868000.0,-48074000.0,-48074000.0,-47.25,-47.25,-47.25,1100449000.0,,1100449000.0,12334433410.0,-670.0,278.493,-4454000.0,-4.01,1.0,63499000.0,0.666,741236000.0,0.0,220941000.0,,0.0,200056000.0,178424000.0,21632000.0,103968000.0,98754000.0,5214000.0,12612604410.0,-135078000.0,-4428000.0,8292000.0,-392000.0,0.0,7900000.0,-148518000.0,-134096000.0,5540000.0,0.0,-54871000.0,-54871000.0,-54871000.0,0.0,0.0,-0.576,115513000.0,-52014000.0,12299000.0,0.0,11.461,-390.737,-420.583,32334000.0,0.0,11355.75,54.738,54.738,66880000.0,-45631000.0,95344000.0,95344000.0,19806000.0,,,,,13211000.0,40356000.0,1.0,1110680.0,1110680.0,,85.843,463181000.0,0.0,6797000.0,2881000.0,417.025,304804000.0
78,BVSN,MRQ,2000-03-31,2000-03-31,2000-03-31,2021-01-08,27113000.0,458854000.0,,417991000.0,40863000.0,,329.527,-7174000.0,283908000.0,283908000.0,17737000.0,10036000.0,4.619,0.261,5737000.0,1122000.0,4615000.0,5737000.0,17315000.0,1943000.0,0.0,0.0,0.0,16442000.0,18385000.0,0.299,18385000.0,16442000.0,16442000.0,9.0,9.0,9.0,363738000.0,,363738000.0,10783245689.0,325.0,276.877,21875000.0,19.818,1.0,43764000.0,0.712,0.0,0.0,90182000.0,,0.0,99789000.0,86581000.0,13208000.0,95116000.0,90501000.0,4615000.0,11056946689.0,4085000.0,0.0,7247000.0,-400000.0,0.0,6847000.0,-31811000.0,-24637000.0,29049000.0,0.0,10036000.0,10036000.0,10036000.0,0.0,0.0,0.163,34570000.0,9194000.0,10484000.0,0.0,30.398,426.794,445.2,21982000.0,0.0,10017.0,69.737,69.737,38006000.0,9242000.0,61501000.0,61501000.0,5759000.0,,,,,79000.0,28811000.0,1.0,1103818.0,1103818.0,,55.717,458854000.0,0.0,6406000.0,23597000.0,415.697,327490000.0
79,BVSN,MRQ,1999-12-31,1999-12-31,1999-12-31,2021-01-08,25925000.0,406128000.0,,380206000.0,25922000.0,,338.969,-5501000.0,279823000.0,279823000.0,11165000.0,8062000.0,6.783,0.177,6137000.0,1247000.0,4890000.0,6137000.0,3896000.0,1745000.0,0.0,0.0,0.0,8485000.0,10230000.0,0.234,10230000.0,8485000.0,8485000.0,6.75,6.75,6.75,345188000.0,,345188000.0,13146096780.0,664.0,535.613,8937000.0,8.776,1.0,32578000.0,0.745,0.0,0.0,76392000.0,,0.0,73172000.0,68758000.0,4414000.0,60940000.0,56050000.0,4890000.0,13195065780.0,224500000.0,-3765000.0,213521000.0,-232000.0,0.0,213289000.0,-3227000.0,3421000.0,14438000.0,0.0,8062000.0,8062000.0,8062000.0,0.0,0.0,0.184,26635000.0,5943000.0,5754000.0,0.0,38.226,701.529,708.333,16751000.0,0.0,12750.0,114.229,112.401,26540000.0,-794000.0,43743000.0,43743000.0,4582000.0,,,,,-13249000.0,22053000.0,1.0,1034907.0,1018347.0,,42.955,406128000.0,0.0,423000.0,16769000.0,398.811,324156000.0
80,BVSN,MRQ,1999-09-30,1999-09-30,1999-09-30,2021-01-08,11141000.0,156529000.0,,106607000.0,49922000.0,,119.391,-3925000.0,55323000.0,55323000.0,7917000.0,4494000.0,3.626,0.282,6354000.0,1324000.0,5030000.0,6354000.0,3715000.0,1073000.0,0.0,0.0,0.0,4734000.0,5807000.0,0.195,5807000.0,4734000.0,4734000.0,4.5,4.5,4.5,122070000.0,,122070000.0,3350611440.0,251.0,194.826,3981000.0,3.894,1.0,21914000.0,0.735,0.0,0.0,78157000.0,,0.0,49735000.0,24201000.0,25534000.0,34459000.0,29403000.0,5056000.0,3400635440.0,1588000.0,0.0,3620000.0,2643000.0,0.0,6263000.0,-12581000.0,-6128000.0,7906000.0,0.0,4494000.0,4494000.0,4494000.0,0.0,0.0,0.151,18071000.0,3843000.0,4602000.0,0.0,27.858,264.909,295.644,12830000.0,0.0,3326.0,38.737,38.737,23091000.0,-8856000.0,29831000.0,29831000.0,3816000.0,,,,,7245000.0,14255000.0,1.0,1022440.0,1022440.0,,29.176,156529000.0,8036000.0,240000.0,0.0,153.094,77204000.0
81,BVSN,MRQ,1999-06-30,1999-06-30,1999-06-30,2021-01-08,13243000.0,137198000.0,,97857000.0,39341000.0,,108.279,-2759000.0,53735000.0,53735000.0,5661000.0,3315000.0,3.882,0.261,3711000.0,1095000.0,2616000.0,3711000.0,3298000.0,1014000.0,0.0,0.0,0.0,3510000.0,4524000.0,0.193,4524000.0,3510000.0,3510000.0,2.25,2.25,2.25,108812000.0,,108812000.0,1795385751.0,173.0,129.137,3828000.0,3.809,1.0,17815000.0,0.759,0.0,0.0,61968000.0,,0.0,47109000.0,18823000.0,28286000.0,28386000.0,25206000.0,3180000.0,1858277751.0,-13197000.0,0.0,2217000.0,-329000.0,0.0,1888000.0,-21672000.0,-18823000.0,6587000.0,0.0,3315000.0,3315000.0,3315000.0,0.0,0.0,0.141,14898000.0,2917000.0,3336000.0,0.0,17.078,184.043,222.667,9978000.0,0.0,1837.0,26.031,25.615,21479000.0,-13351000.0,23476000.0,23476000.0,3268000.0,,,,,6248000.0,11630000.0,1.0,1011583.0,1004920.0,1126160.0,23.361,137198000.0,0.0,195000.0,529000.0,136.526,72651000.0
82,BVSN,MRQ,1999-03-31,1999-03-31,1999-03-31,2021-01-08,10427000.0,120173000.0,,87226000.0,32947000.0,,98.185,-1106000.0,66932000.0,66932000.0,4069000.0,2937000.0,4.786,0.221,4040000.0,1170000.0,2870000.0,4040000.0,2308000.0,907000.0,0.0,0.0,0.0,3075000.0,3982000.0,0.216,3982000.0,3075000.0,3075000.0,2.25,2.25,2.25,98441000.0,,98441000.0,1433457282.0,190.0,132.974,3309000.0,3.3,1.0,14395000.0,0.78,0.0,0.0,39057000.0,,0.0,23593000.0,0.0,23593000.0,21732000.0,18224000.0,3508000.0,1490884282.0,5054000.0,0.0,2156000.0,-411000.0,0.0,1745000.0,-1106000.0,0.0,4415000.0,0.0,2937000.0,2937000.0,2937000.0,0.0,0.0,0.159,11836000.0,2559000.0,2119000.0,0.0,15.145,199.449,220.296,8233000.0,0.0,1487.0,25.143,25.143,16264000.0,-16666000.0,18464000.0,18464000.0,2901000.0,,,,,85000.0,8935000.0,1.0,1002612.0,1002612.0,,18.416,120173000.0,0.0,138000.0,594000.0,119.86,69002000.0
83,BVSN,MRQ,1998-12-31,1998-12-31,1998-12-31,2021-01-08,3198000.0,101562000.0,,80128000.0,21434000.0,,87.605,-1266000.0,61878000.0,61878000.0,2804000.0,2091000.0,4.854,0.241,4451000.0,1257000.0,3194000.0,4451000.0,1918000.0,873000.0,0.0,0.0,0.0,2012000.0,2885000.0,0.18,2885000.0,2012000.0,2012000.0,2.25,2.25,2.25,81809000.0,,81809000.0,729009576.0,184.0,105.546,135000.0,0.145,1.0,13213000.0,0.825,0.0,0.0,27627000.0,,0.0,11546000.0,0.0,11546000.0,19753000.0,16508000.0,3245000.0,786124576.0,-36000.0,0.0,1585000.0,-417000.0,0.0,1168000.0,-2605000.0,-1500000.0,1401000.0,0.0,2091000.0,2091000.0,2091000.0,0.0,0.0,0.131,11855000.0,1358000.0,2243000.0,0.0,9.609,194.633,177.778,8034000.0,0.0,800.0,15.441,14.674,15361000.0,-19603000.0,16017000.0,16017000.0,2751000.0,,,,,328000.0,9104000.0,1.0,982656.0,933840.0,,17.152,101562000.0,700000.0,-79000.0,0.0,108.757,63620000.0
84,BVSN,MRQ,1998-09-30,1998-09-30,1998-09-30,2021-01-08,0.0,89673000.0,,75415000.0,14258000.0,,75.582,-858000.0,61914000.0,61914000.0,2790000.0,1754000.0,5.836,0.224,4799000.0,1392000.0,3407000.0,4799000.0,2182000.0,758000.0,0.0,0.0,0.0,1754000.0,2512000.0,0.187,2512000.0,1754000.0,1754000.0,1.5,1.5,1.5,73285000.0,,73285000.0,188974715.0,266.0,58.164,-1750000.0,-1.805,1.0,10641000.0,0.792,0.0,0.0,19635000.0,,0.0,5525000.0,0.0,5525000.0,16388000.0,12923000.0,3465000.0,251129715.0,-1625000.0,0.0,492000.0,-345000.0,0.0,147000.0,-880000.0,0.0,-892000.0,0.0,1754000.0,1754000.0,1754000.0,0.0,0.0,0.131,9656000.0,985000.0,1812000.0,0.0,3.427,291.334,518.0,7572000.0,0.0,259.0,5.769,5.769,11625000.0,-21694000.0,13431000.0,13431000.0,2394000.0,,,,,89000.0,7262000.0,1.0,969613.0,969613.0,,13.852,89673000.0,0.0,0.0,0.0,92.483,62492000.0
85,BVSN,MRQ,1998-06-30,1998-06-30,1998-06-30,2021-01-08,0.0,85032000.0,,74870000.0,10162000.0,,73.872,-820000.0,63539000.0,63539000.0,2305000.0,693000.0,7.277,0.198,1384000.0,1384000.0,0.0,1384000.0,826000.0,708000.0,0.0,0.0,0.0,693000.0,1401000.0,0.123,1401000.0,693000.0,693000.0,0.75,0.75,0.75,70950000.0,,70950000.0,512372664.0,-187.0,-992.97,80000.0,0.083,1.0,9080000.0,0.798,0.0,0.0,12589000.0,,0.0,1500000.0,0.0,1500000.0,14082000.0,10288000.0,3794000.0,568180664.0,6410000.0,0.0,8212000.0,-320000.0,0.0,7892000.0,-2382000.0,-1500000.0,900000.0,0.0,693000.0,693000.0,693000.0,0.0,0.0,0.061,9052000.0,28000.0,4379000.0,0.0,8.008,-219.969,-196.333,7440000.0,0.0,589.0,15.253,15.186,9844000.0,-23448000.0,11385000.0,11385000.0,2049000.0,,,,,88000.0,7003000.0,1.0,964653.0,960440.0,1070840.0,11.854,85032000.0,0.0,0.0,0.0,88.534,64582000.0
86,BVSN,MRQ,1998-03-31,1998-03-31,1998-03-31,2021-01-08,0.0,76345000.0,,68905000.0,7440000.0,,75.72,-1254000.0,57129000.0,57129000.0,1807000.0,-499000.0,6.612,0.232,1321000.0,1321000.0,0.0,1321000.0,1751000.0,608000.0,0.0,0.0,0.0,-499000.0,109000.0,0.011,109000.0,-499000.0,-499000.0,-0.5,-0.5,-0.5,61957000.0,,61957000.0,352844170.0,-65.0,-100.755,-1500000.0,-1.833,1.0,8272000.0,0.821,0.0,0.0,10116000.0,,0.0,0.0,0.0,0.0,14388000.0,10421000.0,3967000.0,358294170.0,48852000.0,0.0,47243000.0,990000.0,0.0,49633000.0,-535000.0,796000.0,-246000.0,0.0,-499000.0,-499000.0,-499000.0,0.0,0.0,-0.05,8718000.0,-446000.0,4341000.0,0.0,5.783,-66.536,-70.24,7113000.0,0.0,439.0,11.234,11.263,10792000.0,-24141000.0,10079000.0,10079000.0,2033000.0,,,,,92000.0,6685000.0,1.0,816160.0,818240.0,818240.0,12.318,76345000.0,0.0,0.0,0.0,93.304,58484000.0
87,BVSN,MRQ,1997-12-31,1997-12-31,1997-12-31,2021-01-08,0.0,26539000.0,,19822000.0,6717000.0,,18.707,-2874000.0,9677000.0,9677000.0,1695000.0,-1086000.0,2.378,0.755,4227000.0,1222000.0,3005000.0,4227000.0,532000.0,465000.0,0.0,0.0,0.0,-1238000.0,-773000.0,-0.09,-773000.0,-1238000.0,-1086000.0,-1.25,-1.25,-1.25,15121000.0,,15121000.0,,,,-2158000.0,-2.67,1.0,6938000.0,0.804,0.0,-152000.0,12752000.0,,0.0,796000.0,796000.0,0.0,11418000.0,8337000.0,3081000.0,128953255.0,-724000.0,0.0,320000.0,3310000.0,0.0,2230000.0,-3670000.0,-796000.0,716000.0,0.0,-1086000.0,-1086000.0,-1086000.0,0.0,0.0,-0.126,7900000.0,-962000.0,1863000.0,0.0,8.528,-17.49,-17.556,6467000.0,0.0,158.0,4.758,4.712,8783000.0,-23642000.0,8633000.0,8633000.0,1797000.0,,,,,97000.0,6103000.0,1.0,816160.0,808320.0,,10.68,26539000.0,0.0,0.0,0.0,32.832,11485000.0
88,BVSN,MRQ,1997-09-30,1997-09-30,1997-09-30,2021-01-08,,,,,,,,-931000.0,,,1470000.0,-1691000.0,,,,,,,,436000.0,,0.0,0.0,-1689000.0,-1253000.0,-0.175,-1253000.0,-1689000.0,-1691000.0,-2.0,-2.0,-2.0,,,,,,,-3847000.0,,1.0,5684000.0,0.795,,2000.0,,,,,,,,,,,-2594000.0,0.0,242000.0,150000.0,0.0,392000.0,-70000.0,794000.0,-2916000.0,0.0,-1691000.0,-1691000.0,-1691000.0,0.0,0.0,-0.236,7506000.0,-1822000.0,,0.0,,,,,0.0,164.0,,,,,7154000.0,7154000.0,2113000.0,,,,,104000.0,5393000.0,1.0,,,,,,,0.0,,,
89,BVSN,MRQ,1997-06-30,1997-06-30,1997-06-30,2021-01-08,,,,,,,,-599000.0,,,1426000.0,-2109000.0,,,,,,,,386000.0,,0.0,0.0,-1971000.0,-1585000.0,-0.263,-1585000.0,-1971000.0,-2109000.0,-2.5,-2.5,-2.5,,,,,,,-3208000.0,,1.0,4601000.0,0.763,,138000.0,,,,,,,,,,,-2305000.0,0.0,241000.0,-90000.0,0.0,151000.0,153000.0,738000.0,-2609000.0,0.0,-2109000.0,-2109000.0,-2109000.0,0.0,0.0,-0.35,6759000.0,-2158000.0,,0.0,,,,,0.0,160.0,,,,,6027000.0,6027000.0,1802000.0,,,,,117000.0,4957000.0,1.0,,,,,,,0.0,,,
90,BVSN,MRQ,1997-03-31,1997-03-31,1997-03-31,2021-01-08,,,,,,,,-474000.0,,,1357000.0,-2487000.0,,,,,,,,326000.0,,0.0,0.0,-2475000.0,-2149000.0,-0.406,-2149000.0,-2475000.0,-2487000.0,-3.0,-3.0,-3.0,,,,,,,-4344000.0,-5.429,1.0,3934000.0,0.744,,12000.0,,,,,,,,,,,-3708000.0,0.0,247000.0,-110000.0,0.0,137000.0,25000.0,580000.0,-3870000.0,0.0,-2487000.0,-2487000.0,-2487000.0,0.0,0.0,-0.47,6630000.0,-2696000.0,,0.0,,,,,0.0,208.0,,,,,5291000.0,5291000.0,1680000.0,,,,,110000.0,4950000.0,1.0,,800080.0,800080.0,6.613,,,0.0,,,
91,BVSN,MRQ,1996-12-31,1996-12-31,1996-12-31,2021-01-08,0.0,28930000.0,,25585000.0,3345000.0,,27.925,,17608000.0,17608000.0,,,3.492,0.377,789000.0,294000.0,495000.0,789000.0,2625000.0,,0.0,0.0,0.0,,,,,,,,,,21016000.0,,21016000.0,,,,,,1.0,,,0.0,,4784000.0,,0.0,2112000.0,2112000.0,0.0,7914000.0,7327000.0,587000.0,,,,,,,,,,,,,,,,,,,,958000.0,,,,-14.0,3024000.0,,189.0,,13.071,5548000.0,-16269000.0,,,,,,,,,,1.0,,752600.0,,,28930000.0,0.0,,0.0,38.44,18258000.0
0,BVSN,MRT,2019-09-30,2019-09-30,2019-09-30,2021-01-08,-1251000.0,5587000.0,5513250.0,3987000.0,1600000.0,0.716,0.543,-14000.0,2169000.0,2169000.0,965000.0,-1504000.0,1.954,1.044,58000.0,58000.0,0.0,58000.0,670000.0,11000.0,0.0,0.0,0.0,327000.0,338000.0,0.086,338000.0,327000.0,327000.0,-0.05,-0.05,-0.05,2734000.0,1556750.0,2734000.0,4820883.0,15.0,14.263,-3786000.0,-0.752,1.0,2983000.0,0.756,0.0,0.0,1436000.0,-441500.0,0.0,1497000.0,0.0,1497000.0,2853000.0,2040000.0,813000.0,9362883.0,-2180000.0,-1596000.0,3001000.0,0.0,0.0,3001000.0,-1610000.0,0.0,-3772000.0,201000.0,348000.0,348000.0,348000.0,-1684000.0,-1852000.0,0.088,6775000.0,-3792000.0,452000.0,0.0,3.425,26.905,-37.0,69000.0,0.0,1.85,2.372,2.359,1214000.0,-1268024000.0,3948000.0,3948000.0,2893000.0,0.063,0.224,-0.741,0.083,110000.0,3882000.0,1.0,5061018.0,5034000.0,5044000.0,0.784,5587000.0,0.0,-21000.0,0.0,1.11,1947000.0
1,BVSN,MRT,2019-06-30,2019-06-30,2019-06-30,2021-01-08,-1439000.0,5510000.0,5585000.0,5326000.0,184000.0,0.713,0.172,-13000.0,4620000.0,4620000.0,1010000.0,-4354000.0,2.382,3.267,78000.0,78000.0,0.0,78000.0,846000.0,15000.0,0.0,0.0,0.0,-3048000.0,-3033000.0,-0.761,-3033000.0,-3048000.0,-3048000.0,-0.61,-0.61,-0.61,864000.0,1613500.0,864000.0,1541627.0,-1.0,-0.508,-4586000.0,-0.914,1.0,2973000.0,0.746,0.0,0.0,-1268000.0,-999250.0,0.0,0.0,0.0,0.0,2823000.0,2236000.0,587000.0,7132627.0,-1540000.0,0.0,3004000.0,0.0,0.0,3004000.0,-13000.0,0.0,-4573000.0,42000.0,-3031000.0,-3031000.0,-3031000.0,1265000.0,-1323000.0,-0.761,6789000.0,-3816000.0,317000.0,0.0,8.255,-2.353,-2.311,90000.0,0.0,1.41,1.791,1.776,246000.0,-1269687000.0,3983000.0,3983000.0,2806000.0,-0.543,-1.879,3.05,-0.765,158000.0,3983000.0,1.0,5058601.0,5018000.0,5018000.0,0.794,5510000.0,0.0,-17000.0,0.0,1.098,3090000.0
2,BVSN,MRT,2019-03-31,2019-03-31,2019-03-31,2021-01-08,-1339000.0,7103000.0,6212250.0,6895000.0,208000.0,0.691,0.246,-12000.0,5671000.0,5671000.0,1289000.0,-5627000.0,2.438,2.81,80000.0,80000.0,0.0,80000.0,804000.0,17000.0,0.0,0.0,0.0,-4934000.0,-4917000.0,-1.145,-4917000.0,-4934000.0,-4934000.0,-0.98,-0.98,-0.98,1228000.0,2541750.0,1228000.0,3799621.0,-1.0,-0.773,-5631000.0,-1.126,1.0,3006000.0,0.7,0.0,0.0,-1316000.0,-941250.0,0.0,0.0,0.0,0.0,3451000.0,2828000.0,623000.0,8148621.0,-1225000.0,0.0,3005000.0,0.0,0.0,3005000.0,988000.0,1000000.0,-5619000.0,401000.0,-4906000.0,-4906000.0,-4906000.0,1265000.0,-721000.0,-1.142,7673000.0,-4667000.0,537000.0,0.0,6.636,-1.661,-1.663,114000.0,0.0,1.63,1.897,1.898,525000.0,-1269402000.0,4295000.0,4295000.0,3428000.0,-0.79,-1.93,5.242,-1.149,246000.0,4245000.0,1.0,4999154.0,5002000.0,5018000.0,0.859,7103000.0,0.0,-28000.0,0.0,1.42,4067000.0
3,BVSN,MRT,2018-12-31,2018-12-31,2018-12-31,2021-01-08,-1435000.0,3853000.0,6940750.0,3742000.0,111000.0,0.728,0.28,-15000.0,2574000.0,2574000.0,1958000.0,-7000000.0,1.973,1.75,0.0,0.0,0.0,0.0,321000.0,22000.0,0.0,0.0,0.0,-7031000.0,-7009000.0,-1.388,-7009000.0,-7031000.0,-7031000.0,-1.4,-1.4,-1.4,1401000.0,3827500.0,1401000.0,1350036.0,0.0,-0.193,-7119000.0,-1.425,1.0,3093000.0,0.612,0.0,0.0,-618000.0,-605250.0,0.0,0.0,0.0,0.0,2452000.0,1897000.0,555000.0,5699036.0,-5986000.0,0.0,10000.0,0.0,0.0,10000.0,985000.0,1000000.0,-7104000.0,123000.0,-7000000.0,-7000000.0,-7000000.0,0.0,0.0,-1.386,9937000.0,-6844000.0,215000.0,0.0,4.068,-0.814,-0.814,15000.0,0.0,1.14,1.128,1.128,331000.0,-1269113000.0,5051000.0,5051000.0,5020000.0,-1.009,-1.829,11.617,-1.392,354000.0,4917000.0,1.0,4999154.0,4997000.0,4997000.0,1.011,3853000.0,0.0,-31000.0,0.0,0.771,1845000.0
4,BVSN,MRT,2018-09-30,2018-09-30,2018-09-30,2021-01-08,-1452000.0,5874000.0,8972250.0,5638000.0,236000.0,0.565,0.592,-1000.0,4349000.0,4349000.0,2060000.0,-7805000.0,2.43,0.984,0.0,0.0,0.0,0.0,507000.0,24000.0,0.0,0.0,0.0,-7917000.0,-7893000.0,-1.557,-7893000.0,-7917000.0,-7917000.0,-1.56,-1.56,-1.56,2961000.0,5304500.0,2961000.0,3086265.0,0.0,-0.391,-8045000.0,-1.61,1.0,3008000.0,0.594,0.0,0.0,-795000.0,-617750.0,0.0,0.0,0.0,0.0,2913000.0,2320000.0,593000.0,9246265.0,-5978000.0,0.0,24000.0,0.0,0.0,24000.0,1996000.0,1997000.0,-8044000.0,46000.0,-7805000.0,-7805000.0,-7805000.0,1265000.0,0.0,-1.54,9593000.0,-6585000.0,335000.0,0.0,3.123,-1.185,-1.186,19000.0,0.0,1.85,1.824,1.824,320000.0,-1267481000.0,5068000.0,5068000.0,4503000.0,-0.87,-1.471,12.816,-1.562,429000.0,5090000.0,1.0,4997981.0,4998000.0,4998000.0,1.014,5874000.0,0.0,-112000.0,0.0,1.175,3318000.0
5,BVSN,MRT,2018-06-30,2018-06-30,2018-06-30,2021-01-08,-1481000.0,8019000.0,11102500.0,7778000.0,241000.0,0.521,0.916,-7000.0,6160000.0,6160000.0,2636000.0,-8591000.0,2.687,0.752,0.0,0.0,0.0,0.0,676000.0,28000.0,0.0,0.0,0.0,-8703000.0,-8675000.0,-1.501,-8675000.0,-8703000.0,-8703000.0,-1.72,-1.72,-1.72,4577000.0,6979750.0,4577000.0,2942658.0,0.0,-0.339,-9248000.0,-1.851,1.0,3144000.0,0.544,0.0,0.0,-1036000.0,-426500.0,0.0,0.0,0.0,0.0,3442000.0,2895000.0,547000.0,9838658.0,-5803000.0,0.0,39000.0,0.0,0.0,39000.0,3580000.0,3587000.0,-9241000.0,-181000.0,-8591000.0,-8591000.0,-8591000.0,0.0,0.0,-1.486,12052000.0,-8908000.0,423000.0,0.0,2.15,-1.145,-1.145,25000.0,0.0,1.969,1.702,1.702,579000.0,-1265767000.0,5780000.0,5780000.0,5929000.0,-0.774,-1.231,20.406,-1.506,624000.0,6123000.0,1.0,4996779.0,4997000.0,4997000.0,1.157,8019000.0,0.0,-112000.0,0.0,1.605,4883000.0
6,BVSN,MRT,2018-03-31,2018-03-31,2018-03-31,2021-01-08,-1740000.0,10017000.0,13547250.0,9763000.0,254000.0,0.454,1.275,-9000.0,6896000.0,6896000.0,2882000.0,-8793000.0,3.156,0.572,0.0,0.0,0.0,0.0,693000.0,30000.0,0.0,0.0,0.0,-8916000.0,-8886000.0,-1.444,-8886000.0,-8916000.0,-8916000.0,-1.77,-1.77,-1.77,6371000.0,8856000.0,6371000.0,3594567.0,0.0,-0.405,-8968000.0,-1.795,1.0,3270000.0,0.532,0.0,0.0,28000.0,57000.0,0.0,1000000.0,1000000.0,0.0,3646000.0,3093000.0,553000.0,13921567.0,-5333000.0,0.0,53000.0,0.0,0.0,53000.0,4270000.0,4279000.0,-8959000.0,-697000.0,-8793000.0,-8793000.0,-8793000.0,0.0,0.0,-1.429,12982000.0,-9712000.0,382000.0,0.0,2.185,-1.583,-1.576,32000.0,0.0,2.79,2.263,2.265,718000.0,-1263605000.0,6152000.0,6152000.0,6287000.0,-0.649,-0.993,-156.421,-1.449,747000.0,6695000.0,1.0,4989809.0,4995000.0,4995000.0,1.232,10017000.0,0.0,-123000.0,0.0,2.005,6670000.0
7,BVSN,MRT,2017-12-31,2017-12-31,2017-12-31,2021-01-08,-1558000.0,11979000.0,16194500.0,11736000.0,243000.0,0.393,1.469,-7000.0,8560000.0,8560000.0,3148000.0,-9899000.0,2.872,0.639,0.0,0.0,0.0,0.0,1187000.0,32000.0,0.0,0.0,0.0,-10011000.0,-9979000.0,-1.57,-9979000.0,-10011000.0,-10011000.0,-1.99,-1.99,-1.99,7309000.0,10877250.0,7309000.0,7636312.0,-1.0,-0.765,-9632000.0,-1.936,1.0,3209000.0,0.505,0.0,0.0,-668000.0,834500.0,0.0,1000000.0,1000000.0,0.0,4670000.0,4087000.0,583000.0,17963312.0,-3170000.0,0.0,79000.0,0.0,0.0,79000.0,6967000.0,6974000.0,-9625000.0,-591000.0,-9899000.0,-9899000.0,-9899000.0,0.0,0.0,-1.557,13972000.0,-10763000.0,434000.0,0.0,2.458,-1.815,-1.809,35000.0,0.0,3.6,2.826,2.817,1193000.0,-1262718000.0,6357000.0,6357000.0,6563000.0,-0.611,-0.91,-11.996,-1.575,857000.0,7409000.0,1.0,4989809.0,4975000.0,4975000.0,1.278,11979000.0,0.0,-112000.0,0.0,2.408,7649000.0
8,BVSN,MRT,2017-09-30,2017-09-30,2017-09-30,2021-01-08,-1498000.0,14395000.0,18698000.0,14205000.0,190000.0,0.371,1.938,-9000.0,10327000.0,10327000.0,3106000.0,-9851000.0,3.466,0.49,0.0,0.0,0.0,0.0,1092000.0,35000.0,0.0,0.0,0.0,-9844000.0,-9809000.0,-1.414,-9809000.0,-9844000.0,-9844000.0,-1.99,-1.99,-1.99,9662000.0,13265750.0,9662000.0,8394779.0,-1.0,-0.856,-9301000.0,-1.866,1.0,3830000.0,0.552,0.0,0.0,-30000.0,2468250.0,0.0,1997000.0,1997000.0,0.0,4733000.0,4098000.0,635000.0,20357779.0,1486000.0,0.0,88000.0,0.0,0.0,88000.0,10969000.0,10978000.0,-9292000.0,-279000.0,-9851000.0,-9851000.0,-9851000.0,0.0,0.0,-1.42,14025000.0,-10195000.0,370000.0,0.0,2.107,-2.067,-2.06,42000.0,0.0,4.1,2.935,2.947,751000.0,-1260281000.0,6936000.0,6936000.0,6707000.0,-0.527,-0.743,-3.988,-1.419,964000.0,7318000.0,1.0,4965312.0,4985000.0,4985000.0,1.391,14395000.0,0.0,7000.0,0.0,2.888,10107000.0
9,BVSN,MRT,2017-06-30,2017-06-30,2017-06-30,2021-01-08,-1300000.0,17798000.0,21142000.0,17604000.0,194000.0,0.352,2.432,-7000.0,11963000.0,11963000.0,3290000.0,-9791000.0,3.566,0.473,0.0,0.0,0.0,0.0,1493000.0,34000.0,0.0,0.0,0.0,-9774000.0,-9740000.0,-1.311,-9740000.0,-9774000.0,-9774000.0,-1.99,-1.99,-1.99,12082000.0,15592750.0,12082000.0,9841812.0,-1.0,-1.01,-9412000.0,-1.895,1.0,4142000.0,0.557,0.0,0.0,898000.0,5203750.0,0.0,3587000.0,3587000.0,0.0,5716000.0,4937000.0,779000.0,22070812.0,-3033000.0,0.0,114000.0,0.0,0.0,114000.0,6390000.0,6397000.0,-9405000.0,-132000.0,-9791000.0,-9791000.0,-9791000.0,0.0,0.0,-1.317,14111000.0,-9969000.0,391000.0,0.0,1.827,-2.254,-2.234,46000.0,0.0,4.445,2.97,2.971,934000.0,-1257779000.0,7432000.0,7432000.0,6789000.0,-0.463,-0.628,-1.878,-1.315,928000.0,7322000.0,1.0,4965312.0,4967000.0,4967000.0,1.496,17798000.0,0.0,17000.0,0.0,3.583,12667000.0
10,BVSN,MRT,2017-03-31,2017-03-31,2017-03-31,2021-01-08,-1043000.0,20606000.0,23500250.0,20404000.0,202000.0,0.329,2.916,-13000.0,12229000.0,12229000.0,3363000.0,-10032000.0,3.895,0.425,0.0,0.0,0.0,0.0,1672000.0,37000.0,0.0,0.0,0.0,-9999000.0,-9962000.0,-1.287,-9962000.0,-9999000.0,-9999000.0,-2.04,-2.04,-2.04,14456000.0,17870500.0,14456000.0,13467607.0,-1.0,-1.352,-10022000.0,-2.021,1.0,4376000.0,0.565,0.0,0.0,3138000.0,6734000.0,0.0,5278000.0,5278000.0,0.0,6150000.0,5239000.0,911000.0,25197607.0,4814000.0,0.0,168000.0,0.0,0.0,168000.0,14578000.0,14591000.0,-10009000.0,77000.0,-10032000.0,-10032000.0,-10032000.0,0.0,0.0,-1.296,14391000.0,-10015000.0,433000.0,0.0,1.743,-2.512,-2.492,53000.0,0.0,5.083,3.256,3.256,1507000.0,-1255417000.0,7739000.0,7739000.0,6837000.0,-0.427,-0.561,-1.485,-1.292,909000.0,7554000.0,1.0,4957524.0,4958000.0,4958000.0,1.561,20606000.0,0.0,33000.0,0.0,4.156,15165000.0
11,BVSN,MRT,2016-12-31,2016-12-31,2016-12-31,2021-01-08,-967000.0,21993000.0,25773000.0,21786000.0,207000.0,0.308,3.425,-14000.0,11730000.0,11730000.0,3324000.0,-9485000.0,4.956,0.304,0.0,0.0,0.0,0.0,1260000.0,41000.0,0.0,0.0,0.0,-9437000.0,-9396000.0,-1.183,-9396000.0,-9437000.0,-9437000.0,-1.93,-1.93,-1.93,16863000.0,20147500.0,16863000.0,14169469.0,-2.0,-1.508,-9621000.0,-1.954,1.0,4616000.0,0.581,0.0,0.0,5867000.0,10196250.0,0.0,7974000.0,7974000.0,0.0,5130000.0,4396000.0,734000.0,23010469.0,2130000.0,0.0,192000.0,0.0,0.0,192000.0,11543000.0,11557000.0,-9607000.0,2000.0,-9485000.0,-9485000.0,-9485000.0,0.0,0.0,-1.195,14570000.0,-9954000.0,377000.0,0.0,1.365,-2.426,-2.409,60000.0,0.0,4.65,2.898,2.884,896000.0,-1252819000.0,7940000.0,7940000.0,6901000.0,-0.368,-0.471,-0.926,-1.189,875000.0,7669000.0,1.0,4948488.0,4924000.0,4924000.0,1.613,21993000.0,0.0,48000.0,0.0,4.466,17390000.0
12,BVSN,MRT,2016-09-30,2016-09-30,2016-09-30,2021-01-08,-989000.0,24171000.0,28327250.0,23952000.0,219000.0,0.302,3.849,-16000.0,8841000.0,8841000.0,3728000.0,-10415000.0,5.421,0.274,0.0,0.0,0.0,0.0,1276000.0,44000.0,0.0,0.0,0.0,-10360000.0,-10316000.0,-1.205,-10316000.0,-10360000.0,-10360000.0,-2.14,-2.14,-2.14,18970000.0,22309000.0,18970000.0,11648632.0,-1.0,-1.129,-10609000.0,-2.153,1.0,4831000.0,0.564,0.0,0.0,10912000.0,12936250.0,0.0,12975000.0,12975000.0,0.0,5201000.0,4418000.0,783000.0,26644632.0,-3228000.0,0.0,223000.0,0.0,0.0,223000.0,7180000.0,7196000.0,-10593000.0,-38000.0,-10415000.0,-10415000.0,-10415000.0,0.0,0.0,-1.217,15100000.0,-10269000.0,503000.0,0.0,1.405,-2.558,-2.521,68000.0,0.0,5.395,3.113,3.106,925000.0,-1250430000.0,8559000.0,8559000.0,7001000.0,-0.368,-0.467,-0.801,-1.21,835000.0,8099000.0,1.0,4938764.0,4928000.0,4928000.0,1.737,24171000.0,0.0,55000.0,0.0,4.905,19534000.0
13,BVSN,MRT,2016-06-30,2016-06-30,2016-06-30,2021-01-08,-938000.0,27231000.0,30989750.0,27005000.0,226000.0,0.28,4.313,-22000.0,14996000.0,14996000.0,3534000.0,-10040000.0,5.177,0.285,0.0,0.0,0.0,0.0,1625000.0,52000.0,0.0,0.0,0.0,-9994000.0,-9942000.0,-1.144,-9942000.0,-9994000.0,-9994000.0,-2.06,-2.06,-2.06,21193000.0,24703500.0,21193000.0,25179724.0,-3.0,-2.533,-10324000.0,-2.101,1.0,5156000.0,0.593,0.0,0.0,7019000.0,14593000.0,0.0,9983000.0,9983000.0,0.0,6038000.0,5216000.0,822000.0,32594724.0,-295000.0,0.0,250000.0,0.0,0.0,250000.0,9965000.0,9987000.0,-10302000.0,-208000.0,-10040000.0,-10040000.0,-10040000.0,0.0,0.0,-1.155,15401000.0,-10245000.0,548000.0,0.0,1.538,-3.246,-3.218,73000.0,0.0,6.63,3.751,3.749,903000.0,-1247988000.0,8690000.0,8690000.0,7010000.0,-0.324,-0.406,-0.685,-1.15,897000.0,8391000.0,1.0,4916248.0,4914000.0,4914000.0,1.768,27231000.0,0.0,46000.0,0.0,5.542,21789000.0
14,BVSN,MRT,2016-03-31,2016-03-31,2016-03-31,2021-01-08,-890000.0,29697000.0,33618750.0,29475000.0,222000.0,0.266,4.813,-15000.0,7415000.0,7415000.0,3541000.0,-9933000.0,5.567,0.26,0.0,0.0,0.0,0.0,1664000.0,62000.0,0.0,0.0,0.0,-9892000.0,-9830000.0,-1.098,-9830000.0,-9892000.0,-9892000.0,-2.04,-2.04,-2.04,23564000.0,27024750.0,23564000.0,25373808.0,-3.0,-2.581,-9102000.0,-1.859,1.0,5414000.0,0.605,0.0,0.0,16987000.0,16930750.0,0.0,19870000.0,19870000.0,0.0,6133000.0,5295000.0,838000.0,37442808.0,-17663000.0,0.0,255000.0,0.0,0.0,255000.0,-8682000.0,-8667000.0,-9087000.0,-149000.0,-9933000.0,-9933000.0,-9933000.0,0.0,0.0,-1.109,15602000.0,-10188000.0,494000.0,0.0,1.589,-3.77,-3.76,77000.0,0.0,7.67,4.181,4.193,1029000.0,-1245385000.0,8955000.0,8955000.0,7104000.0,-0.295,-0.368,-0.584,-1.105,976000.0,8498000.0,1.0,4881722.0,4896000.0,4896000.0,1.829,29697000.0,0.0,41000.0,0.0,6.066,24180000.0
15,BVSN,MRT,2015-12-31,2015-12-31,2015-12-31,2021-01-08,-739000.0,32210000.0,36176500.0,31980000.0,230000.0,0.261,5.252,-16000.0,9600000.0,9600000.0,3493000.0,-11437000.0,5.53,0.263,0.0,0.0,0.0,0.0,1518000.0,77000.0,0.0,0.0,0.0,-11408000.0,-11331000.0,-1.2,-11331000.0,-11408000.0,-11408000.0,-2.36,-2.36,-2.36,25509000.0,29283000.0,25509000.0,17221332.0,-2.0,-1.52,-8400000.0,-1.729,1.0,5949000.0,0.63,0.0,0.0,16827000.0,14861250.0,0.0,19531000.0,19531000.0,0.0,6701000.0,5783000.0,918000.0,29290332.0,-15341000.0,0.0,275000.0,0.0,0.0,275000.0,-7409000.0,-7393000.0,-8384000.0,177000.0,-11437000.0,-11437000.0,-11437000.0,0.0,0.0,-1.211,15609000.0,-9660000.0,551000.0,0.0,1.148,-2.561,-2.542,87000.0,0.0,6.0,3.102,3.086,1751000.0,-1243334000.0,9442000.0,9442000.0,7219000.0,-0.316,-0.391,-0.768,-1.208,1064000.0,8390000.0,1.0,4881722.0,4857000.0,4857000.0,1.944,32210000.0,0.0,29000.0,0.0,6.632,26197000.0
16,BVSN,MRT,2015-09-30,2015-09-30,2015-09-30,2021-01-08,-768000.0,34821000.0,38580500.0,34531000.0,290000.0,0.287,5.868,-16000.0,12069000.0,12069000.0,3356000.0,-9674000.0,6.624,0.22,0.0,0.0,0.0,0.0,1550000.0,93000.0,0.0,0.0,0.0,-9560000.0,-9467000.0,-0.855,-9467000.0,-9560000.0,-9560000.0,-2.0,-2.0,-2.0,28548000.0,31809000.0,28548000.0,13898208.0,-1.0,-1.468,-7649000.0,-1.572,1.0,7715000.0,0.697,0.0,0.0,17539000.0,13516000.0,0.0,20171000.0,20171000.0,0.0,6273000.0,5213000.0,1060000.0,29189208.0,-15345000.0,0.0,263000.0,0.0,0.0,263000.0,-7983000.0,-7967000.0,-7633000.0,8000.0,-9674000.0,-9674000.0,-9674000.0,0.0,0.0,-0.874,15706000.0,-7991000.0,461000.0,0.0,1.022,-3.017,-3.0,96000.0,0.0,6.0,2.637,2.637,811000.0,-1240015000.0,11071000.0,11071000.0,7278000.0,-0.251,-0.304,-0.707,-0.864,1097000.0,8428000.0,1.0,4864787.0,4865000.0,4865000.0,2.276,34821000.0,0.0,114000.0,0.0,7.157,29318000.0
17,BVSN,MRT,2015-06-30,2015-06-30,2015-06-30,2021-01-08,-547000.0,37747000.0,40740750.0,37448000.0,299000.0,0.297,6.285,-13000.0,15291000.0,15291000.0,3762000.0,-10860000.0,6.153,0.238,0.0,0.0,0.0,0.0,1758000.0,111000.0,0.0,0.0,0.0,-10716000.0,-10605000.0,-0.875,-10605000.0,-10716000.0,-10716000.0,-2.26,-2.26,-2.26,30478000.0,33885500.0,30478000.0,4061142.0,0.0,-0.383,-9238000.0,-1.905,1.0,8352000.0,0.689,0.0,0.0,16370000.0,11697750.0,0.0,19971000.0,19971000.0,0.0,7269000.0,6086000.0,1183000.0,29139142.0,-16191000.0,0.0,276000.0,0.0,0.0,276000.0,-7517000.0,-7504000.0,-9225000.0,275000.0,-10860000.0,-10860000.0,-10860000.0,0.0,0.0,-0.896,15941000.0,-7589000.0,555000.0,0.0,0.956,-2.683,-2.659,103000.0,0.0,6.01,2.405,2.406,804000.0,-1237948000.0,12114000.0,12114000.0,7362000.0,-0.267,-0.32,-0.916,-0.885,1096000.0,8579000.0,1.0,4848443.0,4849000.0,4849000.0,2.498,37747000.0,0.0,144000.0,0.0,7.784,31362000.0
18,BVSN,MRT,2015-03-31,2015-03-31,2015-03-31,2021-01-08,-558000.0,39928000.0,43198500.0,39604000.0,324000.0,0.303,6.745,-20000.0,25078000.0,25078000.0,4283000.0,-10697000.0,6.449,0.225,0.0,0.0,0.0,0.0,1887000.0,119000.0,0.0,0.0,0.0,-10528000.0,-10409000.0,-0.795,-10409000.0,-10528000.0,-10528000.0,-2.24,-2.24,-2.24,32597000.0,36188500.0,32597000.0,4303644.0,0.0,-0.413,-10187000.0,-2.108,1.0,8804000.0,0.673,0.0,0.0,8709000.0,9852500.0,0.0,11203000.0,11203000.0,0.0,7331000.0,6141000.0,1190000.0,29244644.0,-9773000.0,0.0,309000.0,0.0,0.0,309000.0,-191000.0,-171000.0,-10167000.0,276000.0,-10697000.0,-10697000.0,-10697000.0,0.0,0.0,-0.817,15977000.0,-7173000.0,729000.0,0.0,0.897,-2.734,-2.702,124000.0,0.0,6.052,2.235,2.235,2023000.0,-1235452000.0,13087000.0,13087000.0,7340000.0,-0.248,-0.296,-1.069,-0.804,1039000.0,8637000.0,1.0,4832228.0,4833000.0,4833000.0,2.708,39928000.0,0.0,169000.0,0.0,8.262,33463000.0
19,BVSN,MRT,2014-12-31,2014-12-31,2014-12-31,2021-01-08,-733000.0,41826000.0,45809250.0,41484000.0,342000.0,0.297,7.421,-24000.0,24941000.0,24941000.0,4555000.0,-9481000.0,7.627,0.174,0.0,0.0,0.0,0.0,1638000.0,118000.0,0.0,0.0,0.0,-9324000.0,-9206000.0,-0.678,-9206000.0,-9324000.0,-9324000.0,-1.98,-1.98,-1.98,35613000.0,38457000.0,35613000.0,1615301.0,0.0,-0.175,-10002000.0,-2.084,1.0,9030000.0,0.665,0.0,0.0,11446000.0,9581750.0,0.0,12138000.0,12138000.0,0.0,6213000.0,5439000.0,774000.0,29029301.0,-11924000.0,0.0,557000.0,0.0,0.0,557000.0,-2626000.0,-2602000.0,-9978000.0,123000.0,-9481000.0,-9481000.0,-9481000.0,0.0,0.0,-0.698,16427000.0,-7397000.0,482000.0,0.0,0.815,-3.062,-3.04,148000.0,0.0,6.02,2.137,2.127,3286000.0,-1231897000.0,13585000.0,13585000.0,7311000.0,-0.207,-0.247,-0.973,-0.686,1000000.0,9116000.0,1.0,4822143.0,4799000.0,4799000.0,2.831,41826000.0,0.0,157000.0,0.0,8.716,36045000.0
20,BVSN,MRT,2014-09-30,2014-09-30,2014-09-30,2021-01-08,-776000.0,43462000.0,48255000.0,43085000.0,377000.0,0.269,7.662,-32000.0,27414000.0,27414000.0,4773000.0,-9259000.0,7.452,0.179,0.0,0.0,0.0,0.0,1886000.0,118000.0,0.0,0.0,0.0,-9155000.0,-9037000.0,-0.696,-9037000.0,-9155000.0,-9155000.0,-1.94,-1.94,-1.94,36854000.0,40407250.0,36854000.0,11561772.0,-1.0,-1.279,-8819000.0,-1.833,1.0,8218000.0,0.633,0.0,0.0,10266000.0,8552000.0,0.0,12203000.0,12203000.0,0.0,6608000.0,5782000.0,826000.0,43043772.0,-11596000.0,0.0,611000.0,0.0,0.0,611000.0,-3539000.0,-3507000.0,-8787000.0,119000.0,-9259000.0,-9259000.0,-9259000.0,0.0,0.0,-0.713,16332000.0,-8114000.0,490000.0,0.0,1.168,-4.649,-4.613,173000.0,0.0,8.95,3.313,3.314,2177000.0,-1230341000.0,12991000.0,12991000.0,7189000.0,-0.192,-0.229,-1.071,-0.705,1024000.0,9143000.0,1.0,4809360.0,4810000.0,4810000.0,2.701,43462000.0,0.0,104000.0,0.0,9.036,37303000.0
21,BVSN,MRT,2014-06-30,2014-06-30,2014-06-30,2021-01-08,-822000.0,47578000.0,50383250.0,47170000.0,408000.0,0.274,8.279,-34000.0,31482000.0,31482000.0,4949000.0,-6854000.0,6.637,0.199,0.0,0.0,0.0,0.0,2194000.0,121000.0,0.0,0.0,0.0,-6722000.0,-6601000.0,-0.477,-6601000.0,-6722000.0,-6722000.0,-1.44,-1.44,-1.44,39690000.0,42283750.0,39690000.0,11176771.0,-2.0,-1.693,-6293000.0,-1.313,1.0,8881000.0,0.642,0.0,0.0,8989000.0,7544000.0,0.0,12466000.0,12466000.0,0.0,7888000.0,7107000.0,781000.0,46027771.0,-9894000.0,0.0,704000.0,0.0,0.0,704000.0,-4411000.0,-4377000.0,-6259000.0,72000.0,-6854000.0,-6854000.0,-6854000.0,0.0,0.0,-0.496,16265000.0,-7384000.0,532000.0,0.0,1.16,-6.715,-6.666,201000.0,0.0,9.599,3.328,3.327,1890000.0,-1227088000.0,13830000.0,13830000.0,7132000.0,-0.136,-0.162,-0.891,-0.486,924000.0,9133000.0,1.0,4795059.0,4794000.0,4794000.0,2.885,47578000.0,0.0,132000.0,0.0,9.924,40063000.0
22,BVSN,MRT,2014-03-31,2014-03-31,2014-03-31,2021-01-08,-834000.0,50371000.0,51792000.0,49951000.0,420000.0,0.285,8.736,-68000.0,34851000.0,34851000.0,4674000.0,-5613000.0,6.328,0.209,0.0,0.0,0.0,0.0,2545000.0,127000.0,0.0,0.0,0.0,-5502000.0,-5375000.0,-0.364,-5375000.0,-5502000.0,-5502000.0,-1.18,-1.18,-1.18,41671000.0,43572250.0,41671000.0,15979780.0,-3.0,-2.973,-6199000.0,-1.3,1.0,10076000.0,0.683,0.0,0.0,7626000.0,6395750.0,0.0,11031000.0,11031000.0,0.0,8700000.0,7894000.0,806000.0,52844780.0,6996000.0,0.0,695000.0,0.0,0.0,695000.0,12455000.0,12523000.0,-6131000.0,-23000.0,-5613000.0,-5613000.0,-5613000.0,0.0,0.0,-0.381,16625000.0,-6549000.0,443000.0,0.0,1.268,-9.415,-9.373,222000.0,0.0,11.06,3.583,3.577,2660000.0,-1224755000.0,14750000.0,14750000.0,7193000.0,-0.108,-0.129,-0.86,-0.373,838000.0,9432000.0,1.0,4778009.0,4770000.0,4770000.0,3.092,50371000.0,0.0,111000.0,0.0,10.56,42057000.0
23,BVSN,MRT,2013-12-31,2013-12-31,2013-12-31,2021-01-08,-856000.0,51609000.0,53055000.0,51171000.0,438000.0,0.294,9.212,-70000.0,36865000.0,36865000.0,4841000.0,-5422000.0,6.899,0.189,0.0,0.0,0.0,0.0,2507000.0,134000.0,0.0,0.0,0.0,-5300000.0,-5166000.0,-0.331,-5166000.0,-5300000.0,-5300000.0,-1.15,-1.15,-1.15,43414000.0,44598250.0,43414000.0,6838302.0,-1.0,-1.324,-6362000.0,-1.35,1.0,10758000.0,0.69,0.0,0.0,7327000.0,9211250.0,0.0,9535000.0,9535000.0,0.0,8195000.0,7417000.0,778000.0,45848302.0,13076000.0,0.0,484000.0,0.0,0.0,484000.0,18886000.0,18956000.0,-6292000.0,-2000.0,-5422000.0,-5422000.0,-5422000.0,0.0,0.0,-0.348,16535000.0,-5777000.0,503000.0,0.0,1.056,-8.456,-8.4,242000.0,0.0,9.66,2.939,2.919,3533000.0,-1222416000.0,15599000.0,15599000.0,7067000.0,-0.102,-0.122,-0.575,-0.34,697000.0,9468000.0,1.0,4746201.0,4713000.0,4713000.0,3.31,51609000.0,0.0,122000.0,0.0,10.95,43754000.0
24,BVSN,MRT,2013-09-30,2013-09-30,2013-09-30,2021-01-08,-895000.0,51975000.0,54624250.0,51514000.0,461000.0,0.292,9.398,-71000.0,39010000.0,39010000.0,4925000.0,-5234000.0,7.653,0.172,0.0,0.0,0.0,0.0,2018000.0,138000.0,0.0,0.0,0.0,-5126000.0,-4988000.0,-0.313,-4988000.0,-5126000.0,-5126000.0,-1.12,-1.12,-1.12,44360000.0,45659000.0,44360000.0,3428537.0,-1.0,-0.687,-4820000.0,-1.021,1.0,11036000.0,0.691,0.0,0.0,6234000.0,13643250.0,0.0,8697000.0,8697000.0,0.0,7615000.0,6731000.0,884000.0,44804537.0,21863000.0,0.0,484000.0,0.0,0.0,484000.0,26119000.0,26190000.0,-4749000.0,9000.0,-5234000.0,-5234000.0,-5234000.0,0.0,0.0,-0.328,16763000.0,-5727000.0,580000.0,0.0,1.01,-8.56,-8.482,259000.0,0.0,9.5,2.807,2.809,2506000.0,-1221082000.0,15961000.0,15961000.0,6967000.0,-0.096,-0.115,-0.376,-0.321,579000.0,9796000.0,1.0,4716267.0,4720000.0,4720000.0,3.382,51975000.0,0.0,108000.0,0.0,11.012,44783000.0
25,BVSN,MRT,2013-06-30,2013-06-30,2013-06-30,2021-01-08,-894000.0,53213000.0,55845500.0,52726000.0,487000.0,0.28,9.537,-83000.0,41376000.0,41376000.0,4841000.0,-4452000.0,7.086,0.187,0.0,0.0,0.0,0.0,2297000.0,136000.0,0.0,0.0,0.0,-4329000.0,-4193000.0,-0.268,-4193000.0,-4329000.0,-4329000.0,-0.95,-0.95,-0.95,44844000.0,46699000.0,44844000.0,12812664.0,-3.0,-3.056,-3760000.0,-0.8,1.0,10784000.0,0.69,0.0,0.0,4396000.0,19958500.0,0.0,8089000.0,8089000.0,0.0,8369000.0,7441000.0,928000.0,40667664.0,30223000.0,0.0,408000.0,0.0,0.0,408000.0,33428000.0,33511000.0,-3677000.0,64000.0,-4452000.0,-4452000.0,-4452000.0,0.0,0.0,-0.285,16478000.0,-5694000.0,565000.0,0.0,0.907,-9.135,-9.105,287000.0,0.0,8.65,2.603,2.603,2085000.0,-1220234000.0,15625000.0,15625000.0,6746000.0,-0.08,-0.095,-0.217,-0.277,623000.0,9732000.0,1.0,4701464.0,4702000.0,4702000.0,3.323,53213000.0,0.0,123000.0,0.0,11.317,45285000.0
26,BVSN,MRT,2013-03-31,2013-03-31,2013-03-31,2021-01-08,-811000.0,55423000.0,56984250.0,54939000.0,484000.0,0.266,9.768,-249000.0,27855000.0,27855000.0,4907000.0,-5853000.0,6.329,0.211,0.0,0.0,0.0,0.0,2359000.0,123000.0,0.0,0.0,0.0,-5689000.0,-5566000.0,-0.367,-5566000.0,-5689000.0,-5689000.0,-1.26,-1.26,-1.26,45775000.0,47538250.0,45775000.0,17487753.0,-3.0,-3.142,-5170000.0,-1.103,1.0,10241000.0,0.676,0.0,0.0,18888000.0,28138250.0,0.0,23555000.0,23555000.0,0.0,9648000.0,8680000.0,968000.0,41276753.0,-10785000.0,0.0,466000.0,0.0,0.0,466000.0,-6372000.0,-6123000.0,-4921000.0,42000.0,-5853000.0,-5853000.0,-5853000.0,0.0,0.0,-0.386,16326000.0,-6085000.0,867000.0,0.0,0.902,-7.052,-6.992,282000.0,0.0,8.81,2.725,2.725,2382000.0,-1219142000.0,15148000.0,15148000.0,6514000.0,-0.103,-0.123,-0.202,-0.376,601000.0,9810000.0,1.0,4685216.0,4686000.0,4686000.0,3.233,55423000.0,0.0,164000.0,0.0,11.827,46259000.0
27,BVSN,MRT,2012-12-31,2012-12-31,2012-12-31,2021-01-08,-854000.0,57886000.0,58401750.0,57374000.0,512000.0,0.259,10.275,-281000.0,23789000.0,23789000.0,5002000.0,-5052000.0,6.345,0.215,0.0,0.0,0.0,0.0,2342000.0,117000.0,0.0,0.0,0.0,-4918000.0,-4801000.0,-0.317,-4801000.0,-4918000.0,-4918000.0,-1.09,-1.09,-1.09,47657000.0,48727750.0,47657000.0,23573141.0,-5.0,-4.91,-5287000.0,-1.14,1.0,10124000.0,0.669,0.0,0.0,25055000.0,26369000.0,0.0,28492000.0,28492000.0,0.0,10229000.0,9042000.0,1187000.0,41758141.0,-21616000.0,0.0,2167000.0,0.0,0.0,2167000.0,-18937000.0,-18656000.0,-5006000.0,160000.0,-5052000.0,-5052000.0,-5052000.0,0.0,0.0,-0.334,16299000.0,-6175000.0,679000.0,0.0,0.876,-8.266,-8.202,306000.0,0.0,8.94,2.761,2.741,4018000.0,-1216994000.0,15126000.0,15126000.0,6445000.0,-0.087,-0.104,-0.187,-0.325,612000.0,9842000.0,1.0,4670933.0,4638000.0,4638000.0,3.261,57886000.0,0.0,134000.0,0.0,12.481,48332000.0
28,BVSN,MRT,2012-09-30,2012-09-30,2012-09-30,2021-01-08,-904000.0,56860000.0,59180750.0,56313000.0,547000.0,0.258,10.419,-276000.0,18185000.0,18185000.0,4940000.0,-5719000.0,7.843,0.172,0.0,0.0,0.0,0.0,1756000.0,121000.0,0.0,0.0,0.0,-5587000.0,-5466000.0,-0.358,-5466000.0,-5587000.0,-5587000.0,-1.24,-1.24,-1.24,48520000.0,49256000.0,48520000.0,31452488.0,-6.0,-5.754,-7837000.0,-1.683,1.0,10307000.0,0.676,0.0,0.0,31495000.0,21175000.0,0.0,34886000.0,34886000.0,0.0,8340000.0,7180000.0,1160000.0,43634488.0,-20662000.0,0.0,2158000.0,0.0,0.0,2158000.0,-15358000.0,-15082000.0,-7561000.0,99000.0,-5719000.0,-5719000.0,-5719000.0,0.0,0.0,-0.375,16219000.0,-5912000.0,651000.0,0.0,0.899,-7.63,-7.556,328000.0,0.0,9.37,2.862,2.862,2150000.0,-1215848000.0,15247000.0,15247000.0,6106000.0,-0.097,-0.116,-0.264,-0.366,594000.0,9779000.0,1.0,4656829.0,4657000.0,4657000.0,3.274,56860000.0,0.0,132000.0,0.0,12.21,49133000.0
29,BVSN,MRT,2012-06-30,2012-06-30,2012-06-30,2021-01-08,-958000.0,57768000.0,60320750.0,57208000.0,560000.0,0.263,10.384,-269000.0,12182000.0,12182000.0,5217000.0,-7294000.0,6.753,0.198,0.0,0.0,0.0,0.0,2347000.0,123000.0,0.0,0.0,0.0,-7218000.0,-7095000.0,-0.447,-7095000.0,-7218000.0,-7218000.0,-1.59,-1.59,-1.59,48201000.0,49973250.0,48201000.0,14222495.0,-2.0,-2.005,-9128000.0,-1.966,1.0,10649000.0,0.671,0.0,0.0,37115000.0,16728250.0,0.0,40816000.0,40816000.0,0.0,9567000.0,8471000.0,1096000.0,53884495.0,-24123000.0,0.0,2130000.0,0.0,0.0,2130000.0,-17234000.0,-16965000.0,-8859000.0,-160000.0,-7294000.0,-7294000.0,-7294000.0,0.0,0.0,-0.46,16358000.0,-5709000.0,505000.0,0.0,1.118,-7.388,-7.302,342000.0,0.0,11.61,3.396,3.397,2800000.0,-1215782000.0,15866000.0,15866000.0,6071000.0,-0.121,-0.146,-0.431,-0.455,472000.0,9904000.0,1.0,4641214.0,4642000.0,4642000.0,3.418,57768000.0,0.0,76000.0,0.0,12.445,48737000.0
30,BVSN,MRT,2012-03-31,2012-03-31,2012-03-31,2021-01-08,-853000.0,61093000.0,62069000.0,60795000.0,298000.0,0.262,11.031,-60000.0,39662000.0,39662000.0,5566000.0,-6343000.0,6.32,0.209,0.0,0.0,0.0,0.0,2596000.0,140000.0,0.0,0.0,0.0,-6280000.0,-6140000.0,-0.378,-6140000.0,-6280000.0,-6280000.0,-1.39,-1.39,-1.39,50533000.0,51186000.0,50533000.0,84423656.0,-13.0,-13.75,-7757000.0,-1.693,1.0,10689000.0,0.658,0.0,0.0,11811000.0,12000250.0,0.0,16647000.0,16647000.0,0.0,10560000.0,9620000.0,940000.0,130850656.0,3618000.0,0.0,2061000.0,0.0,0.0,2061000.0,9203000.0,9263000.0,-7697000.0,51000.0,-6343000.0,-6343000.0,-6343000.0,0.0,0.0,-0.39,16592000.0,-5903000.0,695000.0,0.0,2.589,-20.629,-20.475,156000.0,0.0,28.46,8.05,8.021,3159000.0,-1213289000.0,16255000.0,16255000.0,6125000.0,-0.102,-0.124,-0.523,-0.386,424000.0,9748000.0,1.0,4597704.0,4581000.0,4581000.0,3.548,61093000.0,0.0,63000.0,0.0,13.336,51175000.0
31,BVSN,MRT,2011-12-31,2011-12-31,2011-12-31,2021-01-08,-1014000.0,61002000.0,63802250.0,60715000.0,287000.0,0.275,11.06,-33000.0,46427000.0,46427000.0,6013000.0,-5389000.0,5.897,0.226,0.0,0.0,0.0,0.0,2665000.0,154000.0,0.0,0.0,0.0,-5268000.0,-5114000.0,-0.291,-5114000.0,-5268000.0,-5268000.0,-1.2,-1.2,-1.2,49770000.0,52133750.0,49770000.0,10581454.0,-2.0,-2.069,-6635000.0,-1.474,1.0,11541000.0,0.657,0.0,0.0,4279000.0,14092250.0,0.0,9009000.0,9009000.0,0.0,11232000.0,10296000.0,936000.0,49403454.0,12439000.0,0.0,350000.0,0.0,0.0,350000.0,18815000.0,18848000.0,-6602000.0,-124000.0,-5389000.0,-5389000.0,-5389000.0,0.0,0.0,-0.307,17091000.0,-5550000.0,595000.0,0.0,0.993,-9.167,-9.117,143000.0,0.0,10.94,2.814,2.804,4100000.0,-1211942000.0,17554000.0,17554000.0,6356000.0,-0.084,-0.103,-0.374,-0.3,576000.0,9925000.0,1.0,4515855.0,4500000.0,4500000.0,3.901,61002000.0,0.0,121000.0,0.0,13.556,50419000.0
32,BVSN,MRT,2011-09-30,2011-09-30,2011-09-30,2021-01-08,-1003000.0,61420000.0,65589750.0,61107000.0,313000.0,0.281,11.407,-70000.0,38822000.0,38822000.0,6284000.0,-3296000.0,6.874,0.195,0.0,0.0,0.0,0.0,2043000.0,157000.0,0.0,0.0,0.0,-3287000.0,-3130000.0,-0.17,-3130000.0,-3287000.0,-3287000.0,-0.73,-0.73,-0.73,51389000.0,53280500.0,51389000.0,2950978.0,-1.0,-0.943,-5479000.0,-1.216,1.0,12162000.0,0.659,0.0,0.0,13708000.0,18901750.0,0.0,18978000.0,18978000.0,0.0,10031000.0,8890000.0,1141000.0,39239978.0,5037000.0,0.0,357000.0,0.0,0.0,357000.0,10093000.0,10163000.0,-5409000.0,-4000.0,-3296000.0,-3296000.0,-3296000.0,0.0,0.0,-0.179,17148000.0,-4986000.0,642000.0,0.0,0.764,-11.905,-11.932,172000.0,0.0,8.71,2.127,2.127,2107000.0,-1210129000.0,18446000.0,18446000.0,6563000.0,-0.05,-0.062,-0.174,-0.178,707000.0,9991000.0,1.0,4505164.0,4505000.0,4505000.0,4.095,61420000.0,0.0,9000.0,0.0,13.634,52217000.0
33,BVSN,MRT,2011-06-30,2011-06-30,2011-06-30,2021-01-08,-798000.0,64761000.0,67358750.0,64428000.0,333000.0,0.288,11.802,-59000.0,36289000.0,36289000.0,6384000.0,-173000.0,6.274,0.221,0.0,0.0,0.0,0.0,2394000.0,160000.0,0.0,0.0,0.0,60000.0,220000.0,0.011,220000.0,60000.0,60000.0,-0.04,-0.04,-0.04,53052000.0,53839500.0,53052000.0,20200955.0,337.0,91.823,-3455000.0,-0.769,1.0,13000000.0,0.671,0.0,0.0,18203000.0,21336000.0,0.0,23808000.0,23808000.0,0.0,11709000.0,10269000.0,1440000.0,56222955.0,6605000.0,0.0,359000.0,0.0,0.0,359000.0,9424000.0,9483000.0,-3396000.0,218000.0,-173000.0,-173000.0,-173000.0,0.0,0.0,-0.009,18162000.0,-5162000.0,665000.0,0.0,1.06,-324.988,-312.75,196000.0,0.0,12.51,2.9,2.901,3045000.0,-1208488000.0,19384000.0,19384000.0,6778000.0,-0.003,-0.003,0.003,0.003,917000.0,10741000.0,1.0,4494241.0,4495000.0,4495000.0,4.312,64761000.0,0.0,233000.0,0.0,14.407,54159000.0
34,BVSN,MRT,2011-03-31,2011-03-31,2011-03-31,2021-01-08,-904000.0,68026000.0,68000750.0,66650000.0,1376000.0,0.31,12.11,-62000.0,36022000.0,36022000.0,6501000.0,-1008000.0,5.636,0.252,0.0,0.0,0.0,0.0,2565000.0,163000.0,0.0,0.0,0.0,-718000.0,-555000.0,-0.026,-555000.0,-718000.0,-718000.0,-0.23,-0.23,-0.23,54324000.0,53509500.0,54324000.0,31928842.0,-44.0,-57.529,-3875000.0,-0.864,1.0,14559000.0,0.691,0.0,0.0,20179000.0,23117000.0,0.0,25868000.0,25868000.0,0.0,13702000.0,11825000.0,1877000.0,64894842.0,10655000.0,0.0,423000.0,0.0,0.0,423000.0,13825000.0,13887000.0,-3813000.0,220000.0,-1008000.0,-1008000.0,-1008000.0,0.0,0.0,-0.048,18754000.0,-4195000.0,974000.0,0.0,1.195,-64.38,-62.957,238000.0,0.0,14.48,3.081,3.084,4283000.0,-1206946000.0,21060000.0,21060000.0,7020000.0,-0.015,-0.019,-0.031,-0.034,1090000.0,11309000.0,1.0,4481688.0,4486000.0,4486000.0,4.695,68026000.0,0.0,290000.0,0.0,15.164,54825000.0
35,BVSN,MRT,2010-12-31,2010-12-31,2010-12-31,2021-01-08,-890000.0,68152000.0,68660750.0,66569000.0,1583000.0,0.318,12.193,-49000.0,32966000.0,32966000.0,6353000.0,-2884000.0,5.705,0.254,0.0,0.0,0.0,0.0,2333000.0,164000.0,0.0,0.0,0.0,-2621000.0,-2457000.0,-0.113,-2457000.0,-2621000.0,-2621000.0,-0.65,-0.65,-0.65,54357000.0,53328500.0,54357000.0,23095725.0,-9.0,-9.4,-3040000.0,-0.682,1.0,15464000.0,0.709,0.0,0.0,23517000.0,25979500.0,0.0,28857000.0,27857000.0,1000000.0,13795000.0,11669000.0,2126000.0,55867725.0,11386000.0,0.0,438000.0,0.0,0.0,438000.0,13634000.0,13683000.0,-2991000.0,305000.0,-2884000.0,-2884000.0,-2884000.0,0.0,0.0,-0.132,19723000.0,-4259000.0,654000.0,0.0,1.028,-19.372,-19.231,264000.0,0.0,12.5,2.561,2.554,4277000.0,-1206553000.0,21817000.0,21817000.0,7296000.0,-0.042,-0.054,-0.101,-0.12,1105000.0,11577000.0,1.0,4469418.0,4458000.0,4458000.0,4.894,68152000.0,0.0,263000.0,0.0,15.288,54900000.0
36,BVSN,MRT,2010-09-30,2010-09-30,2010-09-30,2021-01-08,-999000.0,68496000.0,69839500.0,66898000.0,1598000.0,0.343,12.015,-9000.0,32772000.0,32772000.0,6633000.0,-2712000.0,5.448,0.277,0.0,0.0,0.0,0.0,1963000.0,158000.0,0.0,0.0,0.0,-2506000.0,-2348000.0,-0.098,-2348000.0,-2506000.0,-2506000.0,-0.61,-0.61,-0.61,53625000.0,53587500.0,53625000.0,17021550.0,-7.0,-7.249,-3181000.0,-0.713,1.0,17343000.0,0.723,0.0,0.0,23445000.0,29136750.0,0.0,30132000.0,29132000.0,1000000.0,14871000.0,12279000.0,2592000.0,45712550.0,-3313000.0,0.0,471000.0,0.0,0.0,471000.0,-725000.0,-716000.0,-3172000.0,113000.0,-2712000.0,-2712000.0,-2712000.0,0.0,0.0,-0.113,20692000.0,-3349000.0,689000.0,0.0,0.852,-16.856,-16.803,266000.0,0.0,10.25,1.907,1.908,3225000.0,-1206833000.0,23976000.0,23976000.0,8006000.0,-0.039,-0.051,-0.086,-0.105,1091000.0,11921000.0,1.0,4459761.0,4463000.0,4464000.0,5.372,68496000.0,0.0,206000.0,0.0,15.348,54619000.0
37,BVSN,MRT,2010-06-30,2010-06-30,2010-06-30,2021-01-08,-1016000.0,67329000.0,70287750.0,65783000.0,1546000.0,0.375,11.61,-29000.0,28691000.0,28691000.0,6850000.0,-2395000.0,4.942,0.301,0.0,0.0,0.0,0.0,2138000.0,166000.0,0.0,0.0,0.0,-2537000.0,-2371000.0,-0.09,-2371000.0,-2537000.0,-2537000.0,-0.53,-0.53,-0.53,51732000.0,53846750.0,51732000.0,28604366.0,-11.0,-12.064,-2326000.0,-0.522,1.0,19483000.0,0.74,0.0,0.0,25327000.0,28379250.0,0.0,32961000.0,31961000.0,1000000.0,15597000.0,13311000.0,2286000.0,52991366.0,-15527000.0,0.0,532000.0,0.0,0.0,532000.0,-13602000.0,-13573000.0,-2297000.0,-160000.0,-2395000.0,-2395000.0,-2395000.0,0.0,0.0,-0.091,21004000.0,-1521000.0,826000.0,0.0,1.024,-22.126,-22.453,299000.0,0.0,11.9,2.012,2.014,3374000.0,-1208315000.0,26333000.0,26333000.0,8437000.0,-0.034,-0.044,-0.089,-0.096,1124000.0,11904000.0,1.0,4453056.0,4456000.0,4456000.0,5.91,67329000.0,0.0,-142000.0,0.0,15.11,52472000.0
38,BVSN,MRT,2010-03-31,2010-03-31,2010-03-31,2021-01-08,-1124000.0,70666000.0,71393500.0,68943000.0,1723000.0,0.404,12.069,-41000.0,24387000.0,24387000.0,7188000.0,2091000.0,4.706,0.318,0.0,0.0,0.0,0.0,2299000.0,171000.0,0.0,0.0,0.0,1938000.0,2109000.0,0.073,2109000.0,1938000.0,1938000.0,0.48,0.48,0.48,53600000.0,54071500.0,53600000.0,37634179.0,19.0,17.845,1274000.0,0.287,1.0,21649000.0,0.751,0.0,0.0,31629000.0,24650250.0,0.0,39424000.0,38424000.0,1000000.0,17066000.0,14650000.0,2416000.0,59234179.0,-26980000.0,0.0,512000.0,0.0,0.0,512000.0,-28644000.0,-28603000.0,1315000.0,-163000.0,2091000.0,2091000.0,2091000.0,0.0,0.0,0.073,21119000.0,530000.0,907000.0,0.0,1.105,28.328,27.833,344000.0,0.0,13.36,2.054,2.057,4219000.0,-1205938000.0,28837000.0,28837000.0,8546000.0,0.029,0.039,0.079,0.067,1143000.0,11974000.0,1.0,4433696.0,4441000.0,4441000.0,6.493,70666000.0,0.0,-153000.0,0.0,15.912,54293000.0
39,BVSN,MRT,2009-12-31,2009-12-31,2009-12-31,2021-01-08,-1195000.0,72867000.0,71487000.0,71098000.0,1769000.0,0.433,12.572,-68000.0,21600000.0,21600000.0,7563000.0,3734000.0,4.702,0.315,0.0,0.0,0.0,0.0,2010000.0,196000.0,0.0,0.0,0.0,3707000.0,3903000.0,0.126,3903000.0,3707000.0,3707000.0,0.85,0.85,0.85,55393000.0,53176000.0,55393000.0,23815623.0,6.0,6.102,54000.0,0.012,1.0,23398000.0,0.756,0.0,0.0,36146000.0,16925000.0,0.0,41209000.0,40209000.0,1000000.0,17474000.0,15121000.0,2353000.0,59920623.0,-31304000.0,0.0,537000.0,0.0,0.0,537000.0,-31251000.0,-31183000.0,122000.0,-712000.0,3734000.0,3734000.0,3734000.0,0.0,0.0,0.121,21085000.0,2313000.0,788000.0,0.0,1.082,16.047,15.953,384000.0,0.0,13.56,1.935,1.93,7099000.0,-1203669000.0,30961000.0,30961000.0,8573000.0,0.052,0.07,0.219,0.12,1116000.0,12441000.0,1.0,4418925.0,4406000.0,4407000.0,7.027,72867000.0,0.0,-27000.0,0.0,16.538,55977000.0
40,BVSN,MRT,2009-09-30,2009-09-30,2009-09-30,2021-01-08,-1112000.0,70289000.0,71954500.0,68379000.0,1910000.0,0.464,12.381,-123000.0,36105000.0,36105000.0,7998000.0,-18814000.0,4.966,0.286,0.0,0.0,0.0,0.0,1765000.0,315000.0,0.0,0.0,0.0,-18506000.0,-18191000.0,-0.545,-18191000.0,-18506000.0,-18506000.0,-4.3,-4.28,-4.3,54662000.0,52007250.0,54662000.0,25135919.0,-1.0,-1.382,1324000.0,0.3,1.0,25370000.0,0.76,0.0,0.0,20415000.0,7949250.0,0.0,28094000.0,27094000.0,1000000.0,15627000.0,13769000.0,1858000.0,69353919.0,-26445000.0,0.0,147000.0,0.0,0.0,147000.0,-27195000.0,-27072000.0,1447000.0,-844000.0,-18814000.0,-18814000.0,-18814000.0,0.0,0.0,-0.564,46819000.0,-21449000.0,1011000.0,0.0,1.269,-3.686,-3.66,421000.0,0.0,15.74,2.078,2.083,3342000.0,-1204121000.0,33368000.0,33368000.0,8666000.0,-0.261,-0.362,-2.328,-0.555,1127000.0,13046000.0,1.0,4406221.0,4415000.0,4435000.0,7.558,70289000.0,0.0,308000.0,0.0,15.92,54610000.0
41,BVSN,MRT,2009-06-30,2009-06-30,2009-06-30,2021-01-08,-856000.0,71752000.0,78818250.0,69840000.0,1912000.0,0.432,11.972,-184000.0,44218000.0,44218000.0,8433000.0,-20324000.0,4.079,0.363,0.0,0.0,0.0,0.0,3138000.0,362000.0,0.0,0.0,0.0,-19871000.0,-19509000.0,-0.574,-19509000.0,-19871000.0,-19871000.0,-4.64,-4.63,-4.64,52631000.0,56605250.0,52631000.0,4195620.0,0.0,-0.215,3863000.0,0.879,1.0,25584000.0,0.752,0.0,0.0,10411000.0,-20000.0,0.0,19388000.0,18388000.0,1000000.0,19121000.0,17123000.0,1998000.0,55562620.0,-11408000.0,0.0,140000.0,0.0,0.0,140000.0,-15029000.0,-14845000.0,4047000.0,-566000.0,-20324000.0,-20324000.0,-20324000.0,0.0,0.0,-0.597,47443000.0,-21859000.0,809000.0,0.0,1.056,-2.734,-2.726,437000.0,0.0,12.65,1.633,1.635,5357000.0,-1205920000.0,34017000.0,34017000.0,8714000.0,-0.258,-0.359,993.55,-0.584,1186000.0,13612000.0,1.0,4392302.0,4396000.0,4399000.0,7.738,71752000.0,0.0,453000.0,0.0,16.322,52717000.0
42,BVSN,MRT,2009-03-31,2009-03-31,2009-03-31,2021-01-08,-961000.0,71040000.0,84710500.0,69096000.0,1944000.0,0.4,11.417,-120000.0,51367000.0,51367000.0,8621000.0,-20998000.0,3.647,0.42,0.0,0.0,0.0,0.0,4525000.0,327000.0,0.0,0.0,0.0,-20620000.0,-20293000.0,-0.599,-20293000.0,-20620000.0,-20620000.0,-4.79,-4.78,-4.79,50018000.0,61496000.0,50018000.0,1590820.0,0.0,-0.078,4124000.0,0.941,1.0,25254000.0,0.746,0.0,0.0,728000.0,-4020750.0,0.0,10799000.0,9799000.0,1000000.0,21022000.0,18945000.0,2077000.0,54494820.0,-6363000.0,0.0,259000.0,0.0,0.0,259000.0,-9884000.0,-9764000.0,4244000.0,-982000.0,-20998000.0,-20998000.0,-20998000.0,0.0,0.0,-0.62,48158000.0,-22904000.0,924000.0,0.0,1.09,-2.595,-2.599,468000.0,0.0,12.45,1.609,1.61,6059000.0,-1208029000.0,33875000.0,33875000.0,9014000.0,-0.248,-0.341,5.128,-0.609,1206000.0,14088000.0,1.0,4377094.0,4381000.0,4381000.0,7.732,71040000.0,0.0,378000.0,0.0,16.215,50151000.0
43,BVSN,MRT,2008-12-31,2008-12-31,2008-12-31,2021-01-08,-483000.0,74737000.0,90853500.0,72660000.0,2077000.0,0.395,11.595,-165000.0,52904000.0,52904000.0,8911000.0,-15010000.0,3.365,0.474,0.0,0.0,0.0,0.0,5810000.0,378000.0,0.0,0.0,0.0,-14490000.0,-14112000.0,-0.393,-14112000.0,-14490000.0,-14490000.0,-3.43,-3.43,-3.43,50718000.0,66624250.0,50718000.0,-13827915.0,1.0,0.98,8047000.0,1.84,1.0,26992000.0,0.752,0.0,0.0,243000.0,-6451750.0,0.0,10004000.0,9004000.0,1000000.0,24019000.0,21590000.0,2429000.0,48722085.0,-1089000.0,0.0,332000.0,0.0,0.0,332000.0,-9134000.0,-8969000.0,8212000.0,-499000.0,-15010000.0,-15010000.0,-15010000.0,0.0,0.0,-0.418,48407000.0,-21415000.0,1251000.0,0.0,0.961,-3.246,-3.236,514000.0,0.0,11.1,1.357,1.352,8167000.0,-1207403000.0,35903000.0,35903000.0,9183000.0,-0.165,-0.225,2.246,-0.404,1130000.0,14184000.0,1.0,4389377.0,4374000.0,4374000.0,8.208,74737000.0,0.0,520000.0,0.0,17.087,51070000.0
44,BVSN,MRT,2008-09-30,2008-09-30,2008-09-30,2021-01-08,-268000.0,97744000.0,94747250.0,70498000.0,27246000.0,0.396,16.487,-69000.0,62550000.0,62550000.0,8905000.0,12957000.0,3.265,0.338,0.0,0.0,0.0,0.0,5963000.0,363000.0,0.0,0.0,0.0,13345000.0,13708000.0,0.366,13708000.0,13345000.0,13345000.0,2.99,2.92,2.99,73054000.0,70136000.0,73054000.0,24301931.0,2.0,1.773,10340000.0,2.334,1.0,28595000.0,0.763,25066000.0,0.0,-11462000.0,-9330000.0,0.0,1000000.0,0.0,1000000.0,24690000.0,21590000.0,3100000.0,79927931.0,11795000.0,0.0,1001000.0,0.0,0.0,1001000.0,742000.0,35000.0,10409000.0,-357000.0,12957000.0,12957000.0,12957000.0,0.0,0.0,0.346,24065000.0,4530000.0,819000.0,0.0,1.094,6.169,6.104,575000.0,0.0,18.25,2.131,2.156,5346000.0,-1185300000.0,37500000.0,37500000.0,9109000.0,0.137,0.185,-1.43,0.356,1423000.0,15169000.0,1.0,4379613.0,4431000.0,4466000.0,8.463,72678000.0,0.0,388000.0,0.0,16.402,48908000.0
45,BVSN,MRT,2008-06-30,2008-06-30,2008-06-30,2021-01-08,-290000.0,95321000.0,92284000.0,68118000.0,27203000.0,0.456,16.513,-44000.0,55626000.0,55626000.0,8785000.0,18130000.0,3.369,0.32,0.0,0.0,0.0,0.0,2505000.0,490000.0,0.0,0.0,0.0,18058000.0,18548000.0,0.441,18548000.0,18058000.0,18058000.0,4.18,4.08,4.18,72194000.0,66378250.0,72194000.0,49326630.0,3.0,2.659,11047000.0,2.527,1.0,33280000.0,0.791,25066000.0,0.0,-5592000.0,-10403750.0,0.0,4486000.0,3486000.0,1000000.0,23127000.0,20221000.0,2906000.0,107056630.0,9439000.0,0.0,1640000.0,0.0,0.0,1640000.0,-2754000.0,-3486000.0,11091000.0,-538000.0,18130000.0,18130000.0,18130000.0,0.0,0.0,0.431,24392000.0,8888000.0,1210000.0,0.0,1.483,5.905,5.861,580000.0,0.0,24.5,2.545,2.546,7029000.0,-1185597000.0,42065000.0,42065000.0,9175000.0,0.196,0.273,-1.736,0.429,1328000.0,15176000.0,1.0,4369658.0,4372000.0,4419000.0,9.621,70255000.0,0.0,-72000.0,0.0,16.069,47897000.0
46,BVSN,MRT,2008-03-31,2008-03-31,2008-03-31,2021-01-08,21000.0,95612000.0,89623500.0,68365000.0,27247000.0,0.528,16.184,-13000.0,57730000.0,57730000.0,8861000.0,25135000.0,3.134,0.356,0.0,0.0,0.0,0.0,2814000.0,555000.0,0.0,0.0,0.0,25289000.0,25844000.0,0.546,25844000.0,25289000.0,25289000.0,5.85,5.75,5.85,70531000.0,61098250.0,70531000.0,70210396.0,3.0,2.717,14332000.0,3.289,1.0,38442000.0,0.813,25066000.0,0.0,-8996000.0,-13576500.0,0.0,1000000.0,0.0,1000000.0,25081000.0,21812000.0,3269000.0,124203396.0,16693000.0,0.0,1706000.0,0.0,0.0,1706000.0,763000.0,0.0,14345000.0,-121000.0,25135000.0,25135000.0,25135000.0,0.0,0.0,0.531,24573000.0,13869000.0,1395000.0,0.0,1.761,4.941,4.872,643000.0,0.0,28.5,2.626,2.626,8985000.0,-1187032000.0,47303000.0,47303000.0,9349000.0,0.28,0.411,-1.863,0.535,1332000.0,14872000.0,1.0,4358014.0,4358000.0,4413000.0,10.854,70546000.0,0.0,154000.0,0.0,16.188,46553000.0
47,BVSN,MRT,2007-12-31,2007-12-31,2007-12-31,2021-01-08,16000.0,90312000.0,86015500.0,63017000.0,27295000.0,0.581,15.027,-435000.0,53993000.0,53993000.0,9006000.0,17278000.0,2.798,0.394,0.0,0.0,0.0,0.0,2857000.0,969000.0,0.0,0.0,0.0,17205000.0,18174000.0,0.363,18174000.0,17205000.0,17205000.0,4.01,3.9,4.01,64765000.0,53886500.0,64765000.0,142820192.0,8.0,7.858,14156000.0,3.284,1.0,41012000.0,0.82,25066000.0,0.0,-11270000.0,-16869250.0,0.0,1000000.0,0.0,1000000.0,25547000.0,22523000.0,3024000.0,194351192.0,16970000.0,0.0,1989000.0,0.0,0.0,1989000.0,542000.0,0.0,14591000.0,-152000.0,17278000.0,17278000.0,17278000.0,0.0,0.0,0.345,24741000.0,16271000.0,1359000.0,0.0,3.001,11.248,11.16,688000.0,0.0,44.75,3.886,3.856,7614000.0,-1192393000.0,50018000.0,50018000.0,9668000.0,0.201,0.321,-1.02,0.344,1447000.0,14424000.0,1.0,4343043.0,4310000.0,4430000.0,11.605,65246000.0,0.0,-73000.0,0.0,15.138,40494000.0
48,BVSN,MRT,2007-09-30,2007-09-30,2007-09-30,2021-01-08,89000.0,87891000.0,82673000.0,60500000.0,27391000.0,0.627,13.4,-602000.0,51531000.0,51531000.0,8952000.0,18426000.0,2.237,0.515,0.0,0.0,0.0,0.0,3042000.0,1157000.0,0.0,0.0,0.0,18478000.0,19635000.0,0.379,19635000.0,18478000.0,18478000.0,5.22,5.18,5.22,58023000.0,48508750.0,58023000.0,191354787.0,10.0,9.746,15911000.0,3.675,1.0,42863000.0,0.827,25066000.0,0.0,-15757000.0,-18147500.0,0.0,1000000.0,0.0,1000000.0,29868000.0,27051000.0,2817000.0,238317787.0,33831000.0,0.0,17759000.0,0.0,0.0,17759000.0,-361000.0,40000.0,16513000.0,-80000.0,18426000.0,18426000.0,18426000.0,0.0,0.0,0.356,22148000.0,20715000.0,1316000.0,0.0,4.107,12.934,10.536,794000.0,0.0,55.0,4.599,4.596,7576000.0,-1198264000.0,51815000.0,51815000.0,10129000.0,0.223,0.38,-1.018,0.357,1290000.0,13141000.0,1.0,4333051.0,4330000.0,4464000.0,11.967,62825000.0,0.0,52000.0,0.0,14.509,33449000.0
49,BVSN,MRT,2007-06-30,2007-06-30,2007-06-30,2021-01-08,248000.0,84679000.0,74524250.0,57161000.0,27518000.0,0.706,11.886,-561000.0,46963000.0,46963000.0,9598000.0,18329000.0,1.848,0.658,0.0,0.0,0.0,0.0,4304000.0,1445000.0,0.0,0.0,0.0,19028000.0,20473000.0,0.389,20473000.0,19028000.0,19028000.0,5.96,5.96,5.96,51074000.0,38922500.0,51074000.0,171877678.0,9.0,8.395,15567000.0,3.623,1.0,43046000.0,0.818,25066000.0,0.0,-18283000.0,-18855000.0,0.0,1000000.0,0.0,1000000.0,33605000.0,30933000.0,2672000.0,213690678.0,32912000.0,0.0,16921000.0,-162000.0,0.0,16759000.0,66000.0,426000.0,16128000.0,-41000.0,18329000.0,18329000.0,18329000.0,0.0,0.0,0.348,21080000.0,21966000.0,1180000.0,0.0,4.184,11.659,8.347,945000.0,0.0,49.75,4.059,4.061,8640000.0,-1203726000.0,52644000.0,52644000.0,10612000.0,0.246,0.471,-1.009,0.361,1235000.0,13728000.0,1.0,4295290.0,4296960.0,4441400.0,12.251,59613000.0,0.0,699000.0,0.0,13.873,26228000.0
50,BVSN,MRT,2007-03-31,2007-03-31,2007-03-31,2021-01-08,142000.0,81180000.0,67109500.0,53514000.0,27666000.0,0.776,9.77,-720000.0,41813000.0,41813000.0,10999000.0,11639000.0,1.467,0.948,0.0,0.0,0.0,0.0,6403000.0,1649000.0,0.0,0.0,0.0,12173000.0,13822000.0,0.265,13822000.0,12173000.0,12173000.0,4.71,4.71,4.71,41684000.0,29714500.0,41684000.0,248664065.0,20.0,17.99,13257000.0,3.107,1.0,41106000.0,0.789,25066000.0,0.0,-22167000.0,-19180000.0,0.0,1000000.0,0.0,1000000.0,39496000.0,36468000.0,3028000.0,286664065.0,30373000.0,0.0,16733000.0,-277000.0,0.0,16456000.0,-93000.0,426000.0,13977000.0,33000.0,11639000.0,11639000.0,11639000.0,0.0,0.0,0.223,22642000.0,18464000.0,1373000.0,0.0,6.877,24.63,14.278,1104000.0,0.0,67.25,5.502,5.507,10552000.0,-1212165000.0,52105000.0,52105000.0,10534000.0,0.173,0.392,-0.635,0.234,1082000.0,15689000.0,1.0,4262663.0,4266680.0,4266680.0,12.212,56114000.0,0.0,534000.0,0.0,13.152,17046000.0
51,BVSN,MRT,2006-12-31,2006-12-31,2006-12-31,2021-01-08,168000.0,76942000.0,60774500.0,49214000.0,27728000.0,0.855,16.453,-246000.0,38000000.0,38000000.0,12714000.0,15016000.0,1.626,0.779,0.0,0.0,0.0,0.0,6278000.0,1385000.0,0.0,0.0,0.0,15650000.0,17035000.0,0.328,17035000.0,15650000.0,15650000.0,5.71,5.71,5.71,43254000.0,22311750.0,43254000.0,35536199.0,2.0,2.086,15807000.0,6.013,1.0,39270000.0,0.755,25066000.0,0.0,-16383000.0,-18354250.0,0.0,1000000.0,0.0,1000000.0,33688000.0,30259000.0,3429000.0,54437199.0,32154000.0,0.0,16235000.0,-389000.0,0.0,15846000.0,180000.0,426000.0,16053000.0,75000.0,15016000.0,15016000.0,15016000.0,0.0,0.0,0.289,23813000.0,15457000.0,1249000.0,0.0,1.259,3.625,3.415,1144000.0,0.0,19.5,1.047,0.986,10106000.0,-1210059000.0,51984000.0,51984000.0,10510000.0,0.247,0.673,-0.853,0.301,950000.0,16672000.0,1.0,2791651.0,2629000.0,2629000.0,19.773,51876000.0,0.0,634000.0,0.0,19.732,18955000.0
52,BVSN,MRT,2006-09-30,2006-09-30,2006-09-30,2021-01-08,169000.0,55296000.0,54024500.0,25800000.0,29496000.0,0.983,7.08,-99000.0,18901000.0,18901000.0,15304000.0,-19776000.0,0.862,1.81,0.0,0.0,0.0,0.0,14882000.0,1317000.0,0.0,0.0,0.0,-19436000.0,-18119000.0,-0.341,-18119000.0,-19436000.0,-19436000.0,-17.0,-17.0,-17.0,19678000.0,9067500.0,19678000.0,36053381.0,-2.0,-1.99,8678000.0,3.122,1.0,37797000.0,0.712,25066000.0,0.0,-18587000.0,-17839500.0,0.0,0.0,0.0,0.0,35618000.0,29916000.0,5702000.0,49347381.0,10838000.0,0.0,97000.0,-603000.0,0.0,-506000.0,2222000.0,386000.0,8777000.0,345000.0,-19776000.0,-19776000.0,-19776000.0,0.0,0.0,-0.372,46463000.0,-8666000.0,2103000.0,0.0,2.508,-2.495,-1.044,1390000.0,0.0,17.75,0.929,0.929,6882000.0,-1217078000.0,53101000.0,53101000.0,10297000.0,-0.366,-2.181,1.089,-0.366,569000.0,17872000.0,1.0,2780134.0,2779560.0,2779560.0,19.104,30230000.0,0.0,340000.0,0.0,10.876,-4116000.0
53,BVSN,MRT,2006-06-30,2006-06-30,2006-06-30,2021-01-08,289000.0,55020000.0,57061250.0,25266000.0,29754000.0,0.939,5.149,-106000.0,13456000.0,13456000.0,18300000.0,-40653000.0,0.697,2.863,162000.0,162000.0,0.0,162000.0,4479000.0,1142000.0,0.0,0.0,0.0,-41082000.0,-39940000.0,-0.745,-39940000.0,-41082000.0,-41082000.0,-30.25,-30.25,-30.25,14242000.0,8268000.0,14242000.0,50587496.0,-1.0,-1.267,480000.0,0.174,1.0,35293000.0,0.659,25066000.0,0.0,-19583000.0,-17885750.0,0.0,1796000.0,0.0,1796000.0,40778000.0,36243000.0,4535000.0,34512496.0,-13584000.0,0.0,243000.0,-17588000.0,0.0,-17345000.0,2691000.0,240000.0,586000.0,484000.0,-40653000.0,-40653000.0,-40653000.0,0.0,0.0,-0.759,64011000.0,-28718000.0,2507000.0,0.0,2.423,-0.849,-0.413,1884000.0,0.0,12.5,0.644,0.645,10043000.0,-1222443000.0,53593000.0,53593000.0,10626000.0,-0.712,-4.917,2.297,-0.767,308000.0,18792000.0,1.0,2761000.0,2766040.0,2766040.0,19.375,29954000.0,0.0,-429000.0,0.0,10.829,-10977000.0
54,BVSN,MRT,2006-03-31,2006-03-31,2006-03-31,2021-01-08,109000.0,55840000.0,69902000.0,25856000.0,29984000.0,0.807,7.026,-80000.0,10845000.0,10845000.0,20090000.0,-45499000.0,0.662,3.625,277000.0,277000.0,0.0,277000.0,5335000.0,1083000.0,0.0,0.0,0.0,-45923000.0,-44840000.0,-0.795,-44840000.0,-45923000.0,-45923000.0,-33.25,-33.25,-33.25,12073000.0,12447250.0,12073000.0,21194899.0,0.0,-0.473,-6760000.0,-3.934,1.0,36288000.0,0.644,25066000.0,0.0,-18864000.0,-17735000.0,0.0,1796000.0,0.0,1796000.0,43767000.0,39070000.0,4697000.0,15492899.0,-26574000.0,0.0,267000.0,-23699000.0,0.0,-23432000.0,3316000.0,240000.0,-6680000.0,222000.0,-45499000.0,-45499000.0,-45499000.0,0.0,0.0,-0.807,68553000.0,-32265000.0,4058000.0,0.0,1.283,-0.341,-0.338,2088000.0,0.0,11.25,0.275,0.343,13068000.0,-1224194000.0,56378000.0,56378000.0,12176000.0,-0.651,-3.655,2.589,-0.815,168000.0,21460000.0,1.0,1377147.0,1718320.0,1722720.0,32.81,30774000.0,0.0,-424000.0,0.0,17.909,-13214000.0
55,BVSN,MRT,2005-12-31,2005-12-31,2005-12-31,2021-01-08,93000.0,49942000.0,85652500.0,19403000.0,30539000.0,0.702,-7.102,-116000.0,4849000.0,4849000.0,21893000.0,-38966000.0,0.351,-6.136,20924000.0,20924000.0,0.0,20924000.0,2678000.0,1231000.0,0.0,0.0,0.0,-41577000.0,-40346000.0,-0.671,-40346000.0,-41577000.0,-41577000.0,-28.5,-28.5,-28.5,-9723000.0,17864750.0,-9723000.0,22572046.0,-1.0,-0.559,-38017000.0,-27.767,1.0,38228000.0,0.636,25066000.0,0.0,-14324000.0,-18609250.0,0.0,1997000.0,0.0,1997000.0,59665000.0,55275000.0,4390000.0,16870046.0,-37002000.0,0.0,637000.0,-23837000.0,0.0,-23200000.0,23834000.0,1691000.0,-37901000.0,265000.0,-38966000.0,-38966000.0,-38966000.0,0.0,0.0,-0.648,73241000.0,-35013000.0,4396000.0,0.0,-1.735,-0.433,-0.43,2334000.0,0.0,12.25,0.281,0.279,12640000.0,-1225075000.0,60121000.0,60121000.0,13831000.0,-0.455,-2.181,2.234,-0.692,0.0,25687000.0,1.0,1377147.0,1369120.0,1369120.0,43.912,24876000.0,0.0,-2611000.0,0.0,18.169,-35872000.0
56,BVSN,MRT,2005-09-30,2005-09-30,2005-09-30,2021-01-08,-168000.0,67443000.0,109330250.0,18521000.0,48922000.0,0.601,12.005,-373000.0,6066000.0,6066000.0,23262000.0,-13650000.0,0.38,3.092,11768000.0,11768000.0,0.0,11768000.0,3043000.0,1516000.0,0.0,0.0,0.0,-16603000.0,-15087000.0,-0.23,-15087000.0,-16603000.0,-16603000.0,-10.0,-10.5,-10.0,16480000.0,27380750.0,16480000.0,27480512.0,-2.0,-1.821,-38018000.0,-27.694,1.0,42459000.0,0.646,43236000.0,0.0,-18772000.0,-19831500.0,0.0,1997000.0,0.0,1997000.0,50963000.0,48681000.0,2282000.0,28142512.0,-22078000.0,0.0,948000.0,-3986000.0,0.0,-3038000.0,18914000.0,2259000.0,-37645000.0,-309000.0,-13650000.0,-13650000.0,-13650000.0,0.0,0.0,-0.208,60756000.0,-18297000.0,4561000.0,0.0,1.708,-2.062,-2.05,2612000.0,0.0,20.5,0.428,0.428,10576000.0,-1198572000.0,65721000.0,65721000.0,15364000.0,-0.125,-0.499,0.837,-0.253,-4000.0,30706000.0,1.0,1372805.0,1372800.0,1372800.0,47.874,24207000.0,0.0,-2953000.0,0.0,17.633,-30160000.0
57,BVSN,MRT,2005-06-30,2005-06-30,2005-06-30,2021-01-08,-149000.0,106383000.0,124581000.0,43733000.0,62650000.0,0.553,22.643,-520000.0,28751000.0,28751000.0,24162000.0,25242000.0,0.641,2.436,28089000.0,27927000.0,162000.0,28089000.0,3705000.0,2001000.0,0.0,0.0,0.0,22841000.0,24842000.0,0.361,24842000.0,22841000.0,22841000.0,18.75,18.0,18.75,30959000.0,30949500.0,30959000.0,34718957.0,2.0,1.398,-62659000.0,-45.829,1.0,44706000.0,0.649,56434000.0,0.0,-18980000.0,-25665000.0,0.0,1997000.0,0.0,1997000.0,75424000.0,68267000.0,7157000.0,41700957.0,-40065000.0,0.0,1248000.0,909000.0,0.0,2157000.0,20056000.0,2870000.0,-62139000.0,-139000.0,25242000.0,25242000.0,25242000.0,0.0,0.0,0.367,25631000.0,19075000.0,5461000.0,0.0,1.347,1.652,1.627,2940000.0,0.0,30.5,0.606,0.606,12815000.0,-1184036000.0,68868000.0,68868000.0,16869000.0,0.203,0.816,-0.89,0.332,-4000.0,33951000.0,1.0,1367244.0,1367240.0,1367240.0,50.37,49949000.0,0.0,-2401000.0,0.0,36.533,-24534000.0
58,BVSN,MRT,2005-03-31,2005-03-31,2005-03-31,2021-01-08,-127000.0,118842000.0,142711250.0,55623000.0,63219000.0,0.515,24.832,-643000.0,40374000.0,40374000.0,25349000.0,26846000.0,0.715,2.522,33392000.0,33116000.0,276000.0,33392000.0,3107000.0,2679000.0,0.0,0.0,0.0,24369000.0,27048000.0,0.368,27048000.0,24369000.0,24369000.0,20.0,19.25,20.0,33743000.0,24912500.0,33743000.0,48908523.0,2.0,1.808,-64071000.0,-47.151,1.0,48133000.0,0.655,56434000.0,0.0,-22361000.0,-28612000.0,0.0,2335000.0,0.0,2335000.0,85099000.0,77787000.0,7312000.0,57750523.0,-39262000.0,0.0,1478000.0,6885000.0,0.0,8363000.0,15860000.0,2870000.0,-63428000.0,-57000.0,26846000.0,26846000.0,26846000.0,0.0,0.0,0.365,28546000.0,19587000.0,6335000.0,0.0,1.711,2.151,2.125,3168000.0,0.0,42.5,0.786,0.786,12740000.0,-1181122000.0,73482000.0,73482000.0,17423000.0,0.188,1.078,-0.852,0.332,-34000.0,35942000.0,1.0,1358836.0,1358840.0,1598720.0,54.077,62408000.0,0.0,-2477000.0,0.0,45.927,-22164000.0
59,BVSN,MRT,2004-12-31,2004-12-31,2004-12-31,2021-01-08,-172000.0,144653000.0,160047750.0,80386000.0,64267000.0,0.487,21.125,-730000.0,41851000.0,41851000.0,26281000.0,18566000.0,0.799,4.104,35078000.0,30851000.0,4227000.0,35078000.0,3573000.0,3672000.0,0.0,0.0,0.0,18257000.0,21929000.0,0.281,21929000.0,18257000.0,18257000.0,13.75,13.5,13.75,28341000.0,18452250.0,28341000.0,61802688.0,3.0,2.818,-42580000.0,-31.739,1.0,51723000.0,0.663,56434000.0,0.0,-19213000.0,-30663250.0,0.0,24830000.0,21933000.0,2897000.0,116312000.0,100659000.0,15653000.0,92832688.0,-36925000.0,0.0,1911000.0,6969000.0,0.0,8880000.0,-3839000.0,1319000.0,-41850000.0,-116000.0,18566000.0,18566000.0,18566000.0,0.0,0.0,0.238,31357000.0,20366000.0,7470000.0,0.0,3.276,5.0,5.0,3566000.0,0.0,68.75,1.19,1.182,14370000.0,-1186109000.0,78004000.0,78004000.0,18024000.0,0.116,1.006,-0.595,0.234,-19000.0,36878000.0,1.0,1350294.0,1341560.0,1372840.0,58.144,88219000.0,0.0,-309000.0,0.0,65.759,-20273000.0
60,BVSN,MRT,2004-09-30,2004-09-30,2004-09-30,2021-01-08,133000.0,128446000.0,172655000.0,63505000.0,64941000.0,0.472,22.884,-489000.0,47307000.0,47307000.0,27187000.0,2073000.0,0.764,3.176,16277000.0,15774000.0,503000.0,16277000.0,4297000.0,5053000.0,0.0,0.0,0.0,2397000.0,7450000.0,0.091,7450000.0,2397000.0,2397000.0,1.5,1.25,1.5,30755000.0,13354500.0,30755000.0,37821798.0,16.0,5.077,-43644000.0,-32.474,1.0,54306000.0,0.666,56434000.0,0.0,-42106000.0,-28344000.0,0.0,2371000.0,0.0,2371000.0,97691000.0,83088000.0,14603000.0,98454798.0,-52476000.0,0.0,1924000.0,-12749000.0,0.0,-10825000.0,1315000.0,1805000.0,-43155000.0,189000.0,2073000.0,2073000.0,2073000.0,0.0,0.0,0.025,52703000.0,1603000.0,6730000.0,0.0,3.201,47.494,48.833,4383000.0,0.0,73.25,1.208,1.208,12100000.0,-1183654000.0,81493000.0,81493000.0,18383000.0,0.012,0.155,-0.085,0.029,48000.0,36531000.0,1.0,1344093.0,1343960.0,1362080.0,60.636,72012000.0,0.0,324000.0,0.0,53.582,-19583000.0
61,BVSN,MRT,2004-06-30,2004-06-30,2004-06-30,2021-01-08,1000.0,178904000.0,189758750.0,83642000.0,95262000.0,0.437,5.086,-322000.0,89163000.0,89163000.0,27121000.0,-31572000.0,0.903,25.267,28530000.0,27911000.0,619000.0,28530000.0,6164000.0,6673000.0,0.0,0.0,0.0,-31172000.0,-24499000.0,-0.296,-24499000.0,-31172000.0,-31172000.0,-23.75,-23.75,-23.75,6811000.0,12271750.0,6811000.0,74083254.0,-2.0,-3.024,-24618000.0,-18.385,1.0,55717000.0,0.673,56434000.0,0.0,-30768000.0,-25608000.0,0.0,1381000.0,0.0,1381000.0,172093000.0,92605000.0,79488000.0,140568254.0,-23868000.0,0.0,2320000.0,-728000.0,0.0,1592000.0,-1164000.0,4656000.0,-24296000.0,0.0,-31572000.0,-31572000.0,-31572000.0,0.0,0.0,-0.381,88023000.0,-32306000.0,8151000.0,0.0,20.638,-4.452,-4.421,13220000.0,0.0,105.0,1.697,1.697,12522000.0,-1207034000.0,82838000.0,82838000.0,18250000.0,-0.166,-2.573,1.217,-0.376,278000.0,37771000.0,1.0,1338745.0,1339040.0,1339040.0,61.864,122470000.0,0.0,400000.0,0.0,91.461,-8963000.0
62,BVSN,MRT,2004-03-31,2004-03-31,2004-03-31,2021-01-08,-49000.0,188188000.0,198206750.0,94941000.0,93247000.0,0.426,5.932,43000.0,95264000.0,95264000.0,28178000.0,-37675000.0,0.991,22.815,28779000.0,28003000.0,776000.0,28779000.0,7258000.0,9226000.0,0.0,0.0,0.0,-37155000.0,-27929000.0,-0.33,-27929000.0,-37155000.0,-37155000.0,-28.5,-28.5,-28.5,7902000.0,19514250.0,7902000.0,135094440.0,-4.0,-4.837,-27108000.0,-20.351,1.0,56337000.0,0.667,56434000.0,0.0,-30566000.0,-24066000.0,0.0,1665000.0,0.0,1665000.0,180286000.0,95835000.0,84451000.0,204751440.0,-22495000.0,0.0,2068000.0,1027000.0,0.0,3095000.0,1561000.0,3544000.0,-27151000.0,0.0,-37675000.0,-37675000.0,-37675000.0,0.0,0.0,-0.446,95291000.0,-38954000.0,7632000.0,0.0,25.911,-5.435,-5.386,14037000.0,0.0,153.5,2.423,2.419,14294000.0,-1205542000.0,84515000.0,84515000.0,19804000.0,-0.19,-1.931,1.544,-0.44,308000.0,36347000.0,1.0,1333886.0,1332000.0,1332000.0,63.45,131754000.0,0.0,520000.0,0.0,98.914,-894000.0
63,BVSN,MRT,2003-12-31,2003-12-31,2003-12-31,2021-01-08,-49000.0,195082000.0,207140500.0,99502000.0,95580000.0,0.425,6.059,55000.0,78776000.0,78776000.0,28269000.0,-35471000.0,1.008,23.539,28946000.0,27977000.0,969000.0,28946000.0,7596000.0,11261000.0,0.0,0.0,0.0,-35032000.0,-23771000.0,-0.27,-23771000.0,-35032000.0,-35032000.0,-27.0,-27.0,-27.0,7950000.0,28351250.0,7950000.0,68549175.0,-2.0,-2.884,-23064000.0,-17.579,1.0,59812000.0,0.679,56434000.0,0.0,-9936000.0,-24676750.0,0.0,21392000.0,0.0,21392000.0,187132000.0,98754000.0,88378000.0,140937175.0,1390000.0,0.0,1529000.0,949000.0,0.0,2478000.0,22031000.0,25099000.0,-23119000.0,0.0,-35471000.0,-35471000.0,-35471000.0,0.0,0.0,-0.403,97743000.0,-37931000.0,9186000.0,0.0,17.728,-3.973,-3.944,15400000.0,0.0,106.5,1.6,1.586,15380000.0,-1204675000.0,88081000.0,88081000.0,21067000.0,-0.171,-1.251,1.42,-0.398,342000.0,36184000.0,1.0,1323354.0,1312000.0,1312000.0,67.135,138648000.0,0.0,439000.0,0.0,105.677,748000.0
64,BVSN,MRT,2003-09-30,2003-09-30,2003-09-30,2021-01-08,-46000.0,196861000.0,218404000.0,98157000.0,98704000.0,0.429,20.075,29000.0,101578000.0,101578000.0,33317000.0,-26500000.0,0.989,6.45,29190000.0,27977000.0,1213000.0,29190000.0,7098000.0,16573000.0,0.0,0.0,0.0,-30100000.0,-13527000.0,-0.144,-13527000.0,-30100000.0,-25970000.0,-20.0,-20.0,-20.0,26424000.0,36772000.0,26424000.0,83050584.0,-3.0,-6.14,-27499000.0,-20.892,1.0,60297000.0,0.644,56434000.0,-4130000.0,-31162000.0,-25118750.0,0.0,2678000.0,1054000.0,1624000.0,170437000.0,99201000.0,71236000.0,161158584.0,-2494000.0,0.0,1208000.0,785000.0,0.0,1993000.0,23041000.0,27325000.0,-27528000.0,0.0,-26500000.0,-26500000.0,-26500000.0,0.0,0.0,-0.283,87279000.0,-26982000.0,11167000.0,0.0,6.099,-6.081,-6.125,17205000.0,0.0,122.5,1.722,1.722,11079000.0,-1185727000.0,93614000.0,93614000.0,23358000.0,-0.121,-0.721,1.198,-0.322,278000.0,37237000.0,1.0,1315580.0,1316240.0,1316240.0,71.122,140427000.0,0.0,530000.0,0.0,106.688,-1044000.0
65,BVSN,MRT,2003-06-30,2003-06-30,2003-06-30,2021-01-08,0.0,212696000.0,232492750.0,115338000.0,97358000.0,0.44,27.313,21000.0,107533000.0,107533000.0,36901000.0,-83968000.0,1.122,4.944,29425000.0,27968000.0,1457000.0,29425000.0,9318000.0,16404000.0,0.0,0.0,0.0,-87517000.0,-71113000.0,-0.695,-71113000.0,-87517000.0,-83387000.0,-65.0,-65.0,-65.0,35781000.0,42538500.0,35781000.0,93561917.0,-1.0,-1.316,-31138000.0,-23.769,1.0,65383000.0,0.639,56434000.0,-4130000.0,-24600000.0,-19112000.0,0.0,6678000.0,4756000.0,1922000.0,176915000.0,102754000.0,74161000.0,181617917.0,16950000.0,0.0,490000.0,774000.0,0.0,1264000.0,46845000.0,36211000.0,-31159000.0,0.0,-83968000.0,-83968000.0,-83968000.0,0.0,0.0,-0.821,149134000.0,-83751000.0,9224000.0,0.0,5.076,-2.163,-2.135,19671000.0,0.0,138.75,1.776,1.777,14391000.0,-1175462000.0,102284000.0,102284000.0,26665000.0,-0.361,-1.974,4.579,-0.856,125000.0,39599000.0,1.0,1308958.0,1310040.0,1310040.0,78.077,156262000.0,0.0,581000.0,0.0,119.28,12584000.0
66,BVSN,MRT,2003-03-31,2003-03-31,2003-03-31,2021-01-08,4000.0,223923000.0,248679750.0,123137000.0,100786000.0,0.442,33.324,-375000.0,115734000.0,115734000.0,40554000.0,-133063000.0,1.095,4.177,27678000.0,25977000.0,1701000.0,27678000.0,10510000.0,18806000.0,0.0,0.0,0.0,-129822000.0,-111016000.0,-1.01,-111016000.0,-129822000.0,-125692000.0,-103.5,-103.5,-103.5,43250000.0,62862000.0,43250000.0,57246762.0,0.0,-0.516,-80096000.0,-61.713,1.0,69344000.0,0.631,56433000.0,-4130000.0,-33009000.0,-9881750.0,0.0,5610000.0,3649000.0,1961000.0,180673000.0,112443000.0,68230000.0,123414762.0,35107000.0,0.0,1525000.0,24023000.0,0.0,25548000.0,89280000.0,76465000.0,-79721000.0,0.0,-133063000.0,-133063000.0,-133063000.0,0.0,0.0,-1.211,196068000.0,-126724000.0,8462000.0,0.0,2.854,-0.927,-0.918,22950000.0,0.0,95.0,1.123,1.122,14790000.0,-1167867000.0,109898000.0,109898000.0,33608000.0,-0.535,-2.117,13.138,-1.181,287000.0,51955000.0,1.0,1299103.0,1297880.0,1309080.0,84.675,167490000.0,0.0,7371000.0,0.0,129.049,10694000.0
67,BVSN,MRT,2002-12-31,2002-12-31,2002-12-31,2021-01-08,37000.0,240136000.0,280405000.0,133968000.0,106168000.0,0.413,32.489,-844000.0,94090000.0,94090000.0,47042000.0,-170522000.0,1.044,4.768,27922000.0,25977000.0,1945000.0,27922000.0,14158000.0,21748000.0,0.0,0.0,0.0,-167049000.0,-145301000.0,-1.254,-145301000.0,-167049000.0,-162919000.0,-133.0,-133.0,-133.0,41633000.0,95463500.0,41633000.0,38409372.0,0.0,-0.264,-100038000.0,-78.067,1.0,68856000.0,0.594,57320000.0,-4130000.0,-11704000.0,26277000.0,0.0,27154000.0,24484000.0,2670000.0,198503000.0,128352000.0,70151000.0,110001372.0,1628000.0,0.0,2891000.0,24023000.0,0.0,26914000.0,73908000.0,61507000.0,-99194000.0,0.0,-170522000.0,-170522000.0,-170522000.0,0.0,0.0,-1.471,223764000.0,-154908000.0,8105000.0,0.0,2.642,-0.645,-0.641,26600000.0,0.0,85.25,0.949,0.943,22917000.0,-1169204000.0,115898000.0,115898000.0,41432000.0,-0.608,-1.786,-6.357,-1.441,846000.0,65206000.0,1.0,1290339.0,1281440.0,1281440.0,90.444,182816000.0,0.0,7603000.0,0.0,142.665,5616000.0
68,BVSN,MRT,2002-09-30,2002-09-30,2002-09-30,2021-01-08,-1288000.0,253216000.0,318475250.0,137817000.0,115399000.0,0.427,38.459,-5450000.0,99759000.0,99759000.0,50616000.0,-215870000.0,1.056,4.117,28167000.0,25977000.0,2190000.0,28167000.0,15410000.0,32860000.0,0.0,0.0,0.0,-208083000.0,-175223000.0,-1.288,-175223000.0,-208083000.0,-208083000.0,-165.0,-165.0,-165.0,49490000.0,135842000.0,49490000.0,-33211307.0,0.0,0.19,-123650000.0,-96.088,1.0,85427000.0,0.628,58207000.0,0.0,-7135000.0,54918000.0,0.0,31408000.0,26135000.0,5273000.0,203726000.0,130552000.0,73174000.0,39573693.0,-40589000.0,0.0,3943000.0,24024000.0,0.0,27967000.0,49644000.0,41790000.0,-118200000.0,0.0,-215870000.0,-215870000.0,-215870000.0,0.0,0.0,-1.587,278484000.0,-193057000.0,9704000.0,0.0,0.8,-0.183,-0.186,30502000.0,0.0,30.75,0.291,0.291,18903000.0,-1159227000.0,136043000.0,136043000.0,56033000.0,-0.678,-1.589,-3.789,-1.53,847000.0,81401000.0,1.0,1286949.0,1286840.0,,105.719,195009000.0,0.0,7787000.0,0.0,151.541,7265000.0
69,BVSN,MRT,2002-06-30,2002-06-30,2002-06-30,2021-01-08,-1305000.0,277444000.0,367576000.0,153470000.0,123974000.0,0.429,91.359,-8232000.0,101196000.0,101196000.0,57825000.0,-581084000.0,1.152,1.37,28411000.0,25977000.0,2434000.0,28411000.0,18348000.0,104161000.0,0.0,0.0,0.0,-573029000.0,-468868000.0,-2.976,-468868000.0,-573029000.0,-573029000.0,-462.0,-462.0,-462.0,117075000.0,186975000.0,117075000.0,29200304.0,0.0,-0.062,-129780000.0,-101.274,1.0,99708000.0,0.633,59094000.0,0.0,12321000.0,86309250.0,0.0,44472000.0,37559000.0,6913000.0,160369000.0,133244000.0,27125000.0,89413304.0,-63819000.0,0.0,6526000.0,24048000.0,0.0,30574000.0,27155000.0,32812000.0,-121548000.0,0.0,-581084000.0,-581084000.0,-581084000.0,0.0,0.0,-3.689,659501000.0,-559793000.0,13892000.0,0.0,0.764,-0.154,-0.151,35796000.0,0.0,69.75,0.568,0.567,20404000.0,-1091494000.0,157533000.0,157533000.0,64489000.0,-1.581,-3.108,-6.639,-3.638,1120000.0,106188000.0,1.0,1281911.0,1281480.0,,122.931,218350000.0,0.0,8055000.0,0.0,170.389,20226000.0
70,BVSN,MRT,2002-03-31,2002-03-31,2002-03-31,2021-01-08,-852000.0,350824000.0,524060750.0,171765000.0,179059000.0,0.355,137.559,-16685000.0,63868000.0,63868000.0,79750000.0,-767236000.0,1.443,1.02,3655000.0,977000.0,2678000.0,3655000.0,22792000.0,170971000.0,0.0,0.0,0.0,-765754000.0,-594783000.0,-3.195,-594783000.0,-765754000.0,-765754000.0,-617.5,-617.5,-617.5,173656000.0,328784500.0,173656000.0,371832843.0,0.0,-0.625,-92005000.0,-72.88,1.0,106399000.0,0.572,59980000.0,0.0,111626000.0,116573500.0,0.0,115580000.0,65719000.0,49861000.0,177168000.0,119005000.0,58163000.0,491392843.0,-70863000.0,7171000.0,10704000.0,-962000.0,0.0,9742000.0,-5285000.0,4229000.0,-75320000.0,0.0,-767236000.0,-767236000.0,-767236000.0,0.0,0.0,-4.122,856651000.0,-750252000.0,12034000.0,0.0,2.83,-0.64,-0.63,57969000.0,0.0,389.25,2.64,2.64,28242000.0,-1034804000.0,186149000.0,186149000.0,72099000.0,-1.464,-2.334,-6.569,-4.114,958000.0,141410000.0,1.0,1262409.0,1262409.0,,147.455,290844000.0,2857000.0,1482000.0,0.0,230.388,52760000.0
71,BVSN,MRT,2001-12-31,2001-12-31,2001-12-31,2021-01-08,-5245000.0,392417000.0,695645000.0,194047000.0,198370000.0,0.357,165.171,-54936000.0,105707000.0,105707000.0,107534000.0,-836259000.0,1.529,0.932,3899000.0,977000.0,2922000.0,3899000.0,22580000.0,236656000.0,0.0,0.0,0.0,-834123000.0,-597467000.0,-2.405,-597467000.0,-834123000.0,-834123000.0,-680.0,-680.0,-680.0,203147000.0,513410000.0,203147000.0,658715370.0,-1.0,-1.103,-132803000.0,-107.977,1.0,140889000.0,0.567,60867000.0,0.0,102860000.0,150010500.0,0.0,93423000.0,65705000.0,27718000.0,189270000.0,126882000.0,62388000.0,778275370.0,-77379000.0,7171000.0,16425000.0,-975000.0,0.0,15450000.0,-14962000.0,32803000.0,-77867000.0,0.0,-836259000.0,-836259000.0,-836259000.0,0.0,0.0,-3.366,968084000.0,-827195000.0,11276000.0,0.0,3.831,-0.931,-0.907,67219000.0,0.0,616.5,3.133,3.052,39768000.0,-998682000.0,248423000.0,248423000.0,85095000.0,-1.202,-1.629,-5.56,-3.358,350000.0,182110000.0,1.0,1262409.0,1229920.0,1229920.0,201.983,331550000.0,2857000.0,2136000.0,0.0,269.57,67165000.0
72,BVSN,MRT,2001-09-30,2001-09-30,2001-09-30,2021-01-08,-8491000.0,449619000.0,883296750.0,239967000.0,209652000.0,0.383,205.166,-87885000.0,123703000.0,123703000.0,134068000.0,-844970000.0,1.747,0.77,4143000.0,977000.0,3166000.0,4143000.0,25996000.0,287634000.0,0.0,0.0,0.0,-842123000.0,-554489000.0,-1.641,-554489000.0,-842123000.0,-842123000.0,-691.75,-691.75,-691.75,254022000.0,714947750.0,254022000.0,120252613.0,0.0,-0.217,-127798000.0,-103.219,1.0,203885000.0,0.603,74305000.0,0.0,118430000.0,188877750.0,0.0,107789000.0,65879000.0,41910000.0,195597000.0,137324000.0,58273000.0,253506613.0,-32698000.0,7171000.0,27914000.0,-933000.0,0.0,26981000.0,-19766000.0,60948000.0,-39913000.0,0.0,-844970000.0,-844970000.0,-844970000.0,0.0,0.0,-2.5,1050138000.0,-846253000.0,11696000.0,0.0,0.998,-0.3,-0.296,80464000.0,0.0,204.75,0.75,0.75,34988000.0,-943357000.0,337953000.0,337953000.0,84985000.0,-0.957,-1.182,-4.459,-2.492,2112000.0,230188000.0,1.0,1238128.0,1238128.0,,272.955,375314000.0,5579000.0,2847000.0,0.0,303.13,102643000.0
73,BVSN,MRT,2001-06-30,2001-06-30,2001-06-30,2021-01-08,-8133000.0,903383000.0,1065309500.0,264630000.0,638753000.0,0.384,562.829,-97857000.0,137641000.0,137641000.0,152104000.0,-464779000.0,1.656,0.32,4387000.0,977000.0,3410000.0,4387000.0,29564000.0,283183000.0,0.0,0.0,0.0,-453773000.0,-170590000.0,-0.417,-170590000.0,-453773000.0,-453773000.0,-387.0,-387.0,-387.0,684313000.0,917226750.0,684313000.0,1234989427.0,-3.0,-7.24,-110080000.0,-90.538,1.0,257314000.0,0.628,476951000.0,0.0,133378000.0,219757250.0,0.0,112824000.0,48465000.0,64359000.0,219070000.0,159800000.0,59270000.0,1365090427.0,-11189000.0,5560000.0,37495000.0,-1211000.0,0.0,36284000.0,-35250000.0,57047000.0,-12223000.0,0.0,-464779000.0,-464779000.0,-464779000.0,0.0,0.0,-1.135,717738000.0,-460424000.0,20454000.0,0.0,1.995,-2.937,-2.901,85713000.0,0.0,1122.75,3.334,3.334,55810000.0,-510410000.0,409418000.0,409418000.0,83743000.0,-0.436,-0.507,-2.065,-1.108,9777000.0,245441000.0,1.0,1215845.0,1215845.0,,336.735,426432000.0,5579000.0,11006000.0,0.0,350.729,104830000.0
74,BVSN,MRT,2001-03-31,2001-03-31,2001-03-31,2021-01-08,-3694000.0,1037161000.0,1140568000.0,280523000.0,756638000.0,0.392,762.555,-99193000.0,134731000.0,134731000.0,150699000.0,-276808000.0,2.329,0.137,4630000.0,977000.0,3653000.0,4630000.0,20868000.0,268460000.0,0.0,0.0,0.0,-259336000.0,9124000.0,0.02,9124000.0,-259336000.0,-259336000.0,-234.5,-234.5,-234.5,912158000.0,1021260750.0,912158000.0,1250917861.0,-5.0,137.102,-94627000.0,-79.107,1.0,296028000.0,0.663,541221000.0,0.0,245374000.0,241648000.0,0.0,135566000.0,41597000.0,93969000.0,125003000.0,120465000.0,4538000.0,1402228861.0,-149177000.0,-6039000.0,40444000.0,-1347000.0,0.0,39097000.0,-192840000.0,-87608000.0,4566000.0,0.0,-276808000.0,-276808000.0,-276808000.0,0.0,0.0,-0.62,566831000.0,-270803000.0,19706000.0,0.0,1.537,-5.066,-4.999,109746000.0,0.0,1172.25,3.139,3.139,86474000.0,-267568000.0,446727000.0,446727000.0,82933000.0,-0.243,-0.271,-1.073,-0.581,22988000.0,229763000.0,1.0,1196186.0,1196186.0,,373.46,495940000.0,5579000.0,17472000.0,0.0,414.601,160058000.0
75,BVSN,MRT,2000-12-31,2000-12-31,2000-12-31,2021-01-08,-4348000.0,1143024000.0,995991250.0,344762000.0,798262000.0,0.417,874.184,-67515000.0,153137000.0,153137000.0,127218000.0,-161629000.0,2.674,0.132,4874000.0,977000.0,3897000.0,4874000.0,16330000.0,198332000.0,0.0,0.0,0.0,-138581000.0,59751000.0,0.144,59751000.0,-138581000.0,-138581000.0,-140.0,-140.0,-140.0,1009298000.0,884155750.0,1009298000.0,2946511302.0,-21.0,49.313,-12181000.0,-10.55,1.0,288281000.0,0.694,607501000.0,0.0,258329000.0,202850000.0,0.0,171952000.0,69397000.0,102555000.0,133726000.0,128931000.0,4795000.0,3097822302.0,-126686000.0,-6039000.0,40340000.0,-1490000.0,0.0,38850000.0,-220870000.0,-147316000.0,55334000.0,0.0,-161629000.0,-161629000.0,-161629000.0,0.0,0.0,-0.389,445079000.0,-156798000.0,15711000.0,0.0,3.069,-19.166,-18.498,76685000.0,0.0,2589.75,7.456,7.196,104811000.0,-162423000.0,415499000.0,415499000.0,61721000.0,-0.162,-0.183,-0.683,-0.334,23067000.0,195503000.0,1.0,1196186.0,1154560.0,1154560.0,359.876,535523000.0,5579000.0,23048000.0,0.0,463.833,215831000.0
76,BVSN,MRT,2000-09-30,2000-09-30,2000-09-30,2021-01-08,-144000.0,1177670000.0,811767250.0,372645000.0,805025000.0,0.395,895.397,-35435000.0,156401000.0,156401000.0,96157000.0,-89529000.0,3.402,0.108,5090000.0,977000.0,4113000.0,5090000.0,16897000.0,130751000.0,0.0,0.0,0.0,-67338000.0,63413000.0,0.198,63413000.0,-67338000.0,-67338000.0,-76.5,-76.5,-76.5,1063138000.0,718128250.0,1063138000.0,6644812907.0,-99.0,104.786,24109000.0,20.305,1.0,224625000.0,0.7,674876000.0,0.0,241948000.0,157365750.0,0.0,191817000.0,110526000.0,81291000.0,114532000.0,109535000.0,4997000.0,6788298907.0,101078000.0,-9804000.0,241278000.0,-1520000.0,0.0,239758000.0,-198224000.0,-155603000.0,59544000.0,0.0,-89529000.0,-89529000.0,-89529000.0,0.0,0.0,-0.279,310011000.0,-85386000.0,12824000.0,0.0,6.385,-75.822,-74.735,42234000.0,0.0,5717.25,21.162,21.162,92579000.0,-98387000.0,320782000.0,320782000.0,45135000.0,-0.11,-0.125,-0.428,-0.21,8056000.0,143217000.0,1.0,1187336.0,1187336.0,,270.169,502794000.0,0.0,22191000.0,0.0,423.464,263110000.0
77,BVSN,MRT,2000-06-30,2000-06-30,2000-06-30,2021-01-08,5016000.0,1204417000.0,556482000.0,403558000.0,800859000.0,0.414,990.789,-26594000.0,148830000.0,148830000.0,68664000.0,-32279000.0,4.086,0.094,5344000.0,997000.0,4347000.0,5344000.0,24574000.0,62703000.0,0.0,0.0,0.0,-18413000.0,44290000.0,0.192,44290000.0,-18413000.0,-18413000.0,-27.0,-27.0,-27.0,1100449000.0,482861250.0,1100449000.0,12334433410.0,-670.0,278.493,30339000.0,27.316,1.0,161755000.0,0.702,741236000.0,0.0,220941000.0,116418000.0,0.0,200056000.0,178424000.0,21632000.0,103968000.0,98754000.0,5214000.0,12612604410.0,95095000.0,-8193000.0,232680000.0,1619000.0,0.0,234299000.0,-196137000.0,-161440000.0,56933000.0,0.0,-32279000.0,-32279000.0,-32279000.0,0.0,0.0,-0.14,194789000.0,-33034000.0,12299000.0,0.0,11.461,-390.737,-420.583,32334000.0,0.0,11355.75,54.738,54.738,66880000.0,-45631000.0,230419000.0,230419000.0,33963000.0,-0.058,-0.067,-0.158,-0.08,7286000.0,105475000.0,1.0,1110680.0,1110680.0,,207.458,463181000.0,0.0,13866000.0,2881000.0,417.025,304804000.0
78,BVSN,MRT,2000-03-31,2000-03-31,2000-03-31,2021-01-08,27113000.0,458854000.0,289677250.0,417991000.0,40863000.0,0.547,329.527,-19359000.0,283908000.0,283908000.0,42480000.0,25907000.0,4.619,0.261,5737000.0,1122000.0,4615000.0,5737000.0,17315000.0,5775000.0,0.0,0.0,0.0,33171000.0,38946000.0,0.246,38946000.0,33171000.0,33171000.0,22.5,22.5,22.5,363738000.0,234952000.0,363738000.0,10783245689.0,325.0,276.877,38621000.0,34.989,1.0,116071000.0,0.732,0.0,0.0,90182000.0,76674750.0,0.0,99789000.0,86581000.0,13208000.0,95116000.0,90501000.0,4615000.0,11056946689.0,216976000.0,-3765000.0,226605000.0,1682000.0,0.0,228287000.0,-69291000.0,-46167000.0,57980000.0,0.0,25907000.0,25907000.0,25907000.0,0.0,0.0,0.163,94174000.0,21897000.0,10484000.0,0.0,30.398,426.794,445.2,21982000.0,0.0,10017.0,69.737,69.737,38006000.0,9242000.0,158551000.0,158551000.0,17425000.0,0.089,0.11,0.433,0.209,323000.0,76749000.0,1.0,1103818.0,1103818.0,,143.639,458854000.0,0.0,7264000.0,23597000.0,415.697,327490000.0
79,BVSN,MRT,1999-12-31,1999-12-31,1999-12-31,2021-01-08,25925000.0,406128000.0,205007000.0,380206000.0,25922000.0,0.563,338.969,-13291000.0,279823000.0,279823000.0,28811000.0,18809000.0,6.783,0.177,6137000.0,1247000.0,4890000.0,6137000.0,3896000.0,4739000.0,0.0,0.0,0.0,19805000.0,24544000.0,0.212,24544000.0,19805000.0,19805000.0,18.0,15.75,18.0,345188000.0,168627750.0,345188000.0,13146096780.0,664.0,535.613,20055000.0,19.694,1.0,86703000.0,0.751,0.0,0.0,76392000.0,63893500.0,0.0,73172000.0,68758000.0,4414000.0,60940000.0,56050000.0,4890000.0,13195065780.0,217945000.0,-3765000.0,221514000.0,1671000.0,0.0,223185000.0,-38586000.0,-21530000.0,33346000.0,0.0,18809000.0,18809000.0,18809000.0,0.0,0.0,0.163,71441000.0,15262000.0,5754000.0,0.0,38.226,701.529,708.333,16751000.0,0.0,12750.0,114.229,112.401,26540000.0,-794000.0,115514000.0,115514000.0,14568000.0,0.092,0.112,0.31,0.171,329000.0,56873000.0,1.0,1034907.0,1018347.0,1158720.0,113.433,406128000.0,0.0,996000.0,16769000.0,398.811,324156000.0
80,BVSN,MRT,1999-09-30,1999-09-30,1999-09-30,2021-01-08,11141000.0,156529000.0,128865500.0,106607000.0,49922000.0,0.681,119.391,-9056000.0,55323000.0,55323000.0,20451000.0,12837000.0,3.626,0.282,6354000.0,1324000.0,5030000.0,6354000.0,3715000.0,3867000.0,0.0,0.0,0.0,13331000.0,17198000.0,0.196,17198000.0,13331000.0,13331000.0,11.25,11.25,11.25,122070000.0,102783000.0,122070000.0,3350611440.0,251.0,194.826,11253000.0,11.006,1.0,67337000.0,0.767,0.0,0.0,78157000.0,51702250.0,0.0,49735000.0,24201000.0,25534000.0,34459000.0,29403000.0,5056000.0,3400635440.0,-6591000.0,0.0,9578000.0,1486000.0,0.0,11064000.0,-37964000.0,-26451000.0,20309000.0,0.0,12837000.0,12837000.0,12837000.0,0.0,0.0,0.146,56660000.0,10677000.0,4602000.0,0.0,27.858,264.909,295.644,12830000.0,0.0,3326.0,38.737,38.737,23091000.0,-8856000.0,87788000.0,87788000.0,12736000.0,0.1,0.125,0.258,0.152,13906000.0,43924000.0,1.0,1022440.0,1022440.0,,85.861,156529000.0,8036000.0,494000.0,0.0,153.094,77204000.0
81,BVSN,MRT,1999-06-30,1999-06-30,1999-06-30,2021-01-08,13243000.0,137198000.0,112151500.0,97857000.0,39341000.0,0.637,109.31,-5989000.0,53735000.0,53735000.0,15324000.0,10097000.0,3.882,0.261,3711000.0,1095000.0,2616000.0,3711000.0,3298000.0,3552000.0,0.0,0.0,0.0,10351000.0,13903000.0,0.195,13903000.0,10351000.0,10351000.0,8.25,8.25,8.25,108812000.0,90586750.0,108812000.0,1795385751.0,173.0,129.137,5522000.0,5.547,1.0,56064000.0,0.785,0.0,0.0,61968000.0,37071750.0,0.0,47109000.0,18823000.0,28286000.0,28386000.0,25206000.0,3180000.0,1858277751.0,-9804000.0,0.0,6450000.0,-1502000.0,0.0,4948000.0,-26263000.0,-20323000.0,11511000.0,0.0,10097000.0,10097000.0,10097000.0,0.0,0.0,0.141,48245000.0,7819000.0,3336000.0,0.0,17.078,184.043,222.667,9978000.0,0.0,1837.0,26.031,25.615,21479000.0,-13351000.0,71388000.0,71388000.0,11314000.0,0.09,0.111,0.279,0.145,6750000.0,36931000.0,1.0,1011583.0,995440.0,1117840.0,71.715,137198000.0,0.0,254000.0,529000.0,137.826,72651000.0
82,BVSN,MRT,1999-03-31,1999-03-31,1999-03-31,2021-01-08,10427000.0,120173000.0,99110000.0,87226000.0,32947000.0,0.598,98.185,-4050000.0,66932000.0,66932000.0,11968000.0,7475000.0,4.786,0.221,4040000.0,1170000.0,2870000.0,4040000.0,2308000.0,3246000.0,0.0,0.0,0.0,7534000.0,10780000.0,0.182,10780000.0,7534000.0,7534000.0,6.75,6.75,6.75,98441000.0,81121250.0,98441000.0,1433457282.0,190.0,132.974,1774000.0,1.769,1.0,47329000.0,0.798,0.0,0.0,39057000.0,24727000.0,0.0,23593000.0,0.0,23593000.0,21732000.0,18224000.0,3508000.0,1490884282.0,9803000.0,0.0,12445000.0,-1493000.0,0.0,10952000.0,-6973000.0,-3000000.0,5824000.0,0.0,7475000.0,7475000.0,7475000.0,0.0,0.0,0.126,42399000.0,4930000.0,2119000.0,0.0,15.145,199.449,220.296,8233000.0,0.0,1487.0,25.143,25.143,16264000.0,-16666000.0,59297000.0,59297000.0,10095000.0,0.075,0.092,0.305,0.127,590000.0,32304000.0,1.0,1002612.0,1002612.0,,59.143,120173000.0,0.0,59000.0,594000.0,119.86,69002000.0
83,BVSN,MRT,1998-12-31,1998-12-31,1998-12-31,2021-01-08,3198000.0,101562000.0,88153000.0,80128000.0,21434000.0,0.578,87.605,-4198000.0,61878000.0,61878000.0,9705000.0,4039000.0,4.854,0.241,4451000.0,1257000.0,3194000.0,4451000.0,1918000.0,2947000.0,0.0,0.0,0.0,3960000.0,6907000.0,0.136,6907000.0,3960000.0,3960000.0,4.5,4.5,4.5,81809000.0,72000250.0,81809000.0,729009576.0,184.0,105.546,-3035000.0,-3.25,1.0,41206000.0,0.809,0.0,0.0,27627000.0,17491750.0,0.0,11546000.0,0.0,11546000.0,19753000.0,16508000.0,3245000.0,786124576.0,53601000.0,0.0,57532000.0,-92000.0,0.0,58840000.0,-6402000.0,-2204000.0,1163000.0,0.0,4039000.0,4039000.0,4039000.0,0.0,0.0,0.079,39282000.0,1924000.0,2243000.0,0.0,9.609,194.633,177.778,8034000.0,0.0,800.0,15.441,14.674,15361000.0,-19603000.0,50911000.0,50911000.0,9227000.0,0.046,0.056,0.226,0.078,597000.0,30055000.0,1.0,982656.0,933840.0,1026120.0,54.518,101562000.0,700000.0,-79000.0,0.0,108.757,63620000.0
84,BVSN,MRT,1998-09-30,1998-09-30,1998-09-30,2021-01-08,0.0,89673000.0,69397250.0,75415000.0,14258000.0,0.627,75.582,-5806000.0,61914000.0,61914000.0,8597000.0,862000.0,5.836,0.224,4799000.0,1392000.0,3407000.0,4799000.0,2182000.0,2539000.0,0.0,0.0,0.0,710000.0,3249000.0,0.075,3249000.0,710000.0,862000.0,0.5,0.5,0.5,73285000.0,55328250.0,73285000.0,188974715.0,266.0,58.164,-5328000.0,-5.495,1.0,34931000.0,0.802,0.0,-152000.0,19635000.0,13773000.0,0.0,5525000.0,0.0,5525000.0,16388000.0,12923000.0,3465000.0,251129715.0,52913000.0,0.0,56267000.0,3635000.0,0.0,59902000.0,-7467000.0,-1500000.0,478000.0,0.0,862000.0,862000.0,862000.0,0.0,0.0,0.02,35326000.0,-395000.0,1812000.0,0.0,3.427,291.334,518.0,7572000.0,0.0,259.0,5.769,5.769,11625000.0,-21694000.0,43528000.0,43528000.0,8273000.0,0.012,0.016,0.052,0.016,366000.0,27053000.0,1.0,969613.0,969613.0,,44.892,89673000.0,0.0,0.0,0.0,92.483,62492000.0
85,BVSN,MRT,1998-06-30,1998-06-30,1998-06-30,2021-01-08,0.0,85032000.0,,74870000.0,10162000.0,,73.872,-5879000.0,63539000.0,63539000.0,7277000.0,-2583000.0,7.277,0.198,1384000.0,1384000.0,0.0,1384000.0,826000.0,2217000.0,0.0,0.0,0.0,-2733000.0,-516000.0,-0.014,-516000.0,-2733000.0,-2583000.0,-3.0,-3.0,-3.0,70950000.0,,70950000.0,512372664.0,-187.0,-992.97,-7425000.0,-7.731,1.0,29974000.0,0.805,0.0,-150000.0,12589000.0,,0.0,1500000.0,0.0,1500000.0,14082000.0,10288000.0,3794000.0,568180664.0,51944000.0,0.0,56017000.0,4130000.0,0.0,60147000.0,-6657000.0,-706000.0,-1546000.0,0.0,-2583000.0,-2583000.0,-2583000.0,0.0,0.0,-0.069,33176000.0,-3202000.0,4379000.0,0.0,8.008,-219.969,-196.333,7440000.0,0.0,589.0,15.253,15.186,9844000.0,-23448000.0,37251000.0,37251000.0,7992000.0,,,,-0.073,381000.0,25184000.0,1.0,964653.0,960440.0,,38.785,85032000.0,0.0,0.0,0.0,88.534,64582000.0
86,BVSN,MRT,1998-03-31,1998-03-31,1998-03-31,2021-01-08,0.0,76345000.0,,68905000.0,7440000.0,,75.72,-5658000.0,57129000.0,57129000.0,6398000.0,-5385000.0,6.612,0.232,1321000.0,1321000.0,0.0,1321000.0,1751000.0,1895000.0,0.0,0.0,0.0,-5397000.0,-3502000.0,-0.11,-3502000.0,-5397000.0,-5385000.0,-6.25,-6.25,-6.25,61957000.0,,61957000.0,352844170.0,-65.0,-100.755,-10713000.0,-13.093,1.0,25495000.0,0.799,0.0,-12000.0,10116000.0,,0.0,0.0,0.0,0.0,14388000.0,10421000.0,3967000.0,358294170.0,43229000.0,0.0,48046000.0,4360000.0,0.0,52406000.0,-4122000.0,1532000.0,-5055000.0,0.0,-5385000.0,-5385000.0,-5385000.0,0.0,0.0,-0.169,30883000.0,-5388000.0,4341000.0,0.0,5.783,-66.536,-70.24,7113000.0,0.0,439.0,11.234,11.263,10792000.0,-24141000.0,31893000.0,31893000.0,7745000.0,,,,-0.169,410000.0,23138000.0,1.0,816160.0,818240.0,,38.978,76345000.0,0.0,0.0,0.0,93.304,58484000.0
87,BVSN,MRT,1997-12-31,1997-12-31,1997-12-31,2021-01-08,0.0,26539000.0,27734500.0,19822000.0,6717000.0,0.977,18.707,-4878000.0,9677000.0,9677000.0,5948000.0,-7373000.0,2.378,0.755,4227000.0,1222000.0,3005000.0,4227000.0,532000.0,1613000.0,0.0,0.0,0.0,-7373000.0,-5760000.0,-0.213,-5760000.0,-7373000.0,-7373000.0,-9.0,-9.0,-9.0,15121000.0,18068500.0,15121000.0,,,,-13557000.0,-16.772,1.0,21157000.0,0.781,0.0,0.0,12752000.0,8768000.0,0.0,796000.0,796000.0,0.0,11418000.0,8337000.0,3081000.0,128953255.0,-9331000.0,0.0,1050000.0,3260000.0,0.0,2910000.0,-3562000.0,1316000.0,-8679000.0,0.0,-7373000.0,-7373000.0,-7373000.0,0.0,0.0,-0.272,28795000.0,-7638000.0,1863000.0,0.0,8.528,-17.49,-17.556,6467000.0,0.0,158.0,4.758,4.712,8783000.0,-23642000.0,27105000.0,27105000.0,7392000.0,-0.266,-0.408,-0.841,-0.272,428000.0,21403000.0,1.0,816160.0,808320.0,808320.0,33.533,26539000.0,0.0,0.0,0.0,32.832,11485000.0
88,BVSN,MRT,1997-09-30,1997-09-30,1997-09-30,2021-01-08,,,,,,,,,,,,,,,,,,,,,,0.0,0.0,,,,,,,,,,,,,,,,,,1.0,,,,,,,,,,,,,,,,,,,,,,,,,,,,,,,,,,,,,,,,164.0,,,,,,,,,,,,,,1.0,,,,,,,,,,
89,BVSN,MRT,1997-06-30,1997-06-30,1997-06-30,2021-01-08,,,,,,,,,,,,,,,,,,,,,,0.0,0.0,,,,,,,,,,,,,,,,,,1.0,,,,,,,,,,,,,,,,,,,,,,,,,,,,,,,,,,,,,,,,160.0,,,,,,,,,,,,,,1.0,,,,,,,,,,
90,BVSN,MRT,1997-03-31,1997-03-31,1997-03-31,2021-01-08,,,,,,,,,,,,,,,,,,,,,,0.0,0.0,,,,,,,,,,,,,,,,,,1.0,,,,,,,,,,,,,,,,,,,,,,,,,,,,,,,,,,,,,,,,208.0,,,,,,,,,,,,,,1.0,,800080.0,,,,,,,,
91,BVSN,MRT,1996-12-31,1996-12-31,1996-12-31,2021-01-08,0.0,28930000.0,,25585000.0,3345000.0,,27.925,-2529000.0,17608000.0,17608000.0,2494000.0,-10145000.0,3.492,0.377,789000.0,294000.0,495000.0,789000.0,2625000.0,753000.0,0.0,0.0,0.0,-10145000.0,-9392000.0,-0.863,-9392000.0,-10145000.0,-10145000.0,-13.5,-13.5,-13.5,21016000.0,,21016000.0,,,,-10907000.0,-14.492,1.0,8388000.0,0.771,0.0,0.0,4784000.0,,0.0,2112000.0,2112000.0,0.0,7914000.0,7327000.0,587000.0,,13297000.0,0.0,21333000.0,-274000.0,0.0,26120000.0,-4445000.0,-1916000.0,-8378000.0,0.0,-10145000.0,-10145000.0,-10145000.0,0.0,0.0,-0.932,19085000.0,-10697000.0,958000.0,0.0,,,-14.0,3024000.0,0.0,189.0,,13.071,5548000.0,-16269000.0,10882000.0,10882000.0,4985000.0,,,,-0.932,513000.0,14100000.0,1.0,,752600.0,752600.0,14.459,28930000.0,0.0,0.0,0.0,38.44,18258000.0
92,BVSN,MRT,1995-12-31,1995-12-31,1995-12-31,2021-01-08,,,,,,,,-679000.0,,,249000.0,-4318000.0,,,,,,,,120000.0,,,0.0,-4318000.0,-4198000.0,-7.774,-4198000.0,-4318000.0,-4318000.0,-9.0,-9.0,-9.0,,,,,,,-4419000.0,-9.225,1.0,291000.0,0.539,,0.0,,,,,,,,,,,3503000.0,0.0,-6000.0,683000.0,0.0,6629000.0,614000.0,1293000.0,-3740000.0,0.0,-4318000.0,-4318000.0,-4318000.0,0.0,0.0,-7.996,4769000.0,-4478000.0,,0.0,,,,,0.0,,,,,,540000.0,540000.0,2575000.0,,,,-7.996,100000.0,2194000.0,1.0,,479040.0,479040.0,1.127,,,0.0,,,
