None,ticker,dimension,calendardate,datekey,reportperiod,lastupdated,accoci,assets,assetsavg,assetsc,assetsnc,assetturnover,bvps,capex,cashneq,cashnequsd,cor,consolinc,currentratio,de,debt,debtc,debtnc,debtusd,deferredrev,depamor,deposits,divyield,dps,ebit,ebitda,ebitdamargin,ebitdausd,ebitusd,ebt,eps,epsdil,epsusd,equity,equityavg,equityusd,ev,evebit,evebitda,fcf,fcfps,fxusd,gp,grossmargin,intangibles,intexp,invcap,invcapavg,inventory,investments,investmentsc,investmentsnc,liabilities,liabilitiesc,liabilitiesnc,marketcap,ncf,ncfbus,ncfcommon,ncfdebt,ncfdiv,ncff,ncfi,ncfinv,ncfo,ncfx,netinc,netinccmn,netinccmnusd,netincdis,netincnci,netmargin,opex,opinc,payables,payoutratio,pb,pe,pe1,ppnenet,prefdivis,price,ps,ps1,receivables,retearn,revenue,revenueusd,rnd,roa,roe,roic,ros,sbcomp,sgna,sharefactor,sharesbas,shareswa,shareswadil,sps,tangibles,taxassets,taxexp,taxliabilities,tbvps,workingcapital
0,RF,MRY,2020-12-31,2020-12-31,2020-12-31,2021-08-06,1315000000.0,147389000000.0,142545250000.0,,,0.035,18.885,-134000000.0,17956000000.0,17956000000.0,0.0,1094000000.0,,7.138,3569000000.0,,,3569000000.0,0.0,421000000.0,122479000000.0,0.038,0.62,1211000000.0,1632000000.0,0.329,1632000000.0,1211000000.0,1211000000.0,1.03,1.03,1.03,18111000000.0,17737250000.0,18111000000.0,6928355233.0,6.0,4.245,2190000000.0,2.284,1.0,4957000000.0,1.0,5312000000.0,0.0,127690000000.0,131887250000.0,0.0,113576000000.0,,,129278000000.0,,,15482355233.0,13842000000.0,-381000000.0,0.0,-8270000000.0,-595000000.0,16371000000.0,-4853000000.0,-4278000000.0,2324000000.0,0.0,991000000.0,991000000.0,991000000.0,0.0,103000000.0,0.2,3643000000.0,1314000000.0,0.0,0.602,0.855,15.623,15.65,1897000000.0,0.0,16.12,3.123,3.119,0.0,3770000000.0,4957000000.0,4957000000.0,0.0,0.007,0.056,0.009,0.244,0.0,2761000000.0,1.0,960443873.0,959000000,962000000.0,5.169,142077000000.0,0.0,220000000.0,0.0,148.151,
1,RF,MRY,2019-12-31,2019-12-31,2019-12-31,2021-08-06,-90000000.0,126240000000.0,127676750000.0,,,0.043,16.377,-178000000.0,4114000000.0,4114000000.0,0.0,1582000000.0,,6.747,9929000000.0,,,9929000000.0,0.0,426000000.0,97475000000.0,0.034,0.59,1906000000.0,2332000000.0,0.426,2332000000.0,1906000000.0,1906000000.0,1.51,1.5,1.51,16295000000.0,16249000000.0,16295000000.0,26015206802.0,14.0,11.156,2403000000.0,2.415,1.0,5474000000.0,1.0,4950000000.0,0.0,127105000000.0,131484000000.0,0.0,107014000000.0,,,109945000000.0,,,16553206802.0,576000000.0,0.0,-1101000000.0,-4202000000.0,-577000000.0,-2514000000.0,509000000.0,719000000.0,2581000000.0,0.0,1503000000.0,1503000000.0,1503000000.0,0.0,79000000.0,0.275,3489000000.0,1985000000.0,0.0,0.391,1.016,11.013,11.364,1960000000.0,0.0,17.16,3.024,3.119,0.0,3751000000.0,5474000000.0,5474000000.0,0.0,0.012,0.092,0.014,0.348,0.0,2562000000.0,1.0,964639091.0,995000000,999000000.0,5.502,121290000000.0,0.0,403000000.0,0.0,121.899,
2,RF,MRY,2018-12-31,2018-12-31,2018-12-31,2021-08-06,-964000000.0,125688000000.0,124434000000.0,,,0.044,13.819,-151000000.0,3538000000.0,3538000000.0,0.0,1759000000.0,,7.329,14024000000.0,,,14024000000.0,0.0,462000000.0,94491000000.0,0.034,0.46,2082000000.0,2544000000.0,0.46,2544000000.0,2082000000.0,2082000000.0,1.55,1.54,1.55,15090000000.0,15375750000.0,15090000000.0,24766183811.0,12.0,9.735,2124000000.0,1.945,1.0,5525000000.0,1.0,4944000000.0,0.0,131230000000.0,127724250000.0,0.0,107245000000.0,,,110598000000.0,,,13833183811.0,-443000000.0,357000000.0,-2122000000.0,5399000000.0,-452000000.0,327000000.0,-3045000000.0,-3176000000.0,2275000000.0,0.0,1695000000.0,1695000000.0,1695000000.0,-382000000.0,64000000.0,0.307,3570000000.0,1955000000.0,0.0,0.297,0.917,8.161,8.632,2045000000.0,0.0,13.38,2.504,2.645,0.0,2828000000.0,5525000000.0,5525000000.0,0.0,0.014,0.11,0.016,0.377,0.0,2607000000.0,1.0,1033870240.0,1092000000,1102000000.0,5.06,120744000000.0,0.0,387000000.0,0.0,110.571,
3,RF,MRY,2017-12-31,2017-12-31,2017-12-31,2021-08-06,-749000000.0,124294000000.0,124188250000.0,,,0.043,13.653,-150000000.0,3981000000.0,3981000000.0,0.0,1263000000.0,,6.676,8632000000.0,,,8632000000.0,0.0,537000000.0,96889000000.0,0.018,0.315,1818000000.0,2355000000.0,0.44,2355000000.0,1818000000.0,1818000000.0,1.01,1.0,1.01,16192000000.0,16607750000.0,16192000000.0,22985307399.0,13.0,9.76,2147000000.0,1.81,1.0,5351000000.0,1.0,5081000000.0,0.0,123864000000.0,122207000000.0,0.0,104758000000.0,,,108102000000.0,,,20044307399.0,-1470000000.0,0.0,-1275000000.0,894000000.0,-346000000.0,-2966000000.0,-801000000.0,-609000000.0,2297000000.0,0.0,1199000000.0,1199000000.0,1199000000.0,-44000000.0,64000000.0,0.224,3491000000.0,1860000000.0,0.0,0.312,1.238,16.718,17.109,2064000000.0,0.0,17.28,3.746,3.83,0.0,1628000000.0,5351000000.0,5351000000.0,0.0,0.01,0.072,0.015,0.34,0.0,2539000000.0,1.0,1159971493.0,1186000000,1198000000.0,4.512,119213000000.0,0.0,619000000.0,0.0,100.517,
4,RF,MRY,2016-12-31,2016-12-31,2016-12-31,2021-08-06,-550000000.0,125968000000.0,125724000000.0,,,0.041,13.278,-205000000.0,5451000000.0,5451000000.0,0.0,1163000000.0,,6.559,7763000000.0,,,7763000000.0,0.0,574000000.0,99035000000.0,0.018,0.255,1609000000.0,2183000000.0,0.424,2183000000.0,1609000000.0,1609000000.0,0.87,0.87,0.87,16664000000.0,17156250000.0,16664000000.0,19492799248.0,12.0,8.929,1832000000.0,1.46,1.0,5147000000.0,1.0,5125000000.0,0.0,123155000000.0,123684250000.0,0.0,105313000000.0,,,109304000000.0,,,17676799248.0,137000000.0,0.0,-839000000.0,-569000000.0,-317000000.0,-1200000000.0,-700000000.0,-440000000.0,2037000000.0,0.0,1099000000.0,1099000000.0,1099000000.0,-9000000.0,64000000.0,0.214,3483000000.0,1664000000.0,0.0,0.293,1.061,16.084,16.506,2096000000.0,0.0,14.36,3.434,3.501,0.0,666000000.0,5147000000.0,5147000000.0,0.0,0.009,0.064,0.013,0.313,0.0,2496000000.0,1.0,1230974878.0,1255000000,1261000000.0,4.101,120843000000.0,0.0,510000000.0,0.0,96.289,
5,RF,MRY,2015-12-31,2015-12-31,2015-12-31,2021-08-06,-380000000.0,126050000000.0,123785250000.0,,,0.041,12.712,-369000000.0,5314000000.0,5314000000.0,0.0,1062000000.0,,6.483,8359000000.0,,,8359000000.0,0.0,523000000.0,98430000000.0,0.024,0.23,1453000000.0,1976000000.0,0.385,1976000000.0,1453000000.0,1453000000.0,0.75,0.75,0.75,16844000000.0,16936500000.0,16844000000.0,14888499462.0,10.0,7.535,1230000000.0,0.928,1.0,5137000000.0,1.0,5137000000.0,0.0,123958000000.0,120274750000.0,0.0,105555000000.0,,,109206000000.0,,,12532499462.0,1310000000.0,0.0,-623000000.0,2611000000.0,-304000000.0,5835000000.0,-6124000000.0,-5751000000.0,1599000000.0,0.0,998000000.0,998000000.0,998000000.0,13000000.0,64000000.0,0.194,3607000000.0,1530000000.0,0.0,0.307,0.744,12.558,12.8,2152000000.0,0.0,9.6,2.44,2.476,0.0,-115000000.0,5137000000.0,5137000000.0,0.0,0.008,0.059,0.012,0.283,0.0,2547000000.0,1.0,1305468694.0,1325000000,1334000000.0,3.877,120913000000.0,0.0,455000000.0,0.0,91.255,
6,RF,MRY,2014-12-31,2014-12-31,2014-12-31,2021-08-06,-238000000.0,119563000000.0,118860250000.0,,,0.043,12.271,-242000000.0,4004000000.0,4004000000.0,0.0,1147000000.0,,6.086,5715000000.0,,,5715000000.0,0.0,523000000.0,94200000000.0,0.017,0.18,1643000000.0,2166000000.0,0.424,2166000000.0,1643000000.0,1643000000.0,0.8,0.79,0.8,16873000000.0,16798500000.0,16873000000.0,15458576444.0,9.0,7.137,1865000000.0,1.356,1.0,5114000000.0,1.0,5091000000.0,0.0,116183000000.0,114877000000.0,0.0,101336000000.0,,,102690000000.0,,,14535576444.0,-1269000000.0,0.0,-256000000.0,-1279000000.0,-247000000.0,405000000.0,-3781000000.0,-3518000000.0,2107000000.0,0.0,1095000000.0,1095000000.0,1095000000.0,-13000000.0,52000000.0,0.214,3432000000.0,1682000000.0,0.0,0.225,0.861,13.274,13.2,2193000000.0,0.0,10.56,2.842,2.839,0.0,-1177000000.0,5114000000.0,5114000000.0,0.0,0.009,0.065,0.014,0.321,0.0,2465000000.0,1.0,1376475042.0,1375000000,1387000000.0,3.719,114472000000.0,0.0,548000000.0,0.0,83.252,
7,RF,MRY,2013-12-31,2013-12-31,2013-12-31,2021-08-06,-319000000.0,117396000000.0,118171250000.0,,,0.044,11.303,-186000000.0,5273000000.0,5273000000.0,0.0,1091000000.0,,6.445,7012000000.0,,,7012000000.0,0.0,645000000.0,92453000000.0,0.01,0.1,1620000000.0,2265000000.0,0.434,2265000000.0,1620000000.0,1620000000.0,0.76,0.75,0.76,15768000000.0,15581500000.0,15768000000.0,16375994274.0,10.0,7.23,3559000000.0,2.551,1.0,5221000000.0,1.0,5111000000.0,0.0,114024000000.0,115964500000.0,0.0,98655000000.0,,,101628000000.0,,,13623994274.0,-216000000.0,0.0,-340000000.0,-361000000.0,-138000000.0,-3890000000.0,-71000000.0,143000000.0,3745000000.0,0.0,1059000000.0,1059000000.0,1059000000.0,13000000.0,32000000.0,0.203,3556000000.0,1665000000.0,0.0,0.132,0.864,12.865,13.013,2216000000.0,0.0,9.89,2.609,2.643,0.0,-2216000000.0,5221000000.0,5221000000.0,0.0,0.009,0.068,0.014,0.31,0.0,2463000000.0,1.0,1377552505.0,1395000000,1410000000.0,3.743,112285000000.0,0.0,561000000.0,0.0,80.491,
8,RF,MRY,2012-12-31,2012-12-31,2012-12-31,2021-08-06,65000000.0,121347000000.0,123443000000.0,,,0.042,11.223,-180000000.0,5489000000.0,5489000000.0,0.0,1120000000.0,,6.829,7435000000.0,,,7435000000.0,0.0,717000000.0,95474000000.0,0.006,0.04,1473000000.0,2190000000.0,0.422,2190000000.0,1473000000.0,1473000000.0,0.72,0.71,0.72,15499000000.0,15597250000.0,15499000000.0,14304711390.0,10.0,6.532,2261000000.0,1.637,1.0,5187000000.0,1.0,5161000000.0,0.0,118132000000.0,121891000000.0,0.0,101920000000.0,,,105848000000.0,,,10074711390.0,-1756000000.0,855000000.0,875000000.0,-2766000000.0,-54000000.0,-5204000000.0,1007000000.0,332000000.0,2441000000.0,0.0,991000000.0,991000000.0,991000000.0,59000000.0,129000000.0,0.191,3526000000.0,1661000000.0,0.0,0.056,0.65,10.166,9.903,2279000000.0,0.0,7.13,1.942,1.898,0.0,-3338000000.0,5187000000.0,5187000000.0,0.0,0.008,0.064,0.012,0.284,0.0,2406000000.0,1.0,1413003000.0,1381000000,1387000000.0,3.756,116186000000.0,0.0,482000000.0,0.0,84.132,
9,RF,MRY,2011-12-31,2011-12-31,2011-12-31,2021-08-06,-69000000.0,127050000000.0,129869000000.0,,,0.031,13.115,-201000000.0,7245000000.0,7245000000.0,0.0,-215000000.0,,6.7,11177000000.0,,,11177000000.0,0.0,683000000.0,95627000000.0,0.009,0.04,-457000000.0,226000000.0,0.056,226000000.0,-457000000.0,-457000000.0,-0.34,-0.34,-0.34,16499000000.0,16817250000.0,16499000000.0,10233171100.0,-22.0,45.28,4552000000.0,3.618,1.0,4023000000.0,1.0,5265000000.0,0.0,125717000000.0,129869250000.0,0.0,103062000000.0,,,110551000000.0,,,5413171100.0,326000000.0,0.0,0.0,-5873000000.0,-51000000.0,-5086000000.0,659000000.0,860000000.0,4753000000.0,0.0,-429000000.0,-429000000.0,-429000000.0,404000000.0,214000000.0,-0.107,3862000000.0,161000000.0,0.0,-0.118,0.328,-12.618,-12.647,2375000000.0,0.0,4.3,1.346,1.345,0.0,-4322000000.0,4023000000.0,4023000000.0,0.0,-0.003,-0.026,-0.004,-0.114,0.0,2267000000.0,1.0,1258877000.0,1258000000,1258000000.0,3.198,121785000000.0,0.0,-28000000.0,0.0,96.808,
10,RF,MRY,2010-12-31,2010-12-31,2010-12-31,2021-08-06,-260000000.0,132351000000.0,134604750000.0,,,0.022,13.638,-191000000.0,6919000000.0,6919000000.0,0.0,-539000000.0,,6.909,17127000000.0,,,17127000000.0,0.0,732000000.0,94614000000.0,0.006,0.04,-1139000000.0,-407000000.0,-0.135,-407000000.0,-1139000000.0,-1139000000.0,-0.62,-0.62,-0.62,16734000000.0,17249500000.0,16734000000.0,19901588000.0,-17.0,-48.898,4036000000.0,3.289,1.0,3015000000.0,1.0,5946000000.0,0.0,136613000000.0,139561000000.0,0.0,107079000000.0,,,115617000000.0,,,8792588000.0,-1092000000.0,0.0,0.0,-5104000000.0,-49000000.0,-9403000000.0,4084000000.0,4275000000.0,4227000000.0,0.0,-763000000.0,-763000000.0,-763000000.0,71000000.0,224000000.0,-0.253,3859000000.0,-844000000.0,0.0,-0.065,0.525,-11.524,-11.29,2569000000.0,0.0,7.0,2.916,2.849,0.0,-4047000000.0,3015000000.0,3015000000.0,0.0,-0.006,-0.044,-0.008,-0.378,0.0,2328000000.0,1.0,1256084000.0,1227000000,1227000000.0,2.457,126405000000.0,0.0,-376000000.0,0.0,103.02,
11,RF,MRY,2009-12-31,2009-12-31,2009-12-31,2021-08-06,130000000.0,142318000000.0,141773750000.0,,,0.018,18.08,-234000000.0,8011000000.0,8011000000.0,0.0,-1031000000.0,,6.959,22132000000.0,,,22132000000.0,0.0,527000000.0,98680000000.0,0.025,0.13,-1455000000.0,-928000000.0,-0.369,-928000000.0,-1455000000.0,-1455000000.0,-1.27,-1.27,-1.27,17881000000.0,17981750000.0,17881000000.0,21294689280.0,-15.0,-22.947,1803000000.0,1.823,1.0,2517000000.0,1.0,6060000000.0,0.0,150379000000.0,152944000000.0,0.0,117191000000.0,,,124437000000.0,,,6284689280.0,-2962000000.0,0.0,1769000000.0,-12608000000.0,-105000000.0,-3359000000.0,-1640000000.0,-1406000000.0,2037000000.0,0.0,-1261000000.0,-1261000000.0,-1261000000.0,-43000000.0,230000000.0,-0.501,3710000000.0,-1193000000.0,0.0,-0.102,0.351,-4.984,-4.165,2668000000.0,0.0,5.29,2.497,2.079,0.0,-3235000000.0,2517000000.0,2517000000.0,0.0,-0.009,-0.07,-0.01,-0.578,0.0,2338000000.0,1.0,1188032000.0,989000000,989000000.0,2.545,136258000000.0,0.0,-194000000.0,0.0,137.774,
12,RF,MRY,2008-12-31,2008-12-31,2008-12-31,2021-08-06,-22000000.0,146248000000.0,144806250000.0,,,0.034,24.191,-464000000.0,10973000000.0,10973000000.0,0.0,-5596000000.0,,7.699,35053000000.0,,,35053000000.0,0.0,393000000.0,90904000000.0,0.121,0.96,-5970000000.0,-5577000000.0,-1.148,-5577000000.0,-5970000000.0,-5970000000.0,-8.09,-8.09,-8.09,16813000000.0,19062000000.0,16813000000.0,33504321760.0,-6.0,-6.008,1543000000.0,2.22,1.0,4859000000.0,1.0,6186000000.0,0.0,164142000000.0,160226000000.0,0.0,117880000000.0,,,129435000000.0,,,5507969760.0,6228000000.0,0.0,27000000.0,12353000000.0,-669000000.0,10454000000.0,-6233000000.0,-5813000000.0,2007000000.0,0.0,-5622000000.0,-5622000000.0,-5622000000.0,22000000.0,26000000.0,-1.157,10769000000.0,-5910000000.0,0.0,-0.119,0.328,-0.98,-0.984,2786000000.0,0.0,7.96,1.134,1.139,0.0,-1869000000.0,4859000000.0,4859000000.0,0.0,-0.039,-0.295,-0.037,-1.229,0.0,3133000000.0,1.0,691956000.0,695000000,695000000.0,6.991,140062000000.0,0.0,-348000000.0,0.0,201.528,
13,RF,MRY,2007-12-31,2007-12-31,2007-12-31,2021-08-06,202287000.0,141041717000.0,138741861500.0,,,0.048,27.999,-454000000.0,4745141000.0,4745141000.0,0.0,1251000000.0,,6.115,22444912000.0,,,22444912000.0,0.0,497000000.0,94774968000.0,0.062,1.46,1897000000.0,2394000000.0,0.357,2394000000.0,1897000000.0,1897000000.0,1.77,1.76,1.77,19823029000.0,19919982750.0,19823029000.0,33408959750.0,18.0,13.955,2833000000.0,4.001,1.0,6699000000.0,1.0,12251505000.0,0.0,146489983000.0,142810772500.0,0.0,114064858000.0,,,121218688000.0,,,16438996750.0,115000000.0,6000000.0,-1208000000.0,4164000000.0,-1036000000.0,-4495000000.0,1323000000.0,1750000000.0,3287000000.0,0.0,1251000000.0,1251000000.0,1251000000.0,284000000.0,0.0,0.187,4653000000.0,2046000000.0,0.0,0.825,0.829,13.141,13.362,2610851000.0,0.0,23.65,2.454,2.5,0.0,4439505000.0,6699000000.0,6699000000.0,0.0,0.009,0.063,0.013,0.283,-8000000.0,3187000000.0,1.0,695095000.0,708000000,713000000.0,9.462,128790212000.0,0.0,646000000.0,0.0,181.907,
14,RF,MRY,2006-12-31,2006-12-31,2006-12-31,2021-08-06,-131272000.0,143369021000.0,100251604000.0,,,0.052,41.264,-94661000.0,4717418000.0,4717418000.0,0.0,1353145000.0,,5.926,18309720000.0,,,18309720000.0,0.0,322385000.0,101227969000.0,0.047,1.76,1972245000.0,2294630000.0,0.442,2294630000.0,1972245000.0,1972245000.0,2.7,2.67,2.7,20701454000.0,13274875250.0,20701454000.0,25878684998.0,13.0,11.278,2659860000.0,5.302,1.0,5195649000.0,1.0,12133481000.0,0.0,144827842000.0,102921114000.0,0.0,118794875000.0,,,122667567000.0,,,17054769998.0,1412978000.0,1217587000.0,-226035000.0,-3333394000.0,-894805000.0,-1110857000.0,-230686000.0,-1353612000.0,2754521000.0,0.0,1353145000.0,1353145000.0,1353145000.0,19376000.0,0.0,0.26,3204028000.0,1991621000.0,0.0,0.652,0.824,12.604,13.852,2398494000.0,0.0,37.4,3.283,3.611,570063000.0,4493245000.0,5195649000.0,5195649000.0,0.0,0.013,0.102,0.019,0.38,-32454000.0,2272376000.0,1.0,456009893.0,501681000,506989000.0,10.356,131235540000.0,0.0,619100000.0,0.0,261.592,
15,RF,MRY,2005-12-31,2005-12-31,2005-12-31,2021-08-06,-92325000.0,84785600000.0,84735736000.0,,,0.051,23.016,-141545000.0,3216940000.0,3216940000.0,0.0,1000544000.0,,6.988,11937959000.0,,,11937959000.0,0.0,314636000.0,60378367000.0,0.04,1.36,1396405000.0,1711041000.0,0.398,1711041000.0,1396405000.0,1396405000.0,2.17,2.15,2.17,10614283000.0,10661946500.0,10614283000.0,25735952927.0,18.0,15.041,1774682000.0,3.848,1.0,4301463000.0,1.0,5753420000.0,0.0,87753199000.0,88802174250.0,0.0,72124397000.0,,,74171317000.0,,,15642692927.0,530960000.0,0.0,-386515000.0,-1308115000.0,-628610000.0,-612339000.0,-772928000.0,-631383000.0,1916227000.0,0.0,1000544000.0,1000544000.0,1000544000.0,-37837000.0,0.0,0.233,2942895000.0,1358568000.0,0.0,0.627,1.474,15.634,15.742,1122289000.0,0.0,34.16,3.637,3.662,527317000.0,4034905000.0,4301463000.0,4301463000.0,0.0,0.012,0.094,0.016,0.325,0.0,2026985000.0,1.0,457924266.0,461171000,466183000.0,9.327,79032180000.0,0.0,395861000.0,0.0,171.373,
16,RF,MRY,2004-12-31,2004-12-31,2004-12-31,2021-08-06,50253000.0,84106438000.0,66679304250.0,,,0.055,29.159,-109041000.0,2685980000.0,2685980000.0,0.0,823765000.0,,6.824,13267178000.0,,,13267178000.0,0.0,246171000.0,58667023000.0,0.037,1.333,1169562000.0,1415733000.0,0.388,1415733000.0,1169562000.0,1169562000.0,2.22,2.19,2.22,10749457000.0,7556450250.0,10749457000.0,28523975840.0,24.0,20.148,963257000.0,2.613,1.0,3646965000.0,1.0,5349443000.0,0.0,89338193000.0,73420748250.0,0.0,72497382000.0,,,73356981000.0,,,16541878840.0,755601000.0,1045695000.0,-56505000.0,-2866329000.0,-489817000.0,-382082000.0,65385000.0,-871269000.0,1072298000.0,0.0,817745000.0,817745000.0,817745000.0,0.0,6020000.0,0.224,2471383000.0,1175582000.0,0.0,0.6,1.539,20.229,16.032,1089094000.0,0.0,35.59,4.536,3.598,509795000.0,3662971000.0,3646965000.0,3646965000.0,0.0,0.012,0.108,0.016,0.321,0.0,1687112000.0,1.0,464790077.0,368656000,373732000.0,9.893,78756995000.0,0.0,351817000.0,0.0,213.633,
17,RF,MRY,2003-12-31,2003-12-31,2003-12-31,2021-08-06,63540000.0,48597996000.0,48851281750.0,,,0.055,16.236,-54053000.0,1930379000.0,1930379000.0,0.0,651841000.0,,9.916,10199843000.0,,,10199843000.0,0.0,180375000.0,32732535000.0,0.033,1.004,911572000.0,1091947000.0,0.404,1091947000.0,911572000.0,911572000.0,2.38,2.35,2.38,4452115000.0,4372058250.0,4452115000.0,16930044151.0,19.0,15.504,1051411000.0,3.834,1.0,2704434000.0,1.0,1087484000.0,0.0,55779976000.0,56637587250.0,0.0,43002842000.0,,,44145881000.0,,,8264530151.0,-78482000.0,170006000.0,-9652000.0,638392000.0,-275475000.0,-26635000.0,-1157311000.0,-1273264000.0,1105464000.0,0.0,651841000.0,651841000.0,651841000.0,0.0,0.0,0.241,1792862000.0,911572000.0,0.0,0.422,1.856,12.679,12.656,629638000.0,0.0,30.121,3.056,3.054,564628000.0,3329023000.0,2704434000.0,2704434000.0,0.0,0.013,0.149,0.016,0.337,0.0,1282975000.0,1.0,274373514.0,274212000,277930000.0,9.863,47510512000.0,0.0,259731000.0,0.0,173.262,
18,RF,MRY,2002-12-31,2002-12-31,2002-12-31,2021-08-06,164091000.0,47938840000.0,,,,,15.088,-61589000.0,2215886000.0,2215886000.0,0.0,619902000.0,,10.473,9531886000.0,,,9531886000.0,0.0,165769000.0,32926201000.0,0.035,0.939,863796000.0,1029565000.0,0.397,1029565000.0,863796000.0,863796000.0,2.22,2.19,2.22,4178422000.0,,4178422000.0,,,,1081108000.0,3.904,1.0,2593375000.0,1.0,0.0,0.0,55254840000.0,,0.0,41827051000.0,,,43760418000.0,,,,580183000.0,61225000.0,-329444000.0,612511000.0,-259207000.0,1147826000.0,-1710340000.0,-1709976000.0,1142697000.0,0.0,614458000.0,614458000.0,614458000.0,0.0,5444000.0,0.237,1724135000.0,869240000.0,0.0,0.423,,,12.168,638031000.0,0.0,27.012,,2.885,492657000.0,2952657000.0,2593375000.0,2593375000.0,0.0,,,,0.333,0.0,1193841000.0,1.0,,276936000,281043000.0,9.365,47938840000.0,0.0,249338000.0,0.0,173.104,
19,RF,MRY,2001-12-31,2001-12-31,2001-12-31,2021-08-06,,,,,,,,-73163000.0,,,0.0,508934000.0,,,,,,,,176522000.0,,0.037,0.907,717951000.0,894473000.0,0.395,894473000.0,717951000.0,717951000.0,1.83,1.814,1.83,,,,,,,558521000.0,2.012,1.0,2264872000.0,1.0,,0.0,,,,,,,,,,,25719000.0,-19437000.0,-397453000.0,-385342000.0,-250257000.0,-1899012000.0,1293047000.0,1385647000.0,631684000.0,0.0,508934000.0,508934000.0,508934000.0,0.0,0.0,0.225,1546921000.0,717951000.0,,0.496,,,13.292,,0.0,24.324,,2.981,,,2264872000.0,2264872000.0,0.0,,,,0.317,0.0,1054316000.0,1.0,,277594655,280422805.0,8.159,,,209017000.0,,,
0,RF,MRQ,2021-06-30,2021-06-30,2021-06-30,2021-08-06,651000000.0,155610000000.0,,,,,19.052,-10000000.0,25594000000.0,25594000000.0,0.0,790000000.0,,7.526,2870000000.0,,,2870000000.0,0.0,94000000.0,131484000000.0,0.031,0.155,979000000.0,1073000000.0,0.559,1073000000.0,979000000.0,979000000.0,0.78,0.77,0.78,18252000000.0,,18252000000.0,-2605260709.0,-1.0,-0.75,699000000.0,0.73,1.0,1919000000.0,1.0,5289000000.0,0.0,127597000000.0,,0.0,114346000000.0,,,137358000000.0,,,19398739291.0,674000000.0,0.0,-167000000.0,-42000000.0,-149000000.0,1377000000.0,-1412000000.0,-1377000000.0,709000000.0,0.0,748000000.0,748000000.0,748000000.0,0.0,42000000.0,0.39,898000000.0,1021000000.0,0.0,0.199,1.063,7.915,7.914,1825000000.0,0.0,20.18,2.802,2.792,0.0,4836000000.0,1919000000.0,1919000000.0,0.0,,,,,0.0,607000000.0,1.0,961285396.0,958000000,965000000.0,2.003,150321000000.0,0.0,231000000.0,0.0,156.911,
1,RF,MRQ,2021-03-31,2021-03-31,2021-03-31,2021-08-06,592000000.0,153331000000.0,,,,,18.587,-27000000.0,24920000000.0,24920000000.0,0.0,642000000.0,,7.584,2916000000.0,,,2916000000.0,0.0,101000000.0,129602000000.0,0.03,0.155,794000000.0,895000000.0,0.511,895000000.0,794000000.0,794000000.0,0.64,0.63,0.64,17862000000.0,,17862000000.0,5460525501.0,3.0,2.431,692000000.0,0.72,1.0,1750000000.0,1.0,5295000000.0,0.0,126032000000.0,,0.0,112818000000.0,,,135469000000.0,,,19847525501.0,6964000000.0,0.0,0.0,-632000000.0,-149000000.0,6312000000.0,-67000000.0,-29000000.0,719000000.0,0.0,614000000.0,614000000.0,614000000.0,0.0,28000000.0,0.351,928000000.0,822000000.0,0.0,0.242,1.111,13.539,13.592,1852000000.0,0.0,20.66,3.502,3.503,0.0,4235000000.0,1750000000.0,1750000000.0,0.0,,,,,0.0,623000000.0,1.0,960674032.0,961000000,968000000.0,1.821,148036000000.0,0.0,180000000.0,0.0,154.044,
2,RF,MRQ,2020-12-31,2020-12-31,2020-12-31,2021-08-06,1315000000.0,147389000000.0,,,,,18.885,-38000000.0,17956000000.0,17956000000.0,0.0,616000000.0,,7.138,3569000000.0,,,3569000000.0,0.0,61000000.0,122479000000.0,0.038,0.155,709000000.0,770000000.0,0.447,770000000.0,709000000.0,709000000.0,0.61,0.61,0.61,18111000000.0,,18111000000.0,6928355233.0,6.0,4.245,-39000000.0,-0.041,1.0,1724000000.0,1.0,5312000000.0,0.0,127690000000.0,,0.0,113576000000.0,,,129278000000.0,,,15482355233.0,4483000000.0,0.0,0.0,-1349000000.0,-149000000.0,2507000000.0,1977000000.0,2037000000.0,-1000000.0,0.0,588000000.0,588000000.0,588000000.0,0.0,28000000.0,0.341,987000000.0,737000000.0,0.0,0.254,0.855,15.623,15.65,1897000000.0,0.0,16.12,3.123,3.119,0.0,3770000000.0,1724000000.0,1724000000.0,0.0,,,,,0.0,749000000.0,1.0,960443873.0,959000000,965000000.0,1.798,142077000000.0,0.0,121000000.0,0.0,148.151,
3,RF,MRQ,2020-09-30,2020-09-30,2020-09-30,2021-08-06,1565000000.0,145180000000.0,,,,,18.65,-8000000.0,13473000000.0,13473000000.0,0.0,530000000.0,,7.109,4919000000.0,,,4919000000.0,0.0,132000000.0,118445000000.0,0.054,0.155,605000000.0,737000000.0,0.482,737000000.0,605000000.0,605000000.0,0.52,0.52,0.52,17904000000.0,,17904000000.0,4280710279.0,4.0,2.991,673000000.0,0.701,1.0,1530000000.0,1.0,5316000000.0,0.0,131310000000.0,,0.0,115734000000.0,,,127276000000.0,,,11070710279.0,275000000.0,6000000.0,0.0,-1481000000.0,-148000000.0,8000000.0,-414000000.0,-394000000.0,681000000.0,0.0,501000000.0,501000000.0,501000000.0,0.0,29000000.0,0.327,896000000.0,634000000.0,0.0,0.298,0.618,14.396,14.412,1896000000.0,0.0,11.53,2.398,2.397,0.0,3330000000.0,1530000000.0,1530000000.0,0.0,,,,,0.0,694000000.0,1.0,960165679.0,960000000,962000000.0,1.594,139864000000.0,0.0,104000000.0,0.0,145.692,
4,RF,MRQ,2020-06-30,2020-06-30,2020-06-30,2021-08-06,1626000000.0,144070000000.0,,,,,18.335,-45000000.0,13198000000.0,13198000000.0,0.0,-214000000.0,,7.183,6408000000.0,,,6408000000.0,0.0,128000000.0,116779000000.0,0.056,0.155,-284000000.0,-156000000.0,-0.235,-156000000.0,-284000000.0,-284000000.0,-0.25,-0.25,-0.25,17602000000.0,,17602000000.0,18671637274.0,22.0,14.418,812000000.0,0.846,1.0,663000000.0,1.0,5330000000.0,0.0,131950000000.0,,0.0,114826000000.0,,,126442000000.0,,,10671637274.0,7943000000.0,-387000000.0,0.0,-8691000000.0,-149000000.0,8222000000.0,-1136000000.0,-689000000.0,857000000.0,0.0,-237000000.0,-237000000.0,-237000000.0,0.0,23000000.0,-0.357,924000000.0,-261000000.0,0.0,-0.62,0.606,16.342,16.597,1929000000.0,0.0,11.12,2.385,2.386,0.0,2978000000.0,663000000.0,663000000.0,0.0,,,,,0.0,603000000.0,1.0,959679611.0,960000000,960000000.0,0.691,138740000000.0,0.0,-47000000.0,0.0,144.521,
5,RF,MRQ,2020-03-31,2020-03-31,2020-03-31,2021-08-06,1324000000.0,133542000000.0,,,,,18.111,-43000000.0,5255000000.0,5255000000.0,0.0,162000000.0,,6.705,13255000000.0,,,13255000000.0,0.0,100000000.0,100030000000.0,0.067,0.155,181000000.0,281000000.0,0.27,281000000.0,181000000.0,181000000.0,0.15,0.14,0.15,17332000000.0,,17332000000.0,14402714988.0,9.0,7.112,744000000.0,0.777,1.0,1040000000.0,1.0,4943000000.0,0.0,136599000000.0,,0.0,112429000000.0,,,116210000000.0,,,8587714988.0,1141000000.0,0.0,0.0,3251000000.0,-149000000.0,5634000000.0,-5280000000.0,-5232000000.0,787000000.0,0.0,139000000.0,139000000.0,139000000.0,0.0,23000000.0,0.134,836000000.0,204000000.0,0.0,1.033,0.495,6.794,6.953,1935000000.0,0.0,8.97,1.666,1.665,0.0,3364000000.0,1040000000.0,1040000000.0,0.0,,,,,0.0,546000000.0,1.0,957381827.0,957000000,961000000.0,1.087,128599000000.0,0.0,42000000.0,0.0,134.377,
6,RF,MRQ,2019-12-31,2019-12-31,2019-12-31,2021-08-06,-90000000.0,126240000000.0,,,,,16.886,-51000000.0,4114000000.0,4114000000.0,0.0,389000000.0,,6.747,9929000000.0,,,9929000000.0,0.0,105000000.0,97475000000.0,0.034,0.155,464000000.0,569000000.0,0.411,569000000.0,464000000.0,464000000.0,0.38,0.37,0.38,16295000000.0,,16295000000.0,26015206802.0,14.0,11.156,446000000.0,0.462,1.0,1384000000.0,1.0,4950000000.0,0.0,127105000000.0,,0.0,107014000000.0,,,109945000000.0,,,16553206802.0,-953000000.0,0.0,-132000000.0,-4602000000.0,-151000000.0,-1737000000.0,287000000.0,347000000.0,497000000.0,0.0,366000000.0,366000000.0,366000000.0,0.0,23000000.0,0.264,897000000.0,487000000.0,0.0,0.408,1.016,11.013,11.364,1960000000.0,0.0,17.16,3.024,3.119,0.0,3751000000.0,1384000000.0,1384000000.0,0.0,,,,,0.0,649000000.0,1.0,964639091.0,965000000,966000000.0,1.434,121290000000.0,0.0,98000000.0,0.0,125.689,
7,RF,MRQ,2019-09-30,2019-09-30,2019-09-30,2021-08-06,295000000.0,128147000000.0,,,,,16.782,-72000000.0,5067000000.0,5067000000.0,0.0,409000000.0,,6.729,14529000000.0,,,14529000000.0,0.0,109000000.0,94305000000.0,0.036,0.155,492000000.0,601000000.0,0.433,601000000.0,492000000.0,492000000.0,0.39,0.39,0.39,16581000000.0,,16581000000.0,24759758387.0,13.0,10.559,691000000.0,0.699,1.0,1387000000.0,1.0,4956000000.0,0.0,132653000000.0,,0.0,107133000000.0,,,111566000000.0,,,15784758387.0,579000000.0,0.0,-589000000.0,1050000000.0,-140000000.0,-371000000.0,187000000.0,268000000.0,763000000.0,0.0,385000000.0,385000000.0,385000000.0,0.0,24000000.0,0.278,871000000.0,516000000.0,0.0,0.397,0.952,10.337,10.547,1944000000.0,0.0,15.82,2.905,2.876,0.0,3534000000.0,1387000000.0,1387000000.0,0.0,,,,,0.0,644000000.0,1.0,997772338.0,988000000,991000000.0,1.404,123191000000.0,0.0,107000000.0,0.0,124.687,
8,RF,MRQ,2019-06-30,2019-06-30,2019-06-30,2021-08-06,-21000000.0,127518000000.0,,,,,16.444,-19000000.0,4488000000.0,4488000000.0,0.0,390000000.0,,6.678,13463000000.0,,,13463000000.0,0.0,107000000.0,94971000000.0,0.037,0.14,467000000.0,574000000.0,0.427,574000000.0,467000000.0,467000000.0,0.37,0.37,0.37,16608000000.0,,16608000000.0,25887580275.0,13.0,10.384,724000000.0,0.717,1.0,1344000000.0,1.0,4930000000.0,0.0,131563000000.0,,0.0,107659000000.0,,,110910000000.0,,,15137580275.0,681000000.0,0.0,-190000000.0,-1150000000.0,-143000000.0,-1785000000.0,1723000000.0,1746000000.0,743000000.0,0.0,374000000.0,374000000.0,374000000.0,0.0,16000000.0,0.278,861000000.0,483000000.0,0.0,0.378,0.911,8.957,9.28,1950000000.0,0.0,14.94,2.791,2.782,0.0,3299000000.0,1344000000.0,1344000000.0,0.0,,,,,0.0,633000000.0,1.0,1013224918.0,1010000000,1012000000.0,1.331,122588000000.0,0.0,93000000.0,0.0,121.374,
9,RF,MRQ,2019-03-31,2019-03-31,2019-03-31,2021-08-06,-598000000.0,128802000000.0,,,,,15.223,-36000000.0,3807000000.0,3807000000.0,0.0,394000000.0,,7.303,14557000000.0,,,14557000000.0,0.0,105000000.0,95720000000.0,0.036,0.14,483000000.0,588000000.0,0.433,588000000.0,483000000.0,483000000.0,0.37,0.37,0.37,15512000000.0,,15512000000.0,24886719647.0,12.0,10.015,542000000.0,0.532,1.0,1359000000.0,1.0,4937000000.0,0.0,134615000000.0,,0.0,109518000000.0,,,113279000000.0,,,14400719647.0,269000000.0,0.0,-190000000.0,500000000.0,-143000000.0,1379000000.0,-1688000000.0,-1642000000.0,578000000.0,0.0,378000000.0,378000000.0,378000000.0,0.0,16000000.0,0.278,860000000.0,499000000.0,0.0,0.378,0.928,8.597,9.071,2026000000.0,0.0,14.15,2.638,2.642,0.0,3066000000.0,1359000000.0,1359000000.0,0.0,,,,,0.0,636000000.0,1.0,1017718703.0,1019000000,1028000000.0,1.334,123865000000.0,0.0,105000000.0,0.0,121.555,
10,RF,MRQ,2018-12-31,2018-12-31,2018-12-31,2021-08-06,-964000000.0,125688000000.0,,,,,14.58,-22000000.0,3538000000.0,3538000000.0,0.0,406000000.0,,7.329,14024000000.0,,,14024000000.0,0.0,107000000.0,94491000000.0,0.034,0.14,475000000.0,582000000.0,0.433,582000000.0,475000000.0,475000000.0,0.37,0.38,0.37,15090000000.0,,15090000000.0,24766183811.0,12.0,9.735,982000000.0,0.949,1.0,1344000000.0,1.0,4944000000.0,0.0,131230000000.0,,0.0,107245000000.0,,,110598000000.0,,,13833183811.0,43000000.0,0.0,-370000000.0,-451000000.0,-148000000.0,250000000.0,-1211000000.0,-1154000000.0,1004000000.0,0.0,390000000.0,390000000.0,390000000.0,0.0,16000000.0,0.29,853000000.0,491000000.0,0.0,0.378,0.917,8.161,8.632,2045000000.0,0.0,13.38,2.504,2.645,0.0,2828000000.0,1344000000.0,1344000000.0,0.0,,,,,0.0,636000000.0,1.0,1033870240.0,1035000000,1045000000.0,1.299,120744000000.0,0.0,85000000.0,0.0,116.661,
11,RF,MRQ,2018-09-30,2018-09-30,2018-09-30,2021-08-06,-1394000000.0,124578000000.0,,,,,13.6,-55000000.0,3495000000.0,3495000000.0,0.0,564000000.0,,7.435,14428000000.0,,,14428000000.0,0.0,116000000.0,93255000000.0,0.022,0.14,633000000.0,749000000.0,0.544,749000000.0,633000000.0,633000000.0,0.5,0.5,0.5,14770000000.0,,14770000000.0,27234327968.0,13.0,10.359,556000000.0,0.512,1.0,1377000000.0,1.0,4951000000.0,0.0,130560000000.0,,0.0,105913000000.0,,,109808000000.0,,,20230327968.0,-791000000.0,357000000.0,-1282000000.0,3151000000.0,-101000000.0,-282000000.0,-1120000000.0,-1382000000.0,611000000.0,0.0,548000000.0,548000000.0,548000000.0,-388000000.0,16000000.0,0.398,922000000.0,455000000.0,0.0,0.28,1.37,12.457,12.743,2051000000.0,0.0,18.35,3.586,3.532,0.0,2582000000.0,1377000000.0,1377000000.0,0.0,,,,,0.0,636000000.0,1.0,1102470189.0,1086000000,1095000000.0,1.268,119627000000.0,0.0,85000000.0,0.0,110.154,
12,RF,MRQ,2018-06-30,2018-06-30,2018-06-30,2021-08-06,-1255000000.0,124557000000.0,,,,,14.099,-18000000.0,4286000000.0,4286000000.0,0.0,375000000.0,,6.895,11290000000.0,,,11290000000.0,0.0,118000000.0,95283000000.0,0.02,0.09,448000000.0,566000000.0,0.411,566000000.0,448000000.0,448000000.0,0.32,0.32,0.32,15777000000.0,,15777000000.0,24733585984.0,13.0,10.099,488000000.0,0.436,1.0,1378000000.0,1.0,5060000000.0,0.0,126501000000.0,,0.0,104995000000.0,,,108780000000.0,,,19969585984.0,1101000000.0,0.0,-235000000.0,3349000000.0,-101000000.0,1265000000.0,-670000000.0,-653000000.0,506000000.0,0.0,359000000.0,359000000.0,359000000.0,6000000.0,16000000.0,0.261,911000000.0,467000000.0,0.0,0.281,1.266,14.566,14.941,2050000000.0,0.0,17.78,3.586,3.573,0.0,2182000000.0,1378000000.0,1378000000.0,0.0,,,,,0.0,676000000.0,1.0,1123148818.0,1119000000,1128000000.0,1.231,119497000000.0,0.0,89000000.0,0.0,106.789,
13,RF,MRQ,2018-03-31,2018-03-31,2018-03-31,2021-08-06,-1151000000.0,122913000000.0,,,,,14.078,-56000000.0,3185000000.0,3185000000.0,0.0,414000000.0,,6.747,7949000000.0,,,7949000000.0,0.0,121000000.0,96990000000.0,0.018,0.09,526000000.0,647000000.0,0.454,647000000.0,526000000.0,526000000.0,0.35,0.35,0.35,15866000000.0,,15866000000.0,25508263516.0,13.0,10.412,98000000.0,0.087,1.0,1426000000.0,1.0,5071000000.0,0.0,122606000000.0,,0.0,104486000000.0,,,107047000000.0,,,20857263516.0,-796000000.0,0.0,-235000000.0,-650000000.0,-102000000.0,-906000000.0,-44000000.0,13000000.0,154000000.0,0.0,398000000.0,398000000.0,398000000.0,0.0,16000000.0,0.279,884000000.0,542000000.0,0.0,0.257,1.315,15.897,16.589,2065000000.0,0.0,18.58,3.783,3.798,0.0,1923000000.0,1426000000.0,1426000000.0,0.0,,,,,0.0,659000000.0,1.0,1122565313.0,1127000000,1141000000.0,1.265,117842000000.0,0.0,128000000.0,0.0,104.563,
14,RF,MRQ,2017-12-31,2017-12-31,2017-12-31,2021-08-06,-749000000.0,124294000000.0,,,,,14.043,-69000000.0,3981000000.0,3981000000.0,0.0,335000000.0,,6.676,8632000000.0,,,8632000000.0,0.0,127000000.0,96889000000.0,0.018,0.09,540000000.0,667000000.0,0.457,667000000.0,540000000.0,540000000.0,0.27,0.27,0.27,16192000000.0,,16192000000.0,22985307399.0,13.0,9.76,224000000.0,0.194,1.0,1461000000.0,1.0,5081000000.0,0.0,123864000000.0,,0.0,104758000000.0,,,108102000000.0,,,20044307399.0,220000000.0,0.0,-500000000.0,1954000000.0,0.0,729000000.0,-802000000.0,-731000000.0,293000000.0,0.0,319000000.0,319000000.0,319000000.0,-37000000.0,16000000.0,0.218,920000000.0,541000000.0,0.0,0.333,1.238,16.718,17.109,2064000000.0,0.0,17.28,3.746,3.83,0.0,1628000000.0,1461000000.0,1461000000.0,0.0,,,,,0.0,641000000.0,1.0,1159971493.0,1153000000,1165000000.0,1.267,119213000000.0,0.0,221000000.0,0.0,103.394,
15,RF,MRQ,2017-09-30,2017-09-30,2017-09-30,2021-08-06,-454000000.0,123271000000.0,,,,,14.064,-36000000.0,3761000000.0,3761000000.0,0.0,311000000.0,,6.415,6702000000.0,,,6702000000.0,0.0,136000000.0,97591000000.0,0.019,0.09,433000000.0,569000000.0,0.437,569000000.0,433000000.0,433000000.0,0.25,0.25,0.25,16624000000.0,,16624000000.0,21435071339.0,13.0,9.544,816000000.0,0.69,1.0,1303000000.0,1.0,5091000000.0,0.0,121121000000.0,,0.0,104593000000.0,,,106647000000.0,,,18201071339.0,-370000000.0,0.0,-500000000.0,-658000000.0,-105000000.0,-1781000000.0,559000000.0,618000000.0,852000000.0,0.0,295000000.0,295000000.0,295000000.0,1000000.0,16000000.0,0.226,853000000.0,450000000.0,0.0,0.36,1.095,15.704,15.865,2057000000.0,0.0,15.23,3.586,3.547,0.0,1279000000.0,1303000000.0,1303000000.0,0.0,,,,,0.0,636000000.0,1.0,1195080193.0,1182000000,1193000000.0,1.102,118180000000.0,0.0,138000000.0,0.0,99.983,
16,RF,MRQ,2017-06-30,2017-06-30,2017-06-30,2021-08-06,-479000000.0,124643000000.0,,,,,14.054,-32000000.0,4131000000.0,4131000000.0,0.0,316000000.0,,6.378,7365000000.0,,,7365000000.0,0.0,134000000.0,98093000000.0,0.018,0.07,433000000.0,567000000.0,0.428,567000000.0,433000000.0,433000000.0,0.25,0.25,0.25,16893000000.0,,16893000000.0,19234203447.0,11.0,8.396,388000000.0,0.323,1.0,1324000000.0,1.0,5102000000.0,0.0,122775000000.0,,0.0,105545000000.0,,,107750000000.0,,,17598203447.0,-243000000.0,0.0,-125000000.0,1348000000.0,-84000000.0,-230000000.0,-433000000.0,-394000000.0,420000000.0,0.0,300000000.0,300000000.0,300000000.0,0.0,16000000.0,0.227,875000000.0,449000000.0,0.0,0.28,1.042,15.067,15.411,2060000000.0,0.0,14.64,3.399,3.399,0.0,1089000000.0,1324000000.0,1324000000.0,0.0,,,,,0.0,639000000.0,1.0,1202063077.0,1202000000,1212000000.0,1.101,119541000000.0,0.0,133000000.0,0.0,99.452,
17,RF,MRQ,2017-03-31,2017-03-31,2017-03-31,2021-08-06,-565000000.0,124545000000.0,,,,,13.831,-13000000.0,4374000000.0,4374000000.0,0.0,301000000.0,,6.448,6010000000.0,,,6010000000.0,0.0,140000000.0,99424000000.0,0.018,0.065,412000000.0,552000000.0,0.437,552000000.0,412000000.0,412000000.0,0.24,0.23,0.24,16722000000.0,,16722000000.0,19824408809.0,12.0,8.87,719000000.0,0.595,1.0,1263000000.0,1.0,5113000000.0,0.0,121068000000.0,,0.0,105070000000.0,,,107823000000.0,,,17512408809.0,-1077000000.0,0.0,-150000000.0,-1750000000.0,-157000000.0,-1684000000.0,-125000000.0,-102000000.0,732000000.0,0.0,285000000.0,285000000.0,285000000.0,-16000000.0,16000000.0,0.226,843000000.0,420000000.0,0.0,0.271,1.047,15.539,16.144,2088000000.0,0.0,14.53,3.397,3.408,0.0,873000000.0,1263000000.0,1263000000.0,0.0,,,,,0.0,623000000.0,1.0,1205258693.0,1209000000,1224000000.0,1.045,119432000000.0,0.0,127000000.0,0.0,98.786,
18,RF,MRQ,2016-12-31,2016-12-31,2016-12-31,2021-08-06,-550000000.0,125968000000.0,,,,,13.637,-98000000.0,5451000000.0,5451000000.0,0.0,295000000.0,,6.559,7763000000.0,,,7763000000.0,0.0,149000000.0,99035000000.0,0.018,0.065,409000000.0,558000000.0,0.471,558000000.0,409000000.0,409000000.0,0.22,0.22,0.22,16664000000.0,,16664000000.0,19492799248.0,12.0,8.929,185000000.0,0.151,1.0,1185000000.0,1.0,5125000000.0,0.0,123155000000.0,,0.0,105313000000.0,,,109304000000.0,,,17676799248.0,1213000000.0,0.0,-270000000.0,1744000000.0,-81000000.0,1127000000.0,-197000000.0,-79000000.0,283000000.0,0.0,279000000.0,279000000.0,279000000.0,-5000000.0,16000000.0,0.235,765000000.0,420000000.0,0.0,0.295,1.061,16.084,16.506,2096000000.0,0.0,14.36,3.434,3.501,0.0,666000000.0,1185000000.0,1185000000.0,0.0,,,,,0.0,559000000.0,1.0,1230974878.0,1222000000,1234000000.0,0.97,120843000000.0,0.0,130000000.0,0.0,98.89,
19,RF,MRQ,2016-09-30,2016-09-30,2016-09-30,2021-08-06,105000000.0,125177000000.0,,,,,13.937,-66000000.0,4238000000.0,4238000000.0,0.0,320000000.0,,6.209,6054000000.0,,,6054000000.0,0.0,158000000.0,99289000000.0,0.025,0.065,456000000.0,614000000.0,0.437,614000000.0,456000000.0,456000000.0,0.24,0.24,0.24,17365000000.0,,17365000000.0,17121805997.0,11.0,7.953,544000000.0,0.437,1.0,1405000000.0,1.0,5110000000.0,0.0,121883000000.0,,0.0,105976000000.0,,,107812000000.0,,,12388805997.0,1000000.0,0.0,-215000000.0,-2912000000.0,-82000000.0,-1182000000.0,573000000.0,650000000.0,610000000.0,0.0,304000000.0,304000000.0,304000000.0,-1000000.0,16000000.0,0.216,934000000.0,471000000.0,0.0,0.271,0.713,11.376,11.75,2075000000.0,0.0,9.87,2.363,2.346,0.0,465000000.0,1405000000.0,1405000000.0,0.0,,,,,0.0,653000000.0,1.0,1255198176.0,1246000000,1252000000.0,1.128,120067000000.0,0.0,152000000.0,0.0,96.362,
20,RF,MRQ,2016-06-30,2016-06-30,2016-06-30,2021-08-06,148000000.0,126212000000.0,,,,,13.743,16000000.0,4237000000.0,4237000000.0,0.0,275000000.0,,6.26,8970000000.0,,,8970000000.0,0.0,137000000.0,97245000000.0,0.029,0.065,374000000.0,511000000.0,0.392,511000000.0,374000000.0,374000000.0,0.2,0.2,0.2,17385000000.0,,17385000000.0,14240728643.0,10.0,7.019,372000000.0,0.294,1.0,1302000000.0,1.0,5122000000.0,0.0,125823000000.0,,0.0,106575000000.0,,,108827000000.0,,,10779728643.0,-153000000.0,0.0,-179000000.0,1110000000.0,-76000000.0,-89000000.0,-420000000.0,-417000000.0,356000000.0,0.0,259000000.0,259000000.0,259000000.0,-3000000.0,16000000.0,0.199,915000000.0,387000000.0,0.0,0.325,0.62,10.496,10.91,2091000000.0,0.0,8.51,2.109,2.106,0.0,242000000.0,1302000000.0,1302000000.0,0.0,,,,,0.0,645000000.0,1.0,1266713119.0,1265000000,1268000000.0,1.029,121090000000.0,0.0,115000000.0,0.0,95.723,
21,RF,MRQ,2016-03-31,2016-03-31,2016-03-31,2021-08-06,-23000000.0,125539000000.0,,,,,13.383,-57000000.0,4390000000.0,4390000000.0,0.0,273000000.0,,6.294,7851000000.0,,,7851000000.0,0.0,130000000.0,98154000000.0,0.031,0.06,370000000.0,500000000.0,0.398,500000000.0,370000000.0,370000000.0,0.2,0.2,0.2,17211000000.0,,17211000000.0,13154443850.0,9.0,6.448,731000000.0,0.568,1.0,1255000000.0,1.0,5124000000.0,0.0,123876000000.0,,0.0,106151000000.0,,,108328000000.0,,,10109443850.0,-924000000.0,0.0,-175000000.0,-511000000.0,-78000000.0,-1056000000.0,-656000000.0,-594000000.0,788000000.0,0.0,257000000.0,257000000.0,257000000.0,0.0,16000000.0,0.205,869000000.0,386000000.0,0.0,0.3,0.587,9.749,10.064,2134000000.0,0.0,7.85,1.961,1.958,0.0,62000000.0,1255000000.0,1255000000.0,0.0,,,,,0.0,639000000.0,1.0,1287827242.0,1286000000,1291000000.0,0.976,120415000000.0,0.0,113000000.0,0.0,93.635,
22,RF,MRQ,2015-12-31,2015-12-31,2015-12-31,2021-08-06,-380000000.0,126050000000.0,,,,,12.947,-176000000.0,5314000000.0,5314000000.0,0.0,285000000.0,,6.483,8359000000.0,,,8359000000.0,0.0,139000000.0,98430000000.0,0.024,0.06,389000000.0,528000000.0,0.412,528000000.0,389000000.0,389000000.0,0.2,0.21,0.2,16844000000.0,,16844000000.0,14888499462.0,10.0,7.535,12000000.0,0.009,1.0,1281000000.0,1.0,5137000000.0,0.0,123958000000.0,,0.0,105555000000.0,,,109206000000.0,,,12532499462.0,306000000.0,0.0,-79000000.0,1009000000.0,-78000000.0,2061000000.0,-1943000000.0,-1767000000.0,188000000.0,0.0,269000000.0,269000000.0,269000000.0,3000000.0,16000000.0,0.21,873000000.0,408000000.0,0.0,0.3,0.744,12.558,12.8,2152000000.0,0.0,9.6,2.44,2.476,0.0,-115000000.0,1281000000.0,1281000000.0,0.0,,,,,0.0,648000000.0,1.0,1305468694.0,1301000000,1307000000.0,0.985,120913000000.0,0.0,120000000.0,0.0,92.939,
23,RF,MRQ,2015-09-30,2015-09-30,2015-09-30,2021-08-06,-139000000.0,124789000000.0,,,,,12.852,-119000000.0,5008000000.0,5008000000.0,0.0,258000000.0,,6.361,7364000000.0,,,7364000000.0,0.0,132000000.0,97178000000.0,0.024,0.06,358000000.0,490000000.0,0.385,490000000.0,358000000.0,358000000.0,0.18,0.18,0.18,16952000000.0,,16952000000.0,13630413412.0,10.0,7.258,625000000.0,0.474,1.0,1273000000.0,1.0,5094000000.0,0.0,122051000000.0,,0.0,105556000000.0,,,107837000000.0,,,11937413412.0,1253000000.0,0.0,-270000000.0,1903000000.0,-79000000.0,1641000000.0,-1132000000.0,-1009000000.0,744000000.0,0.0,242000000.0,242000000.0,242000000.0,4000000.0,16000000.0,0.19,895000000.0,378000000.0,0.0,0.333,0.704,12.85,13.058,2122000000.0,0.0,9.01,2.322,2.311,0.0,-400000000.0,1273000000.0,1273000000.0,0.0,,,,,0.0,637000000.0,1.0,1324907149.0,1319000000,1326000000.0,0.965,119695000000.0,0.0,116000000.0,0.0,90.747,
24,RF,MRQ,2015-06-30,2015-06-30,2015-06-30,2021-08-06,-287000000.0,121855000000.0,,,,,12.658,-23000000.0,3755000000.0,3755000000.0,0.0,285000000.0,,6.211,5448000000.0,,,5448000000.0,0.0,129000000.0,97075000000.0,0.02,0.06,393000000.0,522000000.0,0.388,522000000.0,393000000.0,393000000.0,0.2,0.2,0.2,16899000000.0,,16899000000.0,13153080400.0,9.0,6.636,327000000.0,0.245,1.0,1347000000.0,1.0,5084000000.0,0.0,118464000000.0,,0.0,104732000000.0,,,104956000000.0,,,13886080400.0,-2271000000.0,0.0,-172000000.0,160000000.0,-80000000.0,-499000000.0,-2122000000.0,-2099000000.0,350000000.0,0.0,269000000.0,269000000.0,269000000.0,4000000.0,16000000.0,0.2,934000000.0,413000000.0,0.0,0.3,0.822,14.069,14.192,2147000000.0,0.0,10.36,2.69,2.679,0.0,-658000000.0,1347000000.0,1347000000.0,0.0,,,,,0.0,642000000.0,1.0,1340355251.0,1335000000,1346000000.0,1.009,116771000000.0,0.0,124000000.0,0.0,87.469,
25,RF,MRQ,2015-03-31,2015-03-31,2015-03-31,2021-08-06,-115000000.0,122447000000.0,,,,,12.668,-51000000.0,6026000000.0,6026000000.0,0.0,234000000.0,,6.181,5293000000.0,,,5293000000.0,0.0,123000000.0,97477000000.0,0.021,0.05,313000000.0,436000000.0,0.353,436000000.0,313000000.0,313000000.0,0.16,0.16,0.16,17051000000.0,,17051000000.0,14401350455.0,10.0,7.122,266000000.0,0.198,1.0,1236000000.0,1.0,5088000000.0,0.0,116626000000.0,,0.0,103073000000.0,,,105396000000.0,,,12690350455.0,2022000000.0,0.0,-102000000.0,-461000000.0,-67000000.0,2632000000.0,-927000000.0,-876000000.0,317000000.0,0.0,218000000.0,218000000.0,218000000.0,4000000.0,16000000.0,0.176,905000000.0,331000000.0,0.0,0.312,0.744,12.615,12.77,2174000000.0,0.0,9.45,2.499,2.504,0.0,-943000000.0,1236000000.0,1236000000.0,0.0,,,,,0.0,620000000.0,1.0,1342894228.0,1346000000,1358000000.0,0.918,117359000000.0,0.0,95000000.0,0.0,87.191,
26,RF,MRQ,2014-12-31,2014-12-31,2014-12-31,2021-08-06,-238000000.0,119563000000.0,,,,,12.352,-78000000.0,4004000000.0,4004000000.0,0.0,216000000.0,,6.086,5715000000.0,,,5715000000.0,0.0,132000000.0,94200000000.0,0.017,0.05,298000000.0,430000000.0,0.334,430000000.0,298000000.0,298000000.0,0.15,0.15,0.15,16873000000.0,,16873000000.0,15458576444.0,9.0,7.137,511000000.0,0.374,1.0,1286000000.0,1.0,5091000000.0,0.0,116183000000.0,,0.0,101336000000.0,,,102690000000.0,,,14535576444.0,-779000000.0,0.0,-248000000.0,11000000.0,-67000000.0,-250000000.0,-1118000000.0,-1031000000.0,589000000.0,0.0,200000000.0,200000000.0,200000000.0,3000000.0,16000000.0,0.156,969000000.0,317000000.0,0.0,0.333,0.861,13.274,13.2,2193000000.0,0.0,10.56,2.842,2.839,0.0,-1177000000.0,1286000000.0,1286000000.0,0.0,,,,,0.0,623000000.0,1.0,1376475042.0,1366000000,1378000000.0,0.941,114472000000.0,0.0,98000000.0,0.0,83.801,
27,RF,MRQ,2014-09-30,2014-09-30,2014-09-30,2021-08-06,-174000000.0,119226000000.0,,,,,12.453,-69000000.0,4783000000.0,4783000000.0,0.0,320000000.0,,5.948,5706000000.0,,,5706000000.0,0.0,143000000.0,94130000000.0,0.016,0.05,451000000.0,594000000.0,0.459,594000000.0,451000000.0,451000000.0,0.22,0.22,0.22,17160000000.0,,17160000000.0,14663208925.0,8.0,6.451,706000000.0,0.512,1.0,1294000000.0,1.0,5103000000.0,0.0,115046000000.0,,0.0,101005000000.0,,,102066000000.0,,,13840208925.0,-36000000.0,0.0,0.0,78000000.0,-69000000.0,300000000.0,-1111000000.0,-1030000000.0,775000000.0,0.0,300000000.0,300000000.0,300000000.0,-3000000.0,20000000.0,0.232,826000000.0,468000000.0,0.0,0.227,0.807,12.78,12.709,2192000000.0,0.0,10.04,2.669,2.668,0.0,-1272000000.0,1294000000.0,1294000000.0,0.0,,,,,0.0,621000000.0,1.0,1378506865.0,1378000000,1389000000.0,0.939,114123000000.0,0.0,151000000.0,0.0,82.818,
28,RF,MRQ,2014-06-30,2014-06-30,2014-06-30,2021-08-06,-52000000.0,118719000000.0,,,,,12.358,-58000000.0,4819000000.0,4819000000.0,0.0,296000000.0,,5.972,5642000000.0,,,5642000000.0,0.0,126000000.0,93822000000.0,0.013,0.05,436000000.0,562000000.0,0.445,562000000.0,436000000.0,436000000.0,0.21,0.21,0.21,17029000000.0,,17029000000.0,15656056921.0,9.0,6.98,264000000.0,0.192,1.0,1263000000.0,1.0,5097000000.0,0.0,114445000000.0,,0.0,100477000000.0,,,101690000000.0,,,14645056921.0,-377000000.0,0.0,0.0,-565000000.0,-70000000.0,273000000.0,-972000000.0,-914000000.0,322000000.0,0.0,288000000.0,288000000.0,288000000.0,-1000000.0,8000000.0,0.228,820000000.0,443000000.0,0.0,0.238,0.86,13.713,13.615,2194000000.0,0.0,10.62,2.821,2.819,0.0,-1597000000.0,1263000000.0,1263000000.0,0.0,,,,,0.0,603000000.0,1.0,1379007243.0,1378000000,1390000000.0,0.917,113622000000.0,0.0,148000000.0,0.0,82.454,
29,RF,MRQ,2014-03-31,2014-03-31,2014-03-31,2021-08-06,-229000000.0,117933000000.0,,,,,11.707,-37000000.0,5196000000.0,5196000000.0,0.0,315000000.0,,6.311,6207000000.0,,,6207000000.0,0.0,122000000.0,93393000000.0,0.011,0.03,458000000.0,580000000.0,0.456,580000000.0,458000000.0,458000000.0,0.22,0.22,0.22,16132000000.0,,16132000000.0,17510136473.0,11.0,7.842,384000000.0,0.279,1.0,1271000000.0,1.0,5110000000.0,0.0,113834000000.0,,0.0,99237000000.0,,,101801000000.0,,,15771136473.0,-77000000.0,0.0,-8000000.0,-803000000.0,-41000000.0,82000000.0,-580000000.0,-543000000.0,421000000.0,0.0,307000000.0,307000000.0,307000000.0,-12000000.0,8000000.0,0.242,817000000.0,454000000.0,0.0,0.136,0.978,15.179,14.813,2194000000.0,0.0,11.11,3.031,2.942,0.0,-1897000000.0,1271000000.0,1271000000.0,0.0,,,,,0.0,618000000.0,1.0,1419544237.0,1378000000,1390000000.0,0.922,112823000000.0,0.0,151000000.0,0.0,81.874,
30,RF,MRQ,2013-12-31,2013-12-31,2013-12-31,2021-08-06,-319000000.0,117396000000.0,,,,,11.451,-64000000.0,5273000000.0,5273000000.0,0.0,196000000.0,,6.445,7012000000.0,,,7012000000.0,0.0,148000000.0,92453000000.0,0.01,0.03,389000000.0,537000000.0,0.396,537000000.0,389000000.0,389000000.0,0.14,0.13,0.14,15768000000.0,,15768000000.0,16375994274.0,10.0,7.23,535000000.0,0.389,1.0,1357000000.0,1.0,5111000000.0,0.0,114024000000.0,,0.0,98655000000.0,,,101628000000.0,,,13623994274.0,1414000000.0,0.0,0.0,409000000.0,-41000000.0,492000000.0,323000000.0,387000000.0,599000000.0,0.0,188000000.0,188000000.0,188000000.0,14000000.0,8000000.0,0.139,946000000.0,411000000.0,0.0,0.214,0.864,12.865,13.013,2216000000.0,0.0,9.89,2.609,2.643,0.0,-2216000000.0,1357000000.0,1357000000.0,0.0,,,,,0.0,626000000.0,1.0,1377552505.0,1377000000,1395000000.0,0.985,112285000000.0,0.0,201000000.0,0.0,81.543,
31,RF,MRQ,2013-09-30,2013-09-30,2013-09-30,2021-08-06,-411000000.0,116864000000.0,,,,,11.159,-51000000.0,3859000000.0,3859000000.0,0.0,293000000.0,,6.545,6611000000.0,,,6611000000.0,0.0,155000000.0,92321000000.0,0.009,0.03,409000000.0,564000000.0,0.434,564000000.0,409000000.0,409000000.0,0.21,0.2,0.21,15489000000.0,,15489000000.0,17378506337.0,11.0,7.51,928000000.0,0.669,1.0,1301000000.0,1.0,5123000000.0,0.0,114493000000.0,,0.0,99548000000.0,,,101375000000.0,,,12925506337.0,-421000000.0,0.0,-167000000.0,-2125000000.0,-41000000.0,-2471000000.0,1071000000.0,1122000000.0,979000000.0,0.0,285000000.0,285000000.0,285000000.0,0.0,8000000.0,0.219,884000000.0,417000000.0,0.0,0.143,0.834,11.418,11.432,2218000000.0,0.0,9.26,2.495,2.481,0.0,-2443000000.0,1301000000.0,1301000000.0,0.0,,,,,0.0,618000000.0,1.0,1395843017.0,1388000000,1405000000.0,0.937,111741000000.0,0.0,124000000.0,0.0,80.505,
32,RF,MRQ,2013-06-30,2013-06-30,2013-06-30,2021-08-06,-478000000.0,118707000000.0,,,,,10.941,-38000000.0,4280000000.0,4280000000.0,0.0,267000000.0,,6.744,8733000000.0,,,8733000000.0,0.0,171000000.0,92454000000.0,0.006,0.03,381000000.0,552000000.0,0.433,552000000.0,381000000.0,381000000.0,0.18,0.18,0.18,15329000000.0,,15329000000.0,16213496810.0,10.0,6.844,999000000.0,0.713,1.0,1274000000.0,1.0,5134000000.0,0.0,118026000000.0,,0.0,99132000000.0,,,103378000000.0,,,13469496810.0,-653000000.0,0.0,-173000000.0,1099000000.0,-42000000.0,-804000000.0,-886000000.0,-820000000.0,1037000000.0,0.0,259000000.0,259000000.0,259000000.0,1000000.0,8000000.0,0.203,884000000.0,390000000.0,0.0,0.167,0.879,11.733,11.765,2228000000.0,0.0,9.53,2.592,2.569,0.0,-2736000000.0,1274000000.0,1274000000.0,0.0,,,,,0.0,613000000.0,1.0,1413378469.0,1401000000,1418000000.0,0.909,113573000000.0,0.0,122000000.0,0.0,81.066,
33,RF,MRQ,2013-03-31,2013-03-31,2013-03-31,2021-08-06,-12000000.0,119718000000.0,,,,,11.139,-33000000.0,4933000000.0,4933000000.0,0.0,335000000.0,,6.606,7677000000.0,,,7677000000.0,0.0,171000000.0,94133000000.0,0.005,0.01,441000000.0,612000000.0,0.475,612000000.0,441000000.0,441000000.0,0.23,0.23,0.23,15740000000.0,,15740000000.0,13521688686.0,8.0,5.625,1097000000.0,0.776,1.0,1289000000.0,1.0,5147000000.0,0.0,117315000000.0,,0.0,100825000000.0,,,103978000000.0,,,11575688686.0,-556000000.0,0.0,0.0,256000000.0,-14000000.0,-1107000000.0,-579000000.0,-546000000.0,1130000000.0,0.0,327000000.0,327000000.0,327000000.0,-2000000.0,8000000.0,0.254,842000000.0,447000000.0,0.0,0.043,0.735,9.868,9.867,2252000000.0,0.0,8.19,2.208,2.208,0.0,-3003000000.0,1289000000.0,1289000000.0,0.0,,,,,0.0,606000000.0,1.0,1413393002.0,1413000000,1423000000.0,0.912,114571000000.0,0.0,114000000.0,0.0,81.084,
34,RF,MRQ,2012-12-31,2012-12-31,2012-12-31,2021-08-06,65000000.0,121347000000.0,,,,,10.961,-66000000.0,5489000000.0,5489000000.0,0.0,265000000.0,,6.829,7435000000.0,,,7435000000.0,0.0,187000000.0,95474000000.0,0.006,0.01,399000000.0,586000000.0,0.445,586000000.0,399000000.0,399000000.0,0.19,0.18,0.19,15499000000.0,,15499000000.0,14304711390.0,10.0,6.532,160000000.0,0.113,1.0,1317000000.0,1.0,5161000000.0,0.0,118132000000.0,,0.0,101920000000.0,,,105848000000.0,,,10074711390.0,1559000000.0,0.0,0.0,-711000000.0,-13000000.0,351000000.0,982000000.0,1048000000.0,226000000.0,0.0,261000000.0,261000000.0,261000000.0,12000000.0,4000000.0,0.198,902000000.0,415000000.0,0.0,0.053,0.65,10.166,9.903,2279000000.0,0.0,7.13,1.942,1.898,0.0,-3338000000.0,1317000000.0,1317000000.0,0.0,,,,,0.0,600000000.0,1.0,1413003000.0,1414000000,1423000000.0,0.931,116186000000.0,0.0,138000000.0,0.0,82.168,
35,RF,MRQ,2012-09-30,2012-09-30,2012-09-30,2021-08-06,202000000.0,121798000000.0,,,,,10.538,-35000000.0,3930000000.0,3930000000.0,0.0,301000000.0,,7.174,8160000000.0,,,8160000000.0,0.0,182000000.0,94881000000.0,0.006,0.01,437000000.0,619000000.0,0.47,619000000.0,437000000.0,437000000.0,0.21,0.21,0.21,14901000000.0,,14901000000.0,15939006317.0,33.0,13.294,1143000000.0,0.808,1.0,1317000000.0,1.0,5181000000.0,0.0,120847000000.0,,0.0,103248000000.0,,,106897000000.0,,,10169006317.0,164000000.0,0.0,0.0,-1370000000.0,-14000000.0,-1601000000.0,587000000.0,622000000.0,1178000000.0,0.0,301000000.0,301000000.0,301000000.0,11000000.0,0.0,0.229,869000000.0,448000000.0,0.0,0.048,0.682,79.445,179.875,2274000000.0,0.0,7.195,2.062,2.063,0.0,-3849000000.0,1317000000.0,1317000000.0,0.0,,,,,0.0,613000000.0,1.0,1413343477.0,1414000000,1423000000.0,0.931,116617000000.0,0.0,136000000.0,0.0,82.473,
36,RF,MRQ,2012-06-30,2012-06-30,2012-06-30,2021-08-06,54000000.0,122345000000.0,,,,,10.223,-42000000.0,3766000000.0,3766000000.0,0.0,355000000.0,,7.464,9536000000.0,,,9536000000.0,0.0,177000000.0,95098000000.0,0.006,0.01,410000000.0,587000000.0,0.445,587000000.0,410000000.0,410000000.0,0.2,0.2,0.2,14455000000.0,,14455000000.0,12164895750.0,71.0,13.935,240000000.0,0.17,1.0,1319000000.0,1.0,5207000000.0,0.0,122908000000.0,,0.0,103533000000.0,,,107890000000.0,,,9533895750.0,-3707000000.0,855000000.0,0.0,374000000.0,-14000000.0,-5224000000.0,1235000000.0,422000000.0,282000000.0,0.0,284000000.0,284000000.0,284000000.0,-4000000.0,71000000.0,0.215,842000000.0,477000000.0,0.0,0.05,0.66,-132.415,-75.0,2300000000.0,0.0,6.75,2.063,2.065,0.0,-4136000000.0,1319000000.0,1319000000.0,0.0,,,,,0.0,593000000.0,1.0,1412429000.0,1414000000,1418000000.0,0.933,117138000000.0,0.0,126000000.0,0.0,82.842,
37,RF,MRQ,2012-03-31,2012-03-31,2012-03-31,2021-08-06,-60000000.0,128282000000.0,,,,,13.677,-37000000.0,7473000000.0,7473000000.0,0.0,199000000.0,,6.316,10104000000.0,,,10104000000.0,0.0,171000000.0,97138000000.0,0.006,0.01,227000000.0,398000000.0,0.323,398000000.0,227000000.0,227000000.0,0.11,0.11,0.11,17534000000.0,,17534000000.0,12236155267.0,-56.0,25.979,718000000.0,0.56,1.0,1234000000.0,1.0,5236000000.0,0.0,125677000000.0,,0.0,104816000000.0,,,110748000000.0,,,8304155267.0,228000000.0,0.0,875000000.0,-1059000000.0,-13000000.0,1270000000.0,-1797000000.0,-1760000000.0,755000000.0,0.0,145000000.0,145000000.0,145000000.0,40000000.0,54000000.0,0.118,913000000.0,321000000.0,0.0,0.091,0.474,-27.589,-26.36,2350000000.0,0.0,6.59,1.929,1.963,0.0,-4395000000.0,1234000000.0,1234000000.0,0.0,,,,,0.0,600000000.0,1.0,1260114608.0,1282000000,1283000000.0,0.963,123046000000.0,0.0,82000000.0,0.0,95.98,
38,RF,MRQ,2011-12-31,2011-12-31,2011-12-31,2021-08-06,-69000000.0,127050000000.0,,,,,13.115,-38000000.0,7245000000.0,7245000000.0,0.0,-548000000.0,,6.7,11177000000.0,,,11177000000.0,0.0,179000000.0,95627000000.0,0.009,0.01,-584000000.0,-405000000.0,-0.382,-405000000.0,-584000000.0,-584000000.0,-0.48,-0.48,-0.48,16499000000.0,,16499000000.0,10233171100.0,-22.0,45.28,99000000.0,0.079,1.0,1061000000.0,1.0,5265000000.0,0.0,125717000000.0,,0.0,103062000000.0,,,110551000000.0,,,5413171100.0,-1018000000.0,0.0,0.0,-1877000000.0,-12000000.0,-2244000000.0,1089000000.0,1127000000.0,137000000.0,0.0,-602000000.0,-602000000.0,-602000000.0,467000000.0,54000000.0,-0.567,1124000000.0,-63000000.0,0.0,-0.021,0.328,-12.618,-12.647,2375000000.0,0.0,4.3,1.346,1.345,0.0,-4322000000.0,1061000000.0,1061000000.0,0.0,,,,,0.0,550000000.0,1.0,1258877000.0,1258000000,1252000000.0,0.843,121785000000.0,0.0,18000000.0,0.0,96.808,
39,RF,MRQ,2011-09-30,2011-09-30,2011-09-30,2021-08-06,92000000.0,129762000000.0,,,,,13.712,-35000000.0,8263000000.0,8263000000.0,0.0,155000000.0,,6.517,13083000000.0,,,13083000000.0,0.0,175000000.0,95938000000.0,0.012,0.01,118000000.0,293000000.0,0.291,293000000.0,118000000.0,118000000.0,0.08,0.08,0.08,17263000000.0,,17263000000.0,10585797340.0,57.0,11.921,1739000000.0,1.381,1.0,1008000000.0,1.0,6039000000.0,0.0,128543000000.0,,0.0,104873000000.0,,,112499000000.0,,,4191797340.0,289000000.0,0.0,0.0,-1280000000.0,-14000000.0,-1731000000.0,246000000.0,281000000.0,1774000000.0,0.0,101000000.0,101000000.0,101000000.0,-14000000.0,54000000.0,0.1,850000000.0,158000000.0,0.0,0.125,0.243,20.056,19.588,2399000000.0,0.0,3.33,1.276,1.276,0.0,-3913000000.0,1008000000.0,1008000000.0,0.0,,,,,0.0,548000000.0,1.0,1258798000.0,1259000000,1261000000.0,0.801,123723000000.0,0.0,17000000.0,0.0,98.271,
40,RF,MRQ,2011-06-30,2011-06-30,2011-06-30,2021-08-06,-177000000.0,130908000000.0,,,,,13.424,-100000000.0,7974000000.0,7974000000.0,0.0,109000000.0,,6.752,14368000000.0,,,14368000000.0,0.0,164000000.0,96331000000.0,0.006,0.01,21000000.0,185000000.0,0.185,185000000.0,21000000.0,21000000.0,0.04,0.04,0.04,16888000000.0,,16888000000.0,15849101600.0,-54.0,37.38,1410000000.0,1.121,1.0,1001000000.0,1.0,5981000000.0,0.0,131321000000.0,,0.0,105744000000.0,,,114020000000.0,,,7790101600.0,654000000.0,0.0,0.0,-1011000000.0,-12000000.0,-1105000000.0,249000000.0,349000000.0,1510000000.0,0.0,55000000.0,55000000.0,55000000.0,-30000000.0,54000000.0,0.055,956000000.0,45000000.0,0.0,0.25,0.461,-77.13,-77.5,2481000000.0,0.0,6.2,2.485,2.488,0.0,-4000000000.0,1001000000.0,1001000000.0,0.0,,,,,0.0,571000000.0,1.0,1256468000.0,1258000000,1260000000.0,0.796,124927000000.0,0.0,-34000000.0,0.0,99.306,
41,RF,MRQ,2011-03-31,2011-03-31,2011-03-31,2021-08-06,-387000000.0,131756000000.0,,,,,13.221,-28000000.0,7320000000.0,7320000000.0,0.0,69000000.0,,6.928,15379000000.0,,,15379000000.0,0.0,165000000.0,96369000000.0,0.006,0.01,-12000000.0,153000000.0,0.161,153000000.0,-12000000.0,-12000000.0,0.01,0.01,0.01,16619000000.0,,16619000000.0,19339291216.0,-26.0,-9669.646,1304000000.0,1.037,1.0,953000000.0,1.0,5919000000.0,0.0,133896000000.0,,0.0,107241000000.0,,,115137000000.0,,,9131291216.0,401000000.0,0.0,0.0,-1705000000.0,-13000000.0,-6000000.0,-925000000.0,-897000000.0,1332000000.0,0.0,17000000.0,17000000.0,17000000.0,-19000000.0,52000000.0,0.018,932000000.0,21000000.0,0.0,1.0,0.549,-18.597,-18.15,2528000000.0,0.0,7.26,2.95,2.949,0.0,-4043000000.0,953000000.0,953000000.0,0.0,,,,,0.0,598000000.0,1.0,1257753611.0,1257000000,1259000000.0,0.758,125837000000.0,0.0,-29000000.0,0.0,100.109,
42,RF,MRQ,2010-12-31,2010-12-31,2010-12-31,2021-08-06,-260000000.0,132351000000.0,,,,,13.313,-73000000.0,6919000000.0,6919000000.0,0.0,89000000.0,,6.909,17127000000.0,,,17127000000.0,0.0,198000000.0,94614000000.0,0.006,0.01,59000000.0,257000000.0,0.796,257000000.0,59000000.0,59000000.0,0.04,0.04,0.04,16734000000.0,,16734000000.0,19901588000.0,-17.0,-48.898,820000000.0,0.652,1.0,323000000.0,1.0,5946000000.0,0.0,136613000000.0,,0.0,107079000000.0,,,115617000000.0,,,8792588000.0,32000000.0,0.0,0.0,-850000000.0,-13000000.0,-1270000000.0,409000000.0,482000000.0,893000000.0,0.0,36000000.0,36000000.0,36000000.0,71000000.0,53000000.0,0.111,140000000.0,183000000.0,0.0,0.25,0.525,-11.524,-11.29,2569000000.0,0.0,7.0,2.916,2.849,0.0,-4047000000.0,323000000.0,323000000.0,0.0,,,,,0.0,43000000.0,1.0,1256084000.0,1257000000,1257000000.0,0.257,126405000000.0,0.0,23000000.0,0.0,100.561,
43,RF,MRQ,2010-09-30,2010-09-30,2010-09-30,2021-08-06,208000000.0,133498000000.0,,,,,13.654,-47000000.0,6887000000.0,6887000000.0,0.0,-155000000.0,,6.778,17996000000.0,,,17996000000.0,0.0,188000000.0,94978000000.0,0.006,0.01,-359000000.0,-171000000.0,-0.199,-171000000.0,-359000000.0,-359000000.0,-0.17,-0.17,-0.17,17163000000.0,,17163000000.0,20098691070.0,-10.0,-13.88,492000000.0,0.391,1.0,858000000.0,1.0,5975000000.0,0.0,138632000000.0,,0.0,109230000000.0,,,116335000000.0,,,9130691070.0,-524000000.0,0.0,0.0,-392000000.0,-12000000.0,-1720000000.0,657000000.0,704000000.0,539000000.0,0.0,-209000000.0,-209000000.0,-209000000.0,0.0,54000000.0,-0.244,1163000000.0,-305000000.0,0.0,-0.059,0.532,-6.499,-5.959,2564000000.0,0.0,7.27,4.456,4.46,0.0,-4070000000.0,858000000.0,858000000.0,0.0,,,,,0.0,767000000.0,1.0,1255941000.0,1257000000,1257000000.0,0.683,127523000000.0,0.0,-150000000.0,0.0,101.45,
44,RF,MRQ,2010-06-30,2010-06-30,2010-06-30,2021-08-06,306000000.0,135340000000.0,,,,,14.553,-28000000.0,7411000000.0,7411000000.0,0.0,-277000000.0,,6.75,18379000000.0,,,18379000000.0,0.0,182000000.0,96250000000.0,0.006,0.01,-423000000.0,-241000000.0,-0.251,-241000000.0,-423000000.0,-423000000.0,-0.28,-0.28,-0.28,17463000000.0,,17463000000.0,19342459180.0,-8.0,-10.427,1040000000.0,0.867,1.0,961000000.0,1.0,6004000000.0,0.0,140304000000.0,,0.0,110679000000.0,,,117877000000.0,,,7846459180.0,540000000.0,0.0,0.0,-8000000.0,-12000000.0,-2149000000.0,1621000000.0,1649000000.0,1068000000.0,0.0,-335000000.0,-335000000.0,-335000000.0,0.0,58000000.0,-0.349,1326000000.0,-365000000.0,0.0,-0.036,0.449,-4.805,-4.634,2588000000.0,0.0,6.58,4.401,4.428,0.0,-3849000000.0,961000000.0,961000000.0,0.0,,,,,1000000.0,749000000.0,1.0,1192471000.0,1200000000,1200000000.0,0.801,129336000000.0,0.0,-88000000.0,0.0,107.78,
45,RF,MRQ,2010-03-31,2010-03-31,2010-03-31,2021-08-06,144000000.0,137230000000.0,,,,,14.772,-43000000.0,6871000000.0,6871000000.0,0.0,-196000000.0,,6.78,18367000000.0,,,18367000000.0,0.0,164000000.0,98332000000.0,0.005,0.01,-416000000.0,-252000000.0,-0.289,-252000000.0,-416000000.0,-416000000.0,-0.21,-0.21,-0.21,17638000000.0,,17638000000.0,23483270142.0,-11.0,-14.25,1684000000.0,1.41,1.0,873000000.0,1.0,6031000000.0,0.0,142695000000.0,,0.0,112614000000.0,,,119592000000.0,,,9362270142.0,-1140000000.0,0.0,0.0,-3854000000.0,-12000000.0,-4264000000.0,1397000000.0,1440000000.0,1727000000.0,0.0,-255000000.0,-255000000.0,-255000000.0,0.0,59000000.0,-0.292,1230000000.0,-357000000.0,0.0,-0.048,0.531,-6.072,-5.528,2637000000.0,0.0,7.85,4.826,4.831,0.0,-3502000000.0,873000000.0,873000000.0,0.0,,,,,-1000000.0,769000000.0,1.0,1192645878.0,1194000000,1194000000.0,0.731,131199000000.0,0.0,-161000000.0,0.0,109.882,
46,RF,MRQ,2009-12-31,2009-12-31,2009-12-31,2021-08-06,130000000.0,142318000000.0,,,,,18.08,-114000000.0,8011000000.0,8011000000.0,0.0,-543000000.0,,6.959,22132000000.0,,,22132000000.0,0.0,132000000.0,98680000000.0,0.025,0.01,-916000000.0,-784000000.0,1.219,-784000000.0,-916000000.0,-916000000.0,-0.56,-0.56,-0.56,17881000000.0,,17881000000.0,21294689280.0,-15.0,-22.947,-714000000.0,-0.722,1.0,-643000000.0,1.0,6060000000.0,0.0,150379000000.0,,0.0,117191000000.0,,,124437000000.0,,,6284689280.0,-358000000.0,0.0,-13000000.0,-1192000000.0,-11000000.0,2531000000.0,-2289000000.0,-2175000000.0,-600000000.0,0.0,-606000000.0,-606000000.0,-606000000.0,-43000000.0,63000000.0,0.942,253000000.0,-896000000.0,0.0,-0.018,0.351,-4.984,-4.165,2668000000.0,0.0,5.29,2.497,2.079,0.0,-3235000000.0,-643000000.0,-643000000.0,0.0,,,,,0.0,58000000.0,1.0,1188032000.0,989000000,989000000.0,-0.65,136258000000.0,0.0,-310000000.0,0.0,137.774,
47,RF,MRQ,2009-09-30,2009-09-30,2009-09-30,2021-08-06,143000000.0,139986000000.0,,,,,15.553,23000000.0,8369000000.0,8369000000.0,0.0,-377000000.0,,6.57,23379000000.0,,,23379000000.0,0.0,133000000.0,94880000000.0,0.035,0.01,-711000000.0,-578000000.0,-0.976,-578000000.0,-711000000.0,-711000000.0,-0.37,-0.37,-0.37,18492000000.0,,18492000000.0,24378666110.0,-3.0,-3.538,570000000.0,0.479,1.0,592000000.0,1.0,6092000000.0,0.0,148904000000.0,,0.0,115109000000.0,,,121494000000.0,,,7378666110.0,-61000000.0,0.0,4000000.0,-2063000000.0,-12000000.0,-1967000000.0,1359000000.0,1336000000.0,547000000.0,0.0,-437000000.0,-437000000.0,-437000000.0,0.0,60000000.0,-0.738,1240000000.0,-648000000.0,0.0,-0.027,0.399,-1.07,-0.648,2694000000.0,0.0,6.21,2.029,2.031,0.0,-2618000000.0,592000000.0,592000000.0,0.0,,,,,0.0,782000000.0,1.0,1188191000.0,1189000000,1189000000.0,0.498,133894000000.0,0.0,-274000000.0,0.0,112.611,
48,RF,MRQ,2009-06-30,2009-06-30,2009-06-30,2021-08-06,-36000000.0,142811000000.0,,,,,21.389,-53000000.0,8430000000.0,8430000000.0,0.0,-188000000.0,,6.622,25430000000.0,,,25430000000.0,0.0,135000000.0,94726000000.0,0.077,0.01,-169000000.0,-34000000.0,-0.03,-34000000.0,-169000000.0,-169000000.0,-0.28,-0.28,-0.28,18737000000.0,,18737000000.0,25787921200.0,-4.0,-4.208,2658000000.0,3.034,1.0,1118000000.0,1.0,6124000000.0,0.0,153687000000.0,,0.0,117663000000.0,,,124074000000.0,,,2807921200.0,3295000000.0,0.0,1773000000.0,-2424000000.0,-12000000.0,759000000.0,-175000000.0,-122000000.0,2711000000.0,0.0,-244000000.0,-244000000.0,-244000000.0,0.0,56000000.0,-0.218,1162000000.0,-44000000.0,0.0,-0.036,0.15,-0.44,-0.443,2789000000.0,0.0,4.04,0.658,0.829,0.0,-2169000000.0,1118000000.0,1118000000.0,0.0,,,,,0.0,776000000.0,1.0,695030000.0,876000000,876000000.0,1.276,136687000000.0,0.0,75000000.0,0.0,156.035,
49,RF,MRQ,2009-03-31,2009-03-31,2009-03-31,2021-08-06,-6000000.0,141980000000.0,,,,,24.267,-90000000.0,5135000000.0,5135000000.0,0.0,77000000.0,,7.443,28115000000.0,,,28115000000.0,0.0,127000000.0,93536000000.0,0.16,0.1,341000000.0,468000000.0,0.323,468000000.0,341000000.0,341000000.0,0.04,0.04,0.04,16817000000.0,,16817000000.0,27039978145.0,-4.0,-4.729,-711000000.0,-1.026,1.0,1450000000.0,1.0,6154000000.0,0.0,158806000000.0,,0.0,119154000000.0,,,125163000000.0,,,2959132145.0,-5838000000.0,0.0,5000000.0,-6929000000.0,-70000000.0,-4682000000.0,-535000000.0,-445000000.0,-621000000.0,0.0,26000000.0,26000000.0,26000000.0,0.0,51000000.0,0.018,1058000000.0,392000000.0,0.0,2.5,0.176,-0.499,-0.499,2808000000.0,0.0,4.26,0.648,0.647,0.0,-1913000000.0,1450000000.0,1450000000.0,0.0,,,,,0.0,722000000.0,1.0,694631959.0,693000000,694000000.0,2.092,135826000000.0,0.0,315000000.0,0.0,195.997,
50,RF,MRQ,2008-12-31,2008-12-31,2008-12-31,2021-08-06,-22000000.0,146248000000.0,,,,,24.296,-130000000.0,10973000000.0,10973000000.0,0.0,-6218000000.0,,7.699,35053000000.0,,,35053000000.0,0.0,76000000.0,90904000000.0,0.121,0.1,-6823000000.0,-6747000000.0,-14.174,-6747000000.0,-6823000000.0,-6823000000.0,-8.98,-8.98,-8.98,16813000000.0,,16813000000.0,33504321760.0,-6.0,-6.008,926000000.0,1.338,1.0,476000000.0,1.0,6186000000.0,0.0,164142000000.0,,0.0,117880000000.0,,,129435000000.0,,,5507969760.0,7415000000.0,0.0,3000000.0,3164000000.0,-70000000.0,8282000000.0,-1923000000.0,-1793000000.0,1056000000.0,0.0,-6244000000.0,-6244000000.0,-6244000000.0,11000000.0,26000000.0,-13.118,7260000000.0,-6784000000.0,0.0,-0.011,0.328,-0.98,-0.984,2786000000.0,0.0,7.96,1.134,1.139,0.0,-1869000000.0,476000000.0,476000000.0,0.0,,,,,0.0,756000000.0,1.0,691956000.0,692000000,692000000.0,0.688,140062000000.0,0.0,-579000000.0,0.0,202.402,
51,RF,MRQ,2008-09-30,2008-09-30,2008-09-30,2021-08-06,70000000.0,144292000000.0,,,,,28.312,-81000000.0,3558000000.0,3558000000.0,0.0,79000000.0,,6.323,31710000000.0,,,31710000000.0,0.0,99000000.0,89221000000.0,0.129,0.1,85000000.0,184000000.0,0.15,184000000.0,85000000.0,85000000.0,0.11,0.11,0.11,19705000000.0,,19705000000.0,33394612000.0,36.0,24.621,795000000.0,1.142,1.0,1224000000.0,1.0,12204000000.0,0.0,160240000000.0,,0.0,118095000000.0,,,124587000000.0,,,6670080000.0,-598000000.0,0.0,5000000.0,722000000.0,-71000000.0,-920000000.0,-554000000.0,-473000000.0,876000000.0,0.0,79000000.0,79000000.0,79000000.0,11000000.0,0.0,0.065,1119000000.0,105000000.0,0.0,0.909,0.338,9.631,9.6,2730000000.0,0.0,9.6,1.15,1.152,0.0,4445000000.0,1224000000.0,1224000000.0,0.0,,,,,1000000.0,750000000.0,1.0,694800000.0,696000000,696000000.0,1.759,132088000000.0,0.0,6000000.0,0.0,189.782,
52,RF,MRQ,2008-06-30,2008-06-30,2008-06-30,2021-08-06,47000000.0,144436000000.0,,,,,28.316,-132000000.0,4156000000.0,4156000000.0,0.0,206000000.0,,6.329,30909000000.0,,,30909000000.0,0.0,104000000.0,89904000000.0,0.137,0.38,273000000.0,377000000.0,0.267,377000000.0,273000000.0,273000000.0,0.3,0.3,0.3,19708000000.0,,19708000000.0,32923897280.0,23.0,17.677,522000000.0,0.75,1.0,1414000000.0,1.0,12224000000.0,0.0,158965000000.0,,0.0,117533000000.0,,,124728000000.0,,,7580355280.0,195000000.0,0.0,16000000.0,1385000000.0,-264000000.0,1855000000.0,-2314000000.0,-2226000000.0,654000000.0,0.0,206000000.0,206000000.0,206000000.0,0.0,0.0,0.146,1140000000.0,274000000.0,0.0,1.267,0.385,7.522,7.524,2726000000.0,0.0,10.91,1.204,1.206,0.0,4437000000.0,1414000000.0,1414000000.0,0.0,,,,,0.0,797000000.0,1.0,694808000.0,696000000,696000000.0,2.032,132212000000.0,0.0,67000000.0,0.0,189.96,
53,RF,MRQ,2008-03-31,2008-03-31,2008-03-31,2021-08-06,331000000.0,144249000000.0,,,,,28.809,-121000000.0,3961000000.0,3961000000.0,0.0,337000000.0,,6.205,29525000000.0,,,29525000000.0,0.0,114000000.0,89187000000.0,0.075,0.38,495000000.0,609000000.0,0.349,609000000.0,495000000.0,495000000.0,0.48,0.48,0.48,20022000000.0,,20022000000.0,31214293476.0,17.0,13.663,-700000000.0,-1.007,1.0,1745000000.0,1.0,12256000000.0,0.0,157557000000.0,,0.0,115987000000.0,,,124227000000.0,,,13698622476.0,-784000000.0,0.0,3000000.0,7082000000.0,-264000000.0,1237000000.0,-1442000000.0,-1321000000.0,-579000000.0,0.0,337000000.0,337000000.0,337000000.0,0.0,0.0,0.193,1250000000.0,495000000.0,0.0,0.792,0.684,10.915,11.034,2666000000.0,0.0,19.75,2.068,2.072,0.0,4495000000.0,1745000000.0,1745000000.0,0.0,,,,,-1000000.0,830000000.0,1.0,693601138.0,695000000,696000000.0,2.511,131993000000.0,0.0,158000000.0,0.0,189.918,
54,RF,MRQ,2007-12-31,2007-12-31,2007-12-31,2021-08-06,202287000.0,141041717000.0,,,,,28.504,-175921000.0,4745141000.0,4745141000.0,0.0,70546000.0,,6.115,22444912000.0,,,22444912000.0,0.0,115676000.0,94774968000.0,0.062,0.38,70678000.0,186354000.0,0.131,186354000.0,70678000.0,70678000.0,0.11,0.12,0.11,19823029000.0,,19823029000.0,33408959750.0,18.0,13.955,-1052852000.0,-1.514,1.0,1418989000.0,1.0,12251505000.0,0.0,146489983000.0,,0.0,114064858000.0,,,121218688000.0,,,16438996750.0,1193805000.0,300000.0,-91043000.0,1848992000.0,-263737000.0,2835223000.0,-764487000.0,-609866000.0,-876931000.0,0.0,70546000.0,70546000.0,70546000.0,142406000.0,0.0,0.05,1340905000.0,78084000.0,0.0,3.455,0.829,13.141,13.362,2610851000.0,0.0,23.65,2.454,2.5,0.0,4439505000.0,1418989000.0,1418989000.0,0.0,,,,,-3957000.0,865547000.0,1.0,695095000.0,695457000,697748000.0,2.04,128790212000.0,0.0,132000.0,0.0,185.188,
55,RF,MRQ,2007-09-30,2007-09-30,2007-09-30,2021-08-06,-49648000.0,138235189000.0,,,,,28.328,-112781000.0,3638613000.0,3638613000.0,0.0,394164000.0,,5.965,20608576000.0,,,20608576000.0,0.0,116740000.0,93439930000.0,0.061,0.36,573455000.0,690195000.0,0.402,690195000.0,573455000.0,573455000.0,0.56,0.56,0.56,19846349000.0,,19846349000.0,36100069000.0,15.0,12.661,48269000.0,0.069,1.0,1718925000.0,1.0,12257406000.0,0.0,142947746000.0,,0.0,112833902000.0,,,118388840000.0,,,20751709000.0,-390317000.0,0.0,-192364000.0,1247438000.0,-251209000.0,-805584000.0,254217000.0,366998000.0,161050000.0,0.0,394164000.0,394164000.0,394164000.0,76000.0,0.0,0.229,1145394000.0,573531000.0,0.0,0.643,1.046,13.458,13.523,2473339000.0,0.0,29.48,3.0,2.985,525953000.0,4632033000.0,1718925000.0,1718925000.0,0.0,,,,,-1542000.0,776305000.0,1.0,703925000.0,700589000,704485000.0,2.454,125977783000.0,0.0,179291000.0,0.0,179.817,
56,RF,MRQ,2007-06-30,2007-06-30,2007-06-30,2021-08-06,-236681000.0,137622472000.0,,,,,27.768,-112573000.0,4028930000.0,4028930000.0,0.0,453309000.0,,5.987,19377290000.0,,,19377290000.0,0.0,115024000.0,95056391000.0,0.054,0.36,683978000.0,799002000.0,0.459,799002000.0,683978000.0,683978000.0,0.64,0.63,0.64,19696387000.0,,19696387000.0,38251428600.0,17.0,13.963,44729000.0,0.063,1.0,1742136000.0,1.0,12053114000.0,0.0,140917718000.0,,0.0,114014085000.0,,,117926085000.0,,,23325768600.0,-154661000.0,0.0,-653661000.0,268039000.0,-253585000.0,-912540000.0,600577000.0,713150000.0,157302000.0,0.0,453309000.0,453309000.0,453309000.0,423000.0,0.0,0.26,1057735000.0,684401000.0,0.0,0.562,1.184,15.556,13.849,2422256000.0,0.0,33.1,3.644,3.668,590811000.0,4489078000.0,1742136000.0,1742136000.0,0.0,,,,,-2084000.0,769869000.0,1.0,704706000.0,709332000,715564000.0,2.456,125569358000.0,0.0,230669000.0,0.0,177.025,
57,RF,MRQ,2007-03-31,2007-03-31,2007-03-31,2021-08-06,-61029000.0,138068068000.0,,,,,27.945,-52725000.0,4183591000.0,4183591000.0,0.0,332981000.0,,5.797,19109251000.0,,,19109251000.0,0.0,149560000.0,95336648000.0,0.05,0.36,568889000.0,718449000.0,0.395,718449000.0,568889000.0,568889000.0,0.46,0.45,0.46,20314166000.0,,20314166000.0,39474016681.0,19.0,15.744,3792854000.0,5.218,1.0,1818950000.0,1.0,12106085000.0,0.0,140887643000.0,,0.0,114552304000.0,,,117753902000.0,,,25881714681.0,-533827000.0,5700000.0,-270932000.0,799531000.0,-267469000.0,-5612099000.0,1232693000.0,1279718000.0,3845579000.0,0.0,332981000.0,332981000.0,332981000.0,141095000.0,0.0,0.183,1108966000.0,709984000.0,0.0,0.783,1.274,18.601,14.092,2372800000.0,0.0,35.37,4.425,4.396,555580000.0,4289354000.0,1818950000.0,1818950000.0,0.0,,,,,-417000.0,775279000.0,1.0,731742004.0,726921000,734534000.0,2.502,125961983000.0,0.0,235908000.0,0.0,173.282,
58,RF,MRQ,2006-12-31,2006-12-31,2006-12-31,2021-08-06,-131272000.0,143369021000.0,,,,,41.264,-42484000.0,4717418000.0,4717418000.0,0.0,361551000.0,,5.926,18309720000.0,,,18309720000.0,0.0,107425000.0,101227969000.0,0.047,0.71,536251000.0,643676000.0,0.393,643676000.0,536251000.0,536251000.0,0.52,0.51,0.52,20701454000.0,,20701454000.0,25878684998.0,13.0,11.278,2304532000.0,4.594,1.0,1637897000.0,1.0,12133481000.0,0.0,144827842000.0,,0.0,118794875000.0,,,122667567000.0,,,17054769998.0,1622724000.0,1217587000.0,-109444000.0,-3197886000.0,-416151000.0,-2190791000.0,1466499000.0,291396000.0,2347016000.0,0.0,361551000.0,361551000.0,361551000.0,10444000.0,0.0,0.221,1091202000.0,546695000.0,0.0,1.365,0.824,12.604,13.852,2398494000.0,0.0,37.4,3.283,3.611,570063000.0,4493245000.0,1637897000.0,1637897000.0,0.0,,,,,-12614000.0,756439000.0,1.0,456009893.0,501681000,506989000.0,3.265,131235540000.0,0.0,174700000.0,0.0,261.592,
59,RF,MRQ,2006-09-30,2006-09-30,2006-09-30,2021-08-06,-87653000.0,86980091000.0,,,,,24.3,-9954000.0,3007194000.0,3007194000.0,0.0,351657000.0,,6.877,11802452000.0,,,11802452000.0,0.0,70085000.0,62169545000.0,0.038,0.35,508232000.0,578317000.0,0.481,578317000.0,508232000.0,508232000.0,0.77,0.77,0.77,11042903000.0,,11042903000.0,25701116374.0,15.0,12.489,375435000.0,0.826,1.0,1202848000.0,1.0,5662976000.0,0.0,90112373000.0,,0.0,74418142000.0,,,75937188000.0,,,16726614374.0,-62781000.0,0.0,8675000.0,-219102000.0,-159118000.0,403127000.0,-851297000.0,-841343000.0,385389000.0,0.0,351657000.0,351657000.0,351657000.0,6265000.0,0.0,0.292,688351000.0,514497000.0,0.0,0.455,1.515,13.429,13.427,1097616000.0,0.0,36.79,3.718,3.716,581558000.0,4547845000.0,1202848000.0,1202848000.0,0.0,,,,,-8063000.0,484445000.0,1.0,454651111.0,454441000,458903000.0,2.647,81317115000.0,0.0,156575000.0,0.0,178.939,
60,RF,MRQ,2006-06-30,2006-06-30,2006-06-30,2021-08-06,-221286000.0,86062786000.0,,,,,23.486,-27792000.0,3069975000.0,3069975000.0,0.0,345257000.0,,7.044,12021958000.0,,,12021958000.0,0.0,71308000.0,61404826000.0,0.042,0.35,495537000.0,566845000.0,0.477,566845000.0,495537000.0,495537000.0,0.76,0.75,0.76,10698359000.0,,10698359000.0,23684403202.0,15.0,12.31,-308519000.0,-0.677,1.0,1189205000.0,1.0,5711938000.0,0.0,89302831000.0,,0.0,73478673000.0,,,75364427000.0,,,15106580202.0,104558000.0,0.0,-101106000.0,501237000.0,-159629000.0,1129003000.0,-743718000.0,-715926000.0,-280727000.0,0.0,345257000.0,345257000.0,345257000.0,-1795000.0,0.0,0.29,695463000.0,493742000.0,0.0,0.461,1.412,13.131,13.091,1109732000.0,0.0,33.12,3.432,3.428,576616000.0,4355306000.0,1189205000.0,1189205000.0,0.0,,,,,-3265000.0,510005000.0,1.0,456116552.0,455528000,460131000.0,2.611,80350848000.0,0.0,150280000.0,0.0,176.391,
61,RF,MRQ,2006-03-31,2006-03-31,2006-03-31,2021-08-06,-169782000.0,84594518000.0,,,,,23.348,-14431000.0,2965417000.0,2965417000.0,0.0,294680000.0,,6.938,11517759000.0,,,11517759000.0,0.0,73567000.0,60519479000.0,0.039,0.35,432225000.0,505792000.0,0.434,505792000.0,432225000.0,432225000.0,0.65,0.64,0.65,10656785000.0,,10656785000.0,24793851386.0,17.0,13.839,288412000.0,0.632,1.0,1165699000.0,1.0,5705450000.0,0.0,87441410000.0,,0.0,72199326000.0,,,73937733000.0,,,16049908386.0,-251523000.0,0.0,-24160000.0,-417643000.0,-159907000.0,-452196000.0,-102170000.0,-87739000.0,302843000.0,0.0,294680000.0,294680000.0,294680000.0,4462000.0,0.0,0.253,729012000.0,436687000.0,0.0,0.538,1.506,15.234,15.225,1109587000.0,0.0,35.17,3.66,3.66,563202000.0,4169678000.0,1165699000.0,1165699000.0,0.0,,,,,-8512000.0,521487000.0,1.0,456352243.0,456442000,461043000.0,2.554,78889068000.0,0.0,137545000.0,0.0,172.835,
62,RF,MRQ,2005-12-31,2005-12-31,2005-12-31,2021-08-06,-92325000.0,84785600000.0,,,,,23.218,-40701000.0,3216940000.0,3216940000.0,0.0,253996000.0,,6.988,11937959000.0,,,11937959000.0,0.0,78021000.0,60378367000.0,0.04,0.34,328972000.0,406993000.0,0.432,406993000.0,328972000.0,328972000.0,0.56,0.55,0.56,10614283000.0,,10614283000.0,25735952927.0,18.0,15.041,897355000.0,1.963,1.0,941110000.0,1.0,5753420000.0,0.0,87753199000.0,,0.0,72124397000.0,,,74171317000.0,,,15642692927.0,417822000.0,0.0,-107102000.0,-907550000.0,-155748000.0,-257318000.0,-262916000.0,-222215000.0,938056000.0,0.0,253996000.0,253996000.0,253996000.0,-37837000.0,0.0,0.27,649975000.0,291135000.0,0.0,0.607,1.474,15.634,15.742,1122289000.0,0.0,34.16,3.637,3.662,527317000.0,4034905000.0,941110000.0,941110000.0,0.0,,,,,0.0,458813000.0,1.0,457924266.0,457148000,461602000.0,2.059,79032180000.0,0.0,74976000.0,0.0,172.881,
63,RF,MRQ,2005-09-30,2005-09-30,2005-09-30,2021-08-06,-63481000.0,84594614000.0,,,,,23.163,-42148000.0,2773353000.0,2773353000.0,0.0,256556000.0,,6.947,12866613000.0,,,12866613000.0,0.0,80306000.0,59465175000.0,0.043,0.34,364112000.0,444418000.0,0.402,444418000.0,364112000.0,364112000.0,0.56,0.55,0.56,10645055000.0,,10645055000.0,23614728798.0,17.0,13.467,791086000.0,1.721,1.0,1105235000.0,1.0,5351897000.0,0.0,89335977000.0,,0.0,72782871000.0,,,73949559000.0,,,14330598798.0,-25456000.0,0.0,-122187000.0,787274000.0,-156615000.0,-897314000.0,38624000.0,80772000.0,833234000.0,0.0,256556000.0,256556000.0,256556000.0,0.0,0.0,0.232,741123000.0,364112000.0,0.0,0.607,1.346,14.578,14.749,1109922000.0,0.0,31.12,3.214,3.207,539123000.0,3936657000.0,1105235000.0,1105235000.0,0.0,,,,,0.0,528651000.0,1.0,460494820.0,459563000,464250000.0,2.405,79242717000.0,0.0,107556000.0,0.0,172.431,
64,RF,MRQ,2005-06-30,2005-06-30,2005-06-30,2021-08-06,18706000.0,85279098000.0,,,,,23.208,-12246000.0,2795209000.0,2795209000.0,0.0,248351000.0,,6.938,12079339000.0,,,12079339000.0,0.0,78553000.0,60870850000.0,0.04,0.34,355786000.0,434339000.0,0.37,434339000.0,355786000.0,355786000.0,0.54,0.53,0.54,10743305000.0,,10743305000.0,25739262182.0,18.0,14.979,-86571000.0,-0.187,1.0,1173637000.0,1.0,5407636000.0,0.0,89155592000.0,,0.0,73216114000.0,,,74535793000.0,,,15717286182.0,210264000.0,0.0,-40795000.0,-568608000.0,-157748000.0,515918000.0,-231329000.0,-219083000.0,-74325000.0,0.0,248351000.0,248351000.0,248351000.0,0.0,0.0,0.212,817851000.0,355786000.0,0.0,0.63,1.463,16.007,16.133,1092302000.0,0.0,33.88,3.498,3.491,585716000.0,3836716000.0,1173637000.0,1173637000.0,0.0,,,,,0.0,515370000.0,1.0,463910454.0,462913000,468193000.0,2.535,79871462000.0,0.0,107435000.0,0.0,172.541,
65,RF,MRQ,2005-03-31,2005-03-31,2005-03-31,2021-08-06,-47224000.0,84283632000.0,,,,,22.887,-46450000.0,2625970000.0,2625970000.0,0.0,241641000.0,,6.918,12647946000.0,,,12647946000.0,0.0,77756000.0,59587671000.0,0.041,0.34,347535000.0,425291000.0,0.393,425291000.0,347535000.0,347535000.0,0.52,0.51,0.52,10645143000.0,,10645143000.0,25633977634.0,20.0,16.448,172812000.0,0.372,1.0,1081481000.0,1.0,5341679000.0,0.0,88963929000.0,,0.0,72774526000.0,,,73638489000.0,,,15052779634.0,-71670000.0,0.0,-116431000.0,-619231000.0,-158499000.0,26375000.0,-317307000.0,-270857000.0,219262000.0,0.0,241641000.0,241641000.0,241641000.0,0.0,0.0,0.223,733946000.0,347535000.0,0.0,0.654,1.414,16.86,15.07,1108469000.0,0.0,32.4,3.757,3.762,592388000.0,3746113000.0,1081481000.0,1081481000.0,0.0,,,,,0.0,524151000.0,1.0,464591964.0,465122000,470759000.0,2.325,78941953000.0,0.0,105894000.0,0.0,169.723,
66,RF,MRQ,2004-12-31,2004-12-31,2004-12-31,2021-08-06,50253000.0,84106438000.0,,,,,29.159,-30169000.0,2685980000.0,2685980000.0,0.0,236460000.0,,6.824,13267178000.0,,,13267178000.0,0.0,106481000.0,58667023000.0,0.037,0.333,342973000.0,449454000.0,0.409,449454000.0,342973000.0,342973000.0,0.49,0.48,0.49,10749457000.0,,10749457000.0,28523975840.0,24.0,20.148,74606000.0,0.202,1.0,1098814000.0,1.0,5349443000.0,0.0,89338193000.0,,0.0,72497382000.0,,,73356981000.0,,,16541878840.0,297037000.0,6140203000.0,24491000.0,-1182236000.0,-155283000.0,-5265353000.0,5457615000.0,-652419000.0,104775000.0,0.0,236460000.0,236460000.0,236460000.0,0.0,0.0,0.215,755841000.0,342973000.0,0.0,0.68,1.539,20.229,16.032,1089094000.0,0.0,35.59,4.536,3.598,509795000.0,3662971000.0,1098814000.0,1098814000.0,0.0,,,,,0.0,518174000.0,1.0,464790077.0,368656000,373732000.0,2.981,78756995000.0,0.0,106513000.0,0.0,213.633,
67,RF,MRQ,2004-09-30,2004-09-30,2004-09-30,2021-08-06,87513000.0,84077043000.0,,,,,23.076,-36699000.0,2427697000.0,2427697000.0,0.0,256746000.0,,6.876,14409794000.0,,,14409794000.0,0.0,44822000.0,56589257000.0,0.038,0.333,364439000.0,409261000.0,0.359,409261000.0,364439000.0,364439000.0,0.55,0.55,0.55,10675290000.0,,10675290000.0,22578499610.0,21.0,18.199,35781000.0,0.077,1.0,1139210000.0,1.0,5363245000.0,0.0,90695895000.0,,0.0,71915051000.0,,,73401753000.0,,,15276621610.0,227393000.0,-5094508000.0,46235000.0,-881058000.0,-154058000.0,4290021000.0,-4135108000.0,996099000.0,72480000.0,0.0,255450000.0,255450000.0,255450000.0,0.0,1296000.0,0.224,773475000.0,365735000.0,0.0,0.605,1.431,20.504,14.068,1096497000.0,0.0,33.06,4.802,4.807,546355000.0,3581794000.0,1139210000.0,1139210000.0,0.0,,,,,0.0,507418000.0,1.0,462087768.0,462606000,468125000.0,2.463,78713798000.0,0.0,108989000.0,0.0,170.153,
68,RF,MRQ,2004-06-30,2004-06-30,2004-06-30,2021-08-06,-40346000.0,49756793000.0,,,,,16.141,-24795000.0,2100815000.0,2100815000.0,0.0,162024000.0,,10.374,9402693000.0,,,9402693000.0,0.0,48775000.0,34436961000.0,0.04,0.333,225732000.0,274507000.0,0.4,274507000.0,225732000.0,225732000.0,0.59,0.58,0.59,4374596000.0,,4374596000.0,18047522146.0,20.0,16.288,1136638000.0,4.194,1.0,686669000.0,1.0,1117427000.0,0.0,55941244000.0,,0.0,44075445000.0,,,45382197000.0,,,8022133146.0,500187000.0,0.0,14344000.0,-2289930000.0,-90508000.0,645098000.0,-1306344000.0,-1261549000.0,1161433000.0,0.0,159263000.0,159263000.0,159263000.0,0.0,2761000.0,0.232,458176000.0,228493000.0,0.0,0.564,1.834,12.26,12.331,639822000.0,0.0,29.595,2.94,2.94,559277000.0,3479106000.0,686669000.0,686669000.0,0.0,,,,,0.0,328687000.0,1.0,271062502.0,271024000,274564000.0,2.534,48639366000.0,0.0,66469000.0,0.0,179.465,
69,RF,MRQ,2004-03-31,2004-03-31,2004-03-31,2021-08-06,100112000.0,48776943000.0,,,,,16.198,-17378000.0,1667234000.0,1667234000.0,0.0,168535000.0,,10.019,11692623000.0,,,11692623000.0,0.0,46093000.0,31425573000.0,0.037,0.333,236418000.0,282511000.0,0.391,282511000.0,236418000.0,236418000.0,0.61,0.6,0.61,4426458000.0,,4426458000.0,16389638341.0,18.0,14.755,-283768000.0,-1.038,1.0,721977000.0,1.0,1094671000.0,0.0,57707661000.0,,0.0,43159993000.0,,,44350485000.0,,,8120174341.0,-269016000.0,0.0,-141575000.0,1486895000.0,-89968000.0,-51848000.0,49222000.0,46600000.0,-266390000.0,0.0,166572000.0,166572000.0,166572000.0,0.0,1963000.0,0.231,483596000.0,238381000.0,0.0,0.546,1.834,12.307,12.27,631186000.0,0.0,29.571,2.946,2.932,583013000.0,3407590000.0,721977000.0,721977000.0,0.0,,,,,0.0,332833000.0,1.0,274600638.0,273270000,277278000.0,2.642,47682272000.0,0.0,69846000.0,0.0,174.488,
70,RF,MRQ,2003-12-31,2003-12-31,2003-12-31,2021-08-06,63540000.0,48597996000.0,,,,,16.239,-15880000.0,1930379000.0,1930379000.0,0.0,163753000.0,,9.916,10199843000.0,,,10199843000.0,0.0,45443000.0,32732535000.0,0.033,0.259,228940000.0,274383000.0,0.433,274383000.0,228940000.0,228940000.0,0.6,0.59,0.6,4452115000.0,,4452115000.0,16930044151.0,19.0,15.504,972242000.0,3.546,1.0,633466000.0,1.0,1087484000.0,0.0,55779976000.0,,0.0,43002842000.0,,,44145881000.0,,,8264530151.0,118077000.0,170006000.0,-14074000.0,-385182000.0,-71015000.0,-540191000.0,-329854000.0,-483980000.0,988122000.0,0.0,163753000.0,163753000.0,163753000.0,0.0,0.0,0.259,404526000.0,228940000.0,0.0,0.432,1.856,12.679,12.656,629638000.0,0.0,30.121,3.056,3.054,564628000.0,3329023000.0,633466000.0,633466000.0,0.0,,,,,0.0,300681000.0,1.0,274373514.0,274167000,278563000.0,2.311,47510512000.0,0.0,65187000.0,0.0,173.29,
71,RF,MRQ,2003-09-30,2003-09-30,2003-09-30,2021-08-06,86417000.0,48794215000.0,,,,,15.997,-19383000.0,1910526000.0,1910526000.0,0.0,164722000.0,,10.103,10576040000.0,,,10576040000.0,0.0,46267000.0,32616935000.0,0.035,0.259,230374000.0,276641000.0,0.403,276641000.0,230374000.0,230374000.0,0.6,0.59,0.6,4394848000.0,,4394848000.0,17218129269.0,19.0,16.023,-101404000.0,-0.369,1.0,686551000.0,1.0,1078117000.0,0.0,56381612000.0,,0.0,43109539000.0,,,44399367000.0,,,7627217269.0,-91568000.0,0.0,-17341000.0,-997102000.0,-71159000.0,-335420000.0,325873000.0,345256000.0,-82021000.0,0.0,164722000.0,164722000.0,164722000.0,0.0,0.0,0.24,456177000.0,230374000.0,0.0,0.432,1.735,11.938,11.877,626188000.0,0.0,27.733,2.785,2.782,519647000.0,3236285000.0,686551000.0,686551000.0,0.0,,,,,0.0,328695000.0,1.0,275025207.0,274733000,278648000.0,2.499,47716098000.0,0.0,65652000.0,0.0,173.682,
72,RF,MRQ,2003-06-30,2003-06-30,2003-06-30,2021-08-06,140635000.0,49548331000.0,,,,,15.93,-11492000.0,1961650000.0,1961650000.0,0.0,164766000.0,,10.338,11552562000.0,,,11552562000.0,0.0,46807000.0,31866515000.0,0.035,0.243,230440000.0,277247000.0,0.388,277247000.0,230440000.0,230440000.0,0.6,0.59,0.6,4370300000.0,,4370300000.0,,,,-160519000.0,-0.585,1.0,714425000.0,1.0,1073386000.0,0.0,58065857000.0,,0.0,43259503000.0,,,45178031000.0,,,7522551806.0,219638000.0,0.0,15671000.0,857454000.0,-66752000.0,303275000.0,65390000.0,76882000.0,-149027000.0,0.0,164766000.0,164766000.0,164766000.0,0.0,0.0,0.231,483985000.0,230440000.0,0.0,0.405,1.721,11.929,11.841,623050000.0,0.0,27.352,2.762,2.755,702345000.0,3142722000.0,714425000.0,714425000.0,0.0,,,,,0.0,334956000.0,1.0,275025207.0,274344000,277864000.0,2.604,48474945000.0,0.0,65674000.0,0.0,176.694,
73,RF,MRQ,2003-03-31,2003-03-31,2003-03-31,2021-08-06,157113000.0,48464585000.0,,,,,15.606,-7298000.0,1773249000.0,1773249000.0,0.0,158600000.0,,10.347,10695108000.0,,,10695108000.0,0.0,41858000.0,32369375000.0,0.036,0.243,221818000.0,263676000.0,0.394,263676000.0,221818000.0,221818000.0,0.583,0.575,0.583,4270970000.0,,4270970000.0,,,,341092000.0,1.246,1.0,669992000.0,1.0,1063540000.0,0.0,56322904000.0,,0.0,42793958000.0,,,44193615000.0,,,,-324629000.0,0.0,6092000.0,1163222000.0,-66549000.0,545701000.0,-1218720000.0,-1211422000.0,348390000.0,0.0,158600000.0,158600000.0,158600000.0,0.0,0.0,0.237,448174000.0,221818000.0,0.0,0.417,,,11.608,628473000.0,0.0,26.235,,2.715,519932000.0,3044708000.0,669992000.0,669992000.0,0.0,,,,,0.0,318643000.0,1.0,,273680940,276712865.0,2.448,47401045000.0,0.0,63218000.0,0.0,173.198,
74,RF,MRQ,2002-12-31,2002-12-31,2002-12-31,2021-08-06,164091000.0,47938840000.0,,,,,15.314,-13152000.0,2215886000.0,2215886000.0,0.0,156234000.0,,10.473,9531886000.0,,,9531886000.0,0.0,43373000.0,32926201000.0,0.035,0.235,213669000.0,257042000.0,0.385,257042000.0,213669000.0,213669000.0,0.552,0.546,0.552,4178422000.0,,4178422000.0,,,,1117294000.0,4.095,1.0,667364000.0,1.0,0.0,0.0,55254840000.0,,0.0,41827051000.0,,,43760418000.0,,,,446248000.0,-900000.0,5041000.0,-686415000.0,-64181000.0,5612000.0,-689810000.0,-675758000.0,1130446000.0,0.0,150790000.0,150790000.0,150790000.0,0.0,5444000.0,0.226,448251000.0,219113000.0,0.0,0.426,,,12.168,638031000.0,0.0,27.012,,2.885,492657000.0,2952657000.0,667364000.0,667364000.0,0.0,,,,,0.0,308198000.0,1.0,,272855595,276197535.0,2.446,47938840000.0,0.0,62879000.0,0.0,175.693,
75,RF,MRQ,2002-09-30,2002-09-30,2002-09-30,2021-08-06,167715000.0,47393496000.0,,,,,14.944,-16576000.0,1692328000.0,1692328000.0,0.0,156479000.0,,10.605,10213114000.0,,,10213114000.0,0.0,45447000.0,32174789000.0,0.035,0.235,219375000.0,264822000.0,0.394,264822000.0,219375000.0,219375000.0,0.575,0.567,0.575,4083855000.0,,4083855000.0,,,,13791000.0,0.05,1.0,671826000.0,1.0,0.0,0.0,55914282000.0,,0.0,41870676000.0,,,43309641000.0,,,,-75767000.0,0.0,8014000.0,-113851000.0,-64232000.0,975867000.0,-1082001000.0,-1065425000.0,30367000.0,0.0,156479000.0,156479000.0,156479000.0,0.0,0.0,0.233,452451000.0,219375000.0,0.0,0.409,,,,642376000.0,0.0,26.453,,,551292000.0,2860604000.0,671826000.0,671826000.0,0.0,,,,,0.0,306219000.0,1.0,,273283270,277180930.0,2.458,47393496000.0,0.0,62896000.0,0.0,173.423,
76,RF,MRQ,2002-06-30,2002-06-30,2002-06-30,2021-08-06,123493000.0,46146447000.0,,,,,14.178,,1813833000.0,1813833000.0,0.0,153126000.0,,10.719,10326965000.0,,,10326965000.0,0.0,,31028614000.0,0.024,0.235,214718000.0,,,,214718000.0,214718000.0,0.551,0.543,0.551,3937594000.0,,3937594000.0,,,,,,1.0,635791000.0,1.0,0.0,0.0,54659579000.0,,0.0,40679551000.0,,,42208853000.0,,,,,,,,,,,,,,153126000.0,153126000.0,153126000.0,0.0,0.0,0.241,421073000.0,214718000.0,0.0,0.426,,,,644584000.0,0.0,28.462,,,590089000.0,2768357000.0,635791000.0,635791000.0,0.0,,,,,,297414000.0,1.0,,277724330,282953320.0,2.289,46146447000.0,0.0,61592000.0,0.0,166.159,
0,RF,MRT,2021-06-30,2021-06-30,2021-06-30,2021-08-06,651000000.0,155610000000.0,150377500000.0,,,0.046,19.052,-83000000.0,25594000000.0,25594000000.0,0.0,2578000000.0,,7.526,2870000000.0,,,2870000000.0,0.0,388000000.0,131484000000.0,0.031,0.62,3087000000.0,3475000000.0,0.502,3475000000.0,3087000000.0,3087000000.0,2.55,2.53,2.55,18252000000.0,18032250000.0,18252000000.0,-2605260709.0,-1.0,-0.75,2025000000.0,2.114,1.0,6923000000.0,1.0,5289000000.0,0.0,127597000000.0,128157250000.0,0.0,114346000000.0,,,137358000000.0,,,19398739291.0,12396000000.0,6000000.0,-167000000.0,-3504000000.0,-595000000.0,10204000000.0,84000000.0,237000000.0,2108000000.0,0.0,2451000000.0,2451000000.0,2451000000.0,0.0,127000000.0,0.354,3709000000.0,3214000000.0,0.0,0.243,1.063,7.915,7.914,1825000000.0,0.0,20.18,2.802,2.792,0.0,4836000000.0,6923000000.0,6923000000.0,0.0,0.016,0.136,0.024,0.446,0.0,2673000000.0,1.0,961285396.0,958000000,965000000.0,7.227,150321000000.0,0.0,636000000.0,0.0,156.911,
1,RF,MRT,2021-03-31,2021-03-31,2021-03-31,2021-08-06,592000000.0,153331000000.0,147492500000.0,,,0.038,18.587,-118000000.0,24920000000.0,24920000000.0,0.0,1574000000.0,,7.584,2916000000.0,,,2916000000.0,0.0,422000000.0,129602000000.0,0.03,0.62,1824000000.0,2246000000.0,0.396,2246000000.0,1824000000.0,1824000000.0,1.52,1.51,1.52,17862000000.0,17869750000.0,17862000000.0,5460525501.0,3.0,2.431,2138000000.0,2.225,1.0,5667000000.0,1.0,5295000000.0,0.0,126032000000.0,129245500000.0,0.0,112818000000.0,,,135469000000.0,,,19847525501.0,19665000000.0,-381000000.0,0.0,-12153000000.0,-595000000.0,17049000000.0,360000000.0,925000000.0,2256000000.0,0.0,1466000000.0,1466000000.0,1466000000.0,0.0,108000000.0,0.259,3735000000.0,1932000000.0,0.0,0.408,1.111,13.539,13.592,1852000000.0,0.0,20.66,3.502,3.503,0.0,4235000000.0,5667000000.0,5667000000.0,0.0,0.01,0.082,0.014,0.322,0.0,2669000000.0,1.0,960674032.0,961000000,968000000.0,5.897,148036000000.0,0.0,358000000.0,0.0,154.044,
2,RF,MRT,2020-12-31,2020-12-31,2020-12-31,2021-08-06,1315000000.0,147389000000.0,142545250000.0,,,0.035,18.885,-134000000.0,17956000000.0,17956000000.0,0.0,1094000000.0,,7.138,3569000000.0,,,3569000000.0,0.0,421000000.0,122479000000.0,0.038,0.62,1211000000.0,1632000000.0,0.329,1632000000.0,1211000000.0,1211000000.0,1.03,1.03,1.03,18111000000.0,17737250000.0,18111000000.0,6928355233.0,6.0,4.245,2190000000.0,2.284,1.0,4957000000.0,1.0,5312000000.0,0.0,127690000000.0,131887250000.0,0.0,113576000000.0,,,129278000000.0,,,15482355233.0,13842000000.0,-381000000.0,0.0,-8270000000.0,-595000000.0,16371000000.0,-4853000000.0,-4278000000.0,2324000000.0,0.0,991000000.0,991000000.0,991000000.0,0.0,103000000.0,0.2,3643000000.0,1314000000.0,0.0,0.602,0.855,15.623,15.65,1897000000.0,0.0,16.12,3.123,3.119,0.0,3770000000.0,4957000000.0,4957000000.0,0.0,0.007,0.056,0.009,0.244,0.0,2761000000.0,1.0,960443873.0,959000000,962000000.0,5.169,142077000000.0,0.0,220000000.0,0.0,148.151,
3,RF,MRT,2020-09-30,2020-09-30,2020-09-30,2021-08-06,1565000000.0,145180000000.0,137258000000.0,,,0.034,18.65,-147000000.0,13473000000.0,13473000000.0,0.0,867000000.0,,7.109,4919000000.0,,,4919000000.0,0.0,465000000.0,118445000000.0,0.054,0.62,966000000.0,1431000000.0,0.31,1431000000.0,966000000.0,966000000.0,0.8,0.78,0.8,17904000000.0,17283250000.0,17904000000.0,4280710279.0,4.0,2.991,2675000000.0,2.786,1.0,4617000000.0,1.0,5316000000.0,0.0,131310000000.0,131741000000.0,0.0,115734000000.0,,,127276000000.0,,,11070710279.0,8406000000.0,-381000000.0,-132000000.0,-11523000000.0,-597000000.0,12127000000.0,-6543000000.0,-5968000000.0,2822000000.0,0.0,769000000.0,769000000.0,769000000.0,0.0,98000000.0,0.167,3553000000.0,1064000000.0,0.0,0.775,0.618,14.396,14.412,1896000000.0,0.0,11.53,2.398,2.397,0.0,3330000000.0,4617000000.0,4617000000.0,0.0,0.006,0.044,0.007,0.209,0.0,2492000000.0,1.0,960165679.0,960000000,962000000.0,4.809,139864000000.0,0.0,197000000.0,0.0,145.692,
4,RF,MRT,2020-06-30,2020-06-30,2020-06-30,2021-08-06,1626000000.0,144070000000.0,132999750000.0,,,0.034,18.335,-211000000.0,13198000000.0,13198000000.0,0.0,746000000.0,,7.183,6408000000.0,,,6408000000.0,0.0,442000000.0,116779000000.0,0.056,0.62,853000000.0,1295000000.0,0.289,1295000000.0,853000000.0,853000000.0,0.67,0.65,0.67,17602000000.0,16952500000.0,17602000000.0,18671637274.0,22.0,14.418,2693000000.0,2.805,1.0,4474000000.0,1.0,5330000000.0,0.0,131950000000.0,132076750000.0,0.0,114826000000.0,,,126442000000.0,,,10671637274.0,8710000000.0,-387000000.0,-721000000.0,-8992000000.0,-589000000.0,11748000000.0,-5942000000.0,-5306000000.0,2904000000.0,0.0,653000000.0,653000000.0,653000000.0,0.0,93000000.0,0.146,3528000000.0,946000000.0,0.0,0.925,0.606,16.342,16.597,1929000000.0,0.0,11.12,2.385,2.386,0.0,2978000000.0,4474000000.0,4474000000.0,0.0,0.005,0.039,0.006,0.191,0.0,2442000000.0,1.0,959679611.0,960000000,960000000.0,4.66,138740000000.0,0.0,200000000.0,0.0,144.521,
5,RF,MRT,2020-03-31,2020-03-31,2020-03-31,2021-08-06,1324000000.0,133542000000.0,128861750000.0,,,0.04,18.111,-185000000.0,5255000000.0,5255000000.0,0.0,1350000000.0,,6.705,13255000000.0,,,13255000000.0,0.0,421000000.0,100030000000.0,0.067,0.605,1604000000.0,2025000000.0,0.393,2025000000.0,1604000000.0,1604000000.0,1.29,1.27,1.29,17332000000.0,16704000000.0,17332000000.0,14402714988.0,9.0,7.112,2605000000.0,2.722,1.0,5155000000.0,1.0,4943000000.0,0.0,136599000000.0,131980000000.0,0.0,112429000000.0,,,116210000000.0,,,8587714988.0,1448000000.0,0.0,-911000000.0,-1451000000.0,-583000000.0,1741000000.0,-3083000000.0,-2871000000.0,2790000000.0,0.0,1264000000.0,1264000000.0,1264000000.0,0.0,86000000.0,0.245,3465000000.0,1690000000.0,0.0,0.469,0.495,6.794,6.953,1935000000.0,0.0,8.97,1.666,1.665,0.0,3364000000.0,5155000000.0,5155000000.0,0.0,0.01,0.076,0.012,0.311,0.0,2472000000.0,1.0,957381827.0,957000000,961000000.0,5.387,128599000000.0,0.0,340000000.0,0.0,134.377,
6,RF,MRT,2019-12-31,2019-12-31,2019-12-31,2021-08-06,-90000000.0,126240000000.0,127676750000.0,,,0.043,16.377,-178000000.0,4114000000.0,4114000000.0,0.0,1582000000.0,,6.747,9929000000.0,,,9929000000.0,0.0,426000000.0,97475000000.0,0.034,0.59,1906000000.0,2332000000.0,0.426,2332000000.0,1906000000.0,1906000000.0,1.51,1.5,1.51,16295000000.0,16249000000.0,16295000000.0,26015206802.0,14.0,11.156,2403000000.0,2.415,1.0,5474000000.0,1.0,4950000000.0,0.0,127105000000.0,131484000000.0,0.0,107014000000.0,,,109945000000.0,,,16553206802.0,576000000.0,0.0,-1101000000.0,-4202000000.0,-577000000.0,-2514000000.0,509000000.0,719000000.0,2581000000.0,0.0,1503000000.0,1503000000.0,1503000000.0,0.0,79000000.0,0.275,3489000000.0,1985000000.0,0.0,0.391,1.016,11.013,11.364,1960000000.0,0.0,17.16,3.024,3.119,0.0,3751000000.0,5474000000.0,5474000000.0,0.0,0.012,0.092,0.014,0.348,0.0,2562000000.0,1.0,964639091.0,995000000,999000000.0,5.502,121290000000.0,0.0,403000000.0,0.0,121.899,
7,RF,MRT,2019-09-30,2019-09-30,2019-09-30,2021-08-06,295000000.0,128147000000.0,127538750000.0,,,0.043,16.782,-149000000.0,5067000000.0,5067000000.0,0.0,1599000000.0,,6.729,14529000000.0,,,14529000000.0,0.0,428000000.0,94305000000.0,0.036,0.575,1917000000.0,2345000000.0,0.432,2345000000.0,1917000000.0,1917000000.0,1.5,1.51,1.5,16581000000.0,15947750000.0,16581000000.0,24759758387.0,13.0,10.559,2939000000.0,2.975,1.0,5434000000.0,1.0,4956000000.0,0.0,132653000000.0,132515250000.0,0.0,107133000000.0,,,111566000000.0,,,15784758387.0,1572000000.0,0.0,-1339000000.0,-51000000.0,-574000000.0,-527000000.0,-989000000.0,-782000000.0,3088000000.0,0.0,1527000000.0,1527000000.0,1527000000.0,0.0,72000000.0,0.281,3445000000.0,1989000000.0,0.0,0.383,0.952,10.337,10.547,1944000000.0,0.0,15.82,2.905,2.876,0.0,3534000000.0,5434000000.0,5434000000.0,0.0,0.012,0.096,0.014,0.353,0.0,2549000000.0,1.0,997772338.0,988000000,991000000.0,5.5,123191000000.0,0.0,390000000.0,0.0,124.687,
8,RF,MRT,2019-06-30,2019-06-30,2019-06-30,2021-08-06,-21000000.0,127518000000.0,126646500000.0,,,0.043,16.444,-132000000.0,4488000000.0,4488000000.0,0.0,1754000000.0,,6.678,13463000000.0,,,13463000000.0,0.0,435000000.0,94971000000.0,0.037,0.56,2058000000.0,2493000000.0,0.46,2493000000.0,2058000000.0,2058000000.0,1.61,1.62,1.61,16608000000.0,15495000000.0,16608000000.0,25887580275.0,13.0,10.384,2804000000.0,2.776,1.0,5424000000.0,1.0,4930000000.0,0.0,131563000000.0,131992000000.0,0.0,107659000000.0,,,110910000000.0,,,15137580275.0,202000000.0,357000000.0,-2032000000.0,2050000000.0,-535000000.0,-438000000.0,-2296000000.0,-2432000000.0,2936000000.0,0.0,1690000000.0,1690000000.0,1690000000.0,-388000000.0,64000000.0,0.312,3496000000.0,1928000000.0,0.0,0.348,0.911,8.957,9.28,1950000000.0,0.0,14.94,2.791,2.782,0.0,3299000000.0,5424000000.0,5424000000.0,0.0,0.013,0.109,0.016,0.379,0.0,2541000000.0,1.0,1013224918.0,1010000000,1012000000.0,5.37,122588000000.0,0.0,368000000.0,0.0,121.374,
9,RF,MRT,2019-03-31,2019-03-31,2019-03-31,2021-08-06,-598000000.0,128802000000.0,125906250000.0,,,0.043,15.223,-131000000.0,3807000000.0,3807000000.0,0.0,1739000000.0,,7.303,14557000000.0,,,14557000000.0,0.0,446000000.0,95720000000.0,0.036,0.51,2039000000.0,2485000000.0,0.455,2485000000.0,2039000000.0,2039000000.0,1.56,1.57,1.56,15512000000.0,15287250000.0,15512000000.0,24886719647.0,12.0,10.015,2568000000.0,2.52,1.0,5458000000.0,1.0,4937000000.0,0.0,134615000000.0,130726500000.0,0.0,109518000000.0,,,113279000000.0,,,14400719647.0,622000000.0,357000000.0,-2077000000.0,6549000000.0,-493000000.0,2612000000.0,-4689000000.0,-4831000000.0,2699000000.0,0.0,1675000000.0,1675000000.0,1675000000.0,-382000000.0,64000000.0,0.307,3546000000.0,1912000000.0,0.0,0.327,0.928,8.597,9.071,2026000000.0,0.0,14.15,2.638,2.642,0.0,3066000000.0,5458000000.0,5458000000.0,0.0,0.013,0.11,0.016,0.374,0.0,2584000000.0,1.0,1017718703.0,1019000000,1028000000.0,5.356,123865000000.0,0.0,364000000.0,0.0,121.555,
10,RF,MRT,2018-12-31,2018-12-31,2018-12-31,2021-08-06,-964000000.0,125688000000.0,124434000000.0,,,0.044,13.819,-151000000.0,3538000000.0,3538000000.0,0.0,1759000000.0,,7.329,14024000000.0,,,14024000000.0,0.0,462000000.0,94491000000.0,0.034,0.46,2082000000.0,2544000000.0,0.46,2544000000.0,2082000000.0,2082000000.0,1.55,1.54,1.55,15090000000.0,15375750000.0,15090000000.0,24766183811.0,12.0,9.735,2124000000.0,1.945,1.0,5525000000.0,1.0,4944000000.0,0.0,131230000000.0,127724250000.0,0.0,107245000000.0,,,110598000000.0,,,13833183811.0,-443000000.0,357000000.0,-2122000000.0,5399000000.0,-452000000.0,327000000.0,-3045000000.0,-3176000000.0,2275000000.0,0.0,1695000000.0,1695000000.0,1695000000.0,-382000000.0,64000000.0,0.307,3570000000.0,1955000000.0,0.0,0.297,0.917,8.161,8.632,2045000000.0,0.0,13.38,2.504,2.645,0.0,2828000000.0,5525000000.0,5525000000.0,0.0,0.014,0.11,0.016,0.377,0.0,2607000000.0,1.0,1033870240.0,1092000000,1102000000.0,5.06,120744000000.0,0.0,387000000.0,0.0,110.571,
11,RF,MRT,2018-09-30,2018-09-30,2018-09-30,2021-08-06,-1394000000.0,124578000000.0,124085500000.0,,,0.045,13.6,-198000000.0,3495000000.0,3495000000.0,0.0,1688000000.0,,7.435,14428000000.0,,,14428000000.0,0.0,482000000.0,93255000000.0,0.022,0.41,2147000000.0,2629000000.0,0.466,2629000000.0,2147000000.0,2147000000.0,1.44,1.44,1.44,14770000000.0,15651250000.0,14770000000.0,27234327968.0,13.0,10.359,1366000000.0,1.258,1.0,5642000000.0,1.0,4951000000.0,0.0,130560000000.0,125882750000.0,0.0,105913000000.0,,,109808000000.0,,,20230327968.0,-266000000.0,357000000.0,-2252000000.0,7804000000.0,-304000000.0,806000000.0,-2636000000.0,-2753000000.0,1564000000.0,0.0,1624000000.0,1624000000.0,1624000000.0,-419000000.0,64000000.0,0.288,3637000000.0,2005000000.0,0.0,0.285,1.37,12.457,12.743,2051000000.0,0.0,18.35,3.586,3.532,0.0,2582000000.0,5642000000.0,5642000000.0,0.0,0.013,0.104,0.017,0.381,0.0,2612000000.0,1.0,1102470189.0,1086000000,1095000000.0,5.195,119627000000.0,0.0,523000000.0,0.0,110.154,
12,RF,MRT,2018-06-30,2018-06-30,2018-06-30,2021-08-06,-1255000000.0,124557000000.0,123758750000.0,,,0.045,14.099,-179000000.0,4286000000.0,4286000000.0,0.0,1435000000.0,,6.895,11290000000.0,,,11290000000.0,0.0,502000000.0,95283000000.0,0.02,0.36,1947000000.0,2449000000.0,0.44,2449000000.0,1947000000.0,1947000000.0,1.19,1.19,1.19,15777000000.0,16114750000.0,15777000000.0,24733585984.0,13.0,10.099,1626000000.0,1.453,1.0,5568000000.0,1.0,5060000000.0,0.0,126501000000.0,123523000000.0,0.0,104995000000.0,,,108780000000.0,,,19969585984.0,155000000.0,0.0,-1470000000.0,3995000000.0,-308000000.0,-693000000.0,-957000000.0,-753000000.0,1805000000.0,0.0,1371000000.0,1371000000.0,1371000000.0,-30000000.0,64000000.0,0.246,3568000000.0,2000000000.0,0.0,0.303,1.266,14.566,14.941,2050000000.0,0.0,17.78,3.586,3.573,0.0,2182000000.0,5568000000.0,5568000000.0,0.0,0.011,0.085,0.016,0.35,0.0,2612000000.0,1.0,1123148818.0,1119000000,1128000000.0,4.976,119497000000.0,0.0,576000000.0,0.0,106.789,
13,RF,MRT,2018-03-31,2018-03-31,2018-03-31,2021-08-06,-1151000000.0,122913000000.0,123780250000.0,,,0.045,14.078,-193000000.0,3185000000.0,3185000000.0,0.0,1376000000.0,,6.747,7949000000.0,,,7949000000.0,0.0,518000000.0,96990000000.0,0.018,0.34,1932000000.0,2450000000.0,0.444,2450000000.0,1932000000.0,1932000000.0,1.12,1.12,1.12,15866000000.0,16393750000.0,15866000000.0,25508263516.0,13.0,10.412,1526000000.0,1.354,1.0,5514000000.0,1.0,5071000000.0,0.0,122606000000.0,122591500000.0,0.0,104486000000.0,,,107047000000.0,,,20857263516.0,-1189000000.0,0.0,-1360000000.0,1994000000.0,-291000000.0,-2188000000.0,-720000000.0,-494000000.0,1719000000.0,0.0,1312000000.0,1312000000.0,1312000000.0,-36000000.0,64000000.0,0.238,3532000000.0,1982000000.0,0.0,0.304,1.315,15.897,16.589,2065000000.0,0.0,18.58,3.783,3.798,0.0,1923000000.0,5514000000.0,5514000000.0,0.0,0.011,0.08,0.016,0.35,0.0,2575000000.0,1.0,1122565313.0,1127000000,1141000000.0,4.893,117842000000.0,0.0,620000000.0,0.0,104.563,
14,RF,MRT,2017-12-31,2017-12-31,2017-12-31,2021-08-06,-749000000.0,124294000000.0,124188250000.0,,,0.043,13.653,-150000000.0,3981000000.0,3981000000.0,0.0,1263000000.0,,6.676,8632000000.0,,,8632000000.0,0.0,537000000.0,96889000000.0,0.018,0.315,1818000000.0,2355000000.0,0.44,2355000000.0,1818000000.0,1818000000.0,1.01,1.0,1.01,16192000000.0,16607750000.0,16192000000.0,22985307399.0,13.0,9.76,2147000000.0,1.81,1.0,5351000000.0,1.0,5081000000.0,0.0,123864000000.0,122207000000.0,0.0,104758000000.0,,,108102000000.0,,,20044307399.0,-1470000000.0,0.0,-1275000000.0,894000000.0,-346000000.0,-2966000000.0,-801000000.0,-609000000.0,2297000000.0,0.0,1199000000.0,1199000000.0,1199000000.0,-44000000.0,64000000.0,0.224,3491000000.0,1860000000.0,0.0,0.312,1.238,16.718,17.109,2064000000.0,0.0,17.28,3.746,3.83,0.0,1628000000.0,5351000000.0,5351000000.0,0.0,0.01,0.072,0.015,0.34,0.0,2539000000.0,1.0,1159971493.0,1186000000,1198000000.0,4.512,119213000000.0,0.0,619000000.0,0.0,100.517,
15,RF,MRT,2017-09-30,2017-09-30,2017-09-30,2021-08-06,-454000000.0,123271000000.0,124606750000.0,,,0.041,14.064,-179000000.0,3761000000.0,3761000000.0,0.0,1223000000.0,,6.415,6702000000.0,,,6702000000.0,0.0,559000000.0,97591000000.0,0.019,0.29,1687000000.0,2246000000.0,0.443,2246000000.0,1687000000.0,1687000000.0,0.96,0.95,0.96,16624000000.0,16725750000.0,16624000000.0,21435071339.0,13.0,9.544,2108000000.0,1.783,1.0,5075000000.0,1.0,5091000000.0,0.0,121121000000.0,122029750000.0,0.0,104593000000.0,,,106647000000.0,,,18201071339.0,-477000000.0,0.0,-1045000000.0,684000000.0,-427000000.0,-2568000000.0,-196000000.0,43000000.0,2287000000.0,0.0,1159000000.0,1159000000.0,1159000000.0,-20000000.0,64000000.0,0.228,3336000000.0,1739000000.0,0.0,0.302,1.095,15.704,15.865,2057000000.0,0.0,15.23,3.586,3.547,0.0,1279000000.0,5075000000.0,5075000000.0,0.0,0.009,0.069,0.014,0.332,0.0,2457000000.0,1.0,1195080193.0,1182000000,1193000000.0,4.294,118180000000.0,0.0,528000000.0,0.0,99.983,
16,RF,MRT,2017-06-30,2017-06-30,2017-06-30,2021-08-06,-479000000.0,124643000000.0,125083250000.0,,,0.041,14.054,-209000000.0,4131000000.0,4131000000.0,0.0,1232000000.0,,6.378,7365000000.0,,,7365000000.0,0.0,581000000.0,98093000000.0,0.018,0.265,1710000000.0,2291000000.0,0.443,2291000000.0,1710000000.0,1710000000.0,0.95,0.94,0.95,16893000000.0,16911000000.0,16893000000.0,19234203447.0,11.0,8.396,1836000000.0,1.527,1.0,5177000000.0,1.0,5102000000.0,0.0,122775000000.0,122220250000.0,0.0,105545000000.0,,,107750000000.0,,,17598203447.0,-106000000.0,0.0,-760000000.0,-1570000000.0,-404000000.0,-1969000000.0,-182000000.0,75000000.0,2045000000.0,0.0,1168000000.0,1168000000.0,1168000000.0,-22000000.0,64000000.0,0.226,3417000000.0,1760000000.0,0.0,0.279,1.042,15.067,15.411,2060000000.0,0.0,14.64,3.399,3.399,0.0,1089000000.0,5177000000.0,5177000000.0,0.0,0.009,0.069,0.014,0.33,0.0,2474000000.0,1.0,1202063077.0,1202000000,1212000000.0,4.307,119541000000.0,0.0,542000000.0,0.0,99.452,
17,RF,MRT,2017-03-31,2017-03-31,2017-03-31,2021-08-06,-565000000.0,124545000000.0,125475500000.0,,,0.041,13.831,-161000000.0,4374000000.0,4374000000.0,0.0,1191000000.0,,6.448,6010000000.0,,,6010000000.0,0.0,584000000.0,99424000000.0,0.018,0.26,1651000000.0,2235000000.0,0.434,2235000000.0,1651000000.0,1651000000.0,0.9,0.89,0.9,16722000000.0,17034000000.0,16722000000.0,19824408809.0,12.0,8.87,1820000000.0,1.505,1.0,5155000000.0,1.0,5113000000.0,0.0,121068000000.0,122982250000.0,0.0,105070000000.0,,,107823000000.0,,,17512408809.0,-16000000.0,0.0,-814000000.0,-1808000000.0,-396000000.0,-1828000000.0,-169000000.0,52000000.0,1981000000.0,0.0,1127000000.0,1127000000.0,1127000000.0,-25000000.0,64000000.0,0.219,3457000000.0,1698000000.0,0.0,0.289,1.047,15.539,16.144,2088000000.0,0.0,14.53,3.397,3.408,0.0,873000000.0,5155000000.0,5155000000.0,0.0,0.009,0.066,0.013,0.32,0.0,2480000000.0,1.0,1205258693.0,1209000000,1224000000.0,4.264,119432000000.0,0.0,524000000.0,0.0,98.786,
18,RF,MRT,2016-12-31,2016-12-31,2016-12-31,2021-08-06,-550000000.0,125968000000.0,125724000000.0,,,0.041,13.278,-205000000.0,5451000000.0,5451000000.0,0.0,1163000000.0,,6.559,7763000000.0,,,7763000000.0,0.0,574000000.0,99035000000.0,0.018,0.255,1609000000.0,2183000000.0,0.424,2183000000.0,1609000000.0,1609000000.0,0.87,0.87,0.87,16664000000.0,17156250000.0,16664000000.0,19492799248.0,12.0,8.929,1832000000.0,1.46,1.0,5147000000.0,1.0,5125000000.0,0.0,123155000000.0,123684250000.0,0.0,105313000000.0,,,109304000000.0,,,17676799248.0,137000000.0,0.0,-839000000.0,-569000000.0,-317000000.0,-1200000000.0,-700000000.0,-440000000.0,2037000000.0,0.0,1099000000.0,1099000000.0,1099000000.0,-9000000.0,64000000.0,0.214,3483000000.0,1664000000.0,0.0,0.293,1.061,16.084,16.506,2096000000.0,0.0,14.36,3.434,3.501,0.0,666000000.0,5147000000.0,5147000000.0,0.0,0.009,0.064,0.013,0.313,0.0,2496000000.0,1.0,1230974878.0,1255000000,1261000000.0,4.101,120843000000.0,0.0,510000000.0,0.0,96.289,
19,RF,MRT,2016-09-30,2016-09-30,2016-09-30,2021-08-06,105000000.0,125177000000.0,125744500000.0,,,0.042,13.937,-283000000.0,4238000000.0,4238000000.0,0.0,1153000000.0,,6.209,6054000000.0,,,6054000000.0,0.0,564000000.0,99289000000.0,0.025,0.25,1589000000.0,2153000000.0,0.411,2153000000.0,1589000000.0,1589000000.0,0.84,0.85,0.84,17365000000.0,17201250000.0,17365000000.0,17121805997.0,11.0,7.953,1659000000.0,1.331,1.0,5243000000.0,1.0,5110000000.0,0.0,121883000000.0,123885000000.0,0.0,105976000000.0,,,107812000000.0,,,12388805997.0,-770000000.0,0.0,-648000000.0,-1304000000.0,-314000000.0,-266000000.0,-2446000000.0,-2128000000.0,1942000000.0,0.0,1089000000.0,1089000000.0,1089000000.0,-1000000.0,64000000.0,0.208,3591000000.0,1652000000.0,0.0,0.298,0.713,11.376,11.75,2075000000.0,0.0,9.87,2.363,2.346,0.0,465000000.0,5243000000.0,5243000000.0,0.0,0.009,0.063,0.013,0.303,0.0,2585000000.0,1.0,1255198176.0,1246000000,1252000000.0,4.208,120067000000.0,0.0,500000000.0,0.0,96.362,
20,RF,MRT,2016-06-30,2016-06-30,2016-06-30,2021-08-06,148000000.0,126212000000.0,125647500000.0,,,0.041,13.743,-336000000.0,4237000000.0,4237000000.0,0.0,1091000000.0,,6.26,8970000000.0,,,8970000000.0,0.0,538000000.0,97245000000.0,0.029,0.245,1491000000.0,2029000000.0,0.397,2029000000.0,1491000000.0,1491000000.0,0.78,0.79,0.78,17385000000.0,17098000000.0,17385000000.0,14240728643.0,10.0,7.019,1740000000.0,1.375,1.0,5111000000.0,1.0,5122000000.0,0.0,125823000000.0,123927000000.0,0.0,106575000000.0,,,108827000000.0,,,10779728643.0,482000000.0,0.0,-703000000.0,3511000000.0,-311000000.0,2557000000.0,-4151000000.0,-3787000000.0,2076000000.0,0.0,1027000000.0,1027000000.0,1027000000.0,4000000.0,64000000.0,0.201,3552000000.0,1559000000.0,0.0,0.314,0.62,10.496,10.91,2091000000.0,0.0,8.51,2.109,2.106,0.0,242000000.0,5111000000.0,5111000000.0,0.0,0.008,0.06,0.012,0.292,0.0,2569000000.0,1.0,1266713119.0,1265000000,1268000000.0,4.04,121090000000.0,0.0,464000000.0,0.0,95.723,
21,RF,MRT,2016-03-31,2016-03-31,2016-03-31,2021-08-06,-23000000.0,125539000000.0,124558250000.0,,,0.041,13.383,-375000000.0,4390000000.0,4390000000.0,0.0,1101000000.0,,6.294,7851000000.0,,,7851000000.0,0.0,530000000.0,98154000000.0,0.031,0.24,1510000000.0,2040000000.0,0.396,2040000000.0,1510000000.0,1510000000.0,0.78,0.79,0.78,17211000000.0,16976500000.0,17211000000.0,13154443850.0,9.0,6.448,1695000000.0,1.318,1.0,5156000000.0,1.0,5124000000.0,0.0,123876000000.0,122087250000.0,0.0,106151000000.0,,,108328000000.0,,,10109443850.0,-1636000000.0,0.0,-696000000.0,2561000000.0,-315000000.0,2147000000.0,-5853000000.0,-5469000000.0,2070000000.0,0.0,1037000000.0,1037000000.0,1037000000.0,11000000.0,64000000.0,0.201,3571000000.0,1585000000.0,0.0,0.308,0.587,9.749,10.064,2134000000.0,0.0,7.85,1.961,1.958,0.0,62000000.0,5156000000.0,5156000000.0,0.0,0.008,0.061,0.012,0.293,0.0,2566000000.0,1.0,1287827242.0,1286000000,1291000000.0,4.009,120415000000.0,0.0,473000000.0,0.0,93.635,
22,RF,MRT,2015-12-31,2015-12-31,2015-12-31,2021-08-06,-380000000.0,126050000000.0,123785250000.0,,,0.041,12.712,-369000000.0,5314000000.0,5314000000.0,0.0,1062000000.0,,6.483,8359000000.0,,,8359000000.0,0.0,523000000.0,98430000000.0,0.024,0.23,1453000000.0,1976000000.0,0.385,1976000000.0,1453000000.0,1453000000.0,0.75,0.75,0.75,16844000000.0,16936500000.0,16844000000.0,14888499462.0,10.0,7.535,1230000000.0,0.928,1.0,5137000000.0,1.0,5137000000.0,0.0,123958000000.0,120274750000.0,0.0,105555000000.0,,,109206000000.0,,,12532499462.0,1310000000.0,0.0,-623000000.0,2611000000.0,-304000000.0,5835000000.0,-6124000000.0,-5751000000.0,1599000000.0,0.0,998000000.0,998000000.0,998000000.0,13000000.0,64000000.0,0.194,3607000000.0,1530000000.0,0.0,0.307,0.744,12.558,12.8,2152000000.0,0.0,9.6,2.44,2.476,0.0,-115000000.0,5137000000.0,5137000000.0,0.0,0.008,0.059,0.012,0.283,0.0,2547000000.0,1.0,1305468694.0,1325000000,1334000000.0,3.877,120913000000.0,0.0,455000000.0,0.0,91.255,
23,RF,MRT,2015-09-30,2015-09-30,2015-09-30,2021-08-06,-139000000.0,124789000000.0,122163500000.0,,,0.042,12.852,-271000000.0,5008000000.0,5008000000.0,0.0,993000000.0,,6.361,7364000000.0,,,7364000000.0,0.0,516000000.0,97178000000.0,0.024,0.22,1362000000.0,1878000000.0,0.365,1878000000.0,1362000000.0,1362000000.0,0.69,0.69,0.69,16952000000.0,16943750000.0,16952000000.0,13630413412.0,10.0,7.258,1729000000.0,1.311,1.0,5142000000.0,1.0,5094000000.0,0.0,122051000000.0,118331000000.0,0.0,105556000000.0,,,107837000000.0,,,11937413412.0,225000000.0,0.0,-792000000.0,1613000000.0,-293000000.0,3524000000.0,-5299000000.0,-5015000000.0,2000000000.0,0.0,929000000.0,929000000.0,929000000.0,15000000.0,64000000.0,0.181,3703000000.0,1439000000.0,0.0,0.319,0.704,12.85,13.058,2122000000.0,0.0,9.01,2.322,2.311,0.0,-400000000.0,5142000000.0,5142000000.0,0.0,0.008,0.055,0.012,0.265,0.0,2522000000.0,1.0,1324907149.0,1319000000,1326000000.0,3.898,119695000000.0,0.0,433000000.0,0.0,90.747,
24,RF,MRT,2015-06-30,2015-06-30,2015-06-30,2021-08-06,-287000000.0,121855000000.0,120772750000.0,,,0.043,12.658,-221000000.0,3755000000.0,3755000000.0,0.0,1055000000.0,,6.211,5448000000.0,,,5448000000.0,0.0,527000000.0,97075000000.0,0.02,0.21,1455000000.0,1982000000.0,0.384,1982000000.0,1455000000.0,1455000000.0,0.73,0.73,0.73,16899000000.0,16995750000.0,16899000000.0,13153080400.0,9.0,6.636,1810000000.0,1.356,1.0,5163000000.0,1.0,5084000000.0,0.0,118464000000.0,116579750000.0,0.0,104732000000.0,,,104956000000.0,,,13886080400.0,-1064000000.0,0.0,-522000000.0,-212000000.0,-283000000.0,2183000000.0,-5278000000.0,-5036000000.0,2031000000.0,0.0,987000000.0,987000000.0,987000000.0,8000000.0,68000000.0,0.191,3634000000.0,1529000000.0,0.0,0.288,0.822,14.069,14.192,2147000000.0,0.0,10.36,2.69,2.679,0.0,-658000000.0,5163000000.0,5163000000.0,0.0,0.008,0.058,0.012,0.282,0.0,2506000000.0,1.0,1340355251.0,1335000000,1346000000.0,3.867,116771000000.0,0.0,468000000.0,0.0,87.469,
25,RF,MRT,2015-03-31,2015-03-31,2015-03-31,2021-08-06,-115000000.0,122447000000.0,119988750000.0,,,0.042,12.668,-256000000.0,6026000000.0,6026000000.0,0.0,1066000000.0,,6.181,5293000000.0,,,5293000000.0,0.0,524000000.0,97477000000.0,0.021,0.2,1498000000.0,2022000000.0,0.398,2022000000.0,1498000000.0,1498000000.0,0.74,0.74,0.74,17051000000.0,17028250000.0,17051000000.0,14401350455.0,10.0,7.122,1747000000.0,1.298,1.0,5079000000.0,1.0,5088000000.0,0.0,116626000000.0,115575000000.0,0.0,103073000000.0,,,105396000000.0,,,12690350455.0,830000000.0,0.0,-350000000.0,-937000000.0,-273000000.0,2955000000.0,-4128000000.0,-3851000000.0,2003000000.0,0.0,1006000000.0,1006000000.0,1006000000.0,3000000.0,60000000.0,0.198,3520000000.0,1559000000.0,0.0,0.27,0.744,12.615,12.77,2174000000.0,0.0,9.45,2.499,2.504,0.0,-943000000.0,5079000000.0,5079000000.0,0.0,0.008,0.059,0.013,0.295,0.0,2467000000.0,1.0,1342894228.0,1346000000,1358000000.0,3.773,117359000000.0,0.0,492000000.0,0.0,87.191,
26,RF,MRT,2014-12-31,2014-12-31,2014-12-31,2021-08-06,-238000000.0,119563000000.0,118860250000.0,,,0.043,12.271,-242000000.0,4004000000.0,4004000000.0,0.0,1147000000.0,,6.086,5715000000.0,,,5715000000.0,0.0,523000000.0,94200000000.0,0.017,0.18,1643000000.0,2166000000.0,0.424,2166000000.0,1643000000.0,1643000000.0,0.8,0.79,0.8,16873000000.0,16798500000.0,16873000000.0,15458576444.0,9.0,7.137,1865000000.0,1.356,1.0,5114000000.0,1.0,5091000000.0,0.0,116183000000.0,114877000000.0,0.0,101336000000.0,,,102690000000.0,,,14535576444.0,-1269000000.0,0.0,-256000000.0,-1279000000.0,-247000000.0,405000000.0,-3781000000.0,-3518000000.0,2107000000.0,0.0,1095000000.0,1095000000.0,1095000000.0,-13000000.0,52000000.0,0.214,3432000000.0,1682000000.0,0.0,0.225,0.861,13.274,13.2,2193000000.0,0.0,10.56,2.842,2.839,0.0,-1177000000.0,5114000000.0,5114000000.0,0.0,0.009,0.065,0.014,0.321,0.0,2465000000.0,1.0,1376475042.0,1375000000,1387000000.0,3.719,114472000000.0,0.0,548000000.0,0.0,83.252,
27,RF,MRT,2014-09-30,2014-09-30,2014-09-30,2021-08-06,-174000000.0,119226000000.0,118318500000.0,,,0.044,12.453,-228000000.0,4783000000.0,4783000000.0,0.0,1127000000.0,,5.948,5706000000.0,,,5706000000.0,0.0,539000000.0,94130000000.0,0.016,0.16,1734000000.0,2273000000.0,0.438,2273000000.0,1734000000.0,1734000000.0,0.79,0.78,0.79,17160000000.0,16522250000.0,17160000000.0,14663208925.0,8.0,6.451,1889000000.0,1.371,1.0,5185000000.0,1.0,5103000000.0,0.0,115046000000.0,114337250000.0,0.0,101005000000.0,,,102066000000.0,,,13840208925.0,924000000.0,0.0,-8000000.0,-881000000.0,-221000000.0,1147000000.0,-2340000000.0,-2100000000.0,2117000000.0,0.0,1083000000.0,1083000000.0,1083000000.0,-2000000.0,44000000.0,0.209,3409000000.0,1776000000.0,0.0,0.203,0.807,12.78,12.709,2192000000.0,0.0,10.04,2.669,2.668,0.0,-1272000000.0,5185000000.0,5185000000.0,0.0,0.009,0.066,0.015,0.334,0.0,2468000000.0,1.0,1378506865.0,1378000000,1389000000.0,3.763,114123000000.0,0.0,651000000.0,0.0,82.818,
28,RF,MRT,2014-06-30,2014-06-30,2014-06-30,2021-08-06,-52000000.0,118719000000.0,117728000000.0,,,0.044,12.358,-210000000.0,4819000000.0,4819000000.0,0.0,1100000000.0,,5.972,5642000000.0,,,5642000000.0,0.0,551000000.0,93822000000.0,0.013,0.14,1692000000.0,2243000000.0,0.432,2243000000.0,1692000000.0,1692000000.0,0.78,0.76,0.78,17029000000.0,16104500000.0,17029000000.0,15656056921.0,9.0,6.98,2111000000.0,1.532,1.0,5192000000.0,1.0,5097000000.0,0.0,114445000000.0,114199000000.0,0.0,100477000000.0,,,101690000000.0,,,14645056921.0,539000000.0,0.0,-175000000.0,-3084000000.0,-193000000.0,-1624000000.0,-158000000.0,52000000.0,2321000000.0,0.0,1068000000.0,1068000000.0,1068000000.0,1000000.0,32000000.0,0.206,3467000000.0,1725000000.0,0.0,0.179,0.86,13.713,13.615,2194000000.0,0.0,10.62,2.821,2.819,0.0,-1597000000.0,5192000000.0,5192000000.0,0.0,0.009,0.066,0.015,0.326,0.0,2465000000.0,1.0,1379007243.0,1378000000,1390000000.0,3.768,113622000000.0,0.0,624000000.0,0.0,82.454,
29,RF,MRT,2014-03-31,2014-03-31,2014-03-31,2021-08-06,-229000000.0,117933000000.0,117725000000.0,,,0.044,11.707,-190000000.0,5196000000.0,5196000000.0,0.0,1071000000.0,,6.311,6207000000.0,,,6207000000.0,0.0,596000000.0,93393000000.0,0.011,0.12,1637000000.0,2233000000.0,0.429,2233000000.0,1637000000.0,1637000000.0,0.75,0.73,0.75,16132000000.0,15679500000.0,16132000000.0,17510136473.0,11.0,7.842,2846000000.0,2.065,1.0,5203000000.0,1.0,5110000000.0,0.0,113834000000.0,115094250000.0,0.0,99237000000.0,,,101801000000.0,,,15771136473.0,263000000.0,0.0,-348000000.0,-1420000000.0,-165000000.0,-2701000000.0,-72000000.0,146000000.0,3036000000.0,0.0,1039000000.0,1039000000.0,1039000000.0,3000000.0,32000000.0,0.2,3531000000.0,1672000000.0,0.0,0.16,0.978,15.179,14.813,2194000000.0,0.0,11.11,3.031,2.942,0.0,-1897000000.0,5203000000.0,5203000000.0,0.0,0.009,0.066,0.014,0.315,0.0,2475000000.0,1.0,1419544237.0,1378000000,1390000000.0,3.776,112823000000.0,0.0,598000000.0,0.0,81.874,
30,RF,MRT,2013-12-31,2013-12-31,2013-12-31,2021-08-06,-319000000.0,117396000000.0,118171250000.0,,,0.044,11.303,-186000000.0,5273000000.0,5273000000.0,0.0,1091000000.0,,6.445,7012000000.0,,,7012000000.0,0.0,645000000.0,92453000000.0,0.01,0.1,1620000000.0,2265000000.0,0.434,2265000000.0,1620000000.0,1620000000.0,0.76,0.75,0.76,15768000000.0,15581500000.0,15768000000.0,16375994274.0,10.0,7.23,3559000000.0,2.551,1.0,5221000000.0,1.0,5111000000.0,0.0,114024000000.0,115964500000.0,0.0,98655000000.0,,,101628000000.0,,,13623994274.0,-216000000.0,0.0,-340000000.0,-361000000.0,-138000000.0,-3890000000.0,-71000000.0,143000000.0,3745000000.0,0.0,1059000000.0,1059000000.0,1059000000.0,13000000.0,32000000.0,0.203,3556000000.0,1665000000.0,0.0,0.132,0.864,12.865,13.013,2216000000.0,0.0,9.89,2.609,2.643,0.0,-2216000000.0,5221000000.0,5221000000.0,0.0,0.009,0.068,0.014,0.31,0.0,2463000000.0,1.0,1377552505.0,1395000000,1410000000.0,3.743,112285000000.0,0.0,561000000.0,0.0,80.491,
31,RF,MRT,2013-09-30,2013-09-30,2013-09-30,2021-08-06,-411000000.0,116864000000.0,119159000000.0,,,0.043,11.159,-188000000.0,3859000000.0,3859000000.0,0.0,1160000000.0,,6.545,6611000000.0,,,6611000000.0,0.0,684000000.0,92321000000.0,0.009,0.08,1630000000.0,2314000000.0,0.447,2314000000.0,1630000000.0,1630000000.0,0.81,0.79,0.81,15489000000.0,15514250000.0,15489000000.0,17378506337.0,11.0,7.51,3184000000.0,2.294,1.0,5181000000.0,1.0,5123000000.0,0.0,114493000000.0,116991500000.0,0.0,99548000000.0,,,101375000000.0,,,12925506337.0,-71000000.0,0.0,-340000000.0,-1481000000.0,-110000000.0,-4031000000.0,588000000.0,804000000.0,3372000000.0,0.0,1132000000.0,1132000000.0,1132000000.0,11000000.0,28000000.0,0.218,3512000000.0,1669000000.0,0.0,0.099,0.834,11.418,11.432,2218000000.0,0.0,9.26,2.495,2.481,0.0,-2443000000.0,5181000000.0,5181000000.0,0.0,0.009,0.073,0.014,0.315,0.0,2437000000.0,1.0,1395843017.0,1388000000,1405000000.0,3.733,111741000000.0,0.0,498000000.0,0.0,80.505,
32,RF,MRT,2013-06-30,2013-06-30,2013-06-30,2021-08-06,-478000000.0,118707000000.0,120392500000.0,,,0.043,10.941,-172000000.0,4280000000.0,4280000000.0,0.0,1168000000.0,,6.744,8733000000.0,,,8733000000.0,0.0,711000000.0,92454000000.0,0.006,0.06,1658000000.0,2369000000.0,0.456,2369000000.0,1658000000.0,1658000000.0,0.81,0.8,0.81,15329000000.0,15367250000.0,15329000000.0,16213496810.0,10.0,6.844,3399000000.0,2.426,1.0,5197000000.0,1.0,5134000000.0,0.0,118026000000.0,118580000000.0,0.0,99132000000.0,,,103378000000.0,,,13469496810.0,514000000.0,0.0,-173000000.0,-726000000.0,-83000000.0,-3161000000.0,104000000.0,304000000.0,3571000000.0,0.0,1148000000.0,1148000000.0,1148000000.0,22000000.0,20000000.0,0.221,3497000000.0,1700000000.0,0.0,0.074,0.879,11.733,11.765,2228000000.0,0.0,9.53,2.592,2.569,0.0,-2736000000.0,5197000000.0,5197000000.0,0.0,0.01,0.075,0.014,0.319,0.0,2432000000.0,1.0,1413378469.0,1401000000,1418000000.0,3.709,113573000000.0,0.0,510000000.0,0.0,81.066,
33,RF,MRT,2013-03-31,2013-03-31,2013-03-31,2021-08-06,-12000000.0,119718000000.0,121302000000.0,,,0.043,11.139,-176000000.0,4933000000.0,4933000000.0,0.0,1256000000.0,,6.606,7677000000.0,,,7677000000.0,0.0,717000000.0,94133000000.0,0.005,0.04,1687000000.0,2404000000.0,0.459,2404000000.0,1687000000.0,1687000000.0,0.83,0.82,0.83,15740000000.0,15148750000.0,15740000000.0,13521688686.0,8.0,5.625,2640000000.0,1.868,1.0,5242000000.0,1.0,5147000000.0,0.0,117315000000.0,119800500000.0,0.0,100825000000.0,,,103978000000.0,,,11575688686.0,-2540000000.0,855000000.0,0.0,-1451000000.0,-55000000.0,-7581000000.0,2225000000.0,1546000000.0,2816000000.0,0.0,1173000000.0,1173000000.0,1173000000.0,17000000.0,83000000.0,0.224,3455000000.0,1787000000.0,0.0,0.048,0.735,9.868,9.867,2252000000.0,0.0,8.19,2.208,2.208,0.0,-3003000000.0,5242000000.0,5242000000.0,0.0,0.01,0.077,0.014,0.322,0.0,2412000000.0,1.0,1413393002.0,1413000000,1423000000.0,3.71,114571000000.0,0.0,514000000.0,0.0,81.084,
34,RF,MRT,2012-12-31,2012-12-31,2012-12-31,2021-08-06,65000000.0,121347000000.0,123443000000.0,,,0.042,11.223,-180000000.0,5489000000.0,5489000000.0,0.0,1120000000.0,,6.829,7435000000.0,,,7435000000.0,0.0,717000000.0,95474000000.0,0.006,0.04,1473000000.0,2190000000.0,0.422,2190000000.0,1473000000.0,1473000000.0,0.72,0.71,0.72,15499000000.0,15597250000.0,15499000000.0,14304711390.0,10.0,6.532,2261000000.0,1.637,1.0,5187000000.0,1.0,5161000000.0,0.0,118132000000.0,121891000000.0,0.0,101920000000.0,,,105848000000.0,,,10074711390.0,-1756000000.0,855000000.0,875000000.0,-2766000000.0,-54000000.0,-5204000000.0,1007000000.0,332000000.0,2441000000.0,0.0,991000000.0,991000000.0,991000000.0,59000000.0,129000000.0,0.191,3526000000.0,1661000000.0,0.0,0.056,0.65,10.166,9.903,2279000000.0,0.0,7.13,1.942,1.898,0.0,-3338000000.0,5187000000.0,5187000000.0,0.0,0.008,0.064,0.012,0.284,0.0,2406000000.0,1.0,1413003000.0,1381000000,1387000000.0,3.756,116186000000.0,0.0,482000000.0,0.0,84.132,
35,RF,MRT,2012-09-30,2012-09-30,2012-09-30,2021-08-06,202000000.0,121798000000.0,124868750000.0,,,0.039,10.538,-152000000.0,3930000000.0,3930000000.0,0.0,307000000.0,,7.174,8160000000.0,,,8160000000.0,0.0,709000000.0,94881000000.0,0.006,0.04,490000000.0,1199000000.0,0.243,1199000000.0,490000000.0,490000000.0,0.04,0.04,0.04,14901000000.0,15847250000.0,14901000000.0,15939006317.0,33.0,13.294,2200000000.0,1.556,1.0,4931000000.0,1.0,5181000000.0,0.0,120847000000.0,123787250000.0,0.0,103248000000.0,,,106897000000.0,,,10169006317.0,-4333000000.0,855000000.0,875000000.0,-3932000000.0,-53000000.0,-7799000000.0,1114000000.0,411000000.0,2352000000.0,0.0,128000000.0,128000000.0,128000000.0,514000000.0,179000000.0,0.026,3748000000.0,1183000000.0,0.0,1.0,0.682,79.445,179.875,2274000000.0,0.0,7.195,2.062,2.063,0.0,-3849000000.0,4931000000.0,4931000000.0,0.0,0.001,0.008,0.004,0.099,0.0,2356000000.0,1.0,1413343477.0,1414000000,1423000000.0,3.487,116617000000.0,0.0,362000000.0,0.0,82.473,
36,RF,MRT,2012-06-30,2012-06-30,2012-06-30,2021-08-06,54000000.0,122345000000.0,126859750000.0,,,0.036,10.223,-152000000.0,3766000000.0,3766000000.0,0.0,161000000.0,,7.464,9536000000.0,,,9536000000.0,0.0,702000000.0,95098000000.0,0.006,0.04,171000000.0,873000000.0,0.189,873000000.0,171000000.0,171000000.0,-0.09,-0.09,-0.09,14455000000.0,16437750000.0,14455000000.0,12164895750.0,71.0,13.935,2796000000.0,1.977,1.0,4622000000.0,1.0,5207000000.0,0.0,122908000000.0,125711250000.0,0.0,103533000000.0,,,107890000000.0,,,9533895750.0,-4208000000.0,855000000.0,875000000.0,-3842000000.0,-53000000.0,-7929000000.0,773000000.0,70000000.0,2948000000.0,0.0,-72000000.0,-72000000.0,-72000000.0,489000000.0,233000000.0,-0.016,3729000000.0,893000000.0,0.0,-0.444,0.66,-132.415,-75.0,2300000000.0,0.0,6.75,2.063,2.065,0.0,-4136000000.0,4622000000.0,4622000000.0,0.0,-0.001,-0.004,0.001,0.037,0.0,2291000000.0,1.0,1412429000.0,1414000000,1418000000.0,3.269,117138000000.0,0.0,243000000.0,0.0,82.842,
37,RF,MRT,2012-03-31,2012-03-31,2012-03-31,2021-08-06,-60000000.0,128282000000.0,129000500000.0,,,0.033,13.677,-210000000.0,7473000000.0,7473000000.0,0.0,-85000000.0,,6.316,10104000000.0,,,10104000000.0,0.0,689000000.0,97138000000.0,0.006,0.04,-218000000.0,471000000.0,0.109,471000000.0,-218000000.0,-218000000.0,-0.25,-0.25,-0.25,17534000000.0,17046000000.0,17534000000.0,12236155267.0,-56.0,25.979,3966000000.0,3.094,1.0,4304000000.0,1.0,5236000000.0,0.0,125677000000.0,127814500000.0,0.0,104816000000.0,,,110748000000.0,,,8304155267.0,153000000.0,0.0,875000000.0,-5227000000.0,-51000000.0,-3810000000.0,-213000000.0,-3000000.0,4176000000.0,0.0,-301000000.0,-301000000.0,-301000000.0,463000000.0,216000000.0,-0.07,3843000000.0,461000000.0,0.0,-0.16,0.474,-27.589,-26.36,2350000000.0,0.0,6.59,1.929,1.963,0.0,-4395000000.0,4304000000.0,4304000000.0,0.0,-0.002,-0.018,-0.002,-0.051,0.0,2269000000.0,1.0,1260114608.0,1282000000,1283000000.0,3.357,123046000000.0,0.0,83000000.0,0.0,95.98,
38,RF,MRT,2011-12-31,2011-12-31,2011-12-31,2021-08-06,-69000000.0,127050000000.0,129869000000.0,,,0.031,13.115,-201000000.0,7245000000.0,7245000000.0,0.0,-215000000.0,,6.7,11177000000.0,,,11177000000.0,0.0,683000000.0,95627000000.0,0.009,0.04,-457000000.0,226000000.0,0.056,226000000.0,-457000000.0,-457000000.0,-0.34,-0.34,-0.34,16499000000.0,16817250000.0,16499000000.0,10233171100.0,-22.0,45.28,4552000000.0,3.618,1.0,4023000000.0,1.0,5265000000.0,0.0,125717000000.0,129869250000.0,0.0,103062000000.0,,,110551000000.0,,,5413171100.0,326000000.0,0.0,0.0,-5873000000.0,-51000000.0,-5086000000.0,659000000.0,860000000.0,4753000000.0,0.0,-429000000.0,-429000000.0,-429000000.0,404000000.0,214000000.0,-0.107,3862000000.0,161000000.0,0.0,-0.118,0.328,-12.618,-12.647,2375000000.0,0.0,4.3,1.346,1.345,0.0,-4322000000.0,4023000000.0,4023000000.0,0.0,-0.003,-0.026,-0.004,-0.114,0.0,2267000000.0,1.0,1258877000.0,1258000000,1258000000.0,3.198,121785000000.0,0.0,-28000000.0,0.0,96.808,
39,RF,MRT,2011-09-30,2011-09-30,2011-09-30,2021-08-06,92000000.0,129762000000.0,131194250000.0,,,0.025,13.712,-236000000.0,8263000000.0,8263000000.0,0.0,422000000.0,,6.517,13083000000.0,,,13083000000.0,0.0,702000000.0,95938000000.0,0.012,0.04,186000000.0,888000000.0,0.27,888000000.0,186000000.0,186000000.0,0.17,0.17,0.17,17263000000.0,16876000000.0,17263000000.0,10585797340.0,57.0,11.921,5273000000.0,4.188,1.0,3285000000.0,1.0,6039000000.0,0.0,128543000000.0,132593250000.0,0.0,104873000000.0,,,112499000000.0,,,4191797340.0,1376000000.0,0.0,0.0,-4846000000.0,-52000000.0,-4112000000.0,-21000000.0,215000000.0,5509000000.0,0.0,209000000.0,209000000.0,209000000.0,8000000.0,213000000.0,0.064,2878000000.0,407000000.0,0.0,0.235,0.243,20.056,19.588,2399000000.0,0.0,3.33,1.276,1.276,0.0,-3913000000.0,3285000000.0,3285000000.0,0.0,0.002,0.012,0.001,0.057,0.0,1760000000.0,1.0,1258798000.0,1259000000,1261000000.0,2.609,123723000000.0,0.0,-23000000.0,0.0,98.271,
40,RF,MRT,2011-06-30,2011-06-30,2011-06-30,2021-08-06,-177000000.0,130908000000.0,132128250000.0,,,0.024,13.424,-248000000.0,7974000000.0,7974000000.0,0.0,112000000.0,,6.752,14368000000.0,,,14368000000.0,0.0,715000000.0,96331000000.0,0.006,0.04,-291000000.0,424000000.0,0.135,424000000.0,-291000000.0,-291000000.0,-0.08,-0.08,-0.08,16888000000.0,16851000000.0,16888000000.0,15849101600.0,-54.0,37.38,4026000000.0,3.2,1.0,3135000000.0,1.0,5981000000.0,0.0,131321000000.0,135115500000.0,0.0,105744000000.0,,,114020000000.0,,,7790101600.0,563000000.0,0.0,0.0,-3958000000.0,-50000000.0,-4101000000.0,390000000.0,638000000.0,4274000000.0,0.0,-101000000.0,-101000000.0,-101000000.0,22000000.0,213000000.0,-0.032,3191000000.0,-56000000.0,0.0,-0.5,0.461,-77.13,-77.5,2481000000.0,0.0,6.2,2.485,2.488,0.0,-4000000000.0,3135000000.0,3135000000.0,0.0,-0.001,-0.006,-0.002,-0.093,0.0,1979000000.0,1.0,1256468000.0,1258000000,1260000000.0,2.492,124927000000.0,0.0,-190000000.0,0.0,99.306,
41,RF,MRT,2011-03-31,2011-03-31,2011-03-31,2021-08-06,-387000000.0,131756000000.0,133236250000.0,,,0.023,13.221,-176000000.0,7320000000.0,7320000000.0,0.0,-274000000.0,,6.928,15379000000.0,,,15379000000.0,0.0,733000000.0,96369000000.0,0.006,0.04,-735000000.0,-2000000.0,-0.001,-2000000.0,-735000000.0,-735000000.0,-0.4,-0.4,-0.4,16619000000.0,16994750000.0,16619000000.0,19339291216.0,-26.0,-9669.646,3656000000.0,2.909,1.0,3095000000.0,1.0,5919000000.0,0.0,133896000000.0,137361250000.0,0.0,107241000000.0,,,115137000000.0,,,9131291216.0,449000000.0,0.0,0.0,-2955000000.0,-50000000.0,-5145000000.0,1762000000.0,1938000000.0,3832000000.0,0.0,-491000000.0,-491000000.0,-491000000.0,52000000.0,217000000.0,-0.159,3561000000.0,-466000000.0,0.0,-0.1,0.549,-18.597,-18.15,2528000000.0,0.0,7.26,2.95,2.949,0.0,-4043000000.0,3095000000.0,3095000000.0,0.0,-0.004,-0.029,-0.005,-0.237,1000000.0,2157000000.0,1.0,1257753611.0,1257000000,1259000000.0,2.462,125837000000.0,0.0,-244000000.0,0.0,100.109,
42,RF,MRT,2010-12-31,2010-12-31,2010-12-31,2021-08-06,-260000000.0,132351000000.0,134604750000.0,,,0.022,13.638,-191000000.0,6919000000.0,6919000000.0,0.0,-539000000.0,,6.909,17127000000.0,,,17127000000.0,0.0,732000000.0,94614000000.0,0.006,0.04,-1139000000.0,-407000000.0,-0.135,-407000000.0,-1139000000.0,-1139000000.0,-0.62,-0.62,-0.62,16734000000.0,17249500000.0,16734000000.0,19901588000.0,-17.0,-48.898,4036000000.0,3.289,1.0,3015000000.0,1.0,5946000000.0,0.0,136613000000.0,139561000000.0,0.0,107079000000.0,,,115617000000.0,,,8792588000.0,-1092000000.0,0.0,0.0,-5104000000.0,-49000000.0,-9403000000.0,4084000000.0,4275000000.0,4227000000.0,0.0,-763000000.0,-763000000.0,-763000000.0,71000000.0,224000000.0,-0.253,3859000000.0,-844000000.0,0.0,-0.065,0.525,-11.524,-11.29,2569000000.0,0.0,7.0,2.916,2.849,0.0,-4047000000.0,3015000000.0,3015000000.0,0.0,-0.006,-0.044,-0.008,-0.378,0.0,2328000000.0,1.0,1256084000.0,1227000000,1227000000.0,2.457,126405000000.0,0.0,-376000000.0,0.0,103.02,
43,RF,MRT,2010-09-30,2010-09-30,2010-09-30,2021-08-06,208000000.0,133498000000.0,137096500000.0,,,0.015,13.654,-232000000.0,6887000000.0,6887000000.0,0.0,-1171000000.0,,6.778,17996000000.0,,,17996000000.0,0.0,666000000.0,94978000000.0,0.006,0.04,-2114000000.0,-1448000000.0,-0.707,-1448000000.0,-2114000000.0,-2114000000.0,-1.22,-1.22,-1.22,17163000000.0,17536250000.0,17163000000.0,20098691070.0,-10.0,-13.88,2502000000.0,1.99,1.0,2049000000.0,1.0,5975000000.0,0.0,138632000000.0,143002500000.0,0.0,109230000000.0,,,116335000000.0,,,9130691070.0,-1482000000.0,0.0,-13000000.0,-5446000000.0,-47000000.0,-5602000000.0,1386000000.0,1618000000.0,2734000000.0,0.0,-1405000000.0,-1405000000.0,-1405000000.0,-43000000.0,234000000.0,-0.686,3972000000.0,-1923000000.0,0.0,-0.033,0.532,-6.499,-5.959,2564000000.0,0.0,7.27,4.456,4.46,0.0,-4070000000.0,2049000000.0,2049000000.0,0.0,-0.01,-0.08,-0.015,-1.032,0.0,2343000000.0,1.0,1255941000.0,1257000000,1257000000.0,1.63,127523000000.0,0.0,-709000000.0,0.0,101.45,
44,RF,MRT,2010-06-30,2010-06-30,2010-06-30,2021-08-06,306000000.0,135340000000.0,138718500000.0,,,0.013,14.553,-162000000.0,7411000000.0,7411000000.0,0.0,-1393000000.0,,6.75,18379000000.0,,,18379000000.0,0.0,611000000.0,96250000000.0,0.006,0.04,-2466000000.0,-1855000000.0,-1.04,-1855000000.0,-2466000000.0,-2466000000.0,-1.42,-1.42,-1.42,17463000000.0,17868500000.0,17463000000.0,19342459180.0,-8.0,-10.427,2580000000.0,2.15,1.0,1783000000.0,1.0,6004000000.0,0.0,140304000000.0,145570500000.0,0.0,110679000000.0,,,117877000000.0,,,7846459180.0,-1019000000.0,0.0,-9000000.0,-7117000000.0,-47000000.0,-5849000000.0,2088000000.0,2250000000.0,2742000000.0,0.0,-1633000000.0,-1633000000.0,-1633000000.0,-43000000.0,240000000.0,-0.916,4049000000.0,-2266000000.0,0.0,-0.028,0.449,-4.805,-4.634,2588000000.0,0.0,6.58,4.401,4.428,0.0,-3849000000.0,1783000000.0,1783000000.0,0.0,-0.012,-0.091,-0.017,-1.383,0.0,2358000000.0,1.0,1192471000.0,1200000000,1200000000.0,1.486,129336000000.0,0.0,-833000000.0,0.0,107.78,
45,RF,MRT,2010-03-31,2010-03-31,2010-03-31,2021-08-06,144000000.0,137230000000.0,140586250000.0,,,0.014,14.772,-187000000.0,6871000000.0,6871000000.0,0.0,-1304000000.0,,6.78,18367000000.0,,,18367000000.0,0.0,564000000.0,98332000000.0,0.005,0.04,-2212000000.0,-1648000000.0,-0.849,-1648000000.0,-2212000000.0,-2212000000.0,-1.42,-1.42,-1.42,17638000000.0,18187000000.0,17638000000.0,23483270142.0,-11.0,-14.25,4198000000.0,3.516,1.0,1940000000.0,1.0,6031000000.0,0.0,142695000000.0,148916250000.0,0.0,112614000000.0,,,119592000000.0,,,9362270142.0,1736000000.0,0.0,1764000000.0,-9533000000.0,-47000000.0,-2941000000.0,292000000.0,479000000.0,4385000000.0,0.0,-1542000000.0,-1542000000.0,-1542000000.0,-43000000.0,238000000.0,-0.795,3885000000.0,-1945000000.0,0.0,-0.028,0.531,-6.072,-5.528,2637000000.0,0.0,7.85,4.826,4.831,0.0,-3502000000.0,1940000000.0,1940000000.0,0.0,-0.011,-0.085,-0.015,-1.14,-1000000.0,2385000000.0,1.0,1192645878.0,1194000000,1194000000.0,1.625,131199000000.0,0.0,-670000000.0,0.0,109.882,
46,RF,MRT,2009-12-31,2009-12-31,2009-12-31,2021-08-06,130000000.0,142318000000.0,141773750000.0,,,0.018,18.08,-234000000.0,8011000000.0,8011000000.0,0.0,-1031000000.0,,6.959,22132000000.0,,,22132000000.0,0.0,527000000.0,98680000000.0,0.025,0.13,-1455000000.0,-928000000.0,-0.369,-928000000.0,-1455000000.0,-1455000000.0,-1.27,-1.27,-1.27,17881000000.0,17981750000.0,17881000000.0,21294689280.0,-15.0,-22.947,1803000000.0,1.823,1.0,2517000000.0,1.0,6060000000.0,0.0,150379000000.0,152944000000.0,0.0,117191000000.0,,,124437000000.0,,,6284689280.0,-2962000000.0,0.0,1769000000.0,-12608000000.0,-105000000.0,-3359000000.0,-1640000000.0,-1406000000.0,2037000000.0,0.0,-1261000000.0,-1261000000.0,-1261000000.0,-43000000.0,230000000.0,-0.501,3710000000.0,-1193000000.0,0.0,-0.102,0.351,-4.984,-4.165,2668000000.0,0.0,5.29,2.497,2.079,0.0,-3235000000.0,2517000000.0,2517000000.0,0.0,-0.009,-0.07,-0.01,-0.578,0.0,2338000000.0,1.0,1188032000.0,989000000,989000000.0,2.545,136258000000.0,0.0,-194000000.0,0.0,137.774,
47,RF,MRT,2009-09-30,2009-09-30,2009-09-30,2021-08-06,143000000.0,139986000000.0,142756250000.0,,,0.025,15.553,-250000000.0,8369000000.0,8369000000.0,0.0,-6706000000.0,,6.57,23379000000.0,,,23379000000.0,0.0,471000000.0,94880000000.0,0.035,0.22,-7362000000.0,-6891000000.0,-1.895,-6891000000.0,-7362000000.0,-7362000000.0,-9.59,-9.59,-9.59,18492000000.0,17714750000.0,18492000000.0,24378666110.0,-3.0,-3.538,3443000000.0,2.896,1.0,3636000000.0,1.0,6092000000.0,0.0,148904000000.0,156384750000.0,0.0,115109000000.0,,,121494000000.0,,,7378666110.0,4811000000.0,0.0,1785000000.0,-8252000000.0,-164000000.0,2392000000.0,-1274000000.0,-1024000000.0,3693000000.0,0.0,-6899000000.0,-6899000000.0,-6899000000.0,11000000.0,193000000.0,-1.897,10720000000.0,-7084000000.0,0.0,-0.023,0.399,-1.07,-0.648,2694000000.0,0.0,6.21,2.029,2.031,0.0,-2618000000.0,3636000000.0,3636000000.0,0.0,-0.048,-0.389,-0.047,-2.025,0.0,3036000000.0,1.0,1188191000.0,1189000000,1189000000.0,3.058,133894000000.0,0.0,-463000000.0,0.0,112.611,
48,RF,MRT,2009-06-30,2009-06-30,2009-06-30,2021-08-06,-36000000.0,142811000000.0,143832750000.0,,,0.03,21.389,-354000000.0,8430000000.0,8430000000.0,0.0,-6250000000.0,,6.622,25430000000.0,,,25430000000.0,0.0,437000000.0,94726000000.0,0.077,0.31,-6566000000.0,-6129000000.0,-1.436,-6129000000.0,-6566000000.0,-6566000000.0,-9.11,-9.11,-9.11,18737000000.0,18018000000.0,18737000000.0,25787921200.0,-4.0,-4.208,3668000000.0,4.187,1.0,4268000000.0,1.0,6124000000.0,0.0,153687000000.0,159218750000.0,0.0,117663000000.0,,,124074000000.0,,,2807921200.0,4274000000.0,0.0,1786000000.0,-5467000000.0,-223000000.0,3439000000.0,-3187000000.0,-2833000000.0,4022000000.0,0.0,-6383000000.0,-6383000000.0,-6383000000.0,22000000.0,133000000.0,-1.496,10599000000.0,-6331000000.0,0.0,-0.034,0.15,-0.44,-0.443,2789000000.0,0.0,4.04,0.658,0.829,0.0,-2169000000.0,4268000000.0,4268000000.0,0.0,-0.044,-0.354,-0.041,-1.538,1000000.0,3004000000.0,1.0,695030000.0,876000000,876000000.0,4.872,136687000000.0,0.0,-183000000.0,0.0,156.035,
49,RF,MRT,2009-03-31,2009-03-31,2009-03-31,2021-08-06,-6000000.0,141980000000.0,144239000000.0,,,0.032,24.267,-433000000.0,5135000000.0,5135000000.0,0.0,-5856000000.0,,7.443,28115000000.0,,,28115000000.0,0.0,406000000.0,93536000000.0,0.16,0.68,-6124000000.0,-5718000000.0,-1.253,-5718000000.0,-6124000000.0,-6124000000.0,-8.53,-8.53,-8.53,16817000000.0,18260750000.0,16817000000.0,27039978145.0,-4.0,-4.729,1532000000.0,2.211,1.0,4564000000.0,1.0,6154000000.0,0.0,158806000000.0,160538250000.0,0.0,119154000000.0,,,125163000000.0,,,2959132145.0,1174000000.0,0.0,29000000.0,-1658000000.0,-475000000.0,4535000000.0,-5326000000.0,-4937000000.0,1965000000.0,0.0,-5933000000.0,-5933000000.0,-5933000000.0,22000000.0,77000000.0,-1.3,10577000000.0,-6013000000.0,0.0,-0.08,0.176,-0.499,-0.499,2808000000.0,0.0,4.26,0.648,0.647,0.0,-1913000000.0,4564000000.0,4564000000.0,0.0,-0.041,-0.325,-0.038,-1.342,1000000.0,3025000000.0,1.0,694631959.0,693000000,694000000.0,6.586,135826000000.0,0.0,-191000000.0,0.0,195.997,
50,RF,MRT,2008-12-31,2008-12-31,2008-12-31,2021-08-06,-22000000.0,146248000000.0,144806250000.0,,,0.034,24.191,-464000000.0,10973000000.0,10973000000.0,0.0,-5596000000.0,,7.699,35053000000.0,,,35053000000.0,0.0,393000000.0,90904000000.0,0.121,0.96,-5970000000.0,-5577000000.0,-1.148,-5577000000.0,-5970000000.0,-5970000000.0,-8.09,-8.09,-8.09,16813000000.0,19062000000.0,16813000000.0,33504321760.0,-6.0,-6.008,1543000000.0,2.22,1.0,4859000000.0,1.0,6186000000.0,0.0,164142000000.0,160226000000.0,0.0,117880000000.0,,,129435000000.0,,,5507969760.0,6228000000.0,0.0,27000000.0,12353000000.0,-669000000.0,10454000000.0,-6233000000.0,-5813000000.0,2007000000.0,0.0,-5622000000.0,-5622000000.0,-5622000000.0,22000000.0,26000000.0,-1.157,10769000000.0,-5910000000.0,0.0,-0.119,0.328,-0.98,-0.984,2786000000.0,0.0,7.96,1.134,1.139,0.0,-1869000000.0,4859000000.0,4859000000.0,0.0,-0.039,-0.295,-0.037,-1.229,0.0,3133000000.0,1.0,691956000.0,695000000,695000000.0,6.991,140062000000.0,0.0,-348000000.0,0.0,201.528,
51,RF,MRT,2008-09-30,2008-09-30,2008-09-30,2021-08-06,70000000.0,144292000000.0,143504679250.0,,,0.04,28.312,-509921000.0,3558000000.0,3558000000.0,0.0,692546000.0,,6.323,31710000000.0,,,31710000000.0,0.0,432676000.0,89221000000.0,0.129,1.24,923678000.0,1356354000.0,0.234,1356354000.0,923678000.0,923678000.0,1.0,1.01,1.0,19705000000.0,19814507250.0,19705000000.0,33394612000.0,36.0,24.621,-435852000.0,-0.626,1.0,5801989000.0,1.0,12204000000.0,0.0,160240000000.0,155812995750.0,0.0,118095000000.0,,,124587000000.0,,,6670080000.0,6805000.0,300000.0,-67043000.0,11037992000.0,-862737000.0,5007223000.0,-5074487000.0,-4629866000.0,74069000.0,0.0,692546000.0,692546000.0,692546000.0,153406000.0,0.0,0.119,4849905000.0,952084000.0,0.0,1.24,0.338,9.631,9.6,2730000000.0,0.0,9.6,1.15,1.152,0.0,4445000000.0,5801989000.0,5801989000.0,0.0,0.005,0.035,0.006,0.159,-3957000.0,3242547000.0,1.0,694800000.0,696000000,696000000.0,8.336,132088000000.0,0.0,231132000.0,0.0,189.782,
52,RF,MRT,2008-06-30,2008-06-30,2008-06-30,2021-08-06,47000000.0,144436000000.0,141990476500.0,,,0.044,28.316,-541702000.0,4156000000.0,4156000000.0,0.0,1007710000.0,,6.329,30909000000.0,,,30909000000.0,0.0,450416000.0,89904000000.0,0.137,1.5,1412133000.0,1862549000.0,0.296,1862549000.0,1412133000.0,1412133000.0,1.45,1.46,1.45,19708000000.0,19849844500.0,19708000000.0,32923897280.0,23.0,17.677,-1182583000.0,-1.699,1.0,6296914000.0,1.0,12224000000.0,0.0,158965000000.0,151489932250.0,0.0,117533000000.0,,,124728000000.0,,,7580355280.0,214488000.0,300000.0,-264407000.0,11563430000.0,-1042946000.0,5121639000.0,-4266270000.0,-3789868000.0,-640881000.0,0.0,1007710000.0,1007710000.0,1007710000.0,142482000.0,0.0,0.16,4876299000.0,1420615000.0,0.0,1.034,0.385,7.522,7.524,2726000000.0,0.0,10.91,1.204,1.206,0.0,4437000000.0,6296914000.0,6296914000.0,0.0,0.007,0.051,0.009,0.224,-6499000.0,3268852000.0,1.0,694808000.0,696000000,696000000.0,9.047,132212000000.0,0.0,404423000.0,0.0,189.96,
53,RF,MRT,2008-03-31,2008-03-31,2008-03-31,2021-08-06,331000000.0,144249000000.0,140287094500.0,,,0.047,28.809,-522275000.0,3961000000.0,3961000000.0,0.0,1255019000.0,,6.205,29525000000.0,,,29525000000.0,0.0,461440000.0,89187000000.0,0.075,1.48,1823111000.0,2284551000.0,0.345,2284551000.0,1823111000.0,1823111000.0,1.79,1.79,1.79,20022000000.0,19846941250.0,20022000000.0,31214293476.0,17.0,13.663,-1659854000.0,-2.388,1.0,6625050000.0,1.0,12256000000.0,0.0,157557000000.0,146978111750.0,0.0,115987000000.0,,,124227000000.0,,,13698622476.0,-135173000.0,300000.0,-934068000.0,10446469000.0,-1032531000.0,2354099000.0,-1351693000.0,-850718000.0,-1137579000.0,0.0,1255019000.0,1255019000.0,1255019000.0,142905000.0,0.0,0.189,4794034000.0,1831016000.0,0.0,0.827,0.684,10.915,11.034,2666000000.0,0.0,19.75,2.068,2.072,0.0,4495000000.0,6625050000.0,6625050000.0,0.0,0.009,0.063,0.012,0.275,-8583000.0,3241721000.0,1.0,693601138.0,695000000,696000000.0,9.532,131993000000.0,0.0,568092000.0,0.0,189.918,
54,RF,MRT,2007-12-31,2007-12-31,2007-12-31,2021-08-06,202287000.0,141041717000.0,138741861500.0,,,0.048,27.999,-454000000.0,4745141000.0,4745141000.0,0.0,1251000000.0,,6.115,22444912000.0,,,22444912000.0,0.0,497000000.0,94774968000.0,0.062,1.46,1897000000.0,2394000000.0,0.357,2394000000.0,1897000000.0,1897000000.0,1.77,1.76,1.77,19823029000.0,19919982750.0,19823029000.0,33408959750.0,18.0,13.955,2833000000.0,4.001,1.0,6699000000.0,1.0,12251505000.0,0.0,146489983000.0,142810772500.0,0.0,114064858000.0,,,121218688000.0,,,16438996750.0,115000000.0,6000000.0,-1208000000.0,4164000000.0,-1036000000.0,-4495000000.0,1323000000.0,1750000000.0,3287000000.0,0.0,1251000000.0,1251000000.0,1251000000.0,284000000.0,0.0,0.187,4653000000.0,2046000000.0,0.0,0.825,0.829,13.141,13.362,2610851000.0,0.0,23.65,2.454,2.5,0.0,4439505000.0,6699000000.0,6699000000.0,0.0,0.009,0.063,0.013,0.283,-8000000.0,3187000000.0,1.0,695095000.0,708000000,713000000.0,9.462,128790212000.0,0.0,646000000.0,0.0,181.907,
55,RF,MRT,2007-09-30,2007-09-30,2007-09-30,2021-08-06,-49648000.0,138235189000.0,139323687500.0,,,0.05,28.328,-320563000.0,3638613000.0,3638613000.0,0.0,1542005000.0,,5.965,20608576000.0,,,20608576000.0,0.0,488749000.0,93439930000.0,0.061,1.79,2362573000.0,2851322000.0,0.412,2851322000.0,2362573000.0,2362573000.0,2.18,2.15,2.18,19846349000.0,20139589000.0,19846349000.0,36100069000.0,15.0,12.661,6190384000.0,8.836,1.0,6917908000.0,1.0,12257406000.0,0.0,142947746000.0,142395237250.0,0.0,112833902000.0,,,118388840000.0,,,20751709000.0,543919000.0,1223287000.0,-1226401000.0,-882878000.0,-1188414000.0,-9521014000.0,3553986000.0,2651262000.0,6510947000.0,0.0,1542005000.0,1542005000.0,1542005000.0,152038000.0,0.0,0.223,4403297000.0,2514611000.0,0.0,0.821,1.046,13.458,13.523,2473339000.0,0.0,29.48,3.0,2.985,525953000.0,4632033000.0,6917908000.0,6917908000.0,0.0,0.011,0.077,0.017,0.342,-16657000.0,3077892000.0,1.0,703925000.0,700589000,704485000.0,9.874,125977783000.0,0.0,820568000.0,0.0,179.817,
56,RF,MRT,2007-06-30,2007-06-30,2007-06-30,2021-08-06,-236681000.0,137622472000.0,126509913000.0,,,0.051,27.768,-217736000.0,4028930000.0,4028930000.0,0.0,1499498000.0,,5.987,19377290000.0,,,19377290000.0,0.0,442094000.0,95056391000.0,0.054,1.78,2297350000.0,2739444000.0,0.428,2739444000.0,2297350000.0,2297350000.0,2.39,2.36,2.39,19696387000.0,17938727500.0,19696387000.0,38251428600.0,17.0,13.963,6517550000.0,9.188,1.0,6401831000.0,1.0,12053114000.0,0.0,140917718000.0,129186394000.0,0.0,114014085000.0,,,117926085000.0,,,23325768600.0,871455000.0,1223287000.0,-1025362000.0,-2349418000.0,-1096323000.0,-8312303000.0,2448472000.0,1442921000.0,6735286000.0,0.0,1499498000.0,1499498000.0,1499498000.0,158227000.0,0.0,0.234,3946254000.0,2455577000.0,0.0,0.745,1.184,15.556,13.849,2422256000.0,0.0,33.1,3.644,3.668,590811000.0,4489078000.0,6401831000.0,6401831000.0,0.0,0.012,0.084,0.018,0.359,-23178000.0,2786032000.0,1.0,704706000.0,709332000,715564000.0,9.025,125569358000.0,0.0,797852000.0,0.0,177.025,
57,RF,MRT,2007-03-31,2007-03-31,2007-03-31,2021-08-06,-61029000.0,138068068000.0,113619991500.0,,,0.051,27.945,-132955000.0,4183591000.0,4183591000.0,0.0,1391446000.0,,5.797,19109251000.0,,,19109251000.0,0.0,398378000.0,95336648000.0,0.05,1.77,2108909000.0,2507287000.0,0.429,2507287000.0,2108909000.0,2108909000.0,2.51,2.48,2.51,20314166000.0,15689220500.0,20314166000.0,39474016681.0,19.0,15.744,6164302000.0,8.48,1.0,5848900000.0,1.0,12106085000.0,0.0,140887643000.0,116282672250.0,0.0,114552304000.0,,,117753902000.0,,,25881714681.0,1130674000.0,1223287000.0,-472807000.0,-2116220000.0,-1002367000.0,-6270760000.0,1104177000.0,13845000.0,6297257000.0,0.0,1391446000.0,1391446000.0,1391446000.0,156009000.0,0.0,0.238,3583982000.0,2264918000.0,0.0,0.705,1.274,18.601,14.092,2372800000.0,0.0,35.37,4.425,4.396,555580000.0,4289354000.0,5848900000.0,5848900000.0,0.0,0.012,0.089,0.018,0.361,-24359000.0,2526168000.0,1.0,731742004.0,726921000,734534000.0,8.046,125961983000.0,0.0,717463000.0,0.0,173.282,
58,RF,MRT,2006-12-31,2006-12-31,2006-12-31,2021-08-06,-131272000.0,143369021000.0,100251604000.0,,,0.052,41.264,-94661000.0,4717418000.0,4717418000.0,0.0,1353145000.0,,5.926,18309720000.0,,,18309720000.0,0.0,322385000.0,101227969000.0,0.047,1.76,1972245000.0,2294630000.0,0.442,2294630000.0,1972245000.0,1972245000.0,2.7,2.67,2.7,20701454000.0,13274875250.0,20701454000.0,25878684998.0,13.0,11.278,2659860000.0,5.302,1.0,5195649000.0,1.0,12133481000.0,0.0,144827842000.0,102921114000.0,0.0,118794875000.0,,,122667567000.0,,,17054769998.0,1412978000.0,1217587000.0,-226035000.0,-3333394000.0,-894805000.0,-1110857000.0,-230686000.0,-1353612000.0,2754521000.0,0.0,1353145000.0,1353145000.0,1353145000.0,19376000.0,0.0,0.26,3204028000.0,1991621000.0,0.0,0.652,0.824,12.604,13.852,2398494000.0,0.0,37.4,3.283,3.611,570063000.0,4493245000.0,5195649000.0,5195649000.0,0.0,0.013,0.102,0.019,0.38,-32454000.0,2272376000.0,1.0,456009893.0,501681000,506989000.0,10.356,131235540000.0,0.0,619100000.0,0.0,261.592,
59,RF,MRT,2006-09-30,2006-09-30,2006-09-30,2021-08-06,-87653000.0,86980091000.0,85605748750.0,,,0.053,24.3,-92878000.0,3007194000.0,3007194000.0,0.0,1245590000.0,,6.877,11802452000.0,,,11802452000.0,0.0,292981000.0,62169545000.0,0.038,1.39,1764966000.0,2057947000.0,0.457,2057947000.0,1764966000.0,1764966000.0,2.74,2.71,2.74,11042903000.0,10753082500.0,11042903000.0,25701116374.0,15.0,12.489,1252683000.0,2.757,1.0,4498862000.0,1.0,5662976000.0,0.0,90112373000.0,88652453250.0,0.0,74418142000.0,,,75937188000.0,,,16726614374.0,208076000.0,0.0,-223693000.0,-1043058000.0,-634402000.0,822616000.0,-1960101000.0,-1867223000.0,1345561000.0,0.0,1245590000.0,1245590000.0,1245590000.0,-28905000.0,0.0,0.277,2762801000.0,1736061000.0,0.0,0.507,1.515,13.429,13.427,1097616000.0,0.0,36.79,3.718,3.716,581558000.0,4547845000.0,4498862000.0,4498862000.0,0.0,0.015,0.116,0.02,0.392,-19840000.0,1974750000.0,1.0,454651111.0,454441000,458903000.0,9.9,81317115000.0,0.0,519376000.0,0.0,178.939,
60,RF,MRT,2006-06-30,2006-06-30,2006-06-30,2021-08-06,-221286000.0,86062786000.0,85009379500.0,,,0.052,23.486,-125072000.0,3069975000.0,3069975000.0,0.0,1150489000.0,,7.044,12021958000.0,,,12021958000.0,0.0,303202000.0,61404826000.0,0.042,1.38,1620846000.0,1924048000.0,0.437,1924048000.0,1620846000.0,1620846000.0,2.53,2.49,2.53,10698359000.0,10653620500.0,10698359000.0,23684403202.0,15.0,12.31,1668334000.0,3.662,1.0,4401249000.0,1.0,5711938000.0,0.0,89302831000.0,88458354250.0,0.0,73478673000.0,,,75364427000.0,,,15106580202.0,245401000.0,0.0,-354555000.0,-36682000.0,-631899000.0,-477825000.0,-1070180000.0,-945108000.0,1793406000.0,0.0,1150489000.0,1150489000.0,1150489000.0,-35170000.0,0.0,0.261,2815573000.0,1585676000.0,0.0,0.545,1.412,13.131,13.091,1109732000.0,0.0,33.12,3.432,3.428,576616000.0,4355306000.0,4401249000.0,4401249000.0,0.0,0.014,0.108,0.018,0.368,-11777000.0,2018956000.0,1.0,456116552.0,455528000,460131000.0,9.662,80350848000.0,0.0,470357000.0,0.0,176.391,
61,RF,MRT,2006-03-31,2006-03-31,2006-03-31,2021-08-06,-169782000.0,84594518000.0,84813457500.0,,,0.052,23.348,-109526000.0,2965417000.0,2965417000.0,0.0,1053583000.0,,6.938,11517759000.0,,,11517759000.0,0.0,310447000.0,60519479000.0,0.039,1.37,1481095000.0,1791542000.0,0.408,1791542000.0,1481095000.0,1481095000.0,2.31,2.27,2.31,10656785000.0,10664857000.0,10656785000.0,24793851386.0,17.0,13.839,1890282000.0,4.141,1.0,4385681000.0,1.0,5705450000.0,0.0,87441410000.0,88421544500.0,0.0,72199326000.0,,,73937733000.0,,,16049908386.0,351107000.0,0.0,-294244000.0,-1106527000.0,-630018000.0,-1090910000.0,-557791000.0,-448265000.0,1999808000.0,0.0,1053583000.0,1053583000.0,1053583000.0,-33375000.0,0.0,0.24,2937961000.0,1447720000.0,0.0,0.593,1.506,15.234,15.225,1109587000.0,0.0,35.17,3.66,3.66,563202000.0,4169678000.0,4385681000.0,4385681000.0,0.0,0.012,0.099,0.017,0.338,-8512000.0,2024321000.0,1.0,456352243.0,456442000,461043000.0,9.608,78889068000.0,0.0,427512000.0,0.0,172.835,
62,RF,MRT,2005-12-31,2005-12-31,2005-12-31,2021-08-06,-92325000.0,84785600000.0,84735736000.0,,,0.051,23.016,-141545000.0,3216940000.0,3216940000.0,0.0,1000544000.0,,6.988,11937959000.0,,,11937959000.0,0.0,314636000.0,60378367000.0,0.04,1.36,1396405000.0,1711041000.0,0.398,1711041000.0,1396405000.0,1396405000.0,2.17,2.15,2.17,10614283000.0,10661946500.0,10614283000.0,25735952927.0,18.0,15.041,1774682000.0,3.848,1.0,4301463000.0,1.0,5753420000.0,0.0,87753199000.0,88802174250.0,0.0,72124397000.0,,,74171317000.0,,,15642692927.0,530960000.0,0.0,-386515000.0,-1308115000.0,-628610000.0,-612339000.0,-772928000.0,-631383000.0,1916227000.0,0.0,1000544000.0,1000544000.0,1000544000.0,-37837000.0,0.0,0.233,2942895000.0,1358568000.0,0.0,0.627,1.474,15.634,15.742,1122289000.0,0.0,34.16,3.637,3.662,527317000.0,4034905000.0,4301463000.0,4301463000.0,0.0,0.012,0.094,0.016,0.325,0.0,2026985000.0,1.0,457924266.0,461171000,466183000.0,9.327,79032180000.0,0.0,395861000.0,0.0,171.373,
63,RF,MRT,2005-09-30,2005-09-30,2005-09-30,2021-08-06,-63481000.0,84594614000.0,84565945500.0,,,0.053,23.163,-131013000.0,2773353000.0,2773353000.0,0.0,983008000.0,,6.947,12866613000.0,,,12866613000.0,0.0,343096000.0,59465175000.0,0.043,1.353,1410406000.0,1753502000.0,0.393,1753502000.0,1410406000.0,1410406000.0,2.11,2.07,2.11,10645055000.0,10695740000.0,10645055000.0,23614728798.0,17.0,13.467,951933000.0,2.071,1.0,4459167000.0,1.0,5351897000.0,0.0,89335977000.0,89198422750.0,0.0,72782871000.0,,,73949559000.0,,,14330598798.0,410175000.0,6140203000.0,-254922000.0,-1582801000.0,-628145000.0,-5620374000.0,4947603000.0,-1061587000.0,1082946000.0,0.0,983008000.0,983008000.0,983008000.0,0.0,0.0,0.22,3048761000.0,1410406000.0,0.0,0.641,1.346,14.578,14.749,1109922000.0,0.0,31.12,3.214,3.207,539123000.0,3936657000.0,4459167000.0,4459167000.0,0.0,0.012,0.092,0.016,0.316,0.0,2086346000.0,1.0,460494820.0,459563000,464250000.0,9.703,79242717000.0,0.0,427398000.0,0.0,172.431,
64,RF,MRT,2005-06-30,2005-06-30,2005-06-30,2021-08-06,18706000.0,85279098000.0,84436552750.0,,,0.053,23.208,-125564000.0,2795209000.0,2795209000.0,0.0,983198000.0,,6.938,12079339000.0,,,12079339000.0,0.0,307612000.0,60870850000.0,0.04,1.347,1410733000.0,1718345000.0,0.382,1718345000.0,1410733000.0,1410733000.0,2.1,2.07,2.1,10743305000.0,10703298750.0,10743305000.0,25739262182.0,18.0,14.979,196628000.0,0.425,1.0,4493142000.0,1.0,5407636000.0,0.0,89155592000.0,89538402250.0,0.0,73216114000.0,,,74535793000.0,,,15717286182.0,663024000.0,1045695000.0,-86500000.0,-3251133000.0,-625588000.0,-433039000.0,773871000.0,-146260000.0,322192000.0,0.0,981902000.0,981902000.0,981902000.0,0.0,1296000.0,0.219,3081113000.0,1412029000.0,0.0,0.641,1.463,16.007,16.133,1092302000.0,0.0,33.88,3.498,3.491,585716000.0,3836716000.0,4493142000.0,4493142000.0,0.0,0.012,0.092,0.016,0.314,0.0,2065113000.0,1.0,463910454.0,462913000,468193000.0,9.706,79871462000.0,0.0,428831000.0,0.0,172.541,
65,RF,MRT,2005-03-31,2005-03-31,2005-03-31,2021-08-06,-47224000.0,84283632000.0,75555976500.0,,,0.053,22.887,-138113000.0,2625970000.0,2625970000.0,0.0,896871000.0,,6.918,12647946000.0,,,12647946000.0,0.0,277834000.0,59587671000.0,0.041,1.34,1280679000.0,1558513000.0,0.389,1558513000.0,1280679000.0,1280679000.0,2.15,2.12,2.15,10645143000.0,9111121500.0,10645143000.0,25633977634.0,20.0,16.448,1419837000.0,3.053,1.0,4006174000.0,1.0,5341679000.0,0.0,88963929000.0,81234815250.0,0.0,72774526000.0,,,73638489000.0,,,15052779634.0,952947000.0,1045695000.0,-31361000.0,-4972455000.0,-558348000.0,-303859000.0,-301144000.0,-1188726000.0,1557950000.0,0.0,892814000.0,892814000.0,892814000.0,0.0,4057000.0,0.223,2721438000.0,1284736000.0,0.0,0.623,1.414,16.86,15.07,1108469000.0,0.0,32.4,3.757,3.762,592388000.0,3746113000.0,4006174000.0,4006174000.0,0.0,0.012,0.098,0.016,0.32,0.0,1878430000.0,1.0,464591964.0,465122000,470759000.0,8.613,78941953000.0,0.0,387865000.0,0.0,169.723,
66,RF,MRT,2004-12-31,2004-12-31,2004-12-31,2021-08-06,50253000.0,84106438000.0,66679304250.0,,,0.055,29.159,-109041000.0,2685980000.0,2685980000.0,0.0,823765000.0,,6.824,13267178000.0,,,13267178000.0,0.0,246171000.0,58667023000.0,0.037,1.333,1169562000.0,1415733000.0,0.388,1415733000.0,1169562000.0,1169562000.0,2.22,2.19,2.22,10749457000.0,7556450250.0,10749457000.0,28523975840.0,24.0,20.148,963257000.0,2.613,1.0,3646965000.0,1.0,5349443000.0,0.0,89338193000.0,73420748250.0,0.0,72497382000.0,,,73356981000.0,,,16541878840.0,755601000.0,1045695000.0,-56505000.0,-2866329000.0,-489817000.0,-382082000.0,65385000.0,-871269000.0,1072298000.0,0.0,817745000.0,817745000.0,817745000.0,0.0,6020000.0,0.224,2471383000.0,1175582000.0,0.0,0.6,1.539,20.229,16.032,1089094000.0,0.0,35.59,4.536,3.598,509795000.0,3662971000.0,3646965000.0,3646965000.0,0.0,0.012,0.108,0.016,0.321,0.0,1687112000.0,1.0,464790077.0,368656000,373732000.0,9.893,78756995000.0,0.0,351817000.0,0.0,213.633,
67,RF,MRT,2004-09-30,2004-09-30,2004-09-30,2021-08-06,87513000.0,84077043000.0,57802193750.0,,,0.055,23.076,-94752000.0,2427697000.0,2427697000.0,0.0,751058000.0,,6.876,14409794000.0,,,14409794000.0,0.0,185133000.0,56589257000.0,0.038,1.259,1055529000.0,1240662000.0,0.39,1240662000.0,1055529000.0,1055529000.0,2.35,2.32,2.35,10675290000.0,5982114750.0,10675290000.0,22578499610.0,21.0,18.199,1860893000.0,4.023,1.0,3181322000.0,1.0,5363245000.0,0.0,90695895000.0,65031194000.0,0.0,71915051000.0,,,73401753000.0,,,15276621610.0,576641000.0,-4924502000.0,-95070000.0,-2069275000.0,-405549000.0,4343080000.0,-5722084000.0,-702830000.0,1955645000.0,0.0,745038000.0,745038000.0,745038000.0,0.0,6020000.0,0.234,2119773000.0,1061549000.0,0.0,0.536,1.431,20.504,14.068,1096497000.0,0.0,33.06,4.802,4.807,546355000.0,3581794000.0,3181322000.0,3181322000.0,0.0,0.013,0.125,0.016,0.332,0.0,1469619000.0,1.0,462087768.0,462606000,468125000.0,6.877,78713798000.0,0.0,310491000.0,0.0,170.153,
68,RF,MRT,2004-06-30,2004-06-30,2004-06-30,2021-08-06,-40346000.0,49756793000.0,48981486750.0,,,0.056,16.141,-77436000.0,2100815000.0,2100815000.0,0.0,659034000.0,,10.374,9402693000.0,,,9402693000.0,0.0,186578000.0,34436961000.0,0.04,1.185,921464000.0,1108042000.0,0.406,1108042000.0,921464000.0,921464000.0,2.4,2.36,2.4,4374596000.0,4412004250.0,4374596000.0,18047522146.0,20.0,16.288,1723708000.0,6.36,1.0,2728663000.0,1.0,1117427000.0,0.0,55941244000.0,56452623250.0,0.0,44075445000.0,,,45382197000.0,,,8022133146.0,257680000.0,170006000.0,-158646000.0,-2185319000.0,-322650000.0,-282361000.0,-1261103000.0,-1353673000.0,1801144000.0,0.0,654310000.0,654310000.0,654310000.0,0.0,4724000.0,0.24,1802475000.0,926188000.0,0.0,0.494,1.834,12.26,12.331,639822000.0,0.0,29.595,2.94,2.94,559277000.0,3479106000.0,2728663000.0,2728663000.0,0.0,0.013,0.148,0.016,0.338,0.0,1290896000.0,1.0,271062502.0,271024000,274564000.0,10.068,48639366000.0,0.0,267154000.0,0.0,179.465,
69,RF,MRT,2004-03-31,2004-03-31,2004-03-31,2021-08-06,100112000.0,48776943000.0,48929371250.0,,,0.056,16.198,-64133000.0,1667234000.0,1667234000.0,0.0,661776000.0,,10.019,11692623000.0,,,11692623000.0,0.0,184610000.0,31425573000.0,0.037,1.094,926172000.0,1110782000.0,0.403,1110782000.0,926172000.0,926172000.0,2.41,2.37,2.41,4426458000.0,4410930250.0,4426458000.0,16389638341.0,18.0,14.755,426551000.0,1.561,1.0,2756419000.0,1.0,1094671000.0,0.0,57707661000.0,56983776500.0,0.0,43159993000.0,,,44350485000.0,,,8120174341.0,-22869000.0,170006000.0,-157319000.0,962065000.0,-298894000.0,-624184000.0,110631000.0,-15242000.0,490684000.0,0.0,659813000.0,659813000.0,659813000.0,0.0,1963000.0,0.239,1828284000.0,928135000.0,0.0,0.454,1.834,12.307,12.27,631186000.0,0.0,29.571,2.946,2.932,583013000.0,3407590000.0,2756419000.0,2756419000.0,0.0,0.013,0.15,0.016,0.336,0.0,1297165000.0,1.0,274600638.0,273270000,277278000.0,10.087,47682272000.0,0.0,266359000.0,0.0,174.488,
70,RF,MRT,2003-12-31,2003-12-31,2003-12-31,2021-08-06,63540000.0,48597996000.0,48851281750.0,,,0.055,16.236,-54053000.0,1930379000.0,1930379000.0,0.0,651841000.0,,9.916,10199843000.0,,,10199843000.0,0.0,180375000.0,32732535000.0,0.033,1.004,911572000.0,1091947000.0,0.404,1091947000.0,911572000.0,911572000.0,2.38,2.35,2.38,4452115000.0,4372058250.0,4452115000.0,16930044151.0,19.0,15.504,1051411000.0,3.834,1.0,2704434000.0,1.0,1087484000.0,0.0,55779976000.0,56637587250.0,0.0,43002842000.0,,,44145881000.0,,,8264530151.0,-78482000.0,170006000.0,-9652000.0,638392000.0,-275475000.0,-26635000.0,-1157311000.0,-1273264000.0,1105464000.0,0.0,651841000.0,651841000.0,651841000.0,0.0,0.0,0.241,1792862000.0,911572000.0,0.0,0.422,1.856,12.679,12.656,629638000.0,0.0,30.121,3.056,3.054,564628000.0,3329023000.0,2704434000.0,2704434000.0,0.0,0.013,0.149,0.016,0.337,0.0,1282975000.0,1.0,274373514.0,274212000,277930000.0,9.863,47510512000.0,0.0,259731000.0,0.0,173.262,
71,RF,MRT,2003-09-30,2003-09-30,2003-09-30,2021-08-06,86417000.0,48794215000.0,48686492750.0,,,0.056,15.997,-51325000.0,1910526000.0,1910526000.0,0.0,644322000.0,,10.103,10576040000.0,,,10576040000.0,0.0,178305000.0,32616935000.0,0.035,0.98,896301000.0,1074606000.0,0.392,1074606000.0,896301000.0,896301000.0,2.335,2.301,2.335,4394848000.0,4303635000.0,4394848000.0,17218129269.0,19.0,16.023,1196463000.0,4.355,1.0,2738332000.0,1.0,1078117000.0,0.0,56381612000.0,56506303250.0,0.0,43109539000.0,,,44399367000.0,,,7627217269.0,249689000.0,-900000.0,9463000.0,337159000.0,-268641000.0,519168000.0,-1517267000.0,-1465042000.0,1247788000.0,0.0,638878000.0,638878000.0,638878000.0,0.0,5444000.0,0.233,1836587000.0,901745000.0,0.0,0.42,1.735,11.938,11.877,626188000.0,0.0,27.733,2.785,2.782,519647000.0,3236285000.0,2738332000.0,2738332000.0,0.0,0.013,0.148,0.016,0.327,0.0,1290492000.0,1.0,275025207.0,274733000,278648000.0,9.967,47716098000.0,0.0,257423000.0,0.0,173.682,
72,RF,MRT,2003-06-30,2003-06-30,2003-06-30,2021-08-06,140635000.0,49548331000.0,48336313000.0,,,0.056,15.93,-48518000.0,1961650000.0,1961650000.0,0.0,636079000.0,,10.338,11552562000.0,,,11552562000.0,0.0,177485000.0,31866515000.0,0.035,0.955,885302000.0,1062787000.0,0.39,1062787000.0,885302000.0,885302000.0,2.31,2.278,2.31,4370300000.0,4225886750.0,4370300000.0,,,,1311658000.0,4.781,1.0,2723607000.0,1.0,1073386000.0,0.0,58065857000.0,56389470750.0,0.0,43259503000.0,,,45178031000.0,,,7522551806.0,265490000.0,-900000.0,34818000.0,1220410000.0,-261714000.0,1830455000.0,-2925141000.0,-2875723000.0,1360176000.0,0.0,630635000.0,630635000.0,630635000.0,0.0,5444000.0,0.232,1832861000.0,890746000.0,0.0,0.413,1.721,11.929,11.841,623050000.0,0.0,27.352,2.762,2.755,702345000.0,3142722000.0,2723607000.0,2723607000.0,0.0,0.013,0.149,0.016,0.325,0.0,1268016000.0,1.0,275025207.0,274344000,277864000.0,9.928,48474945000.0,0.0,254667000.0,0.0,176.694,
73,RF,MRT,2003-03-31,2003-03-31,2003-03-31,2021-08-06,157113000.0,48464585000.0,47485842000.0,,,0.056,15.606,,1773249000.0,1773249000.0,0.0,624439000.0,,10.347,10695108000.0,,,10695108000.0,0.0,,32369375000.0,0.036,0.947,869580000.0,,,,869580000.0,869580000.0,2.26,2.23,2.26,4270970000.0,4117710250.0,4270970000.0,,,,,,1.0,2644973000.0,1.0,1063540000.0,0.0,56322904000.0,55537901250.0,0.0,42793958000.0,,,44193615000.0,,,,,,,,,,,,,,618995000.0,618995000.0,618995000.0,0.0,5444000.0,0.234,1769949000.0,875024000.0,0.0,0.419,,,11.608,628473000.0,0.0,26.235,,2.715,519932000.0,3044708000.0,2644973000.0,2644973000.0,0.0,0.013,0.15,0.016,0.329,,1230474000.0,1.0,,273680940,276712865.0,9.664,47401045000.0,0.0,250585000.0,0.0,173.198,
74,RF,MRT,2002-12-31,2002-12-31,2002-12-31,2021-08-06,164091000.0,47938840000.0,,,,,15.088,-61589000.0,2215886000.0,2215886000.0,0.0,619902000.0,,10.473,9531886000.0,,,9531886000.0,0.0,165769000.0,32926201000.0,0.035,0.939,863796000.0,1029565000.0,0.397,1029565000.0,863796000.0,863796000.0,2.22,2.19,2.22,4178422000.0,,4178422000.0,,,,1081108000.0,3.904,1.0,2593375000.0,1.0,0.0,0.0,55254840000.0,,0.0,41827051000.0,,,43760418000.0,,,,580183000.0,61225000.0,-329444000.0,612511000.0,-259207000.0,1147826000.0,-1710340000.0,-1709976000.0,1142697000.0,0.0,614458000.0,614458000.0,614458000.0,0.0,5444000.0,0.237,1724135000.0,869240000.0,0.0,0.423,,,12.168,638031000.0,0.0,27.012,,2.885,492657000.0,2952657000.0,2593375000.0,2593375000.0,0.0,,,,0.333,0.0,1193841000.0,1.0,,276936000,281043000.0,9.365,47938840000.0,0.0,249338000.0,0.0,173.104,
75,RF,MRT,2002-09-30,2002-09-30,2002-09-30,2021-08-06,167715000.0,47393496000.0,,,,,14.944,,1692328000.0,1692328000.0,,,,10.605,10213114000.0,,,10213114000.0,0.0,,32174789000.0,0.035,0.931,,,,,,,,,,4083855000.0,,4083855000.0,,,,,,1.0,,,0.0,,55914282000.0,,0.0,41870676000.0,,,43309641000.0,,,,,,,,,,,,,,,,,,,,,,0.0,,,,,642376000.0,,26.453,,,551292000.0,2860604000.0,,,,,,,,,,1.0,,273283270,,,47393496000.0,0.0,,0.0,173.423,
76,RF,MRT,2002-06-30,2002-06-30,2002-06-30,2021-08-06,123493000.0,46146447000.0,,,,,14.178,,1813833000.0,1813833000.0,,,,10.719,10326965000.0,,,10326965000.0,0.0,,31028614000.0,0.024,0.696,,,,,,,,,,3937594000.0,,3937594000.0,,,,,,1.0,,,0.0,,54659579000.0,,0.0,40679551000.0,,,42208853000.0,,,,,,,,,,,,,,,,,,,,,,0.0,,,,,644584000.0,,28.462,,,590089000.0,2768357000.0,,,,,,,,,,1.0,,277724330,,,46146447000.0,0.0,,0.0,166.159,
77,RF,MRT,2001-12-31,2001-12-31,2001-12-31,2021-08-06,,,,,,,,-73163000.0,,,0.0,508934000.0,,,,,,,,176522000.0,,0.037,0.907,717951000.0,894473000.0,0.395,894473000.0,717951000.0,717951000.0,1.83,1.814,1.83,,,,,,,558521000.0,2.012,1.0,2264872000.0,1.0,,0.0,,,,,,,,,,,25719000.0,-19437000.0,-397453000.0,-385342000.0,-250257000.0,-1899012000.0,1293047000.0,1385647000.0,631684000.0,0.0,508934000.0,508934000.0,508934000.0,0.0,0.0,0.225,1546921000.0,717951000.0,,0.496,,,13.292,,0.0,24.324,,2.981,,,2264872000.0,2264872000.0,0.0,,,,0.317,0.0,1054316000.0,1.0,,277594655,280422805.0,8.159,,,209017000.0,,,
