None,ticker,dimension,calendardate,datekey,reportperiod,lastupdated,accoci,assets,assetsavg,assetsc,assetsnc,assetturnover,bvps,capex,cashneq,cashnequsd,cor,consolinc,currentratio,de,debt,debtc,debtnc,debtusd,deferredrev,depamor,deposits,divyield,dps,ebit,ebitda,ebitdamargin,ebitdausd,ebitusd,ebt,eps,epsdil,epsusd,equity,equityavg,equityusd,ev,evebit,evebitda,fcf,fcfps,fxusd,gp,grossmargin,intangibles,intexp,invcap,invcapavg,inventory,investments,investmentsc,investmentsnc,liabilities,liabilitiesc,liabilitiesnc,marketcap,ncf,ncfbus,ncfcommon,ncfdebt,ncfdiv,ncff,ncfi,ncfinv,ncfo,ncfx,netinc,netinccmn,netinccmnusd,netincdis,netincnci,netmargin,opex,opinc,payables,payoutratio,pb,pe,pe1,ppnenet,prefdivis,price,ps,ps1,receivables,retearn,revenue,revenueusd,rnd,roa,roe,roic,ros,sbcomp,sgna,sharefactor,sharesbas,shareswa,shareswadil,sps,tangibles,taxassets,taxexp,taxliabilities,tbvps,workingcapital
0,PCL,MRY,2015-12-31,2015-12-31,2015-12-31,2019-04-29,-36000000.0,4990000000.0,5040000000.0,230000000.0,4760000000.0,0.287,8.451,-85000000.0,88000000.0,88000000.0,1037000000.0,197000000.0,0.343,2.376,3278000000.0,519000000.0,2759000000.0,3278000000.0,23000000.0,133000000.0,0.0,0.037,1.76,357000000.0,490000000.0,0.339,490000000.0,357000000.0,194000000.0,1.12,1.12,1.12,1478000000.0,1533750000.0,1478000000.0,11443132255.0,32.0,23.353,378000000.0,2.161,1.0,408000000.0,0.282,0.0,163000000.0,7510000000.0,7573500000.0,57000000.0,391000000.0,0.0,391000000.0,3512000000.0,670000000.0,2842000000.0,8284132255.0,-4000000.0,-5000000.0,-78000000.0,-15000000.0,-308000000.0,-401000000.0,-66000000.0,33000000.0,463000000.0,0.0,197000000.0,197000000.0,197000000.0,0.0,0.0,0.136,134000000.0,274000000.0,53000000.0,1.571,5.605,42.051,42.607,4304000000.0,0.0,47.72,5.733,5.776,32000000.0,-382000000.0,1445000000.0,1445000000.0,0.0,0.039,0.128,0.047,0.247,0.0,150000000.0,1.0,173598748.0,174900000,175200000.0,8.262,4990000000.0,37000000.0,-3000000.0,10000000.0,28.531,-440000000.0
1,PCL,MRY,2014-12-31,2014-12-31,2014-12-31,2019-04-29,-23000000.0,5187000000.0,5288750000.0,310000000.0,4877000000.0,0.279,9.457,-89000000.0,92000000.0,92000000.0,1054000000.0,214000000.0,0.472,2.104,3293000000.0,534000000.0,2759000000.0,3293000000.0,23000000.0,138000000.0,0.0,0.041,1.76,388000000.0,526000000.0,0.356,526000000.0,388000000.0,222000000.0,1.21,1.21,1.21,1671000000.0,1732500000.0,1671000000.0,10786430362.0,28.0,20.507,368000000.0,2.083,1.0,422000000.0,0.286,0.0,166000000.0,7731000000.0,8149250000.0,61000000.0,391000000.0,0.0,391000000.0,3516000000.0,657000000.0,2859000000.0,7526430362.0,-341000000.0,-9000000.0,-49000000.0,-372000000.0,-312000000.0,-733000000.0,-65000000.0,0.0,457000000.0,0.0,214000000.0,214000000.0,214000000.0,0.0,0.0,0.145,100000000.0,322000000.0,58000000.0,1.455,4.504,35.17,35.364,4418000000.0,0.0,42.79,5.099,5.123,38000000.0,-271000000.0,1476000000.0,1476000000.0,0.0,0.04,0.124,0.048,0.263,0.0,115000000.0,1.0,175892273.0,176700000,177000000.0,8.353,5187000000.0,29000000.0,8000000.0,10000000.0,29.355,-347000000.0
2,PCL,MRY,2013-12-31,2013-12-31,2013-12-31,2019-04-29,1000000.0,5695000000.0,4790750000.0,633000000.0,5062000000.0,0.28,11.13,-529000000.0,433000000.0,433000000.0,920000000.0,214000000.0,1.077,2.109,3664000000.0,467000000.0,3197000000.0,3664000000.0,26000000.0,119000000.0,0.0,0.037,1.74,354000000.0,473000000.0,0.353,473000000.0,354000000.0,213000000.0,1.3,1.3,1.3,1832000000.0,1382500000.0,1832000000.0,10968079868.0,31.0,23.188,-125000000.0,-0.759,1.0,420000000.0,0.313,0.0,141000000.0,8338000000.0,7042250000.0,55000000.0,395000000.0,0.0,395000000.0,3863000000.0,588000000.0,3275000000.0,8228079868.0,77000000.0,0.0,642000000.0,-151000000.0,-290000000.0,202000000.0,-529000000.0,0.0,404000000.0,0.0,214000000.0,214000000.0,214000000.0,0.0,0.0,0.16,125000000.0,295000000.0,53000000.0,1.338,4.491,38.449,35.777,4596000000.0,0.0,46.51,6.14,5.713,29000000.0,-173000000.0,1340000000.0,1340000000.0,0.0,0.045,0.155,0.05,0.264,0.0,123000000.0,1.0,176909909.0,164600000,165000000.0,8.141,5695000000.0,26000000.0,-1000000.0,10000000.0,34.599,45000000.0
3,PCL,MRY,2012-12-31,2012-12-31,2012-12-31,2019-04-29,-32000000.0,4384000000.0,4323750000.0,506000000.0,3878000000.0,0.31,7.573,-166000000.0,356000000.0,356000000.0,943000000.0,203000000.0,1.072,2.585,2950000000.0,352000000.0,2598000000.0,2950000000.0,23000000.0,114000000.0,0.0,0.038,1.68,340000000.0,454000000.0,0.339,454000000.0,340000000.0,200000000.0,1.25,1.25,1.25,1223000000.0,1213750000.0,1223000000.0,9726179033.0,29.0,21.423,187000000.0,1.158,1.0,396000000.0,0.296,0.0,140000000.0,6506000000.0,6266500000.0,49000000.0,243000000.0,0.0,243000000.0,3161000000.0,472000000.0,2689000000.0,7169179033.0,102000000.0,0.0,17000000.0,171000000.0,-272000000.0,-84000000.0,-167000000.0,0.0,353000000.0,0.0,203000000.0,203000000.0,203000000.0,0.0,0.0,0.152,115000000.0,281000000.0,55000000.0,1.344,5.862,35.316,35.496,3577000000.0,0.0,44.37,5.354,5.352,22000000.0,-97000000.0,1339000000.0,1339000000.0,0.0,0.047,0.167,0.054,0.254,0.0,116000000.0,1.0,161577170.0,161500000,161900000.0,8.291,4384000000.0,26000000.0,-3000000.0,9000000.0,27.146,34000000.0
4,PCL,MRY,2011-12-31,2011-12-31,2011-12-31,2019-04-29,-35000000.0,4259000000.0,4249500000.0,453000000.0,3806000000.0,0.275,7.811,-171000000.0,254000000.0,254000000.0,789000000.0,193000000.0,0.556,2.372,2773000000.0,700000000.0,2073000000.0,2773000000.0,27000000.0,96000000.0,0.0,0.046,1.68,331000000.0,427000000.0,0.366,427000000.0,331000000.0,192000000.0,1.19,1.19,1.19,1263000000.0,1312750000.0,1263000000.0,8379313443.0,25.0,19.624,203000000.0,1.255,1.0,378000000.0,0.324,0.0,139000000.0,5963000000.0,6031500000.0,48000000.0,237000000.0,0.0,237000000.0,2996000000.0,815000000.0,2181000000.0,5896313443.0,2000000.0,0.0,-16000000.0,87000000.0,-272000000.0,-201000000.0,-171000000.0,0.0,374000000.0,0.0,193000000.0,193000000.0,193000000.0,0.0,0.0,0.165,103000000.0,275000000.0,45000000.0,1.412,4.668,30.551,30.723,3503000000.0,0.0,36.56,5.053,5.066,28000000.0,-28000000.0,1167000000.0,1167000000.0,0.0,0.045,0.147,0.055,0.284,0.0,106000000.0,1.0,161277720.0,161700000,162000000.0,7.217,4259000000.0,23000000.0,-1000000.0,9000000.0,26.339,-362000000.0
5,PCL,MRY,2010-12-31,2010-12-31,2010-12-31,2019-04-29,-11000000.0,4251000000.0,4332250000.0,410000000.0,3841000000.0,0.275,8.476,-58000000.0,252000000.0,252000000.0,807000000.0,213000000.0,1.093,2.094,2686000000.0,260000000.0,2426000000.0,2686000000.0,25000000.0,96000000.0,0.0,0.045,1.68,352000000.0,448000000.0,0.376,448000000.0,352000000.0,214000000.0,1.31,1.31,1.31,1374000000.0,1409250000.0,1374000000.0,8516290493.0,24.0,19.01,391000000.0,2.412,1.0,383000000.0,0.322,0.0,138000000.0,6310000000.0,6395500000.0,49000000.0,236000000.0,0.0,236000000.0,2877000000.0,375000000.0,2502000000.0,6052290493.0,-47000000.0,0.0,-49000000.0,-117000000.0,-272000000.0,-438000000.0,-58000000.0,-2000000.0,449000000.0,0.0,213000000.0,213000000.0,213000000.0,0.0,0.0,0.179,86000000.0,297000000.0,48000000.0,1.282,4.405,28.415,28.588,3551000000.0,0.0,37.45,5.086,5.101,21000000.0,51000000.0,1190000000.0,1190000000.0,0.0,0.049,0.151,0.055,0.296,0.0,95000000.0,1.0,161609893.0,162100000,162300000.0,7.341,4251000000.0,17000000.0,1000000.0,12000000.0,26.225,35000000.0
6,PCL,MRY,2009-12-31,2009-12-31,2009-12-31,2019-04-29,-19000000.0,4448000000.0,4540000000.0,519000000.0,3929000000.0,0.285,8.977,-61000000.0,299000000.0,299000000.0,889000000.0,236000000.0,1.032,2.034,2783000000.0,375000000.0,2408000000.0,2783000000.0,16000000.0,109000000.0,0.0,0.044,1.68,352000000.0,461000000.0,0.356,461000000.0,352000000.0,205000000.0,1.45,1.44,1.45,1466000000.0,1519500000.0,1466000000.0,8590840441.0,24.0,18.635,479000000.0,2.933,1.0,405000000.0,0.313,0.0,147000000.0,6429000000.0,6712250000.0,46000000.0,234000000.0,0.0,234000000.0,2982000000.0,503000000.0,2479000000.0,6147840441.0,-70000000.0,0.0,-87000000.0,-184000000.0,-275000000.0,-546000000.0,-64000000.0,-3000000.0,540000000.0,0.0,236000000.0,236000000.0,236000000.0,0.0,0.0,0.182,106000000.0,299000000.0,52000000.0,1.159,4.194,26.05,26.041,3643000000.0,0.0,37.76,4.751,4.765,24000000.0,110000000.0,1294000000.0,1294000000.0,0.0,0.052,0.155,0.052,0.272,0.0,106000000.0,1.0,162813571.0,163300000,163400000.0,7.924,4448000000.0,35000000.0,-31000000.0,14000000.0,27.238,16000000.0
7,PCL,MRY,2008-12-31,2008-12-31,2008-12-31,2019-04-29,-31000000.0,4780000000.0,4632000000.0,699000000.0,4081000000.0,0.348,9.231,-189000000.0,369000000.0,369000000.0,1157000000.0,233000000.0,2.277,2.041,2965000000.0,158000000.0,2807000000.0,2965000000.0,17000000.0,135000000.0,0.0,0.048,1.68,354000000.0,489000000.0,0.303,489000000.0,354000000.0,206000000.0,1.37,1.37,1.37,1572000000.0,1738500000.0,1572000000.0,8221313747.0,23.0,16.813,231000000.0,1.356,1.0,457000000.0,0.283,0.0,148000000.0,7069000000.0,6759250000.0,74000000.0,224000000.0,0.0,224000000.0,3208000000.0,307000000.0,2901000000.0,5794313747.0,129000000.0,-9000000.0,-250000000.0,450000000.0,-286000000.0,-86000000.0,-205000000.0,-7000000.0,420000000.0,0.0,233000000.0,233000000.0,233000000.0,0.0,0.0,0.144,129000000.0,328000000.0,63000000.0,1.226,3.686,24.868,25.358,3815000000.0,0.0,34.74,3.59,3.666,22000000.0,149000000.0,1614000000.0,1614000000.0,0.0,0.05,0.134,0.052,0.219,0.0,128000000.0,1.0,166790839.0,170300000,170700000.0,9.477,4780000000.0,34000000.0,-27000000.0,18000000.0,28.068,392000000.0
8,PCL,MRY,2007-12-31,2007-12-31,2007-12-31,2019-04-29,2000000.0,4664000000.0,4583250000.0,456000000.0,4208000000.0,0.365,10.894,-267000000.0,240000000.0,240000000.0,1124000000.0,282000000.0,1.505,1.453,2523000000.0,147000000.0,2376000000.0,2523000000.0,13000000.0,134000000.0,0.0,0.036,1.68,426000000.0,560000000.0,0.334,560000000.0,426000000.0,279000000.0,1.61,1.61,1.61,1901000000.0,1932000000.0,1901000000.0,10243572998.0,24.0,18.292,250000000.0,1.433,1.0,551000000.0,0.329,0.0,147000000.0,6644000000.0,6578250000.0,82000000.0,27000000.0,0.0,27000000.0,2763000000.0,303000000.0,2460000000.0,7931572998.0,-33000000.0,0.0,-194000000.0,200000000.0,-294000000.0,-288000000.0,-262000000.0,0.0,517000000.0,0.0,282000000.0,282000000.0,282000000.0,0.0,0.0,0.168,127000000.0,424000000.0,73000000.0,1.043,4.172,28.126,28.596,4151000000.0,0.0,46.04,4.735,4.796,33000000.0,202000000.0,1675000000.0,1675000000.0,0.0,0.062,0.146,0.065,0.254,0.0,127000000.0,1.0,172275695.0,174500000,175000000.0,9.599,4664000000.0,11000000.0,-3000000.0,23000000.0,26.728,153000000.0
9,PCL,MRY,2006-12-31,2006-12-31,2006-12-31,2019-04-29,-10000000.0,4661000000.0,4759750000.0,513000000.0,4148000000.0,0.342,11.573,-195000000.0,273000000.0,273000000.0,1067000000.0,317000000.0,1.826,1.231,2323000000.0,125000000.0,2198000000.0,2323000000.0,17000000.0,128000000.0,0.0,0.04,1.6,463000000.0,591000000.0,0.363,591000000.0,463000000.0,330000000.0,1.76,1.75,1.76,2089000000.0,2173750000.0,2089000000.0,9055849173.0,20.0,15.323,361000000.0,2.0,1.0,560000000.0,0.344,0.0,133000000.0,6430000000.0,6348500000.0,83000000.0,28000000.0,0.0,28000000.0,2572000000.0,281000000.0,2291000000.0,7054849173.0,-96000000.0,0.0,-256000000.0,93000000.0,-290000000.0,-453000000.0,-199000000.0,-1000000.0,556000000.0,0.0,317000000.0,317000000.0,317000000.0,0.0,0.0,0.195,113000000.0,447000000.0,69000000.0,0.909,3.377,22.255,22.642,4092000000.0,0.0,39.85,4.336,4.421,40000000.0,214000000.0,1627000000.0,1627000000.0,0.0,0.067,0.146,0.073,0.285,0.0,117000000.0,1.0,177035111.0,180500000,180900000.0,9.014,4661000000.0,7000000.0,13000000.0,24000000.0,25.823,232000000.0
10,PCL,MRY,2005-12-31,2005-12-31,2005-12-31,2019-04-29,2000000.0,4812000000.0,4567750000.0,643000000.0,4169000000.0,0.345,12.636,-561000000.0,369000000.0,369000000.0,1033000000.0,354000000.0,1.715,1.07,2230000000.0,211000000.0,2019000000.0,2230000000.0,35000000.0,113000000.0,0.0,0.042,1.52,471000000.0,584000000.0,0.371,584000000.0,471000000.0,362000000.0,1.92,1.92,1.92,2325000000.0,2310750000.0,2325000000.0,8164070923.0,17.0,13.98,-45000000.0,-0.245,1.0,543000000.0,0.345,0.0,109000000.0,6298000000.0,5920250000.0,75000000.0,26000000.0,0.0,26000000.0,2487000000.0,375000000.0,2112000000.0,6635070923.0,22000000.0,0.0,8000000.0,341000000.0,-279000000.0,69000000.0,-563000000.0,0.0,516000000.0,0.0,354000000.0,354000000.0,354000000.0,0.0,0.0,0.225,95000000.0,448000000.0,70000000.0,0.792,2.854,18.743,18.776,4121000000.0,0.0,36.05,4.21,4.209,44000000.0,186000000.0,1576000000.0,1576000000.0,0.0,0.077,0.153,0.08,0.299,0.0,100000000.0,1.0,184051898.0,184000000,184600000.0,8.565,4812000000.0,17000000.0,8000000.0,18000000.0,26.152,268000000.0
11,PCL,MRY,2004-12-31,2004-12-31,2004-12-31,2019-04-29,0.0,4378000000.0,4368000000.0,499000000.0,3879000000.0,0.35,12.214,-90000000.0,347000000.0,347000000.0,970000000.0,362000000.0,2.712,0.954,1885000000.0,32000000.0,1853000000.0,1885000000.0,16000000.0,114000000.0,0.0,0.037,1.42,500000000.0,614000000.0,0.402,614000000.0,500000000.0,389000000.0,1.97,1.97,1.97,2240000000.0,2223000000.0,2240000000.0,8598454517.0,17.0,14.004,492000000.0,2.683,1.0,558000000.0,0.365,0.0,111000000.0,5732000000.0,5761500000.0,71000000.0,29000000.0,0.0,29000000.0,2138000000.0,184000000.0,1954000000.0,7056454517.0,62000000.0,0.0,12000000.0,-181000000.0,-260000000.0,-429000000.0,-91000000.0,0.0,582000000.0,0.0,362000000.0,362000000.0,362000000.0,0.0,0.0,0.237,81000000.0,477000000.0,66000000.0,0.721,3.15,19.493,19.513,3843000000.0,0.0,38.44,4.618,4.614,40000000.0,111000000.0,1528000000.0,1528000000.0,0.0,0.083,0.163,0.087,0.327,0.0,86000000.0,1.0,183570617.0,183400000,184100000.0,8.332,4378000000.0,10000000.0,27000000.0,22000000.0,23.871,315000000.0
12,PCL,MRY,2003-12-31,2003-12-31,2003-12-31,2019-04-29,0.0,4407000000.0,4308750000.0,399000000.0,4008000000.0,0.278,11.56,-246000000.0,267000000.0,267000000.0,816000000.0,192000000.0,2.463,1.08,2064000000.0,33000000.0,2031000000.0,2064000000.0,16000000.0,108000000.0,0.0,0.046,1.4,303000000.0,411000000.0,0.344,411000000.0,303000000.0,186000000.0,1.05,1.04,1.05,2119000000.0,2135250000.0,2119000000.0,7254196288.0,24.0,17.65,139000000.0,0.758,1.0,380000000.0,0.318,0.0,117000000.0,6042000000.0,5849250000.0,54000000.0,26000000.0,0.0,26000000.0,2288000000.0,162000000.0,2126000000.0,5572196288.0,29000000.0,0.0,-42000000.0,190000000.0,-257000000.0,-109000000.0,-247000000.0,0.0,385000000.0,0.0,192000000.0,192000000.0,192000000.0,0.0,0.0,0.161,77000000.0,303000000.0,57000000.0,1.333,2.63,29.022,29.0,3977000000.0,0.0,30.45,4.659,4.667,34000000.0,9000000.0,1196000000.0,1196000000.0,0.0,0.045,0.09,0.052,0.253,0.0,77000000.0,1.0,182994952.0,183300000,183900000.0,6.525,4407000000.0,11000000.0,-6000000.0,15000000.0,24.043,237000000.0
13,PCL,MRY,2002-12-31,2002-12-31,2002-12-31,2019-04-29,0.0,4289000000.0,4223250000.0,378000000.0,3911000000.0,0.269,12.03,-249000000.0,246000000.0,246000000.0,724000000.0,233000000.0,2.471,0.93,1872000000.0,33000000.0,1839000000.0,1872000000.0,18000000.0,106000000.0,0.0,0.063,1.49,338000000.0,444000000.0,0.391,444000000.0,338000000.0,235000000.0,1.26,1.26,1.26,2222000000.0,2259500000.0,2222000000.0,5824710514.0,17.0,13.119,120000000.0,0.65,1.0,413000000.0,0.363,0.0,103000000.0,5762000000.0,5549750000.0,58000000.0,10000000.0,10000000.0,0.0,2067000000.0,153000000.0,1914000000.0,4362710514.0,51000000.0,0.0,18000000.0,191000000.0,-275000000.0,-66000000.0,-252000000.0,0.0,369000000.0,0.0,233000000.0,233000000.0,233000000.0,0.0,0.0,0.205,75000000.0,338000000.0,48000000.0,1.183,1.963,18.724,18.73,3906000000.0,0.0,23.6,3.837,3.834,33000000.0,23000000.0,1137000000.0,1137000000.0,0.0,0.055,0.103,0.061,0.297,0.0,75000000.0,1.0,184860615.0,184700000,185400000.0,6.156,4289000000.0,11000000.0,2000000.0,11000000.0,23.221,225000000.0
14,PCL,MRY,2001-12-31,2001-12-31,2001-12-31,2019-04-29,0.0,4122000000.0,2070646000.0,306000000.0,3816000000.0,0.289,17.351,-93000000.0,193000000.0,193000000.0,292000000.0,338000000.0,2.054,0.834,1681000000.0,34000000.0,1647000000.0,1681000000.0,14000000.0,55000000.0,0.0,0.101,2.85,250000000.0,305000000.0,0.51,305000000.0,250000000.0,196000000.0,2.61,2.58,2.61,2247000000.0,933833500.0,2247000000.0,5828679454.0,23.0,19.11,130000000.0,1.004,1.0,306000000.0,0.512,0.0,54000000.0,5461000000.0,2723081000.0,56000000.0,12000000.0,12000000.0,0.0,1875000000.0,149000000.0,1726000000.0,5177405454.0,193000000.0,159000000.0,32000000.0,206000000.0,-209000000.0,-101000000.0,71000000.0,0.0,223000000.0,0.0,338000000.0,338000000.0,338000000.0,0.0,0.0,0.565,56000000.0,250000000.0,48000000.0,1.092,2.304,15.318,10.862,3796000000.0,0.0,28.35,8.658,6.139,31000000.0,17000000.0,598000000.0,598000000.0,0.0,0.163,0.362,0.092,0.418,0.0,56000000.0,1.0,182624531.0,129500000,130700000.0,4.618,4122000000.0,2000000.0,-142000000.0,9000000.0,31.83,157000000.0
15,PCL,MRY,2000-12-31,2000-12-31,2000-12-31,2019-04-29,0.0,1619000000.0,1434878000.0,26000000.0,1593000000.0,0.344,1.287,-135000000.0,0.0,0.0,152000000.0,162000000.0,0.542,10.166,1009000000.0,0.0,1009000000.0,1009000000.0,0.0,27000000.0,0.0,0.088,2.28,303000000.0,330000000.0,0.669,330000000.0,303000000.0,259000000.0,1.44,1.42,1.44,145000000.0,339023500.0,145000000.0,2318132234.0,8.0,7.025,458000000.0,4.064,1.0,341000000.0,0.692,0.0,44000000.0,2580000000.0,2145120000.0,2000000.0,364000000.0,12000000.0,352000000.0,1474000000.0,48000000.0,1426000000.0,1782872234.0,0.0,0.0,0.0,-310000000.0,0.0,-454000000.0,-139000000.0,0.0,593000000.0,0.0,162000000.0,162000000.0,162000000.0,0.0,0.0,0.329,38000000.0,303000000.0,11000000.0,1.583,12.296,11.005,18.056,1238000000.0,0.0,26.0,3.616,5.944,1000000.0,0.0,493000000.0,493000000.0,0.0,0.113,0.478,0.141,0.615,0.0,38000000.0,1.0,68572009.0,112700000,113900000.0,4.374,1619000000.0,0.0,97000000.0,0.0,14.366,-22000000.0
16,PCL,MRY,1999-12-31,1999-12-31,1999-12-31,2019-04-29,0.0,1250756000.0,,133316000.0,1117440000.0,,4.73,-113000000.0,115389000.0,115389000.0,262000000.0,398000000.0,1.797,1.346,649077000.0,6127000.0,642950000.0,649077000.0,8556000.0,41000000.0,0.0,0.091,2.28,723000000.0,764000000.0,0.743,764000000.0,723000000.0,654000000.0,3.53,3.49,3.53,533047000.0,,533047000.0,,,,203000000.0,1.801,1.0,766000000.0,0.745,0.0,69000000.0,1710240000.0,,0.0,100202000.0,0.0,100202000.0,717709000.0,74204000.0,643505000.0,,0.0,0.0,0.0,-13000000.0,0.0,-203000000.0,-113000000.0,0.0,316000000.0,0.0,398000000.0,398000000.0,398000000.0,0.0,0.0,0.387,43000000.0,723000000.0,29145000.0,0.646,,,7.082,1011727000.0,0.0,25.0,,2.741,828000.0,9586000.0,1028000000.0,1028000000.0,0.0,,,,0.703,0.0,43000000.0,1.0,,112700000,113900000.0,9.122,1250756000.0,0.0,256000000.0,2034000.0,11.098,59112000.0
17,PCL,MRY,1998-12-31,1998-12-31,1998-12-31,2019-04-29,,,,,,,,-54927000.0,,,542653000.0,75436000.0,,,,,,,,69287000.0,,0.087,2.26,136575000.0,205862000.0,0.279,205862000.0,136575000.0,75953000.0,0.9,0.9,0.9,,,,,,,109077000.0,2.355,1.0,194004000.0,0.263,,60622000.0,,,,,,,,,,,-21588000.0,-12353000.0,0.0,20600000.0,-140358000.0,-119758000.0,-65834000.0,0.0,164004000.0,0.0,75436000.0,41723000.0,41723000.0,0.0,0.0,0.057,58485000.0,135519000.0,,2.511,,,28.956,,33713000.0,26.06,,1.639,,,736657000.0,736657000.0,0.0,,,,0.185,0.0,52917000.0,,,46323000,46323000.0,15.903,,,517000.0,,,
0,PCL,MRQ,2015-12-31,2015-12-31,2015-12-31,2019-04-29,-36000000.0,4990000000.0,,230000000.0,4760000000.0,,8.451,-17000000.0,88000000.0,88000000.0,230000000.0,34000000.0,0.343,2.376,3278000000.0,519000000.0,2759000000.0,3278000000.0,23000000.0,34000000.0,0.0,0.037,0.44,70000000.0,104000000.0,0.322,104000000.0,70000000.0,31000000.0,0.18,0.18,0.18,1478000000.0,,1478000000.0,11443132255.0,32.0,23.353,24000000.0,0.137,1.0,93000000.0,0.288,0.0,39000000.0,7510000000.0,,57000000.0,391000000.0,0.0,391000000.0,3512000000.0,670000000.0,2842000000.0,8284132255.0,7000000.0,0.0,23000000.0,38000000.0,-76000000.0,-15000000.0,-19000000.0,32000000.0,41000000.0,0.0,34000000.0,34000000.0,34000000.0,0.0,0.0,0.105,40000000.0,53000000.0,53000000.0,2.444,5.605,42.051,42.607,4304000000.0,0.0,47.72,5.733,5.776,32000000.0,-382000000.0,323000000.0,323000000.0,0.0,,,,,0.0,50000000.0,1.0,173598748.0,174900000,175200000.0,1.847,4990000000.0,37000000.0,-3000000.0,10000000.0,28.531,-440000000.0
1,PCL,MRQ,2015-09-30,2015-09-30,2015-09-30,2019-04-29,-25000000.0,5004000000.0,,244000000.0,4760000000.0,,8.64,-23000000.0,81000000.0,81000000.0,265000000.0,100000000.0,0.385,2.323,3240000000.0,481000000.0,2759000000.0,3240000000.0,30000000.0,34000000.0,0.0,0.045,0.44,140000000.0,174000000.0,0.42,174000000.0,140000000.0,99000000.0,0.58,0.58,0.58,1506000000.0,,1506000000.0,10126555947.0,25.0,18.858,172000000.0,0.987,1.0,149000000.0,0.36,0.0,41000000.0,7530000000.0,,59000000.0,369000000.0,0.0,369000000.0,3498000000.0,633000000.0,2865000000.0,6903555947.0,-2000000.0,-3000000.0,-50000000.0,-66000000.0,-77000000.0,-193000000.0,-4000000.0,0.0,195000000.0,0.0,100000000.0,100000000.0,100000000.0,0.0,0.0,0.242,34000000.0,115000000.0,57000000.0,0.759,4.584,29.886,29.707,4320000000.0,0.0,39.51,4.454,4.443,43000000.0,-340000000.0,414000000.0,414000000.0,0.0,,,,,0.0,35000000.0,1.0,174729333.0,174300000,174600000.0,2.375,5004000000.0,34000000.0,-1000000.0,17000000.0,28.709,-389000000.0
2,PCL,MRQ,2015-06-30,2015-06-30,2015-06-30,2019-04-29,-23000000.0,5080000000.0,,263000000.0,4817000000.0,,8.735,-31000000.0,83000000.0,83000000.0,227000000.0,21000000.0,0.383,2.314,3306000000.0,547000000.0,2759000000.0,3306000000.0,34000000.0,32000000.0,0.0,0.043,0.44,64000000.0,96000000.0,0.318,96000000.0,64000000.0,22000000.0,0.12,0.12,0.12,1533000000.0,,1533000000.0,10285160127.0,28.0,20.407,45000000.0,0.256,1.0,75000000.0,0.248,0.0,42000000.0,7617000000.0,,56000000.0,401000000.0,0.0,401000000.0,3547000000.0,686000000.0,2861000000.0,7125160127.0,-11000000.0,0.0,-31000000.0,52000000.0,-78000000.0,-57000000.0,-30000000.0,0.0,76000000.0,0.0,21000000.0,21000000.0,21000000.0,0.0,0.0,0.07,30000000.0,45000000.0,53000000.0,3.667,4.648,37.11,37.22,4349000000.0,0.0,40.57,4.716,4.712,43000000.0,-363000000.0,302000000.0,302000000.0,0.0,,,,,0.0,32000000.0,1.0,175626328.0,175500000,175700000.0,1.721,5080000000.0,31000000.0,1000000.0,15000000.0,28.946,-423000000.0
3,PCL,MRQ,2015-03-31,2015-03-31,2015-03-31,2019-04-29,-24000000.0,5086000000.0,,275000000.0,4811000000.0,,9.198,-14000000.0,94000000.0,94000000.0,315000000.0,42000000.0,0.452,2.143,3254000000.0,495000000.0,2759000000.0,3254000000.0,16000000.0,33000000.0,0.0,0.041,0.44,83000000.0,116000000.0,0.286,116000000.0,83000000.0,42000000.0,0.24,0.24,0.24,1618000000.0,,1618000000.0,10850765940.0,27.0,20.131,137000000.0,0.779,1.0,91000000.0,0.224,0.0,41000000.0,7637000000.0,,59000000.0,383000000.0,0.0,383000000.0,3468000000.0,609000000.0,2859000000.0,7649765940.0,2000000.0,-2000000.0,-20000000.0,-39000000.0,-77000000.0,-136000000.0,-13000000.0,1000000.0,151000000.0,0.0,42000000.0,42000000.0,42000000.0,0.0,0.0,0.103,30000000.0,61000000.0,44000000.0,1.833,4.728,33.849,33.945,4364000000.0,0.0,43.45,4.888,4.884,47000000.0,-306000000.0,406000000.0,406000000.0,0.0,,,,,0.0,33000000.0,1.0,176059055.0,175900000,176200000.0,2.308,5086000000.0,29000000.0,0.0,10000000.0,28.914,-334000000.0
4,PCL,MRQ,2014-12-31,2014-12-31,2014-12-31,2019-04-29,-23000000.0,5187000000.0,,310000000.0,4877000000.0,,9.457,-24000000.0,92000000.0,92000000.0,309000000.0,68000000.0,0.472,2.104,3293000000.0,534000000.0,2759000000.0,3293000000.0,23000000.0,37000000.0,0.0,0.041,0.44,114000000.0,151000000.0,0.353,151000000.0,114000000.0,72000000.0,0.39,0.39,0.39,1671000000.0,,1671000000.0,10786430362.0,28.0,20.507,111000000.0,0.628,1.0,119000000.0,0.278,0.0,42000000.0,7731000000.0,,61000000.0,391000000.0,0.0,391000000.0,3516000000.0,657000000.0,2859000000.0,7526430362.0,2000000.0,0.0,1000000.0,-57000000.0,-78000000.0,-134000000.0,1000000.0,0.0,135000000.0,0.0,68000000.0,68000000.0,68000000.0,0.0,0.0,0.159,27000000.0,92000000.0,58000000.0,1.128,4.504,35.17,35.364,4418000000.0,0.0,42.79,5.099,5.123,38000000.0,-271000000.0,428000000.0,428000000.0,0.0,,,,,0.0,33000000.0,1.0,175892273.0,176700000,177000000.0,2.422,5187000000.0,29000000.0,4000000.0,10000000.0,29.355,-347000000.0
5,PCL,MRQ,2014-09-30,2014-09-30,2014-09-30,2019-04-29,3000000.0,5277000000.0,,248000000.0,5029000000.0,,9.638,-25000000.0,90000000.0,90000000.0,266000000.0,61000000.0,0.844,2.097,3350000000.0,152000000.0,3198000000.0,3350000000.0,29000000.0,35000000.0,0.0,0.045,0.44,106000000.0,141000000.0,0.376,141000000.0,106000000.0,65000000.0,0.34,0.34,0.34,1704000000.0,,1704000000.0,10151644222.0,29.0,20.974,108000000.0,0.611,1.0,109000000.0,0.291,0.0,41000000.0,8243000000.0,,59000000.0,388000000.0,0.0,388000000.0,3573000000.0,294000000.0,3279000000.0,6909644221.0,-17000000.0,-5000000.0,-49000000.0,0.0,-78000000.0,-127000000.0,-23000000.0,0.0,133000000.0,0.0,61000000.0,61000000.0,61000000.0,0.0,0.0,0.163,18000000.0,91000000.0,56000000.0,1.294,4.055,37.149,37.152,4567000000.0,0.0,39.01,5.011,5.001,44000000.0,-261000000.0,375000000.0,375000000.0,0.0,,,,,0.0,23000000.0,1.0,177124948.0,176800000,177100000.0,2.121,5277000000.0,24000000.0,4000000.0,17000000.0,29.847,-46000000.0
6,PCL,MRQ,2014-06-30,2014-06-30,2014-06-30,2019-04-29,1000000.0,5337000000.0,,283000000.0,5054000000.0,,9.977,-24000000.0,107000000.0,107000000.0,247000000.0,55000000.0,0.969,2.02,3349000000.0,152000000.0,3197000000.0,3349000000.0,36000000.0,34000000.0,0.0,0.039,0.44,97000000.0,131000000.0,0.368,131000000.0,97000000.0,55000000.0,0.31,0.31,0.31,1767000000.0,,1767000000.0,11260053819.0,32.0,23.217,108000000.0,0.61,1.0,109000000.0,0.306,0.0,42000000.0,8287000000.0,,51000000.0,400000000.0,0.0,400000000.0,3570000000.0,292000000.0,3278000000.0,7987053819.0,3000000.0,0.0,0.0,-28000000.0,-78000000.0,-106000000.0,-23000000.0,0.0,132000000.0,0.0,55000000.0,55000000.0,55000000.0,0.0,0.0,0.154,27000000.0,82000000.0,53000000.0,1.419,4.52,40.543,39.217,4579000000.0,0.0,45.1,5.83,5.83,44000000.0,-244000000.0,356000000.0,356000000.0,0.0,,,,,0.0,30000000.0,1.0,177096537.0,177100000,177400000.0,2.01,5337000000.0,26000000.0,0.0,14000000.0,30.136,-9000000.0
7,PCL,MRQ,2014-03-31,2014-03-31,2014-03-31,2019-04-29,2000000.0,5354000000.0,,302000000.0,5052000000.0,,10.102,-16000000.0,104000000.0,104000000.0,232000000.0,30000000.0,1.038,1.994,3377000000.0,180000000.0,3197000000.0,3377000000.0,18000000.0,32000000.0,0.0,0.042,0.44,71000000.0,103000000.0,0.325,103000000.0,71000000.0,30000000.0,0.17,0.17,0.17,1788000000.0,,1788000000.0,10676034745.0,32.0,23.31,41000000.0,0.232,1.0,85000000.0,0.268,0.0,41000000.0,8336000000.0,,57000000.0,386000000.0,0.0,386000000.0,3566000000.0,291000000.0,3275000000.0,7445034745.0,-329000000.0,-4000000.0,-1000000.0,-287000000.0,-78000000.0,-366000000.0,-20000000.0,0.0,57000000.0,0.0,30000000.0,30000000.0,30000000.0,0.0,0.0,0.095,28000000.0,57000000.0,42000000.0,2.588,4.164,39.601,37.536,4590000000.0,0.0,42.04,5.653,5.65,44000000.0,-221000000.0,317000000.0,317000000.0,0.0,,,,,0.0,29000000.0,1.0,177094071.0,177000000,177300000.0,1.791,5354000000.0,26000000.0,0.0,11000000.0,30.249,11000000.0
8,PCL,MRQ,2013-12-31,2013-12-31,2013-12-31,2019-04-29,1000000.0,5695000000.0,,633000000.0,5062000000.0,,11.13,-242000000.0,433000000.0,433000000.0,233000000.0,40000000.0,1.077,2.109,3664000000.0,467000000.0,3197000000.0,3664000000.0,26000000.0,33000000.0,0.0,0.037,0.44,76000000.0,109000000.0,0.329,109000000.0,76000000.0,39000000.0,0.23,0.23,0.23,1832000000.0,,1832000000.0,10968079868.0,31.0,23.188,-158000000.0,-0.96,1.0,98000000.0,0.296,0.0,37000000.0,8338000000.0,,55000000.0,395000000.0,0.0,395000000.0,3863000000.0,588000000.0,3275000000.0,8228079868.0,-6000000.0,0.0,609000000.0,-380000000.0,-78000000.0,152000000.0,-242000000.0,0.0,84000000.0,0.0,40000000.0,40000000.0,40000000.0,0.0,0.0,0.121,34000000.0,64000000.0,53000000.0,1.913,4.491,38.449,35.777,4596000000.0,0.0,46.51,6.14,5.713,29000000.0,-173000000.0,331000000.0,331000000.0,0.0,,,,,0.0,34000000.0,1.0,176909909.0,164600000,165000000.0,2.011,5695000000.0,26000000.0,-1000000.0,10000000.0,34.599,45000000.0
9,PCL,MRQ,2013-09-30,2013-09-30,2013-09-30,2019-04-29,-27000000.0,4631000000.0,,590000000.0,4041000000.0,,7.546,-178000000.0,439000000.0,439000000.0,244000000.0,72000000.0,0.832,2.765,3179000000.0,581000000.0,2598000000.0,3179000000.0,29000000.0,35000000.0,0.0,0.037,0.44,107000000.0,142000000.0,0.388,142000000.0,107000000.0,73000000.0,0.44,0.44,0.44,1230000000.0,,1230000000.0,10302875274.0,26.0,20.402,2000000.0,0.012,1.0,122000000.0,0.333,0.0,34000000.0,6662000000.0,,53000000.0,237000000.0,0.0,237000000.0,3401000000.0,709000000.0,2692000000.0,7632875274.0,84000000.0,0.0,0.0,154000000.0,-72000000.0,82000000.0,-178000000.0,0.0,180000000.0,0.0,72000000.0,72000000.0,72000000.0,0.0,0.0,0.197,31000000.0,91000000.0,52000000.0,1.0,6.206,30.169,30.019,3513000000.0,0.0,46.83,5.6,5.6,35000000.0,-135000000.0,366000000.0,366000000.0,0.0,,,,,0.0,28000000.0,1.0,162991144.0,163000000,163400000.0,2.245,4631000000.0,27000000.0,1000000.0,16000000.0,28.411,-119000000.0
10,PCL,MRQ,2013-06-30,2013-06-30,2013-06-30,2019-04-29,-27000000.0,4465000000.0,,538000000.0,3927000000.0,,7.538,-93000000.0,355000000.0,355000000.0,213000000.0,46000000.0,0.982,2.636,3025000000.0,427000000.0,2598000000.0,3025000000.0,33000000.0,25000000.0,0.0,0.036,0.44,79000000.0,104000000.0,0.343,104000000.0,79000000.0,44000000.0,0.28,0.28,0.28,1228000000.0,,1228000000.0,10253776262.0,27.0,21.055,46000000.0,0.282,1.0,90000000.0,0.297,0.0,35000000.0,6587000000.0,,49000000.0,250000000.0,0.0,250000000.0,3237000000.0,548000000.0,2689000000.0,7599776262.0,59000000.0,0.0,10000000.0,75000000.0,-72000000.0,13000000.0,-93000000.0,0.0,139000000.0,0.0,46000000.0,46000000.0,46000000.0,0.0,0.0,0.152,28000000.0,62000000.0,43000000.0,1.571,6.189,31.666,31.534,3538000000.0,0.0,46.67,5.625,5.627,40000000.0,-135000000.0,303000000.0,303000000.0,0.0,,,,,0.0,29000000.0,1.0,162840717.0,162900000,163400000.0,1.86,4465000000.0,27000000.0,-2000000.0,13000000.0,27.409,-10000000.0
11,PCL,MRQ,2013-03-31,2013-03-31,2013-03-31,2019-04-29,-29000000.0,4372000000.0,,505000000.0,3867000000.0,,7.64,-16000000.0,296000000.0,296000000.0,230000000.0,56000000.0,1.137,2.526,2950000000.0,352000000.0,2598000000.0,2950000000.0,16000000.0,26000000.0,0.0,0.032,0.42,92000000.0,118000000.0,0.347,118000000.0,92000000.0,57000000.0,0.35,0.35,0.35,1240000000.0,,1240000000.0,11067538304.0,30.0,22.962,-15000000.0,-0.092,1.0,110000000.0,0.324,0.0,35000000.0,6582000000.0,,55000000.0,232000000.0,0.0,232000000.0,3132000000.0,444000000.0,2688000000.0,8473538304.0,-60000000.0,0.0,23000000.0,0.0,-68000000.0,-45000000.0,-16000000.0,0.0,1000000.0,0.0,56000000.0,56000000.0,56000000.0,0.0,0.0,0.165,32000000.0,78000000.0,33000000.0,1.2,6.833,36.841,36.761,3496000000.0,0.0,52.2,6.314,6.313,40000000.0,-109000000.0,340000000.0,340000000.0,0.0,,,,,0.0,32000000.0,1.0,162328320.0,162300000,162800000.0,2.095,4372000000.0,25000000.0,1000000.0,10000000.0,26.938,61000000.0
12,PCL,MRQ,2012-12-31,2012-12-31,2012-12-31,2019-04-29,-32000000.0,4384000000.0,,506000000.0,3878000000.0,,7.573,-96000000.0,356000000.0,356000000.0,227000000.0,79000000.0,1.072,2.585,2950000000.0,352000000.0,2598000000.0,2950000000.0,23000000.0,27000000.0,0.0,0.038,0.42,114000000.0,141000000.0,0.398,141000000.0,114000000.0,78000000.0,0.49,0.49,0.49,1223000000.0,,1223000000.0,9726179033.0,29.0,21.423,20000000.0,0.124,1.0,127000000.0,0.359,0.0,36000000.0,6506000000.0,,49000000.0,243000000.0,0.0,243000000.0,3161000000.0,472000000.0,2689000000.0,7169179033.0,36000000.0,0.0,13000000.0,71000000.0,-68000000.0,16000000.0,-96000000.0,0.0,116000000.0,0.0,79000000.0,79000000.0,79000000.0,0.0,0.0,0.223,30000000.0,97000000.0,55000000.0,0.857,5.862,35.316,35.496,3577000000.0,0.0,44.37,5.354,5.352,22000000.0,-97000000.0,354000000.0,354000000.0,0.0,,,,,0.0,30000000.0,1.0,161577170.0,161500000,161900000.0,2.192,4384000000.0,26000000.0,-1000000.0,9000000.0,27.146,34000000.0
13,PCL,MRQ,2012-09-30,2012-09-30,2012-09-30,2019-04-29,-30000000.0,4303000000.0,,472000000.0,3831000000.0,,7.424,-22000000.0,320000000.0,320000000.0,244000000.0,59000000.0,0.72,2.589,2877000000.0,527000000.0,2350000000.0,2877000000.0,31000000.0,31000000.0,0.0,0.038,0.42,93000000.0,124000000.0,0.35,124000000.0,93000000.0,58000000.0,0.36,0.36,0.36,1199000000.0,,1199000000.0,9698174721.0,30.0,22.346,126000000.0,0.78,1.0,110000000.0,0.311,0.0,35000000.0,6204000000.0,,49000000.0,225000000.0,0.0,225000000.0,3104000000.0,656000000.0,2448000000.0,7081174721.0,60000000.0,0.0,2000000.0,0.0,-68000000.0,-66000000.0,-22000000.0,0.0,148000000.0,0.0,59000000.0,59000000.0,59000000.0,0.0,0.0,0.167,31000000.0,79000000.0,48000000.0,1.167,5.906,38.277,38.456,3551000000.0,0.0,43.84,5.447,5.446,39000000.0,-108000000.0,354000000.0,354000000.0,0.0,,,,,0.0,31000000.0,1.0,161523146.0,161500000,161900000.0,2.192,4303000000.0,24000000.0,-1000000.0,16000000.0,26.644,-184000000.0
14,PCL,MRQ,2012-06-30,2012-06-30,2012-06-30,2019-04-29,-32000000.0,4294000000.0,,439000000.0,3855000000.0,,7.443,-28000000.0,260000000.0,260000000.0,213000000.0,36000000.0,0.589,2.572,2877000000.0,627000000.0,2250000000.0,2877000000.0,36000000.0,29000000.0,0.0,0.042,0.42,70000000.0,99000000.0,0.337,99000000.0,70000000.0,36000000.0,0.22,0.22,0.22,1202000000.0,,1202000000.0,9015260587.0,29.0,21.516,55000000.0,0.341,1.0,81000000.0,0.276,0.0,34000000.0,6166000000.0,,46000000.0,238000000.0,0.0,238000000.0,3092000000.0,745000000.0,2347000000.0,6411260587.0,-13000000.0,0.0,0.0,0.0,-68000000.0,-68000000.0,-28000000.0,0.0,83000000.0,0.0,36000000.0,36000000.0,36000000.0,0.0,0.0,0.122,26000000.0,55000000.0,35000000.0,1.909,5.334,36.428,36.422,3562000000.0,0.0,39.7,5.175,5.175,36000000.0,-99000000.0,294000000.0,294000000.0,0.0,,,,,0.0,27000000.0,1.0,161492710.0,161500000,161700000.0,1.82,4294000000.0,24000000.0,0.0,13000000.0,26.588,-306000000.0
15,PCL,MRQ,2012-03-31,2012-03-31,2012-03-31,2019-04-29,-32000000.0,4314000000.0,,424000000.0,3890000000.0,,7.627,-20000000.0,273000000.0,273000000.0,259000000.0,29000000.0,0.582,2.504,2877000000.0,627000000.0,2250000000.0,2877000000.0,23000000.0,27000000.0,0.0,0.04,0.42,63000000.0,90000000.0,0.267,90000000.0,63000000.0,28000000.0,0.18,0.18,0.18,1231000000.0,,1231000000.0,9227071180.0,29.0,21.917,-14000000.0,-0.087,1.0,78000000.0,0.231,0.0,35000000.0,6190000000.0,,50000000.0,224000000.0,0.0,224000000.0,3083000000.0,728000000.0,2355000000.0,6708071180.0,19000000.0,0.0,2000000.0,100000000.0,-68000000.0,34000000.0,-21000000.0,0.0,6000000.0,0.0,29000000.0,29000000.0,29000000.0,0.0,0.0,0.086,28000000.0,50000000.0,34000000.0,2.333,5.449,36.457,36.456,3610000000.0,0.0,41.56,5.458,5.458,38000000.0,-67000000.0,337000000.0,337000000.0,0.0,,,,,0.0,28000000.0,1.0,161406910.0,161400000,161700000.0,2.088,4314000000.0,24000000.0,-1000000.0,11000000.0,26.729,-304000000.0
16,PCL,MRQ,2011-12-31,2011-12-31,2011-12-31,2019-04-29,-35000000.0,4259000000.0,,453000000.0,3806000000.0,,7.84,-40000000.0,254000000.0,254000000.0,203000000.0,61000000.0,0.556,2.372,2773000000.0,700000000.0,2073000000.0,2773000000.0,27000000.0,26000000.0,0.0,0.046,0.42,95000000.0,121000000.0,0.384,121000000.0,95000000.0,60000000.0,0.38,0.38,0.38,1263000000.0,,1263000000.0,8379313443.0,25.0,19.624,40000000.0,0.248,1.0,112000000.0,0.356,0.0,35000000.0,5963000000.0,,48000000.0,237000000.0,0.0,237000000.0,2996000000.0,815000000.0,2181000000.0,5896313443.0,-37000000.0,0.0,-9000000.0,0.0,-68000000.0,-77000000.0,-40000000.0,0.0,80000000.0,0.0,61000000.0,61000000.0,61000000.0,0.0,0.0,0.194,29000000.0,83000000.0,45000000.0,1.105,4.668,30.551,30.723,3503000000.0,0.0,36.56,5.053,5.066,28000000.0,-28000000.0,315000000.0,315000000.0,0.0,,,,,0.0,29000000.0,1.0,161277720.0,161100000,161400000.0,1.955,4259000000.0,23000000.0,-1000000.0,9000000.0,26.437,-362000000.0
17,PCL,MRQ,2011-09-30,2011-09-30,2011-09-30,2019-04-29,-11000000.0,4282000000.0,,427000000.0,3855000000.0,,8.036,-91000000.0,291000000.0,291000000.0,200000000.0,50000000.0,0.518,2.291,2774000000.0,697000000.0,2077000000.0,2774000000.0,33000000.0,26000000.0,0.0,0.048,0.42,83000000.0,109000000.0,0.372,109000000.0,83000000.0,49000000.0,0.31,0.31,0.31,1301000000.0,,1301000000.0,8067506535.0,24.0,18.982,46000000.0,0.284,1.0,93000000.0,0.317,0.0,34000000.0,5941000000.0,,44000000.0,225000000.0,0.0,225000000.0,2981000000.0,824000000.0,2157000000.0,5622506535.0,38000000.0,0.0,-15000000.0,75000000.0,-68000000.0,-8000000.0,-91000000.0,0.0,137000000.0,0.0,50000000.0,50000000.0,50000000.0,0.0,0.0,0.171,24000000.0,69000000.0,43000000.0,1.355,4.322,29.437,29.667,3583000000.0,0.0,34.71,4.654,4.652,36000000.0,-21000000.0,293000000.0,293000000.0,0.0,,,,,0.0,24000000.0,1.0,161985207.0,161900000,162200000.0,1.81,4282000000.0,15000000.0,-1000000.0,17000000.0,26.448,-397000000.0
18,PCL,MRQ,2011-06-30,2011-06-30,2011-06-30,2019-04-29,-9000000.0,4240000000.0,,426000000.0,3814000000.0,,8.235,-28000000.0,253000000.0,253000000.0,196000000.0,44000000.0,0.569,2.178,2698000000.0,622000000.0,2076000000.0,2698000000.0,36000000.0,22000000.0,0.0,0.041,0.42,79000000.0,101000000.0,0.356,101000000.0,79000000.0,44000000.0,0.27,0.27,0.27,1334000000.0,,1334000000.0,8996766090.0,29.0,22.16,53000000.0,0.327,1.0,88000000.0,0.31,0.0,35000000.0,5936000000.0,,43000000.0,241000000.0,0.0,241000000.0,2906000000.0,749000000.0,2157000000.0,6564766090.0,-1000000.0,0.0,2000000.0,12000000.0,-68000000.0,-54000000.0,-28000000.0,0.0,81000000.0,0.0,44000000.0,44000000.0,44000000.0,0.0,0.0,0.155,25000000.0,63000000.0,43000000.0,1.556,4.921,37.947,38.245,3525000000.0,0.0,40.54,5.592,5.594,33000000.0,-3000000.0,284000000.0,284000000.0,0.0,,,,,0.0,25000000.0,1.0,161933056.0,162000000,162300000.0,1.753,4240000000.0,13000000.0,0.0,14000000.0,26.173,-323000000.0
19,PCL,MRQ,2011-03-31,2011-03-31,2011-03-31,2019-04-29,-10000000.0,4217000000.0,,403000000.0,3814000000.0,,8.362,-12000000.0,254000000.0,254000000.0,190000000.0,38000000.0,1.11,2.117,2686000000.0,260000000.0,2426000000.0,2686000000.0,20000000.0,22000000.0,0.0,0.039,0.42,74000000.0,96000000.0,0.349,96000000.0,74000000.0,39000000.0,0.23,0.23,0.23,1353000000.0,,1353000000.0,9492106371.0,31.0,23.73,64000000.0,0.396,1.0,85000000.0,0.309,0.0,35000000.0,6286000000.0,,52000000.0,224000000.0,0.0,224000000.0,2864000000.0,363000000.0,2501000000.0,7058106371.0,2000000.0,0.0,6000000.0,0.0,-68000000.0,-62000000.0,-12000000.0,0.0,76000000.0,0.0,38000000.0,38000000.0,38000000.0,0.0,0.0,0.138,25000000.0,60000000.0,38000000.0,1.826,5.217,43.037,43.61,3542000000.0,0.0,43.61,6.148,6.146,32000000.0,21000000.0,275000000.0,275000000.0,0.0,,,,,0.0,28000000.0,1.0,161846053.0,161800000,162100000.0,1.7,4217000000.0,18000000.0,1000000.0,10000000.0,26.063,40000000.0
20,PCL,MRQ,2010-12-31,2010-12-31,2010-12-31,2019-04-29,-11000000.0,4251000000.0,,410000000.0,3841000000.0,,8.492,-20000000.0,252000000.0,252000000.0,236000000.0,59000000.0,1.093,2.094,2686000000.0,260000000.0,2426000000.0,2686000000.0,25000000.0,24000000.0,0.0,0.045,0.42,95000000.0,119000000.0,0.334,119000000.0,95000000.0,59000000.0,0.36,0.37,0.36,1374000000.0,,1374000000.0,8516290493.0,24.0,19.01,117000000.0,0.723,1.0,120000000.0,0.337,0.0,36000000.0,6310000000.0,,49000000.0,236000000.0,0.0,236000000.0,2877000000.0,375000000.0,2502000000.0,6052290493.0,-15000000.0,0.0,0.0,-64000000.0,-67000000.0,-131000000.0,-21000000.0,-2000000.0,137000000.0,0.0,59000000.0,59000000.0,59000000.0,0.0,0.0,0.166,25000000.0,95000000.0,48000000.0,1.167,4.405,28.415,28.588,3551000000.0,0.0,37.45,5.086,5.101,21000000.0,51000000.0,356000000.0,356000000.0,0.0,,,,,0.0,25000000.0,1.0,161609893.0,161800000,161700000.0,2.2,4251000000.0,17000000.0,0.0,12000000.0,26.273,35000000.0
21,PCL,MRQ,2010-09-30,2010-09-30,2010-09-30,2019-04-29,-20000000.0,4321000000.0,,469000000.0,3852000000.0,,8.494,-20000000.0,267000000.0,267000000.0,188000000.0,32000000.0,0.918,2.152,2731000000.0,371000000.0,2360000000.0,2731000000.0,28000000.0,24000000.0,0.0,0.048,0.42,66000000.0,90000000.0,0.347,90000000.0,66000000.0,32000000.0,0.2,0.19,0.2,1371000000.0,,1371000000.0,8185544987.0,26.0,19.916,85000000.0,0.527,1.0,71000000.0,0.274,0.0,34000000.0,6274000000.0,,46000000.0,221000000.0,0.0,221000000.0,2950000000.0,511000000.0,2439000000.0,5704544987.0,17000000.0,0.0,0.0,0.0,-69000000.0,-69000000.0,-19000000.0,0.0,105000000.0,0.0,32000000.0,32000000.0,32000000.0,0.0,0.0,0.124,20000000.0,51000000.0,48000000.0,2.1,4.161,31.344,31.239,3584000000.0,0.0,35.3,5.224,5.217,31000000.0,59000000.0,259000000.0,259000000.0,0.0,,,,,0.0,20000000.0,1.0,161601841.0,161400000,161900000.0,1.605,4321000000.0,20000000.0,0.0,20000000.0,26.772,-42000000.0
22,PCL,MRQ,2010-06-30,2010-06-30,2010-06-30,2019-04-29,-20000000.0,4343000000.0,,457000000.0,3886000000.0,,8.663,-16000000.0,250000000.0,250000000.0,185000000.0,35000000.0,0.918,2.089,2731000000.0,371000000.0,2360000000.0,2731000000.0,31000000.0,24000000.0,0.0,0.049,0.42,71000000.0,95000000.0,0.368,95000000.0,71000000.0,37000000.0,0.21,0.21,0.21,1406000000.0,,1406000000.0,8054224336.0,27.0,20.085,62000000.0,0.382,1.0,73000000.0,0.283,0.0,34000000.0,6326000000.0,,45000000.0,234000000.0,0.0,234000000.0,2937000000.0,498000000.0,2439000000.0,5627224336.0,-54000000.0,0.0,-48000000.0,0.0,-68000000.0,-116000000.0,-16000000.0,0.0,78000000.0,0.0,35000000.0,35000000.0,35000000.0,0.0,0.0,0.136,17000000.0,56000000.0,44000000.0,2.0,4.002,33.297,32.886,3604000000.0,0.0,34.53,4.993,4.973,35000000.0,96000000.0,258000000.0,258000000.0,0.0,,,,,0.0,21000000.0,1.0,162966242.0,162300000,162500000.0,1.59,4343000000.0,20000000.0,2000000.0,16000000.0,26.759,-41000000.0
23,PCL,MRQ,2010-03-31,2010-03-31,2010-03-31,2019-04-29,-20000000.0,4414000000.0,,516000000.0,3898000000.0,,9.122,-2000000.0,304000000.0,304000000.0,198000000.0,87000000.0,3.053,1.97,2731000000.0,51000000.0,2680000000.0,2731000000.0,15000000.0,24000000.0,0.0,0.043,0.42,120000000.0,144000000.0,0.454,144000000.0,120000000.0,86000000.0,0.54,0.54,0.54,1486000000.0,,1486000000.0,8822554835.0,30.0,22.223,127000000.0,0.78,1.0,119000000.0,0.375,0.0,34000000.0,6672000000.0,,49000000.0,220000000.0,0.0,220000000.0,2928000000.0,169000000.0,2759000000.0,6338554835.0,5000000.0,0.0,-1000000.0,-53000000.0,-68000000.0,-122000000.0,-2000000.0,0.0,129000000.0,0.0,87000000.0,87000000.0,87000000.0,0.0,0.0,0.274,24000000.0,95000000.0,44000000.0,0.778,4.266,38.184,37.413,3630000000.0,0.0,38.91,5.555,5.555,32000000.0,129000000.0,317000000.0,317000000.0,0.0,,,,,0.0,29000000.0,1.0,162902977.0,162900000,163100000.0,1.946,4414000000.0,34000000.0,-1000000.0,13000000.0,27.096,347000000.0
24,PCL,MRQ,2009-12-31,2009-12-31,2009-12-31,2019-04-29,-19000000.0,4448000000.0,,519000000.0,3929000000.0,,9.01,-16000000.0,299000000.0,299000000.0,178000000.0,28000000.0,1.032,2.034,2783000000.0,375000000.0,2408000000.0,2783000000.0,16000000.0,24000000.0,0.0,0.044,0.42,58000000.0,82000000.0,0.318,82000000.0,58000000.0,23000000.0,0.18,0.17,0.18,1466000000.0,,1466000000.0,8590840441.0,24.0,18.635,32000000.0,0.197,1.0,80000000.0,0.31,0.0,35000000.0,6429000000.0,,46000000.0,234000000.0,0.0,234000000.0,2982000000.0,503000000.0,2479000000.0,6147840441.0,-52000000.0,0.0,0.0,-14000000.0,-68000000.0,-82000000.0,-18000000.0,-3000000.0,48000000.0,0.0,28000000.0,28000000.0,28000000.0,0.0,0.0,0.109,31000000.0,49000000.0,52000000.0,2.333,4.194,26.05,26.041,3643000000.0,0.0,37.76,4.751,4.765,24000000.0,110000000.0,258000000.0,258000000.0,0.0,,,,,0.0,31000000.0,1.0,162813571.0,162700000,162800000.0,1.586,4448000000.0,35000000.0,-5000000.0,14000000.0,27.339,16000000.0
25,PCL,MRQ,2009-09-30,2009-09-30,2009-09-30,2019-04-29,-28000000.0,4520000000.0,,496000000.0,4024000000.0,,9.184,-17000000.0,351000000.0,351000000.0,236000000.0,19000000.0,2.505,2.021,2794000000.0,51000000.0,2743000000.0,2794000000.0,22000000.0,28000000.0,0.0,0.055,0.42,52000000.0,80000000.0,0.272,80000000.0,52000000.0,16000000.0,0.12,0.12,0.12,1496000000.0,,1496000000.0,7443578370.0,18.0,13.939,81000000.0,0.497,1.0,58000000.0,0.197,0.0,36000000.0,6765000000.0,,48000000.0,218000000.0,0.0,218000000.0,3024000000.0,198000000.0,2826000000.0,4988578370.0,4000000.0,0.0,0.0,-7000000.0,-69000000.0,-76000000.0,-18000000.0,0.0,98000000.0,0.0,19000000.0,19000000.0,19000000.0,0.0,0.0,0.065,20000000.0,38000000.0,51000000.0,3.5,3.335,16.464,16.743,3744000000.0,0.0,30.64,3.332,3.334,32000000.0,150000000.0,294000000.0,294000000.0,0.0,,,,,0.0,20000000.0,1.0,162812610.0,162900000,163000000.0,1.805,4520000000.0,35000000.0,-3000000.0,22000000.0,27.747,298000000.0
26,PCL,MRQ,2009-06-30,2009-06-30,2009-06-30,2019-04-29,-30000000.0,4568000000.0,,554000000.0,4014000000.0,,9.466,-11000000.0,347000000.0,347000000.0,196000000.0,32000000.0,2.27,1.962,2802000000.0,110000000.0,2692000000.0,2802000000.0,26000000.0,24000000.0,0.0,0.056,0.42,67000000.0,91000000.0,0.335,91000000.0,67000000.0,29000000.0,0.2,0.2,0.2,1542000000.0,,1542000000.0,7333394187.0,16.0,12.514,99000000.0,0.608,1.0,76000000.0,0.279,0.0,38000000.0,6779000000.0,,53000000.0,229000000.0,0.0,229000000.0,3026000000.0,244000000.0,2782000000.0,4848394187.0,-8000000.0,0.0,0.0,-38000000.0,-69000000.0,-107000000.0,-11000000.0,0.0,110000000.0,0.0,32000000.0,32000000.0,32000000.0,0.0,0.0,0.118,23000000.0,53000000.0,46000000.0,2.1,3.144,13.735,14.047,3725000000.0,0.0,29.78,2.998,3.0,34000000.0,200000000.0,272000000.0,272000000.0,0.0,,,,,0.0,23000000.0,1.0,162807058.0,162900000,163000000.0,1.67,4568000000.0,34000000.0,-3000000.0,19000000.0,28.042,310000000.0
27,PCL,MRQ,2009-03-31,2009-03-31,2009-03-31,2019-04-29,-33000000.0,4624000000.0,,589000000.0,4035000000.0,,9.557,-17000000.0,355000000.0,355000000.0,279000000.0,157000000.0,2.528,1.938,2840000000.0,110000000.0,2730000000.0,2840000000.0,11000000.0,33000000.0,0.0,0.058,0.42,175000000.0,208000000.0,0.443,208000000.0,175000000.0,137000000.0,0.95,0.95,0.95,1574000000.0,,1574000000.0,7387810340.0,16.0,12.416,267000000.0,1.621,1.0,191000000.0,0.406,0.0,38000000.0,6876000000.0,,66000000.0,211000000.0,0.0,211000000.0,3050000000.0,233000000.0,2817000000.0,4791810340.0,-14000000.0,0.0,-87000000.0,-125000000.0,-69000000.0,-281000000.0,-17000000.0,0.0,284000000.0,0.0,157000000.0,157000000.0,157000000.0,0.0,0.0,0.334,32000000.0,159000000.0,44000000.0,0.442,3.044,13.613,13.843,3772000000.0,0.0,29.07,2.784,2.782,29000000.0,237000000.0,470000000.0,470000000.0,0.0,,,,,0.0,32000000.0,1.0,164836957.0,164700000,164800000.0,2.854,4624000000.0,48000000.0,-20000000.0,17000000.0,28.075,356000000.0
28,PCL,MRQ,2008-12-31,2008-12-31,2008-12-31,2019-04-29,-31000000.0,4780000000.0,,699000000.0,4081000000.0,,9.396,-77000000.0,369000000.0,369000000.0,321000000.0,95000000.0,2.277,2.041,2965000000.0,158000000.0,2807000000.0,2965000000.0,17000000.0,26000000.0,0.0,0.048,0.42,129000000.0,155000000.0,0.336,155000000.0,129000000.0,86000000.0,0.56,0.57,0.56,1572000000.0,,1572000000.0,8221313747.0,23.0,16.813,118000000.0,0.705,1.0,140000000.0,0.304,0.0,43000000.0,7069000000.0,,74000000.0,224000000.0,0.0,224000000.0,3208000000.0,307000000.0,2901000000.0,5794313747.0,194000000.0,-9000000.0,-213000000.0,374000000.0,-70000000.0,91000000.0,-92000000.0,-7000000.0,195000000.0,0.0,95000000.0,95000000.0,95000000.0,0.0,0.0,0.206,37000000.0,103000000.0,63000000.0,0.75,3.686,24.868,25.358,3815000000.0,0.0,34.74,3.59,3.666,22000000.0,149000000.0,461000000.0,461000000.0,0.0,,,,,0.0,34000000.0,1.0,166790839.0,167300000,167400000.0,2.756,4780000000.0,34000000.0,-9000000.0,18000000.0,28.571,392000000.0
29,PCL,MRQ,2008-09-30,2008-09-30,2008-09-30,2019-04-29,0.0,4644000000.0,,536000000.0,4108000000.0,,10.45,-82000000.0,175000000.0,175000000.0,283000000.0,69000000.0,1.133,1.597,2602000000.0,300000000.0,2302000000.0,2602000000.0,22000000.0,33000000.0,0.0,0.034,0.42,99000000.0,132000000.0,0.319,132000000.0,99000000.0,64000000.0,0.41,0.4,0.41,1788000000.0,,1788000000.0,10946410668.0,29.0,21.01,49000000.0,0.286,1.0,131000000.0,0.316,0.0,35000000.0,6598000000.0,,80000000.0,25000000.0,0.0,25000000.0,2856000000.0,473000000.0,2383000000.0,8532410668.0,50000000.0,0.0,13000000.0,60000000.0,-72000000.0,2000000.0,-83000000.0,0.0,131000000.0,0.0,69000000.0,69000000.0,69000000.0,0.0,0.0,0.167,32000000.0,99000000.0,70000000.0,1.024,4.772,33.33,33.689,4042000000.0,0.0,49.86,5.149,5.148,48000000.0,124000000.0,414000000.0,414000000.0,0.0,,,,,0.0,31000000.0,1.0,171127370.0,171100000,171800000.0,2.42,4644000000.0,7000000.0,-5000000.0,20000000.0,27.142,63000000.0
30,PCL,MRQ,2008-06-30,2008-06-30,2008-06-30,2019-04-29,1000000.0,4548000000.0,,397000000.0,4151000000.0,,10.386,-16000000.0,125000000.0,125000000.0,286000000.0,31000000.0,1.355,1.558,2539000000.0,150000000.0,2389000000.0,2539000000.0,22000000.0,43000000.0,0.0,0.039,0.42,57000000.0,100000000.0,0.266,100000000.0,57000000.0,23000000.0,0.18,0.18,0.18,1778000000.0,,1778000000.0,9729070985.0,26.0,18.567,79000000.0,0.461,1.0,90000000.0,0.239,0.0,34000000.0,6669000000.0,,71000000.0,25000000.0,0.0,25000000.0,2770000000.0,293000000.0,2477000000.0,7308070985.0,7000000.0,0.0,1000000.0,0.0,-72000000.0,-72000000.0,-16000000.0,0.0,95000000.0,0.0,31000000.0,31000000.0,31000000.0,0.0,0.0,0.082,33000000.0,57000000.0,58000000.0,2.333,4.11,29.708,30.077,4090000000.0,0.0,42.71,4.429,4.431,44000000.0,127000000.0,376000000.0,376000000.0,0.0,,,,,0.0,33000000.0,1.0,171109131.0,171200000,171500000.0,2.196,4548000000.0,7000000.0,-8000000.0,17000000.0,26.565,104000000.0
31,PCL,MRQ,2008-03-31,2008-03-31,2008-03-31,2019-04-29,0.0,4556000000.0,,377000000.0,4179000000.0,,10.583,-14000000.0,118000000.0,118000000.0,267000000.0,38000000.0,1.366,1.509,2539000000.0,150000000.0,2389000000.0,2539000000.0,7000000.0,33000000.0,0.0,0.041,0.42,69000000.0,102000000.0,0.281,102000000.0,69000000.0,33000000.0,0.22,0.22,0.22,1816000000.0,,1816000000.0,9248721769.0,22.0,16.755,-15000000.0,-0.087,1.0,96000000.0,0.264,0.0,36000000.0,6701000000.0,,86000000.0,24000000.0,0.0,24000000.0,2740000000.0,276000000.0,2464000000.0,6965721769.0,-122000000.0,0.0,-51000000.0,16000000.0,-72000000.0,-107000000.0,-14000000.0,0.0,-1000000.0,0.0,38000000.0,38000000.0,38000000.0,0.0,0.0,0.105,27000000.0,69000000.0,48000000.0,1.909,3.836,25.33,25.759,4120000000.0,0.0,40.7,4.174,4.185,39000000.0,168000000.0,363000000.0,363000000.0,0.0,,,,,0.0,30000000.0,1.0,171147955.0,171600000,172100000.0,2.115,4556000000.0,7000000.0,-5000000.0,15000000.0,26.55,101000000.0
32,PCL,MRQ,2007-12-31,2007-12-31,2007-12-31,2019-04-29,2000000.0,4664000000.0,,456000000.0,4208000000.0,,11.046,-112000000.0,240000000.0,240000000.0,313000000.0,118000000.0,1.505,1.453,2523000000.0,147000000.0,2376000000.0,2523000000.0,13000000.0,32000000.0,0.0,0.036,0.42,155000000.0,187000000.0,0.371,187000000.0,155000000.0,117000000.0,0.67,0.68,0.67,1901000000.0,,1901000000.0,10243572998.0,24.0,18.292,101000000.0,0.587,1.0,191000000.0,0.379,0.0,38000000.0,6644000000.0,,82000000.0,27000000.0,0.0,27000000.0,2763000000.0,303000000.0,2460000000.0,7931572998.0,72000000.0,0.0,1000000.0,42000000.0,-72000000.0,-29000000.0,-112000000.0,0.0,213000000.0,0.0,118000000.0,118000000.0,118000000.0,0.0,0.0,0.234,36000000.0,155000000.0,73000000.0,0.627,4.172,28.126,28.596,4151000000.0,0.0,46.04,4.735,4.796,33000000.0,202000000.0,504000000.0,504000000.0,0.0,,,,,0.0,36000000.0,1.0,172275695.0,172100000,172900000.0,2.929,4664000000.0,11000000.0,-1000000.0,23000000.0,27.101,153000000.0
33,PCL,MRQ,2007-09-30,2007-09-30,2007-09-30,2019-04-29,-10000000.0,4583000000.0,,407000000.0,4176000000.0,,10.63,-113000000.0,168000000.0,168000000.0,276000000.0,59000000.0,1.867,1.491,2480000000.0,47000000.0,2433000000.0,2480000000.0,19000000.0,37000000.0,0.0,0.037,0.42,98000000.0,135000000.0,0.332,135000000.0,98000000.0,60000000.0,0.35,0.34,0.35,1840000000.0,,1840000000.0,10044021268.0,27.0,19.772,80000000.0,0.462,1.0,131000000.0,0.322,0.0,38000000.0,6677000000.0,,73000000.0,26000000.0,0.0,26000000.0,2743000000.0,218000000.0,2525000000.0,7814021268.0,61000000.0,0.0,-90000000.0,143000000.0,-73000000.0,-20000000.0,-112000000.0,0.0,193000000.0,0.0,59000000.0,59000000.0,59000000.0,0.0,0.0,0.145,33000000.0,98000000.0,67000000.0,1.2,4.247,33.537,33.156,4120000000.0,0.0,44.76,5.041,4.999,49000000.0,156000000.0,407000000.0,407000000.0,0.0,,,,,0.0,32000000.0,1.0,174575989.0,173100000,173500000.0,2.351,4583000000.0,7000000.0,1000000.0,28000000.0,26.476,189000000.0
34,PCL,MRQ,2007-06-30,2007-06-30,2007-06-30,2019-04-29,-10000000.0,4506000000.0,,404000000.0,4102000000.0,,11.059,-31000000.0,107000000.0,107000000.0,269000000.0,60000000.0,1.924,1.319,2337000000.0,72000000.0,2265000000.0,2337000000.0,12000000.0,32000000.0,0.0,0.039,0.42,96000000.0,128000000.0,0.324,128000000.0,96000000.0,61000000.0,0.34,0.34,0.34,1943000000.0,,1943000000.0,9476752653.0,23.0,17.517,42000000.0,0.239,1.0,126000000.0,0.319,0.0,35000000.0,6526000000.0,,75000000.0,26000000.0,0.0,26000000.0,2563000000.0,210000000.0,2353000000.0,7363752653.0,-103000000.0,0.0,-88000000.0,15000000.0,-74000000.0,-147000000.0,-29000000.0,0.0,73000000.0,0.0,60000000.0,60000000.0,60000000.0,0.0,0.0,0.152,32000000.0,94000000.0,60000000.0,1.235,3.79,27.683,27.589,4042000000.0,0.0,41.66,4.611,4.583,47000000.0,170000000.0,395000000.0,395000000.0,0.0,,,,,0.0,31000000.0,1.0,176758345.0,175700000,176100000.0,2.248,4506000000.0,7000000.0,1000000.0,22000000.0,25.646,194000000.0
35,PCL,MRQ,2007-03-31,2007-03-31,2007-03-31,2019-04-29,-10000000.0,4580000000.0,,466000000.0,4114000000.0,,11.542,-11000000.0,210000000.0,210000000.0,264000000.0,45000000.0,2.053,1.241,2323000000.0,100000000.0,2223000000.0,2323000000.0,8000000.0,33000000.0,0.0,0.041,0.42,77000000.0,110000000.0,0.298,110000000.0,77000000.0,41000000.0,0.26,0.25,0.26,2044000000.0,,2044000000.0,9039405674.0,22.0,16.709,27000000.0,0.152,1.0,105000000.0,0.285,0.0,36000000.0,6466000000.0,,86000000.0,25000000.0,0.0,25000000.0,2536000000.0,227000000.0,2309000000.0,6989405674.0,-63000000.0,0.0,-17000000.0,0.0,-75000000.0,-92000000.0,-9000000.0,0.0,38000000.0,0.0,45000000.0,45000000.0,45000000.0,0.0,0.0,0.122,28000000.0,77000000.0,48000000.0,1.615,3.419,26.08,26.106,4060000000.0,0.0,39.42,4.418,4.413,44000000.0,184000000.0,369000000.0,369000000.0,0.0,,,,,0.0,30000000.0,1.0,177306080.0,177100000,177500000.0,2.084,4580000000.0,7000000.0,-4000000.0,16000000.0,25.861,239000000.0
36,PCL,MRQ,2006-12-31,2006-12-31,2006-12-31,2019-04-29,-10000000.0,4661000000.0,,513000000.0,4148000000.0,,11.809,-114000000.0,273000000.0,273000000.0,255000000.0,69000000.0,1.826,1.231,2323000000.0,125000000.0,2198000000.0,2323000000.0,17000000.0,34000000.0,0.0,0.04,0.4,101000000.0,135000000.0,0.356,135000000.0,101000000.0,66000000.0,0.4,0.39,0.4,2089000000.0,,2089000000.0,9055849173.0,20.0,15.323,22000000.0,0.124,1.0,124000000.0,0.327,0.0,35000000.0,6430000000.0,,83000000.0,28000000.0,0.0,28000000.0,2572000000.0,281000000.0,2291000000.0,7054849173.0,-116000000.0,0.0,0.0,-67000000.0,-71000000.0,-138000000.0,-114000000.0,-1000000.0,136000000.0,0.0,69000000.0,69000000.0,69000000.0,0.0,0.0,0.182,37000000.0,87000000.0,69000000.0,1.0,3.377,22.255,22.642,4092000000.0,0.0,39.85,4.336,4.421,40000000.0,214000000.0,379000000.0,379000000.0,0.0,,,,,0.0,39000000.0,1.0,177035111.0,176900000,177300000.0,2.142,4661000000.0,7000000.0,-3000000.0,24000000.0,26.348,232000000.0
37,PCL,MRQ,2006-09-30,2006-09-30,2006-09-30,2019-04-29,0.0,4755000000.0,,668000000.0,4087000000.0,,11.763,-29000000.0,389000000.0,389000000.0,296000000.0,92000000.0,1.557,1.262,2390000000.0,255000000.0,2135000000.0,2390000000.0,34000000.0,34000000.0,0.0,0.046,0.4,134000000.0,168000000.0,0.37,168000000.0,134000000.0,101000000.0,0.51,0.51,0.51,2102000000.0,,2102000000.0,8094428697.0,18.0,13.908,139000000.0,0.778,1.0,158000000.0,0.348,0.0,33000000.0,6327000000.0,,75000000.0,26000000.0,0.0,26000000.0,2653000000.0,429000000.0,2224000000.0,6100428697.0,-7000000.0,0.0,-75000000.0,2000000.0,-72000000.0,-145000000.0,-30000000.0,0.0,168000000.0,0.0,92000000.0,92000000.0,92000000.0,0.0,0.0,0.203,24000000.0,134000000.0,55000000.0,0.784,2.902,19.366,19.791,4029000000.0,0.0,34.04,3.722,3.711,42000000.0,215000000.0,454000000.0,454000000.0,0.0,,,,,0.0,24000000.0,1.0,179213534.0,178700000,178900000.0,2.541,4755000000.0,8000000.0,9000000.0,28000000.0,26.609,239000000.0
38,PCL,MRQ,2006-06-30,2006-06-30,2006-06-30,2019-04-29,0.0,4797000000.0,,678000000.0,4119000000.0,,11.833,-35000000.0,396000000.0,396000000.0,255000000.0,62000000.0,1.712,1.225,2390000000.0,231000000.0,2159000000.0,2390000000.0,41000000.0,29000000.0,0.0,0.044,0.4,99000000.0,128000000.0,0.337,128000000.0,99000000.0,65000000.0,0.34,0.34,0.34,2156000000.0,,2156000000.0,8354083100.0,19.0,14.891,77000000.0,0.423,1.0,125000000.0,0.329,0.0,34000000.0,6395000000.0,,72000000.0,25000000.0,0.0,25000000.0,2641000000.0,396000000.0,2245000000.0,6544083100.0,-23000000.0,0.0,-183000000.0,158000000.0,-73000000.0,-97000000.0,-38000000.0,0.0,112000000.0,0.0,62000000.0,62000000.0,62000000.0,0.0,0.0,0.163,26000000.0,99000000.0,56000000.0,1.176,3.035,20.514,20.52,4071000000.0,0.0,35.5,4.06,4.012,56000000.0,195000000.0,380000000.0,380000000.0,0.0,,,,,0.0,26000000.0,1.0,184340369.0,182200000,182700000.0,2.086,4797000000.0,17000000.0,3000000.0,21000000.0,26.328,282000000.0
39,PCL,MRQ,2006-03-31,2006-03-31,2006-03-31,2019-04-29,0.0,4826000000.0,,613000000.0,4213000000.0,,12.747,-17000000.0,419000000.0,419000000.0,261000000.0,94000000.0,1.556,1.055,2229000000.0,232000000.0,1997000000.0,2229000000.0,42000000.0,31000000.0,0.0,0.042,0.4,129000000.0,160000000.0,0.386,160000000.0,129000000.0,98000000.0,0.51,0.51,0.51,2348000000.0,,2348000000.0,8667899710.0,19.0,15.396,123000000.0,0.668,1.0,153000000.0,0.37,0.0,31000000.0,6242000000.0,,78000000.0,26000000.0,0.0,26000000.0,2478000000.0,394000000.0,2084000000.0,6806899710.0,50000000.0,0.0,2000000.0,0.0,-74000000.0,-73000000.0,-17000000.0,0.0,140000000.0,0.0,94000000.0,94000000.0,94000000.0,0.0,0.0,0.227,26000000.0,127000000.0,47000000.0,0.784,2.899,20.88,20.983,4171000000.0,0.0,36.93,4.281,4.278,50000000.0,206000000.0,414000000.0,414000000.0,0.0,,,,,0.0,28000000.0,1.0,184318974.0,184200000,184700000.0,2.248,4826000000.0,17000000.0,4000000.0,19000000.0,26.2,219000000.0
40,PCL,MRQ,2005-12-31,2005-12-31,2005-12-31,2019-04-29,2000000.0,4812000000.0,,643000000.0,4169000000.0,,12.615,-417000000.0,369000000.0,369000000.0,269000000.0,67000000.0,1.715,1.07,2230000000.0,211000000.0,2019000000.0,2230000000.0,35000000.0,28000000.0,0.0,0.042,0.38,98000000.0,126000000.0,0.322,126000000.0,98000000.0,69000000.0,0.36,0.36,0.36,2325000000.0,,2325000000.0,8164070923.0,17.0,13.98,-263000000.0,-1.427,1.0,122000000.0,0.312,0.0,29000000.0,6298000000.0,,75000000.0,26000000.0,0.0,26000000.0,2487000000.0,375000000.0,2112000000.0,6635070923.0,-40000000.0,0.0,5000000.0,289000000.0,-70000000.0,224000000.0,-418000000.0,0.0,154000000.0,0.0,67000000.0,67000000.0,67000000.0,0.0,0.0,0.171,27000000.0,95000000.0,70000000.0,1.056,2.854,18.743,18.776,4121000000.0,0.0,36.05,4.21,4.209,44000000.0,186000000.0,391000000.0,391000000.0,0.0,,,,,0.0,32000000.0,1.0,184051898.0,184300000,184600000.0,2.122,4812000000.0,17000000.0,2000000.0,18000000.0,26.11,268000000.0
41,PCL,MRQ,2005-09-30,2005-09-30,2005-09-30,2019-04-29,0.0,4544000000.0,,599000000.0,3945000000.0,,12.626,-66000000.0,409000000.0,409000000.0,287000000.0,96000000.0,2.194,0.957,1938000000.0,81000000.0,1857000000.0,1938000000.0,57000000.0,30000000.0,0.0,0.04,0.38,117000000.0,147000000.0,0.344,147000000.0,117000000.0,91000000.0,0.52,0.53,0.52,2322000000.0,,2322000000.0,8523234727.0,18.0,14.349,98000000.0,0.533,1.0,140000000.0,0.328,0.0,26000000.0,5800000000.0,,67000000.0,24000000.0,0.0,24000000.0,2222000000.0,273000000.0,1949000000.0,6974234727.0,25000000.0,0.0,-1000000.0,4000000.0,-69000000.0,-67000000.0,-72000000.0,0.0,164000000.0,0.0,96000000.0,96000000.0,96000000.0,0.0,0.0,0.225,23000000.0,117000000.0,65000000.0,0.731,3.004,19.373,19.342,3912000000.0,0.0,37.91,4.613,4.611,45000000.0,189000000.0,427000000.0,427000000.0,0.0,,,,,0.0,23000000.0,1.0,183968207.0,183900000,184600000.0,2.322,4544000000.0,11000000.0,-5000000.0,23000000.0,24.709,326000000.0
42,PCL,MRQ,2005-06-30,2005-06-30,2005-06-30,2019-04-29,0.0,4489000000.0,,583000000.0,3906000000.0,,12.496,-68000000.0,384000000.0,384000000.0,232000000.0,69000000.0,2.45,0.953,1933000000.0,81000000.0,1852000000.0,1933000000.0,35000000.0,28000000.0,0.0,0.041,0.38,102000000.0,130000000.0,0.363,130000000.0,102000000.0,75000000.0,0.37,0.37,0.37,2298000000.0,,2298000000.0,8212340714.0,17.0,13.943,51000000.0,0.277,1.0,126000000.0,0.352,0.0,27000000.0,5800000000.0,,62000000.0,29000000.0,0.0,29000000.0,2191000000.0,238000000.0,1953000000.0,6677340714.0,35000000.0,0.0,1000000.0,48000000.0,-70000000.0,-20000000.0,-64000000.0,0.0,119000000.0,0.0,69000000.0,69000000.0,69000000.0,0.0,0.0,0.193,24000000.0,102000000.0,60000000.0,1.027,2.906,19.582,19.622,3868000000.0,0.0,36.3,4.611,4.61,49000000.0,162000000.0,358000000.0,358000000.0,0.0,,,,,0.0,24000000.0,1.0,183948780.0,183900000,184700000.0,1.947,4489000000.0,11000000.0,6000000.0,22000000.0,24.41,345000000.0
43,PCL,MRQ,2005-03-31,2005-03-31,2005-03-31,2019-04-29,0.0,4426000000.0,,562000000.0,3864000000.0,,12.496,-10000000.0,349000000.0,349000000.0,245000000.0,122000000.0,3.157,0.926,1884000000.0,32000000.0,1852000000.0,1884000000.0,34000000.0,27000000.0,0.0,0.041,0.38,154000000.0,181000000.0,0.453,181000000.0,154000000.0,127000000.0,0.67,0.66,0.67,2298000000.0,,2298000000.0,8099869809.0,17.0,14.038,69000000.0,0.375,1.0,155000000.0,0.388,0.0,27000000.0,5783000000.0,,70000000.0,29000000.0,0.0,29000000.0,2128000000.0,178000000.0,1950000000.0,6561869809.0,2000000.0,0.0,3000000.0,0.0,-70000000.0,-68000000.0,-9000000.0,0.0,79000000.0,0.0,122000000.0,122000000.0,122000000.0,0.0,0.0,0.305,21000000.0,134000000.0,41000000.0,0.567,2.855,19.945,19.944,3825000000.0,0.0,35.7,4.586,4.588,45000000.0,163000000.0,400000000.0,400000000.0,0.0,,,,,0.0,21000000.0,1.0,183805877.0,183900000,184500000.0,2.175,4426000000.0,11000000.0,5000000.0,23000000.0,24.067,384000000.0
44,PCL,MRQ,2004-12-31,2004-12-31,2004-12-31,2019-04-29,0.0,4378000000.0,,499000000.0,3879000000.0,,12.194,-23000000.0,347000000.0,347000000.0,226000000.0,73000000.0,2.712,0.954,1885000000.0,32000000.0,1853000000.0,1885000000.0,16000000.0,36000000.0,0.0,0.037,0.36,100000000.0,136000000.0,0.416,136000000.0,100000000.0,73000000.0,0.4,0.4,0.4,2240000000.0,,2240000000.0,8598454517.0,17.0,14.004,43000000.0,0.234,1.0,101000000.0,0.309,0.0,27000000.0,5732000000.0,,71000000.0,29000000.0,0.0,29000000.0,2138000000.0,184000000.0,1954000000.0,7056454517.0,-40000000.0,0.0,3000000.0,-19000000.0,-66000000.0,-82000000.0,-24000000.0,0.0,66000000.0,0.0,73000000.0,73000000.0,73000000.0,0.0,0.0,0.223,24000000.0,77000000.0,66000000.0,0.9,3.15,19.493,19.513,3843000000.0,0.0,38.44,4.618,4.614,40000000.0,111000000.0,327000000.0,327000000.0,0.0,,,,,0.0,24000000.0,1.0,183570617.0,183700000,184100000.0,1.78,4378000000.0,10000000.0,0.0,22000000.0,23.832,315000000.0
45,PCL,MRQ,2004-09-30,2004-09-30,2004-09-30,2019-04-29,0.0,4387000000.0,,537000000.0,3850000000.0,,12.136,-23000000.0,363000000.0,363000000.0,226000000.0,77000000.0,2.533,0.97,1905000000.0,32000000.0,1873000000.0,1905000000.0,31000000.0,27000000.0,0.0,0.04,0.36,115000000.0,142000000.0,0.391,142000000.0,115000000.0,87000000.0,0.41,0.42,0.41,2227000000.0,,2227000000.0,7999793025.0,16.0,13.445,102000000.0,0.556,1.0,137000000.0,0.377,0.0,28000000.0,5717000000.0,,61000000.0,12000000.0,12000000.0,0.0,2160000000.0,212000000.0,1948000000.0,6421793025.0,40000000.0,0.0,6000000.0,-2000000.0,-66000000.0,-62000000.0,-23000000.0,0.0,125000000.0,0.0,77000000.0,77000000.0,77000000.0,0.0,0.0,0.212,22000000.0,115000000.0,47000000.0,0.878,2.884,18.614,18.633,3843000000.0,0.0,35.03,4.236,4.24,44000000.0,104000000.0,363000000.0,363000000.0,0.0,,,,,0.0,22000000.0,1.0,183322667.0,183500000,184300000.0,1.978,4387000000.0,11000000.0,10000000.0,34000000.0,23.907,325000000.0
46,PCL,MRQ,2004-06-30,2004-06-30,2004-06-30,2019-04-29,0.0,4339000000.0,,471000000.0,3868000000.0,,12.063,-3000000.0,328000000.0,328000000.0,230000000.0,57000000.0,2.574,0.963,1906000000.0,32000000.0,1874000000.0,1906000000.0,22000000.0,24000000.0,0.0,0.043,0.35,94000000.0,118000000.0,0.346,118000000.0,94000000.0,67000000.0,0.31,0.31,0.31,2210000000.0,,2210000000.0,7636938349.0,17.0,13.81,145000000.0,0.791,1.0,111000000.0,0.326,0.0,27000000.0,5734000000.0,,54000000.0,12000000.0,12000000.0,0.0,2129000000.0,183000000.0,1946000000.0,5969938349.0,41000000.0,0.0,1000000.0,-41000000.0,-64000000.0,-104000000.0,-3000000.0,0.0,148000000.0,0.0,57000000.0,57000000.0,57000000.0,0.0,0.0,0.167,17000000.0,94000000.0,42000000.0,1.129,2.701,19.073,19.053,3861000000.0,0.0,32.58,4.137,4.136,44000000.0,93000000.0,341000000.0,341000000.0,0.0,,,,,0.0,22000000.0,1.0,183239360.0,183200000,184000000.0,1.861,4339000000.0,11000000.0,10000000.0,24000000.0,23.684,288000000.0
47,PCL,MRQ,2004-03-31,2004-03-31,2004-03-31,2019-04-29,0.0,4368000000.0,,449000000.0,3919000000.0,,12.091,-41000000.0,280000000.0,280000000.0,288000000.0,155000000.0,2.61,0.972,1947000000.0,32000000.0,1915000000.0,1947000000.0,21000000.0,27000000.0,0.0,0.043,0.35,191000000.0,218000000.0,0.439,218000000.0,191000000.0,162000000.0,0.85,0.84,0.85,2215000000.0,,2215000000.0,7753332888.0,18.0,14.226,202000000.0,1.103,1.0,209000000.0,0.421,0.0,29000000.0,5863000000.0,,59000000.0,12000000.0,12000000.0,0.0,2153000000.0,172000000.0,1981000000.0,5949332888.0,21000000.0,0.0,2000000.0,-119000000.0,-64000000.0,-181000000.0,-41000000.0,0.0,243000000.0,0.0,155000000.0,155000000.0,155000000.0,0.0,0.0,0.312,18000000.0,191000000.0,34000000.0,0.412,2.686,18.947,18.884,3912000000.0,0.0,32.48,4.19,4.19,46000000.0,100000000.0,497000000.0,497000000.0,0.0,,,,,0.0,18000000.0,1.0,183169116.0,183200000,184000000.0,2.713,4368000000.0,11000000.0,7000000.0,15000000.0,23.843,277000000.0
48,PCL,MRQ,2003-12-31,2003-12-31,2003-12-31,2019-04-29,0.0,4407000000.0,,399000000.0,4008000000.0,,11.579,-127000000.0,267000000.0,267000000.0,206000000.0,56000000.0,2.463,1.08,2064000000.0,33000000.0,2031000000.0,2064000000.0,16000000.0,29000000.0,0.0,0.046,0.35,88000000.0,117000000.0,0.371,117000000.0,88000000.0,57000000.0,0.31,0.3,0.31,2119000000.0,,2119000000.0,7254196288.0,24.0,17.65,-41000000.0,-0.224,1.0,109000000.0,0.346,0.0,31000000.0,6042000000.0,,54000000.0,26000000.0,0.0,26000000.0,2288000000.0,162000000.0,2126000000.0,5572196288.0,-6000000.0,0.0,0.0,100000000.0,-64000000.0,36000000.0,-128000000.0,0.0,86000000.0,0.0,56000000.0,56000000.0,56000000.0,0.0,0.0,0.178,21000000.0,88000000.0,57000000.0,1.129,2.63,29.022,29.0,3977000000.0,0.0,30.45,4.659,4.667,34000000.0,9000000.0,315000000.0,315000000.0,0.0,,,,,0.0,21000000.0,1.0,182994952.0,183000000,183600000.0,1.721,4407000000.0,11000000.0,1000000.0,15000000.0,24.082,237000000.0
49,PCL,MRQ,2003-09-30,2003-09-30,2003-09-30,2019-04-29,0.0,4317000000.0,,424000000.0,3893000000.0,,11.598,-64000000.0,281000000.0,281000000.0,198000000.0,45000000.0,2.174,1.03,1963000000.0,33000000.0,1930000000.0,1963000000.0,31000000.0,28000000.0,0.0,0.055,0.35,72000000.0,100000000.0,0.345,100000000.0,72000000.0,43000000.0,0.24,0.25,0.24,2127000000.0,,2127000000.0,6317860214.0,22.0,15.914,45000000.0,0.245,1.0,92000000.0,0.317,0.0,29000000.0,5804000000.0,,47000000.0,13000000.0,13000000.0,0.0,2190000000.0,195000000.0,1995000000.0,4654860214.0,38000000.0,0.0,1000000.0,56000000.0,-64000000.0,-7000000.0,-64000000.0,0.0,109000000.0,0.0,45000000.0,45000000.0,45000000.0,0.0,0.0,0.155,20000000.0,72000000.0,48000000.0,1.458,2.188,24.499,24.699,3887000000.0,0.0,25.44,4.006,4.015,37000000.0,16000000.0,290000000.0,290000000.0,0.0,,,,,0.0,20000000.0,1.0,182974065.0,183400000,184000000.0,1.581,4317000000.0,12000000.0,-2000000.0,16000000.0,23.539,229000000.0
50,PCL,MRQ,2003-06-30,2003-06-30,2003-06-30,2019-04-29,0.0,4250000000.0,,383000000.0,3867000000.0,,11.721,-38000000.0,243000000.0,243000000.0,215000000.0,58000000.0,2.321,0.981,1906000000.0,33000000.0,1873000000.0,1906000000.0,20000000.0,26000000.0,0.0,0.062,0.35,84000000.0,110000000.0,0.346,110000000.0,84000000.0,55000000.0,0.32,0.31,0.32,2145000000.0,,2145000000.0,6452772063.0,20.0,15.291,106000000.0,0.579,1.0,103000000.0,0.324,0.0,29000000.0,5748000000.0,,54000000.0,12000000.0,12000000.0,0.0,2105000000.0,165000000.0,1940000000.0,4747772063.0,35000000.0,0.0,0.0,-7000000.0,-64000000.0,-71000000.0,-38000000.0,0.0,144000000.0,0.0,58000000.0,58000000.0,58000000.0,0.0,0.0,0.182,19000000.0,84000000.0,43000000.0,1.094,2.213,22.083,22.179,3860000000.0,0.0,25.95,4.017,4.018,46000000.0,25000000.0,318000000.0,318000000.0,0.0,,,,,0.0,19000000.0,1.0,182958461.0,183000000,183500000.0,1.738,4250000000.0,12000000.0,-3000000.0,13000000.0,23.224,218000000.0
51,PCL,MRQ,2003-03-31,2003-03-31,2003-03-31,2019-04-29,0.0,4261000000.0,,372000000.0,3889000000.0,,11.678,-17000000.0,208000000.0,208000000.0,197000000.0,33000000.0,2.282,0.982,1913000000.0,33000000.0,1880000000.0,1913000000.0,26000000.0,25000000.0,0.0,0.085,0.35,59000000.0,84000000.0,0.308,84000000.0,59000000.0,31000000.0,0.18,0.18,0.18,2150000000.0,,2150000000.0,5589234459.0,18.0,13.371,29000000.0,0.158,1.0,76000000.0,0.278,0.0,28000000.0,5803000000.0,,61000000.0,11000000.0,11000000.0,0.0,2111000000.0,163000000.0,1948000000.0,3963234459.0,-38000000.0,0.0,-43000000.0,41000000.0,-65000000.0,-67000000.0,-17000000.0,0.0,46000000.0,0.0,33000000.0,33000000.0,33000000.0,0.0,0.0,0.121,17000000.0,59000000.0,29000000.0,1.944,1.843,18.873,18.939,3882000000.0,0.0,21.59,3.492,3.502,34000000.0,16000000.0,273000000.0,273000000.0,0.0,,,,,0.0,17000000.0,1.0,183568062.0,184100000,184600000.0,1.483,4261000000.0,11000000.0,-2000000.0,11000000.0,23.145,209000000.0
52,PCL,MRQ,2002-12-31,2002-12-31,2002-12-31,2019-04-29,0.0,4289000000.0,,378000000.0,3911000000.0,,12.03,-163000000.0,246000000.0,246000000.0,184000000.0,54000000.0,2.471,0.93,1872000000.0,33000000.0,1839000000.0,1872000000.0,18000000.0,28000000.0,0.0,0.063,0.35,75000000.0,103000000.0,0.367,103000000.0,75000000.0,49000000.0,0.29,0.29,0.29,2222000000.0,,2222000000.0,5824710514.0,17.0,13.119,-100000000.0,-0.541,1.0,97000000.0,0.345,0.0,26000000.0,5762000000.0,,58000000.0,10000000.0,10000000.0,0.0,2067000000.0,153000000.0,1914000000.0,4362710514.0,-26000000.0,0.0,1000000.0,140000000.0,-64000000.0,77000000.0,-166000000.0,0.0,63000000.0,0.0,54000000.0,54000000.0,54000000.0,0.0,0.0,0.192,22000000.0,75000000.0,48000000.0,1.207,1.963,18.724,18.73,3906000000.0,0.0,23.6,3.837,3.834,33000000.0,23000000.0,281000000.0,281000000.0,0.0,,,,,0.0,22000000.0,1.0,184860615.0,184700000,185400000.0,1.521,4289000000.0,11000000.0,-5000000.0,11000000.0,23.221,225000000.0
53,PCL,MRQ,2002-09-30,2002-09-30,2002-09-30,2019-04-29,0.0,4208000000.0,,419000000.0,3789000000.0,,12.083,-42000000.0,270000000.0,270000000.0,194000000.0,70000000.0,2.149,0.884,1732000000.0,34000000.0,1698000000.0,1732000000.0,41000000.0,28000000.0,0.0,0.101,0.57,97000000.0,125000000.0,0.403,125000000.0,97000000.0,72000000.0,0.38,0.38,0.38,2233000000.0,,2233000000.0,5645480138.0,19.0,13.871,89000000.0,0.482,1.0,116000000.0,0.374,0.0,25000000.0,5475000000.0,,52000000.0,10000000.0,10000000.0,0.0,1975000000.0,195000000.0,1780000000.0,4179480138.0,30000000.0,0.0,1000000.0,46000000.0,-106000000.0,-59000000.0,-42000000.0,0.0,131000000.0,0.0,70000000.0,70000000.0,70000000.0,0.0,0.0,0.226,19000000.0,97000000.0,44000000.0,1.5,1.872,10.32,8.764,3784000000.0,0.0,22.61,3.813,3.812,50000000.0,34000000.0,310000000.0,310000000.0,0.0,,,,,0.0,19000000.0,1.0,184850957.0,184800000,185500000.0,1.677,4208000000.0,0.0,2000000.0,15000000.0,22.771,224000000.0
54,PCL,MRQ,2002-06-30,2002-06-30,2002-06-30,2019-04-29,0.0,4159000000.0,,371000000.0,3788000000.0,,12.274,-27000000.0,240000000.0,240000000.0,172000000.0,53000000.0,2.304,0.835,1706000000.0,34000000.0,1672000000.0,1706000000.0,28000000.0,24000000.0,0.0,0.074,0.57,82000000.0,106000000.0,0.391,106000000.0,82000000.0,56000000.0,0.29,0.29,0.29,2267000000.0,,2267000000.0,7107446917.0,24.0,18.655,75000000.0,0.406,1.0,99000000.0,0.365,0.0,26000000.0,5464000000.0,,42000000.0,10000000.0,10000000.0,0.0,1892000000.0,161000000.0,1731000000.0,5669446917.0,-45000000.0,0.0,2000000.0,-17000000.0,-105000000.0,-120000000.0,-27000000.0,0.0,102000000.0,0.0,53000000.0,53000000.0,53000000.0,0.0,0.0,0.196,17000000.0,82000000.0,40000000.0,1.966,2.501,14.803,11.673,3779000000.0,0.0,30.7,6.116,6.117,55000000.0,24000000.0,271000000.0,271000000.0,0.0,,,,,0.0,17000000.0,1.0,184672538.0,184700000,185400000.0,1.467,4159000000.0,0.0,3000000.0,13000000.0,22.518,210000000.0
55,PCL,MRQ,2002-03-31,2002-03-31,2002-03-31,2019-04-29,0.0,4237000000.0,,440000000.0,3797000000.0,,12.553,-17000000.0,285000000.0,285000000.0,174000000.0,56000000.0,2.486,0.829,1723000000.0,34000000.0,1689000000.0,1723000000.0,42000000.0,26000000.0,0.0,0.077,0.0,84000000.0,110000000.0,0.4,110000000.0,84000000.0,58000000.0,0.3,0.3,0.3,2316000000.0,,2316000000.0,6993338018.0,27.0,20.938,56000000.0,0.304,1.0,101000000.0,0.367,0.0,26000000.0,5498000000.0,,53000000.0,10000000.0,10000000.0,0.0,1921000000.0,177000000.0,1744000000.0,5485338018.0,92000000.0,0.0,14000000.0,22000000.0,0.0,36000000.0,-17000000.0,0.0,73000000.0,0.0,56000000.0,56000000.0,56000000.0,0.0,0.0,0.204,17000000.0,84000000.0,28000000.0,0.0,2.368,15.365,11.516,3784000000.0,0.0,29.71,7.256,7.251,47000000.0,73000000.0,275000000.0,275000000.0,0.0,,,,,0.0,17000000.0,1.0,184629351.0,184500000,185300000.0,1.491,4237000000.0,0.0,2000000.0,13000000.0,22.965,263000000.0
56,PCL,MRQ,2001-12-31,2001-12-31,2001-12-31,2019-04-29,0.0,4122000000.0,,306000000.0,3816000000.0,,17.351,-49000000.0,193000000.0,193000000.0,172000000.0,226000000.0,2.054,0.834,1681000000.0,34000000.0,1647000000.0,1681000000.0,14000000.0,26000000.0,0.0,0.101,1.14,40000000.0,66000000.0,0.275,66000000.0,40000000.0,16000000.0,1.61,1.6,1.61,2247000000.0,,2247000000.0,5828679454.0,23.0,19.11,-13000000.0,-0.1,1.0,68000000.0,0.283,0.0,24000000.0,5461000000.0,,56000000.0,12000000.0,12000000.0,0.0,1875000000.0,149000000.0,1726000000.0,5177405454.0,193000000.0,159000000.0,32000000.0,232000000.0,-209000000.0,42000000.0,115000000.0,0.0,36000000.0,0.0,226000000.0,226000000.0,226000000.0,0.0,0.0,0.942,28000000.0,40000000.0,48000000.0,0.708,2.304,15.318,10.862,3796000000.0,0.0,28.35,8.658,6.139,31000000.0,17000000.0,240000000.0,240000000.0,0.0,,,,,0.0,28000000.0,1.0,182624531.0,129500000,130700000.0,1.853,4122000000.0,2000000.0,-210000000.0,9000000.0,31.83,157000000.0
57,PCL,MRQ,2001-09-30,2001-09-30,2001-09-30,2019-04-29,0.0,1371425000.0,,251109000.0,1120316000.0,,4.205,-8000000.0,159226000.0,159226000.0,44000000.0,48000000.0,1.116,1.894,810500000.0,150450000.0,660050000.0,810500000.0,0.0,12000000.0,0.0,0.085,0.57,87000000.0,99000000.0,0.702,99000000.0,87000000.0,78000000.0,0.43,0.42,0.43,473878000.0,,473878000.0,2466375360.0,7.0,6.266,88000000.0,0.781,1.0,97000000.0,0.688,0.0,9000000.0,1797604000.0,,40098000.0,0.0,0.0,0.0,897547000.0,225095000.0,672452000.0,1831558360.0,0.0,0.0,0.0,8000000.0,0.0,-88000000.0,-8000000.0,0.0,96000000.0,0.0,48000000.0,48000000.0,48000000.0,0.0,0.0,0.34,10000000.0,87000000.0,30201000.0,1.326,3.865,11.243,32.181,1059644000.0,0.0,26.71,2.626,4.317,30844000.0,0.0,141000000.0,141000000.0,0.0,,,,,0.0,10000000.0,1.0,68572009.0,112700000,113900000.0,1.251,1371425000.0,54457000.0,30000000.0,5889000.0,12.169,26014000.0
58,PCL,MRQ,2001-06-30,2001-06-30,2001-06-30,2019-04-29,0.0,1388541000.0,,265933000.0,1122608000.0,,4.401,-16000000.0,175801000.0,175801000.0,39000000.0,27000000.0,1.206,1.799,810618000.0,150441000.0,660177000.0,810618000.0,0.0,7000000.0,0.0,0.081,0.57,52000000.0,59000000.0,0.59,59000000.0,52000000.0,42000000.0,0.24,0.24,0.24,496039000.0,,496039000.0,2544041613.0,8.0,7.814,26000000.0,0.231,1.0,61000000.0,0.61,0.0,10000000.0,1802933000.0,,36248000.0,0.0,0.0,0.0,892502000.0,220425000.0,672077000.0,1928930613.0,0.0,0.0,0.0,-15000000.0,0.0,-26000000.0,-16000000.0,0.0,42000000.0,0.0,27000000.0,27000000.0,27000000.0,0.0,0.0,0.27,9000000.0,52000000.0,30961000.0,2.375,3.889,15.504,52.093,1059307000.0,0.0,28.13,3.226,5.302,33466000.0,0.0,100000000.0,100000000.0,0.0,,,,,0.0,9000000.0,1.0,68572009.0,112700000,113900000.0,0.887,1388541000.0,57147000.0,15000000.0,4308000.0,12.321,45508000.0
59,PCL,MRQ,2001-03-31,2001-03-31,2001-03-31,2019-04-29,0.0,1400618000.0,,286682000.0,1113936000.0,,4.6,-20000000.0,195577000.0,195577000.0,37000000.0,37000000.0,1.55,1.702,810688000.0,123427000.0,687261000.0,810688000.0,0.0,10000000.0,0.0,0.094,0.57,71000000.0,81000000.0,0.692,81000000.0,71000000.0,60000000.0,0.33,0.32,0.33,518417000.0,,518417000.0,2139945618.0,8.0,6.941,29000000.0,0.257,1.0,80000000.0,0.684,0.0,11000000.0,1830787000.0,,44037000.0,0.0,0.0,0.0,882201000.0,184942000.0,697259000.0,1659442618.0,0.0,0.0,0.0,-19000000.0,0.0,-29000000.0,-20000000.0,0.0,49000000.0,0.0,37000000.0,37000000.0,37000000.0,0.0,0.0,0.316,9000000.0,71000000.0,16400000.0,1.727,3.201,14.013,40.333,1047702000.0,0.0,24.2,3.011,4.949,23966000.0,11602000.0,117000000.0,117000000.0,0.0,,,,,0.0,9000000.0,1.0,68572009.0,112700000,113900000.0,1.038,1400618000.0,59667000.0,23000000.0,5205000.0,12.428,101740000.0
60,PCL,MRQ,2000-12-31,2000-12-31,2000-12-31,2019-04-29,0.0,1619000000.0,,26000000.0,1593000000.0,,1.287,-120398000.0,0.0,0.0,102675000.0,50910000.0,0.542,10.166,1009000000.0,0.0,1009000000.0,1009000000.0,0.0,-2023000.0,0.0,0.088,0.57,156664000.0,154641000.0,0.456,154641000.0,156664000.0,147910000.0,-0.17,-0.19,-0.17,145000000.0,,145000000.0,2318132234.0,8.0,7.025,362084000.0,3.213,1.0,236686000.0,0.697,0.0,8754000.0,2580000000.0,,2000000.0,364000000.0,12000000.0,352000000.0,1474000000.0,48000000.0,1426000000.0,1782872234.0,-1412000.0,42186000.0,0.0,-312978000.0,118343000.0,-338285000.0,-145609000.0,0.0,482482000.0,0.0,50910000.0,50910000.0,50910000.0,0.0,0.0,0.15,-23034000.0,259720000.0,11000000.0,-3.353,12.296,11.005,18.056,1238000000.0,0.0,26.0,3.616,5.944,1000000.0,0.0,339361000.0,339361000.0,0.0,,,,,0.0,28867000.0,1.0,68572009.0,112700000,113900000.0,3.011,1619000000.0,0.0,97000000.0,0.0,14.366,-22000000.0
61,PCL,MRQ,2000-09-30,2000-09-30,2000-09-30,2019-04-29,0.0,1217787000.0,,152374000.0,1065413000.0,,7.596,-5078000.0,116801000.0,116801000.0,16367000.0,9508000.0,3.354,1.317,652061000.0,6147000.0,645914000.0,652061000.0,3828000.0,9879000.0,0.0,0.102,0.57,21056000.0,30935000.0,0.745,30935000.0,21056000.0,9508000.0,0.14,0.14,0.14,525505000.0,,525505000.0,,,,24831000.0,0.359,1.0,25172000.0,0.606,0.0,11548000.0,1707623000.0,,0.0,78903000.0,0.0,78903000.0,692282000.0,45424000.0,646858000.0,1529841521.0,-9377000.0,-12869000.0,0.0,17888000.0,-39448000.0,-21560000.0,-17726000.0,0.0,29909000.0,0.0,9508000.0,9508000.0,9508000.0,0.0,0.0,0.229,4643000.0,20529000.0,876000.0,4.071,2.911,3.588,6.302,983108000.0,0.0,22.31,1.994,2.012,19952000.0,2332000.0,41539000.0,41539000.0,0.0,,,,,0.0,2283000.0,1.0,68572009.0,69181000,69228000.0,0.6,1217787000.0,0.0,0.0,3253000.0,17.603,106950000.0
62,PCL,MRQ,2000-06-30,2000-06-30,2000-06-30,2019-04-29,,,,,,,,-6297000.0,,,16455000.0,21003000.0,,,,,,,,8927000.0,,0.088,0.57,32785000.0,41712000.0,0.785,41712000.0,32785000.0,21003000.0,0.3,0.3,0.3,,,,,,,24569000.0,0.355,1.0,36694000.0,0.69,,11782000.0,,,,,,,,,,,-51132000.0,-21679000.0,0.0,-14799000.0,-39447000.0,-54246000.0,-27752000.0,0.0,30866000.0,0.0,21003000.0,21003000.0,21003000.0,0.0,0.0,0.395,3150000.0,33544000.0,,1.9,,,,,0.0,25.9,,,,,53149000.0,53149000.0,0.0,,,,,0.0,3401000.0,1.0,,69192000,69209000.0,0.768,,,0.0,,,
63,PCL,MRQ,2000-03-31,2000-03-31,2000-03-31,2019-04-29,,,,,,,,-3227000.0,,,16503000.0,80579000.0,,,,,,,,10217000.0,,0.093,0.57,92495000.0,102712000.0,1.742,102712000.0,92495000.0,80579000.0,1.16,1.16,1.16,,,,,,,46516000.0,0.672,1.0,42448000.0,0.72,,11916000.0,,,,,,,,,,,61921000.0,-7638000.0,0.0,-111000.0,-39448000.0,-39909000.0,52087000.0,0.0,49743000.0,0.0,80579000.0,80579000.0,80579000.0,0.0,0.0,1.367,-46239000.0,88687000.0,,0.491,,,,,0.0,24.63,,,,,58951000.0,58951000.0,0.0,,,,,0.0,3449000.0,1.0,,69207000,69207000.0,0.852,,,0.0,,,
64,PCL,MRQ,1999-12-31,1999-12-31,1999-12-31,2019-04-29,0.0,1250756000.0,,133316000.0,1117440000.0,,4.73,-92670000.0,115389000.0,115389000.0,-10031000.0,298126000.0,1.797,1.346,649077000.0,6127000.0,642950000.0,649077000.0,8556000.0,-8030000.0,0.0,0.091,0.57,585457000.0,577427000.0,0.941,577427000.0,585457000.0,567171000.0,1.94,1.9,1.94,533047000.0,,533047000.0,,,,116147000.0,1.031,1.0,623462000.0,1.016,0.0,18286000.0,1710240000.0,,0.0,100202000.0,0.0,100202000.0,717709000.0,74204000.0,643505000.0,,-13221000.0,-34198000.0,0.0,-12795000.0,107086000.0,-95709000.0,-126329000.0,0.0,208817000.0,0.0,298126000.0,315288000.0,315288000.0,0.0,0.0,0.514,23441000.0,600021000.0,29145000.0,0.294,,,7.082,1011727000.0,-17162000.0,25.0,,2.741,828000.0,9586000.0,613431000.0,613431000.0,0.0,,,,,0.0,18508000.0,1.0,,112700000,113900000.0,5.443,1250756000.0,0.0,269045000.0,2034000.0,11.098,59112000.0
0,PCL,MRT,2015-12-31,2015-12-31,2015-12-31,2019-04-29,-36000000.0,4990000000.0,5040000000.0,230000000.0,4760000000.0,0.287,8.451,-85000000.0,88000000.0,88000000.0,1037000000.0,197000000.0,0.343,2.376,3278000000.0,519000000.0,2759000000.0,3278000000.0,23000000.0,133000000.0,0.0,0.037,1.76,357000000.0,490000000.0,0.339,490000000.0,357000000.0,194000000.0,1.12,1.12,1.12,1478000000.0,1533750000.0,1478000000.0,11443132255.0,32.0,23.353,378000000.0,2.161,1.0,408000000.0,0.282,0.0,163000000.0,7510000000.0,7573500000.0,57000000.0,391000000.0,0.0,391000000.0,3512000000.0,670000000.0,2842000000.0,8284132255.0,-4000000.0,-5000000.0,-78000000.0,-15000000.0,-308000000.0,-401000000.0,-66000000.0,33000000.0,463000000.0,0.0,197000000.0,197000000.0,197000000.0,0.0,0.0,0.136,134000000.0,274000000.0,53000000.0,1.571,5.605,42.051,42.607,4304000000.0,0.0,47.72,5.733,5.776,32000000.0,-382000000.0,1445000000.0,1445000000.0,0.0,0.039,0.128,0.047,0.247,0.0,150000000.0,1.0,173598748.0,174900000,175200000.0,8.262,4990000000.0,37000000.0,-3000000.0,10000000.0,28.531,-440000000.0
1,PCL,MRT,2015-09-30,2015-09-30,2015-09-30,2019-04-29,-25000000.0,5004000000.0,5089250000.0,244000000.0,4760000000.0,0.305,8.64,-92000000.0,81000000.0,81000000.0,1116000000.0,231000000.0,0.385,2.323,3240000000.0,481000000.0,2759000000.0,3240000000.0,30000000.0,136000000.0,0.0,0.045,1.76,401000000.0,537000000.0,0.346,537000000.0,401000000.0,235000000.0,1.33,1.33,1.33,1506000000.0,1582000000.0,1506000000.0,10126555947.0,25.0,18.858,465000000.0,2.668,1.0,434000000.0,0.28,0.0,166000000.0,7530000000.0,7628750000.0,59000000.0,369000000.0,0.0,369000000.0,3498000000.0,633000000.0,2865000000.0,6903555947.0,-9000000.0,-5000000.0,-100000000.0,-110000000.0,-310000000.0,-520000000.0,-46000000.0,1000000.0,557000000.0,0.0,231000000.0,231000000.0,231000000.0,0.0,0.0,0.149,121000000.0,313000000.0,57000000.0,1.323,4.584,29.886,29.707,4320000000.0,0.0,39.51,4.454,4.443,43000000.0,-340000000.0,1550000000.0,1550000000.0,0.0,0.045,0.146,0.053,0.259,0.0,133000000.0,1.0,174729333.0,174300000,174600000.0,8.893,5004000000.0,34000000.0,4000000.0,17000000.0,28.709,-389000000.0
2,PCL,MRT,2015-06-30,2015-06-30,2015-06-30,2019-04-29,-23000000.0,5080000000.0,5157500000.0,263000000.0,4817000000.0,0.293,8.735,-94000000.0,83000000.0,83000000.0,1117000000.0,192000000.0,0.383,2.314,3306000000.0,547000000.0,2759000000.0,3306000000.0,34000000.0,137000000.0,0.0,0.043,1.76,367000000.0,504000000.0,0.334,504000000.0,367000000.0,201000000.0,1.09,1.09,1.09,1533000000.0,1631500000.0,1533000000.0,10285160127.0,28.0,20.407,401000000.0,2.285,1.0,394000000.0,0.261,0.0,166000000.0,7617000000.0,7807000000.0,56000000.0,401000000.0,0.0,401000000.0,3547000000.0,686000000.0,2861000000.0,7125160127.0,-24000000.0,-7000000.0,-99000000.0,-44000000.0,-311000000.0,-454000000.0,-65000000.0,1000000.0,495000000.0,0.0,192000000.0,192000000.0,192000000.0,0.0,0.0,0.127,105000000.0,289000000.0,53000000.0,1.615,4.648,37.11,37.22,4349000000.0,0.0,40.57,4.716,4.712,43000000.0,-363000000.0,1511000000.0,1511000000.0,0.0,0.037,0.118,0.047,0.243,0.0,121000000.0,1.0,175626328.0,175500000,175700000.0,8.61,5080000000.0,31000000.0,9000000.0,15000000.0,28.946,-423000000.0
3,PCL,MRT,2015-03-31,2015-03-31,2015-03-31,2019-04-29,-24000000.0,5086000000.0,5221750000.0,275000000.0,4811000000.0,0.3,9.198,-87000000.0,94000000.0,94000000.0,1137000000.0,226000000.0,0.452,2.143,3254000000.0,495000000.0,2759000000.0,3254000000.0,16000000.0,139000000.0,0.0,0.041,1.76,400000000.0,539000000.0,0.344,539000000.0,400000000.0,234000000.0,1.28,1.28,1.28,1618000000.0,1690000000.0,1618000000.0,10850765940.0,27.0,20.131,464000000.0,2.638,1.0,428000000.0,0.273,0.0,166000000.0,7637000000.0,7974500000.0,59000000.0,383000000.0,0.0,383000000.0,3468000000.0,609000000.0,2859000000.0,7649765940.0,-10000000.0,-7000000.0,-68000000.0,-124000000.0,-311000000.0,-503000000.0,-58000000.0,1000000.0,551000000.0,0.0,226000000.0,226000000.0,226000000.0,0.0,0.0,0.144,102000000.0,326000000.0,44000000.0,1.375,4.728,33.849,33.945,4364000000.0,0.0,43.45,4.888,4.884,47000000.0,-306000000.0,1565000000.0,1565000000.0,0.0,0.043,0.134,0.05,0.256,0.0,119000000.0,1.0,176059055.0,175900000,176200000.0,8.897,5086000000.0,29000000.0,8000000.0,10000000.0,28.914,-334000000.0
4,PCL,MRT,2014-12-31,2014-12-31,2014-12-31,2019-04-29,-23000000.0,5187000000.0,5288750000.0,310000000.0,4877000000.0,0.279,9.457,-89000000.0,92000000.0,92000000.0,1054000000.0,214000000.0,0.472,2.104,3293000000.0,534000000.0,2759000000.0,3293000000.0,23000000.0,138000000.0,0.0,0.041,1.76,388000000.0,526000000.0,0.356,526000000.0,388000000.0,222000000.0,1.21,1.21,1.21,1671000000.0,1732500000.0,1671000000.0,10786430362.0,28.0,20.507,368000000.0,2.083,1.0,422000000.0,0.286,0.0,166000000.0,7731000000.0,8149250000.0,61000000.0,391000000.0,0.0,391000000.0,3516000000.0,657000000.0,2859000000.0,7526430362.0,-341000000.0,-9000000.0,-49000000.0,-372000000.0,-312000000.0,-733000000.0,-65000000.0,0.0,457000000.0,0.0,214000000.0,214000000.0,214000000.0,0.0,0.0,0.145,100000000.0,322000000.0,58000000.0,1.455,4.504,35.17,35.364,4418000000.0,0.0,42.79,5.099,5.123,38000000.0,-271000000.0,1476000000.0,1476000000.0,0.0,0.04,0.124,0.048,0.263,0.0,115000000.0,1.0,175892273.0,176700000,177000000.0,8.353,5187000000.0,29000000.0,8000000.0,10000000.0,29.355,-347000000.0
5,PCL,MRT,2014-09-30,2014-09-30,2014-09-30,2019-04-29,3000000.0,5277000000.0,5415750000.0,248000000.0,5029000000.0,0.255,9.638,-307000000.0,90000000.0,90000000.0,978000000.0,186000000.0,0.844,2.097,3350000000.0,152000000.0,3198000000.0,3350000000.0,29000000.0,134000000.0,0.0,0.045,1.76,350000000.0,484000000.0,0.351,484000000.0,350000000.0,189000000.0,1.05,1.05,1.05,1704000000.0,1772750000.0,1704000000.0,10151644222.0,29.0,20.974,99000000.0,0.56,1.0,401000000.0,0.291,0.0,161000000.0,8243000000.0,8301000000.0,59000000.0,388000000.0,0.0,388000000.0,3573000000.0,294000000.0,3279000000.0,6909644221.0,-349000000.0,-9000000.0,559000000.0,-695000000.0,-312000000.0,-447000000.0,-308000000.0,0.0,406000000.0,0.0,186000000.0,186000000.0,186000000.0,0.0,0.0,0.135,107000000.0,294000000.0,56000000.0,1.676,4.055,37.149,37.152,4567000000.0,0.0,39.01,5.011,5.001,44000000.0,-261000000.0,1379000000.0,1379000000.0,0.0,0.034,0.105,0.042,0.254,0.0,116000000.0,1.0,177124948.0,176800000,177100000.0,7.8,5277000000.0,24000000.0,3000000.0,17000000.0,29.847,-46000000.0
6,PCL,MRT,2014-06-30,2014-06-30,2014-06-30,2019-04-29,1000000.0,5337000000.0,5254250000.0,283000000.0,5054000000.0,0.261,9.977,-460000000.0,107000000.0,107000000.0,956000000.0,197000000.0,0.969,2.02,3349000000.0,152000000.0,3197000000.0,3349000000.0,36000000.0,134000000.0,0.0,0.039,1.76,351000000.0,485000000.0,0.354,485000000.0,351000000.0,197000000.0,1.15,1.15,1.15,1767000000.0,1654250000.0,1767000000.0,11260053819.0,32.0,23.217,-7000000.0,-0.04,1.0,414000000.0,0.302,0.0,154000000.0,8287000000.0,7905750000.0,51000000.0,400000000.0,0.0,400000000.0,3570000000.0,292000000.0,3278000000.0,7987053819.0,-248000000.0,-4000000.0,608000000.0,-541000000.0,-306000000.0,-238000000.0,-463000000.0,0.0,453000000.0,0.0,197000000.0,197000000.0,197000000.0,0.0,0.0,0.144,120000000.0,294000000.0,53000000.0,1.53,4.52,40.543,39.217,4579000000.0,0.0,45.1,5.83,5.83,44000000.0,-244000000.0,1370000000.0,1370000000.0,0.0,0.037,0.119,0.044,0.256,0.0,121000000.0,1.0,177096537.0,177100000,177400000.0,7.736,5337000000.0,26000000.0,0.0,14000000.0,30.136,-9000000.0
7,PCL,MRT,2014-03-31,2014-03-31,2014-03-31,2019-04-29,2000000.0,5354000000.0,5036250000.0,302000000.0,5052000000.0,0.262,10.102,-529000000.0,104000000.0,104000000.0,922000000.0,188000000.0,1.038,1.994,3377000000.0,180000000.0,3197000000.0,3377000000.0,18000000.0,125000000.0,0.0,0.042,1.76,333000000.0,458000000.0,0.348,458000000.0,333000000.0,186000000.0,1.12,1.12,1.12,1788000000.0,1519500000.0,1788000000.0,10676034745.0,32.0,23.31,-69000000.0,-0.39,1.0,395000000.0,0.3,0.0,147000000.0,8336000000.0,7480750000.0,57000000.0,386000000.0,0.0,386000000.0,3566000000.0,291000000.0,3275000000.0,7445034745.0,-192000000.0,-4000000.0,618000000.0,-438000000.0,-300000000.0,-119000000.0,-533000000.0,0.0,460000000.0,0.0,188000000.0,188000000.0,188000000.0,0.0,0.0,0.143,121000000.0,274000000.0,42000000.0,1.571,4.164,39.601,37.536,4590000000.0,0.0,42.04,5.653,5.65,44000000.0,-221000000.0,1317000000.0,1317000000.0,0.0,0.037,0.124,0.045,0.253,0.0,120000000.0,1.0,177094071.0,177000000,177300000.0,7.441,5354000000.0,26000000.0,-2000000.0,11000000.0,30.249,11000000.0
8,PCL,MRT,2013-12-31,2013-12-31,2013-12-31,2019-04-29,1000000.0,5695000000.0,4790750000.0,633000000.0,5062000000.0,0.28,11.13,-529000000.0,433000000.0,433000000.0,920000000.0,214000000.0,1.077,2.109,3664000000.0,467000000.0,3197000000.0,3664000000.0,26000000.0,119000000.0,0.0,0.037,1.74,354000000.0,473000000.0,0.353,473000000.0,354000000.0,213000000.0,1.3,1.3,1.3,1832000000.0,1382500000.0,1832000000.0,10968079868.0,31.0,23.188,-125000000.0,-0.759,1.0,420000000.0,0.313,0.0,141000000.0,8338000000.0,7042250000.0,55000000.0,395000000.0,0.0,395000000.0,3863000000.0,588000000.0,3275000000.0,8228079868.0,77000000.0,0.0,642000000.0,-151000000.0,-290000000.0,202000000.0,-529000000.0,0.0,404000000.0,0.0,214000000.0,214000000.0,214000000.0,0.0,0.0,0.16,125000000.0,295000000.0,53000000.0,1.338,4.491,38.449,35.777,4596000000.0,0.0,46.51,6.14,5.713,29000000.0,-173000000.0,1340000000.0,1340000000.0,0.0,0.045,0.155,0.05,0.264,0.0,123000000.0,1.0,176909909.0,164600000,165000000.0,8.141,5695000000.0,26000000.0,-1000000.0,10000000.0,34.599,45000000.0
9,PCL,MRT,2013-09-30,2013-09-30,2013-09-30,2019-04-29,-27000000.0,4631000000.0,4463000000.0,590000000.0,4041000000.0,0.305,7.546,-383000000.0,439000000.0,439000000.0,914000000.0,253000000.0,0.832,2.765,3179000000.0,581000000.0,2598000000.0,3179000000.0,29000000.0,113000000.0,0.0,0.037,1.72,392000000.0,505000000.0,0.371,505000000.0,392000000.0,252000000.0,1.56,1.56,1.56,1230000000.0,1230250000.0,1230000000.0,10302875274.0,26.0,20.402,53000000.0,0.325,1.0,449000000.0,0.329,0.0,140000000.0,6662000000.0,6584250000.0,53000000.0,237000000.0,0.0,237000000.0,3401000000.0,709000000.0,2692000000.0,7632875274.0,119000000.0,0.0,46000000.0,300000000.0,-280000000.0,66000000.0,-383000000.0,0.0,436000000.0,0.0,253000000.0,253000000.0,253000000.0,0.0,0.0,0.186,121000000.0,328000000.0,52000000.0,1.103,6.206,30.169,30.019,3513000000.0,0.0,46.83,5.6,5.6,35000000.0,-135000000.0,1363000000.0,1363000000.0,0.0,0.057,0.206,0.06,0.288,0.0,119000000.0,1.0,162991144.0,163000000,163400000.0,8.362,4631000000.0,27000000.0,-1000000.0,16000000.0,28.411,-119000000.0
10,PCL,MRT,2013-06-30,2013-06-30,2013-06-30,2019-04-29,-27000000.0,4465000000.0,4381000000.0,538000000.0,3927000000.0,0.308,7.538,-227000000.0,355000000.0,355000000.0,914000000.0,240000000.0,0.982,2.636,3025000000.0,427000000.0,2598000000.0,3025000000.0,33000000.0,109000000.0,0.0,0.036,1.7,378000000.0,487000000.0,0.36,487000000.0,378000000.0,237000000.0,1.48,1.48,1.48,1228000000.0,1222500000.0,1228000000.0,10253776262.0,27.0,21.055,177000000.0,1.087,1.0,437000000.0,0.323,0.0,141000000.0,6587000000.0,6469750000.0,49000000.0,250000000.0,0.0,250000000.0,3237000000.0,548000000.0,2689000000.0,7599776262.0,95000000.0,0.0,48000000.0,146000000.0,-276000000.0,-82000000.0,-227000000.0,0.0,404000000.0,0.0,240000000.0,240000000.0,240000000.0,0.0,0.0,0.178,121000000.0,316000000.0,43000000.0,1.149,6.189,31.666,31.534,3538000000.0,0.0,46.67,5.625,5.627,40000000.0,-135000000.0,1351000000.0,1351000000.0,0.0,0.055,0.196,0.058,0.28,0.0,122000000.0,1.0,162840717.0,162900000,163400000.0,8.293,4465000000.0,27000000.0,-3000000.0,13000000.0,27.409,-10000000.0
11,PCL,MRT,2013-03-31,2013-03-31,2013-03-31,2019-04-29,-29000000.0,4372000000.0,4338250000.0,505000000.0,3867000000.0,0.309,7.64,-162000000.0,296000000.0,296000000.0,914000000.0,230000000.0,1.137,2.526,2950000000.0,352000000.0,2598000000.0,2950000000.0,16000000.0,113000000.0,0.0,0.032,1.68,369000000.0,482000000.0,0.359,482000000.0,369000000.0,229000000.0,1.42,1.42,1.42,1240000000.0,1216000000.0,1240000000.0,11067538304.0,30.0,22.962,186000000.0,1.146,1.0,428000000.0,0.319,0.0,140000000.0,6582000000.0,6364500000.0,55000000.0,232000000.0,0.0,232000000.0,3132000000.0,444000000.0,2688000000.0,8473538304.0,23000000.0,0.0,38000000.0,71000000.0,-272000000.0,-163000000.0,-162000000.0,0.0,348000000.0,0.0,230000000.0,230000000.0,230000000.0,0.0,0.0,0.171,119000000.0,309000000.0,33000000.0,1.183,6.833,36.841,36.761,3496000000.0,0.0,52.2,6.314,6.313,40000000.0,-109000000.0,1342000000.0,1342000000.0,0.0,0.053,0.189,0.058,0.275,0.0,120000000.0,1.0,162328320.0,162300000,162800000.0,8.269,4372000000.0,25000000.0,-1000000.0,10000000.0,26.938,61000000.0
12,PCL,MRT,2012-12-31,2012-12-31,2012-12-31,2019-04-29,-32000000.0,4384000000.0,4323750000.0,506000000.0,3878000000.0,0.31,7.573,-166000000.0,356000000.0,356000000.0,943000000.0,203000000.0,1.072,2.585,2950000000.0,352000000.0,2598000000.0,2950000000.0,23000000.0,114000000.0,0.0,0.038,1.68,340000000.0,454000000.0,0.339,454000000.0,340000000.0,200000000.0,1.25,1.25,1.25,1223000000.0,1213750000.0,1223000000.0,9726179033.0,29.0,21.423,187000000.0,1.158,1.0,396000000.0,0.296,0.0,140000000.0,6506000000.0,6266500000.0,49000000.0,243000000.0,0.0,243000000.0,3161000000.0,472000000.0,2689000000.0,7169179033.0,102000000.0,0.0,17000000.0,171000000.0,-272000000.0,-84000000.0,-167000000.0,0.0,353000000.0,0.0,203000000.0,203000000.0,203000000.0,0.0,0.0,0.152,115000000.0,281000000.0,55000000.0,1.344,5.862,35.316,35.496,3577000000.0,0.0,44.37,5.354,5.352,22000000.0,-97000000.0,1339000000.0,1339000000.0,0.0,0.047,0.167,0.054,0.254,0.0,116000000.0,1.0,161577170.0,161500000,161900000.0,8.291,4384000000.0,26000000.0,-3000000.0,9000000.0,27.146,34000000.0
13,PCL,MRT,2012-09-30,2012-09-30,2012-09-30,2019-04-29,-30000000.0,4303000000.0,4292500000.0,472000000.0,3831000000.0,0.303,7.424,-110000000.0,320000000.0,320000000.0,919000000.0,185000000.0,0.72,2.589,2877000000.0,527000000.0,2350000000.0,2877000000.0,31000000.0,113000000.0,0.0,0.038,1.68,321000000.0,434000000.0,0.334,434000000.0,321000000.0,182000000.0,1.14,1.14,1.14,1199000000.0,1223750000.0,1199000000.0,9698174721.0,30.0,22.346,207000000.0,1.282,1.0,381000000.0,0.293,0.0,139000000.0,6204000000.0,6130750000.0,49000000.0,225000000.0,0.0,225000000.0,3104000000.0,656000000.0,2448000000.0,7081174721.0,29000000.0,0.0,-5000000.0,100000000.0,-272000000.0,-177000000.0,-111000000.0,0.0,317000000.0,0.0,185000000.0,185000000.0,185000000.0,0.0,0.0,0.142,114000000.0,267000000.0,48000000.0,1.474,5.906,38.277,38.456,3551000000.0,0.0,43.84,5.447,5.446,39000000.0,-108000000.0,1300000000.0,1300000000.0,0.0,0.043,0.151,0.052,0.247,0.0,115000000.0,1.0,161523146.0,161500000,161900000.0,8.05,4303000000.0,24000000.0,-3000000.0,16000000.0,26.644,-184000000.0
14,PCL,MRT,2012-06-30,2012-06-30,2012-06-30,2019-04-29,-32000000.0,4294000000.0,4287250000.0,439000000.0,3855000000.0,0.289,7.443,-179000000.0,260000000.0,260000000.0,875000000.0,176000000.0,0.589,2.572,2877000000.0,627000000.0,2250000000.0,2877000000.0,36000000.0,108000000.0,0.0,0.042,1.68,311000000.0,419000000.0,0.338,419000000.0,311000000.0,173000000.0,1.09,1.09,1.09,1202000000.0,1249250000.0,1202000000.0,9015260587.0,29.0,21.516,127000000.0,0.786,1.0,364000000.0,0.294,0.0,138000000.0,6166000000.0,6065000000.0,46000000.0,238000000.0,0.0,238000000.0,3092000000.0,745000000.0,2347000000.0,6411260587.0,7000000.0,0.0,-22000000.0,175000000.0,-272000000.0,-119000000.0,-180000000.0,0.0,306000000.0,0.0,176000000.0,176000000.0,176000000.0,0.0,0.0,0.142,107000000.0,257000000.0,35000000.0,1.541,5.334,36.428,36.422,3562000000.0,0.0,39.7,5.175,5.175,36000000.0,-99000000.0,1239000000.0,1239000000.0,0.0,0.041,0.141,0.051,0.251,0.0,108000000.0,1.0,161492710.0,161500000,161700000.0,7.672,4294000000.0,24000000.0,-3000000.0,13000000.0,26.588,-306000000.0
15,PCL,MRT,2012-03-31,2012-03-31,2012-03-31,2019-04-29,-32000000.0,4314000000.0,4273750000.0,424000000.0,3890000000.0,0.288,7.627,-179000000.0,273000000.0,273000000.0,858000000.0,184000000.0,0.582,2.504,2877000000.0,627000000.0,2250000000.0,2877000000.0,23000000.0,101000000.0,0.0,0.04,1.68,320000000.0,421000000.0,0.343,421000000.0,320000000.0,181000000.0,1.14,1.14,1.14,1231000000.0,1282250000.0,1231000000.0,9227071180.0,29.0,21.917,125000000.0,0.774,1.0,371000000.0,0.302,0.0,139000000.0,6190000000.0,6007500000.0,50000000.0,224000000.0,0.0,224000000.0,3083000000.0,728000000.0,2355000000.0,6708071180.0,19000000.0,0.0,-20000000.0,187000000.0,-272000000.0,-105000000.0,-180000000.0,0.0,304000000.0,0.0,184000000.0,184000000.0,184000000.0,0.0,0.0,0.15,106000000.0,265000000.0,34000000.0,1.474,5.449,36.457,36.456,3610000000.0,0.0,41.56,5.458,5.458,38000000.0,-67000000.0,1229000000.0,1229000000.0,0.0,0.043,0.143,0.053,0.26,0.0,106000000.0,1.0,161406910.0,161400000,161700000.0,7.615,4314000000.0,24000000.0,-3000000.0,11000000.0,26.729,-304000000.0
16,PCL,MRT,2011-12-31,2011-12-31,2011-12-31,2019-04-29,-35000000.0,4259000000.0,4249500000.0,453000000.0,3806000000.0,0.275,7.811,-171000000.0,254000000.0,254000000.0,789000000.0,193000000.0,0.556,2.372,2773000000.0,700000000.0,2073000000.0,2773000000.0,27000000.0,96000000.0,0.0,0.046,1.68,331000000.0,427000000.0,0.366,427000000.0,331000000.0,192000000.0,1.19,1.19,1.19,1263000000.0,1312750000.0,1263000000.0,8379313443.0,25.0,19.624,203000000.0,1.255,1.0,378000000.0,0.324,0.0,139000000.0,5963000000.0,6031500000.0,48000000.0,237000000.0,0.0,237000000.0,2996000000.0,815000000.0,2181000000.0,5896313443.0,2000000.0,0.0,-16000000.0,87000000.0,-272000000.0,-201000000.0,-171000000.0,0.0,374000000.0,0.0,193000000.0,193000000.0,193000000.0,0.0,0.0,0.165,103000000.0,275000000.0,45000000.0,1.412,4.668,30.551,30.723,3503000000.0,0.0,36.56,5.053,5.066,28000000.0,-28000000.0,1167000000.0,1167000000.0,0.0,0.045,0.147,0.055,0.284,0.0,106000000.0,1.0,161277720.0,161700000,162000000.0,7.217,4259000000.0,23000000.0,-1000000.0,9000000.0,26.339,-362000000.0
17,PCL,MRT,2011-09-30,2011-09-30,2011-09-30,2019-04-29,-11000000.0,4282000000.0,4247500000.0,427000000.0,3855000000.0,0.284,8.036,-151000000.0,291000000.0,291000000.0,822000000.0,191000000.0,0.518,2.291,2774000000.0,697000000.0,2077000000.0,2774000000.0,33000000.0,94000000.0,0.0,0.048,1.68,331000000.0,425000000.0,0.352,425000000.0,331000000.0,191000000.0,1.17,1.18,1.17,1301000000.0,1340500000.0,1301000000.0,8067506535.0,24.0,18.982,280000000.0,1.729,1.0,386000000.0,0.32,0.0,140000000.0,5941000000.0,6118250000.0,44000000.0,225000000.0,0.0,225000000.0,2981000000.0,824000000.0,2157000000.0,5622506535.0,24000000.0,0.0,-7000000.0,23000000.0,-271000000.0,-255000000.0,-152000000.0,-2000000.0,431000000.0,0.0,191000000.0,191000000.0,191000000.0,0.0,0.0,0.158,99000000.0,287000000.0,43000000.0,1.436,4.322,29.437,29.667,3583000000.0,0.0,34.71,4.654,4.652,36000000.0,-21000000.0,1208000000.0,1208000000.0,0.0,0.045,0.142,0.054,0.274,0.0,102000000.0,1.0,161985207.0,161900000,162200000.0,7.461,4282000000.0,15000000.0,0.0,17000000.0,26.448,-397000000.0
18,PCL,MRT,2011-06-30,2011-06-30,2011-06-30,2019-04-29,-9000000.0,4240000000.0,4257250000.0,426000000.0,3814000000.0,0.276,8.235,-80000000.0,253000000.0,253000000.0,810000000.0,173000000.0,0.569,2.178,2698000000.0,622000000.0,2076000000.0,2698000000.0,36000000.0,92000000.0,0.0,0.041,1.68,314000000.0,406000000.0,0.346,406000000.0,314000000.0,174000000.0,1.06,1.06,1.06,1334000000.0,1358000000.0,1334000000.0,8996766090.0,29.0,22.16,319000000.0,1.969,1.0,364000000.0,0.31,0.0,140000000.0,5936000000.0,6201500000.0,43000000.0,241000000.0,0.0,241000000.0,2906000000.0,749000000.0,2157000000.0,6564766090.0,3000000.0,0.0,8000000.0,-52000000.0,-272000000.0,-316000000.0,-80000000.0,-2000000.0,399000000.0,0.0,173000000.0,173000000.0,173000000.0,0.0,0.0,0.147,95000000.0,269000000.0,43000000.0,1.585,4.921,37.947,38.245,3525000000.0,0.0,40.54,5.592,5.594,33000000.0,-3000000.0,1174000000.0,1174000000.0,0.0,0.041,0.127,0.051,0.267,0.0,98000000.0,1.0,161933056.0,162000000,162300000.0,7.247,4240000000.0,13000000.0,1000000.0,14000000.0,26.173,-323000000.0
19,PCL,MRT,2011-03-31,2011-03-31,2011-03-31,2019-04-29,-10000000.0,4217000000.0,4283000000.0,403000000.0,3814000000.0,0.268,8.362,-68000000.0,254000000.0,254000000.0,799000000.0,164000000.0,1.11,2.117,2686000000.0,260000000.0,2426000000.0,2686000000.0,20000000.0,94000000.0,0.0,0.039,1.68,306000000.0,400000000.0,0.348,400000000.0,306000000.0,167000000.0,1.0,1.0,1.0,1353000000.0,1376000000.0,1353000000.0,9492106371.0,31.0,23.73,328000000.0,2.027,1.0,349000000.0,0.304,0.0,139000000.0,6286000000.0,6299000000.0,52000000.0,224000000.0,0.0,224000000.0,2864000000.0,363000000.0,2501000000.0,7058106371.0,-50000000.0,0.0,-42000000.0,-64000000.0,-272000000.0,-378000000.0,-68000000.0,-2000000.0,396000000.0,0.0,164000000.0,164000000.0,164000000.0,0.0,0.0,0.143,87000000.0,262000000.0,38000000.0,1.68,5.217,43.037,43.61,3542000000.0,0.0,43.61,6.148,6.146,32000000.0,21000000.0,1148000000.0,1148000000.0,0.0,0.038,0.119,0.049,0.267,0.0,94000000.0,1.0,161846053.0,161800000,162100000.0,7.095,4217000000.0,18000000.0,3000000.0,10000000.0,26.063,40000000.0
20,PCL,MRT,2010-12-31,2010-12-31,2010-12-31,2019-04-29,-11000000.0,4251000000.0,4332250000.0,410000000.0,3841000000.0,0.275,8.476,-58000000.0,252000000.0,252000000.0,807000000.0,213000000.0,1.093,2.094,2686000000.0,260000000.0,2426000000.0,2686000000.0,25000000.0,96000000.0,0.0,0.045,1.68,352000000.0,448000000.0,0.376,448000000.0,352000000.0,214000000.0,1.31,1.31,1.31,1374000000.0,1409250000.0,1374000000.0,8516290493.0,24.0,19.01,391000000.0,2.412,1.0,383000000.0,0.322,0.0,138000000.0,6310000000.0,6395500000.0,49000000.0,236000000.0,0.0,236000000.0,2877000000.0,375000000.0,2502000000.0,6052290493.0,-47000000.0,0.0,-49000000.0,-117000000.0,-272000000.0,-438000000.0,-58000000.0,-2000000.0,449000000.0,0.0,213000000.0,213000000.0,213000000.0,0.0,0.0,0.179,86000000.0,297000000.0,48000000.0,1.282,4.405,28.415,28.588,3551000000.0,0.0,37.45,5.086,5.101,21000000.0,51000000.0,1190000000.0,1190000000.0,0.0,0.049,0.151,0.055,0.296,0.0,95000000.0,1.0,161609893.0,162100000,162300000.0,7.341,4251000000.0,17000000.0,1000000.0,12000000.0,26.225,35000000.0
21,PCL,MRT,2010-09-30,2010-09-30,2010-09-30,2019-04-29,-20000000.0,4321000000.0,4381500000.0,469000000.0,3852000000.0,0.249,8.494,-54000000.0,267000000.0,267000000.0,749000000.0,182000000.0,0.918,2.152,2731000000.0,371000000.0,2360000000.0,2731000000.0,28000000.0,96000000.0,0.0,0.048,1.68,315000000.0,411000000.0,0.376,411000000.0,315000000.0,178000000.0,1.13,1.11,1.13,1371000000.0,1432250000.0,1371000000.0,8185544987.0,26.0,19.916,306000000.0,1.896,1.0,343000000.0,0.314,0.0,137000000.0,6274000000.0,6425250000.0,46000000.0,221000000.0,0.0,221000000.0,2950000000.0,511000000.0,2439000000.0,5704544987.0,-84000000.0,0.0,-49000000.0,-67000000.0,-273000000.0,-389000000.0,-55000000.0,-3000000.0,360000000.0,0.0,182000000.0,182000000.0,182000000.0,0.0,0.0,0.167,92000000.0,251000000.0,48000000.0,1.487,4.161,31.344,31.239,3584000000.0,0.0,35.3,5.224,5.217,31000000.0,59000000.0,1092000000.0,1092000000.0,0.0,0.042,0.127,0.049,0.288,0.0,101000000.0,1.0,161601841.0,161400000,161900000.0,6.766,4321000000.0,20000000.0,-4000000.0,20000000.0,26.772,-42000000.0
22,PCL,MRT,2010-06-30,2010-06-30,2010-06-30,2019-04-29,-20000000.0,4343000000.0,4431250000.0,457000000.0,3886000000.0,0.254,8.663,-51000000.0,250000000.0,250000000.0,797000000.0,169000000.0,0.918,2.089,2731000000.0,371000000.0,2360000000.0,2731000000.0,31000000.0,100000000.0,0.0,0.049,1.68,301000000.0,401000000.0,0.356,401000000.0,301000000.0,162000000.0,1.05,1.04,1.05,1406000000.0,1463500000.0,1406000000.0,8054224336.0,27.0,20.085,302000000.0,1.861,1.0,330000000.0,0.293,0.0,139000000.0,6326000000.0,6548000000.0,45000000.0,234000000.0,0.0,234000000.0,2937000000.0,498000000.0,2439000000.0,5627224336.0,-97000000.0,0.0,-49000000.0,-74000000.0,-273000000.0,-396000000.0,-54000000.0,-3000000.0,353000000.0,0.0,169000000.0,169000000.0,169000000.0,0.0,0.0,0.15,92000000.0,238000000.0,44000000.0,1.6,4.002,33.297,32.886,3604000000.0,0.0,34.53,4.993,4.973,35000000.0,96000000.0,1127000000.0,1127000000.0,0.0,0.038,0.115,0.046,0.267,0.0,101000000.0,1.0,162966242.0,162300000,162500000.0,6.944,4343000000.0,20000000.0,-7000000.0,16000000.0,26.759,-41000000.0
23,PCL,MRT,2010-03-31,2010-03-31,2010-03-31,2019-04-29,-20000000.0,4414000000.0,4487500000.0,516000000.0,3898000000.0,0.254,9.122,-46000000.0,304000000.0,304000000.0,808000000.0,166000000.0,3.053,1.97,2731000000.0,51000000.0,2680000000.0,2731000000.0,15000000.0,100000000.0,0.0,0.043,1.68,297000000.0,397000000.0,0.348,397000000.0,297000000.0,154000000.0,1.04,1.03,1.04,1486000000.0,1497500000.0,1486000000.0,8822554835.0,30.0,22.223,339000000.0,2.081,1.0,333000000.0,0.292,0.0,143000000.0,6672000000.0,6661250000.0,49000000.0,220000000.0,0.0,220000000.0,2928000000.0,169000000.0,2759000000.0,6338554835.0,-51000000.0,0.0,-1000000.0,-112000000.0,-274000000.0,-387000000.0,-49000000.0,-3000000.0,385000000.0,0.0,166000000.0,166000000.0,166000000.0,0.0,0.0,0.145,98000000.0,235000000.0,44000000.0,1.615,4.266,38.184,37.413,3630000000.0,0.0,38.91,5.555,5.555,32000000.0,129000000.0,1141000000.0,1141000000.0,0.0,0.037,0.111,0.045,0.26,0.0,103000000.0,1.0,162902977.0,162900000,163100000.0,7.004,4414000000.0,34000000.0,-12000000.0,13000000.0,27.096,347000000.0
24,PCL,MRT,2009-12-31,2009-12-31,2009-12-31,2019-04-29,-19000000.0,4448000000.0,4540000000.0,519000000.0,3929000000.0,0.285,8.977,-61000000.0,299000000.0,299000000.0,889000000.0,236000000.0,1.032,2.034,2783000000.0,375000000.0,2408000000.0,2783000000.0,16000000.0,109000000.0,0.0,0.044,1.68,352000000.0,461000000.0,0.356,461000000.0,352000000.0,205000000.0,1.45,1.44,1.45,1466000000.0,1519500000.0,1466000000.0,8590840441.0,24.0,18.635,479000000.0,2.933,1.0,405000000.0,0.313,0.0,147000000.0,6429000000.0,6712250000.0,46000000.0,234000000.0,0.0,234000000.0,2982000000.0,503000000.0,2479000000.0,6147840441.0,-70000000.0,0.0,-87000000.0,-184000000.0,-275000000.0,-546000000.0,-64000000.0,-3000000.0,540000000.0,0.0,236000000.0,236000000.0,236000000.0,0.0,0.0,0.182,106000000.0,299000000.0,52000000.0,1.159,4.194,26.05,26.041,3643000000.0,0.0,37.76,4.751,4.765,24000000.0,110000000.0,1294000000.0,1294000000.0,0.0,0.052,0.155,0.052,0.272,0.0,106000000.0,1.0,162813571.0,163300000,163400000.0,7.924,4448000000.0,35000000.0,-31000000.0,14000000.0,27.238,16000000.0
25,PCL,MRT,2009-09-30,2009-09-30,2009-09-30,2019-04-29,-28000000.0,4520000000.0,4623000000.0,496000000.0,4024000000.0,0.324,9.184,-122000000.0,351000000.0,351000000.0,1032000000.0,303000000.0,2.505,2.021,2794000000.0,51000000.0,2743000000.0,2794000000.0,22000000.0,111000000.0,0.0,0.055,1.68,423000000.0,534000000.0,0.357,534000000.0,423000000.0,268000000.0,1.83,1.84,1.83,1496000000.0,1546000000.0,1496000000.0,7443578370.0,18.0,13.939,565000000.0,3.468,1.0,465000000.0,0.311,0.0,155000000.0,6765000000.0,6872250000.0,48000000.0,218000000.0,0.0,218000000.0,3024000000.0,198000000.0,2826000000.0,4988578370.0,176000000.0,-9000000.0,-300000000.0,204000000.0,-277000000.0,-373000000.0,-138000000.0,-7000000.0,687000000.0,0.0,303000000.0,303000000.0,303000000.0,0.0,0.0,0.202,112000000.0,353000000.0,51000000.0,0.918,3.335,16.464,16.743,3744000000.0,0.0,30.64,3.332,3.334,32000000.0,150000000.0,1497000000.0,1497000000.0,0.0,0.066,0.196,0.062,0.283,0.0,109000000.0,1.0,162812610.0,162900000,163000000.0,9.19,4520000000.0,35000000.0,-35000000.0,22000000.0,27.747,298000000.0
26,PCL,MRT,2009-06-30,2009-06-30,2009-06-30,2019-04-29,-30000000.0,4568000000.0,4654000000.0,554000000.0,4014000000.0,0.347,9.466,-187000000.0,347000000.0,347000000.0,1079000000.0,353000000.0,2.27,1.962,2802000000.0,110000000.0,2692000000.0,2802000000.0,26000000.0,116000000.0,0.0,0.056,1.68,470000000.0,586000000.0,0.362,586000000.0,470000000.0,316000000.0,2.12,2.12,2.12,1542000000.0,1619000000.0,1542000000.0,7333394187.0,16.0,12.514,533000000.0,3.272,1.0,538000000.0,0.333,0.0,154000000.0,6779000000.0,6830500000.0,53000000.0,229000000.0,0.0,229000000.0,3026000000.0,244000000.0,2782000000.0,4848394187.0,222000000.0,-9000000.0,-287000000.0,271000000.0,-280000000.0,-295000000.0,-203000000.0,-7000000.0,720000000.0,0.0,353000000.0,353000000.0,353000000.0,0.0,0.0,0.218,124000000.0,414000000.0,46000000.0,0.792,3.144,13.735,14.047,3725000000.0,0.0,29.78,2.998,3.0,34000000.0,200000000.0,1617000000.0,1617000000.0,0.0,0.076,0.218,0.069,0.291,0.0,120000000.0,1.0,162807058.0,162900000,163000000.0,9.926,4568000000.0,34000000.0,-37000000.0,19000000.0,28.042,310000000.0
27,PCL,MRT,2009-03-31,2009-03-31,2009-03-31,2019-04-29,-33000000.0,4624000000.0,4649000000.0,589000000.0,4035000000.0,0.37,9.557,-192000000.0,355000000.0,355000000.0,1169000000.0,352000000.0,2.528,1.938,2840000000.0,110000000.0,2730000000.0,2840000000.0,11000000.0,135000000.0,0.0,0.058,1.68,460000000.0,595000000.0,0.346,595000000.0,460000000.0,310000000.0,2.1,2.1,2.1,1574000000.0,1678000000.0,1574000000.0,7387810340.0,16.0,12.416,513000000.0,3.115,1.0,552000000.0,0.321,0.0,150000000.0,6876000000.0,6803000000.0,66000000.0,211000000.0,0.0,211000000.0,3050000000.0,233000000.0,2817000000.0,4791810340.0,237000000.0,-9000000.0,-286000000.0,309000000.0,-283000000.0,-260000000.0,-208000000.0,-7000000.0,705000000.0,0.0,352000000.0,352000000.0,352000000.0,0.0,0.0,0.205,134000000.0,418000000.0,44000000.0,0.8,3.044,13.613,13.843,3772000000.0,0.0,29.07,2.784,2.782,29000000.0,237000000.0,1721000000.0,1721000000.0,0.0,0.076,0.21,0.068,0.267,0.0,130000000.0,1.0,164836957.0,164700000,164800000.0,10.449,4624000000.0,48000000.0,-42000000.0,17000000.0,28.075,356000000.0
28,PCL,MRT,2008-12-31,2008-12-31,2008-12-31,2019-04-29,-31000000.0,4780000000.0,4632000000.0,699000000.0,4081000000.0,0.348,9.231,-189000000.0,369000000.0,369000000.0,1157000000.0,233000000.0,2.277,2.041,2965000000.0,158000000.0,2807000000.0,2965000000.0,17000000.0,135000000.0,0.0,0.048,1.68,354000000.0,489000000.0,0.303,489000000.0,354000000.0,206000000.0,1.37,1.37,1.37,1572000000.0,1738500000.0,1572000000.0,8221313747.0,23.0,16.813,231000000.0,1.356,1.0,457000000.0,0.283,0.0,148000000.0,7069000000.0,6759250000.0,74000000.0,224000000.0,0.0,224000000.0,3208000000.0,307000000.0,2901000000.0,5794313747.0,129000000.0,-9000000.0,-250000000.0,450000000.0,-286000000.0,-86000000.0,-205000000.0,-7000000.0,420000000.0,0.0,233000000.0,233000000.0,233000000.0,0.0,0.0,0.144,129000000.0,328000000.0,63000000.0,1.226,3.686,24.868,25.358,3815000000.0,0.0,34.74,3.59,3.666,22000000.0,149000000.0,1614000000.0,1614000000.0,0.0,0.05,0.134,0.052,0.219,0.0,128000000.0,1.0,166790839.0,170300000,170700000.0,9.477,4780000000.0,34000000.0,-27000000.0,18000000.0,28.068,392000000.0
29,PCL,MRT,2008-09-30,2008-09-30,2008-09-30,2019-04-29,0.0,4644000000.0,4603000000.0,536000000.0,4108000000.0,0.36,10.45,-224000000.0,175000000.0,175000000.0,1149000000.0,256000000.0,1.133,1.597,2602000000.0,300000000.0,2302000000.0,2602000000.0,22000000.0,141000000.0,0.0,0.034,1.68,380000000.0,521000000.0,0.314,521000000.0,380000000.0,237000000.0,1.48,1.48,1.48,1788000000.0,1820750000.0,1788000000.0,10946410668.0,29.0,21.01,214000000.0,1.251,1.0,508000000.0,0.307,0.0,143000000.0,6598000000.0,6653000000.0,80000000.0,25000000.0,0.0,25000000.0,2856000000.0,473000000.0,2383000000.0,8532410668.0,7000000.0,0.0,-36000000.0,118000000.0,-288000000.0,-206000000.0,-225000000.0,0.0,438000000.0,0.0,256000000.0,256000000.0,256000000.0,0.0,0.0,0.154,128000000.0,380000000.0,70000000.0,1.135,4.772,33.33,33.689,4042000000.0,0.0,49.86,5.149,5.148,48000000.0,124000000.0,1657000000.0,1657000000.0,0.0,0.056,0.141,0.057,0.229,0.0,130000000.0,1.0,171127370.0,171100000,171800000.0,9.684,4644000000.0,7000000.0,-19000000.0,20000000.0,27.142,63000000.0
30,PCL,MRT,2008-06-30,2008-06-30,2008-06-30,2019-04-29,1000000.0,4548000000.0,4587750000.0,397000000.0,4151000000.0,0.36,10.386,-255000000.0,125000000.0,125000000.0,1142000000.0,246000000.0,1.355,1.558,2539000000.0,150000000.0,2389000000.0,2539000000.0,22000000.0,145000000.0,0.0,0.039,1.68,379000000.0,524000000.0,0.318,524000000.0,379000000.0,233000000.0,1.42,1.42,1.42,1778000000.0,1833750000.0,1778000000.0,9729070985.0,26.0,18.567,245000000.0,1.431,1.0,508000000.0,0.308,0.0,146000000.0,6669000000.0,6672750000.0,71000000.0,25000000.0,0.0,25000000.0,2770000000.0,293000000.0,2477000000.0,7308070985.0,18000000.0,0.0,-139000000.0,201000000.0,-289000000.0,-228000000.0,-254000000.0,0.0,500000000.0,0.0,246000000.0,246000000.0,246000000.0,0.0,0.0,0.149,129000000.0,379000000.0,58000000.0,1.183,4.11,29.708,30.077,4090000000.0,0.0,42.71,4.429,4.431,44000000.0,127000000.0,1650000000.0,1650000000.0,0.0,0.054,0.134,0.057,0.23,0.0,131000000.0,1.0,171109131.0,171200000,171500000.0,9.638,4548000000.0,7000000.0,-13000000.0,17000000.0,26.565,104000000.0
31,PCL,MRT,2008-03-31,2008-03-31,2008-03-31,2019-04-29,0.0,4556000000.0,4577250000.0,377000000.0,4179000000.0,0.365,10.583,-270000000.0,118000000.0,118000000.0,1125000000.0,275000000.0,1.366,1.509,2539000000.0,150000000.0,2389000000.0,2539000000.0,7000000.0,134000000.0,0.0,0.041,1.68,418000000.0,552000000.0,0.331,552000000.0,418000000.0,271000000.0,1.58,1.58,1.58,1816000000.0,1875000000.0,1816000000.0,9248721769.0,22.0,16.755,208000000.0,1.212,1.0,544000000.0,0.326,0.0,147000000.0,6701000000.0,6637000000.0,86000000.0,24000000.0,0.0,24000000.0,2740000000.0,276000000.0,2464000000.0,6965721769.0,-92000000.0,0.0,-228000000.0,216000000.0,-291000000.0,-303000000.0,-267000000.0,0.0,478000000.0,0.0,275000000.0,275000000.0,275000000.0,0.0,0.0,0.165,128000000.0,416000000.0,48000000.0,1.063,3.836,25.33,25.759,4120000000.0,0.0,40.7,4.174,4.185,39000000.0,168000000.0,1669000000.0,1669000000.0,0.0,0.06,0.147,0.063,0.25,0.0,129000000.0,1.0,171147955.0,171600000,172100000.0,9.726,4556000000.0,7000000.0,-4000000.0,15000000.0,26.55,101000000.0
32,PCL,MRT,2007-12-31,2007-12-31,2007-12-31,2019-04-29,2000000.0,4664000000.0,4583250000.0,456000000.0,4208000000.0,0.365,10.894,-267000000.0,240000000.0,240000000.0,1124000000.0,282000000.0,1.505,1.453,2523000000.0,147000000.0,2376000000.0,2523000000.0,13000000.0,134000000.0,0.0,0.036,1.68,426000000.0,560000000.0,0.334,560000000.0,426000000.0,279000000.0,1.61,1.61,1.61,1901000000.0,1932000000.0,1901000000.0,10243572998.0,24.0,18.292,250000000.0,1.433,1.0,551000000.0,0.329,0.0,147000000.0,6644000000.0,6578250000.0,82000000.0,27000000.0,0.0,27000000.0,2763000000.0,303000000.0,2460000000.0,7931572998.0,-33000000.0,0.0,-194000000.0,200000000.0,-294000000.0,-288000000.0,-262000000.0,0.0,517000000.0,0.0,282000000.0,282000000.0,282000000.0,0.0,0.0,0.168,127000000.0,424000000.0,73000000.0,1.043,4.172,28.126,28.596,4151000000.0,0.0,46.04,4.735,4.796,33000000.0,202000000.0,1675000000.0,1675000000.0,0.0,0.062,0.146,0.065,0.254,0.0,127000000.0,1.0,172275695.0,174500000,175000000.0,9.599,4664000000.0,11000000.0,-3000000.0,23000000.0,26.728,153000000.0
33,PCL,MRT,2007-09-30,2007-09-30,2007-09-30,2019-04-29,-10000000.0,4583000000.0,4582500000.0,407000000.0,4176000000.0,0.338,10.63,-269000000.0,168000000.0,168000000.0,1064000000.0,233000000.0,1.867,1.491,2480000000.0,47000000.0,2433000000.0,2480000000.0,19000000.0,136000000.0,0.0,0.037,1.66,372000000.0,508000000.0,0.328,508000000.0,372000000.0,228000000.0,1.35,1.32,1.35,1840000000.0,1979000000.0,1840000000.0,10044021268.0,27.0,19.772,171000000.0,0.988,1.0,486000000.0,0.314,0.0,144000000.0,6677000000.0,6524750000.0,73000000.0,26000000.0,0.0,26000000.0,2743000000.0,218000000.0,2525000000.0,7814021268.0,-221000000.0,0.0,-195000000.0,91000000.0,-293000000.0,-397000000.0,-264000000.0,-1000000.0,440000000.0,0.0,233000000.0,233000000.0,233000000.0,0.0,0.0,0.15,130000000.0,356000000.0,67000000.0,1.23,4.247,33.537,33.156,4120000000.0,0.0,44.76,5.041,4.999,49000000.0,156000000.0,1550000000.0,1550000000.0,0.0,0.051,0.118,0.057,0.24,0.0,132000000.0,1.0,174575989.0,173100000,173500000.0,8.954,4583000000.0,7000000.0,-5000000.0,28000000.0,26.476,189000000.0
34,PCL,MRT,2007-06-30,2007-06-30,2007-06-30,2019-04-29,-10000000.0,4506000000.0,4625500000.0,404000000.0,4102000000.0,0.345,11.059,-185000000.0,107000000.0,107000000.0,1084000000.0,266000000.0,1.924,1.319,2337000000.0,72000000.0,2265000000.0,2337000000.0,12000000.0,133000000.0,0.0,0.039,1.64,408000000.0,541000000.0,0.339,541000000.0,408000000.0,269000000.0,1.51,1.49,1.51,1943000000.0,2044500000.0,1943000000.0,9476752653.0,23.0,17.517,230000000.0,1.309,1.0,513000000.0,0.321,0.0,139000000.0,6526000000.0,6437250000.0,75000000.0,26000000.0,0.0,26000000.0,2563000000.0,210000000.0,2353000000.0,7363752653.0,-289000000.0,0.0,-180000000.0,-50000000.0,-292000000.0,-522000000.0,-182000000.0,-1000000.0,415000000.0,0.0,266000000.0,266000000.0,266000000.0,0.0,0.0,0.167,121000000.0,392000000.0,60000000.0,1.086,3.79,27.683,27.589,4042000000.0,0.0,41.66,4.611,4.583,47000000.0,170000000.0,1597000000.0,1597000000.0,0.0,0.058,0.13,0.063,0.255,0.0,124000000.0,1.0,176758345.0,175700000,176100000.0,9.089,4506000000.0,7000000.0,3000000.0,22000000.0,25.646,194000000.0
35,PCL,MRT,2007-03-31,2007-03-31,2007-03-31,2019-04-29,-10000000.0,4580000000.0,4698250000.0,466000000.0,4114000000.0,0.337,11.542,-189000000.0,210000000.0,210000000.0,1070000000.0,268000000.0,2.053,1.241,2323000000.0,100000000.0,2223000000.0,2323000000.0,8000000.0,130000000.0,0.0,0.041,1.62,411000000.0,541000000.0,0.342,541000000.0,411000000.0,273000000.0,1.51,1.49,1.51,2044000000.0,2097750000.0,2044000000.0,9039405674.0,22.0,16.709,265000000.0,1.496,1.0,512000000.0,0.324,0.0,138000000.0,6466000000.0,6404500000.0,86000000.0,25000000.0,0.0,25000000.0,2536000000.0,227000000.0,2309000000.0,6989405674.0,-209000000.0,0.0,-275000000.0,93000000.0,-291000000.0,-472000000.0,-191000000.0,-1000000.0,454000000.0,0.0,268000000.0,268000000.0,268000000.0,0.0,0.0,0.169,115000000.0,397000000.0,48000000.0,1.073,3.419,26.08,26.106,4060000000.0,0.0,39.42,4.418,4.413,44000000.0,184000000.0,1582000000.0,1582000000.0,0.0,0.057,0.128,0.064,0.26,0.0,119000000.0,1.0,177306080.0,177100000,177500000.0,8.933,4580000000.0,7000000.0,5000000.0,16000000.0,25.861,239000000.0
36,PCL,MRT,2006-12-31,2006-12-31,2006-12-31,2019-04-29,-10000000.0,4661000000.0,4759750000.0,513000000.0,4148000000.0,0.342,11.573,-195000000.0,273000000.0,273000000.0,1067000000.0,317000000.0,1.826,1.231,2323000000.0,125000000.0,2198000000.0,2323000000.0,17000000.0,128000000.0,0.0,0.04,1.6,463000000.0,591000000.0,0.363,591000000.0,463000000.0,330000000.0,1.76,1.75,1.76,2089000000.0,2173750000.0,2089000000.0,9055849173.0,20.0,15.323,361000000.0,2.0,1.0,560000000.0,0.344,0.0,133000000.0,6430000000.0,6348500000.0,83000000.0,28000000.0,0.0,28000000.0,2572000000.0,281000000.0,2291000000.0,7054849173.0,-96000000.0,0.0,-256000000.0,93000000.0,-290000000.0,-453000000.0,-199000000.0,-1000000.0,556000000.0,0.0,317000000.0,317000000.0,317000000.0,0.0,0.0,0.195,113000000.0,447000000.0,69000000.0,0.909,3.377,22.255,22.642,4092000000.0,0.0,39.85,4.336,4.421,40000000.0,214000000.0,1627000000.0,1627000000.0,0.0,0.067,0.146,0.073,0.285,0.0,117000000.0,1.0,177035111.0,180500000,180900000.0,9.014,4661000000.0,7000000.0,13000000.0,24000000.0,25.823,232000000.0
37,PCL,MRT,2006-09-30,2006-09-30,2006-09-30,2019-04-29,0.0,4755000000.0,4797500000.0,668000000.0,4087000000.0,0.342,11.763,-498000000.0,389000000.0,389000000.0,1081000000.0,315000000.0,1.557,1.262,2390000000.0,255000000.0,2135000000.0,2390000000.0,34000000.0,122000000.0,0.0,0.046,1.58,460000000.0,582000000.0,0.355,582000000.0,460000000.0,333000000.0,1.72,1.72,1.72,2102000000.0,2232750000.0,2102000000.0,8094428697.0,18.0,13.908,76000000.0,0.425,1.0,558000000.0,0.34,0.0,127000000.0,6327000000.0,6315500000.0,75000000.0,26000000.0,0.0,26000000.0,2653000000.0,429000000.0,2224000000.0,6100428697.0,-20000000.0,0.0,-251000000.0,449000000.0,-289000000.0,-91000000.0,-503000000.0,0.0,574000000.0,0.0,315000000.0,315000000.0,315000000.0,0.0,0.0,0.192,103000000.0,455000000.0,55000000.0,0.919,2.902,19.366,19.791,4029000000.0,0.0,34.04,3.722,3.711,42000000.0,215000000.0,1639000000.0,1639000000.0,0.0,0.066,0.141,0.073,0.281,0.0,110000000.0,1.0,179213534.0,178700000,178900000.0,9.172,4755000000.0,8000000.0,18000000.0,28000000.0,26.609,239000000.0
38,PCL,MRT,2006-06-30,2006-06-30,2006-06-30,2019-04-29,0.0,4797000000.0,4744750000.0,678000000.0,4119000000.0,0.34,11.833,-535000000.0,396000000.0,396000000.0,1072000000.0,319000000.0,1.712,1.225,2390000000.0,231000000.0,2159000000.0,2390000000.0,41000000.0,118000000.0,0.0,0.044,1.56,443000000.0,561000000.0,0.348,561000000.0,443000000.0,323000000.0,1.73,1.74,1.73,2156000000.0,2287750000.0,2156000000.0,8354083100.0,19.0,14.891,35000000.0,0.192,1.0,540000000.0,0.335,0.0,120000000.0,6395000000.0,6183750000.0,72000000.0,25000000.0,0.0,25000000.0,2641000000.0,396000000.0,2245000000.0,6544083100.0,12000000.0,0.0,-177000000.0,451000000.0,-286000000.0,-13000000.0,-545000000.0,0.0,570000000.0,0.0,319000000.0,319000000.0,319000000.0,0.0,0.0,0.198,102000000.0,438000000.0,56000000.0,0.902,3.035,20.514,20.52,4071000000.0,0.0,35.5,4.06,4.012,56000000.0,195000000.0,1612000000.0,1612000000.0,0.0,0.067,0.139,0.072,0.275,0.0,109000000.0,1.0,184340369.0,182200000,182700000.0,8.847,4797000000.0,17000000.0,4000000.0,21000000.0,26.328,282000000.0
39,PCL,MRT,2006-03-31,2006-03-31,2006-03-31,2019-04-29,0.0,4826000000.0,4667750000.0,613000000.0,4213000000.0,0.341,12.747,-568000000.0,419000000.0,419000000.0,1049000000.0,326000000.0,1.556,1.055,2229000000.0,232000000.0,1997000000.0,2229000000.0,42000000.0,117000000.0,0.0,0.042,1.54,446000000.0,563000000.0,0.354,563000000.0,446000000.0,333000000.0,1.76,1.77,1.76,2348000000.0,2323250000.0,2348000000.0,8667899710.0,19.0,15.396,9000000.0,0.049,1.0,541000000.0,0.34,0.0,113000000.0,6242000000.0,6035000000.0,78000000.0,26000000.0,0.0,26000000.0,2478000000.0,394000000.0,2084000000.0,6806899710.0,70000000.0,0.0,7000000.0,341000000.0,-283000000.0,64000000.0,-571000000.0,0.0,577000000.0,0.0,326000000.0,326000000.0,326000000.0,0.0,0.0,0.205,100000000.0,441000000.0,47000000.0,0.875,2.899,20.88,20.983,4171000000.0,0.0,36.93,4.281,4.278,50000000.0,206000000.0,1590000000.0,1590000000.0,0.0,0.07,0.14,0.074,0.281,0.0,107000000.0,1.0,184318974.0,184200000,184700000.0,8.632,4826000000.0,17000000.0,7000000.0,19000000.0,26.2,219000000.0
40,PCL,MRT,2005-12-31,2005-12-31,2005-12-31,2019-04-29,2000000.0,4812000000.0,4567750000.0,643000000.0,4169000000.0,0.345,12.636,-561000000.0,369000000.0,369000000.0,1033000000.0,354000000.0,1.715,1.07,2230000000.0,211000000.0,2019000000.0,2230000000.0,35000000.0,113000000.0,0.0,0.042,1.52,471000000.0,584000000.0,0.371,584000000.0,471000000.0,362000000.0,1.92,1.92,1.92,2325000000.0,2310750000.0,2325000000.0,8164070923.0,17.0,13.98,-45000000.0,-0.245,1.0,543000000.0,0.345,0.0,109000000.0,6298000000.0,5920250000.0,75000000.0,26000000.0,0.0,26000000.0,2487000000.0,375000000.0,2112000000.0,6635070923.0,22000000.0,0.0,8000000.0,341000000.0,-279000000.0,69000000.0,-563000000.0,0.0,516000000.0,0.0,354000000.0,354000000.0,354000000.0,0.0,0.0,0.225,95000000.0,448000000.0,70000000.0,0.792,2.854,18.743,18.776,4121000000.0,0.0,36.05,4.21,4.209,44000000.0,186000000.0,1576000000.0,1576000000.0,0.0,0.077,0.153,0.08,0.299,0.0,100000000.0,1.0,184051898.0,184000000,184600000.0,8.565,4812000000.0,17000000.0,8000000.0,18000000.0,26.152,268000000.0
41,PCL,MRT,2005-09-30,2005-09-30,2005-09-30,2019-04-29,0.0,4544000000.0,4459250000.0,599000000.0,3945000000.0,0.339,12.626,-167000000.0,409000000.0,409000000.0,990000000.0,360000000.0,2.194,0.957,1938000000.0,81000000.0,1857000000.0,1938000000.0,57000000.0,121000000.0,0.0,0.04,1.5,473000000.0,594000000.0,0.393,594000000.0,473000000.0,366000000.0,1.96,1.96,1.96,2322000000.0,2289500000.0,2322000000.0,8523234727.0,18.0,14.349,261000000.0,1.419,1.0,522000000.0,0.345,0.0,107000000.0,5800000000.0,5778750000.0,67000000.0,24000000.0,0.0,24000000.0,2222000000.0,273000000.0,1949000000.0,6974234727.0,22000000.0,0.0,6000000.0,33000000.0,-275000000.0,-237000000.0,-169000000.0,0.0,428000000.0,0.0,360000000.0,360000000.0,360000000.0,0.0,0.0,0.238,92000000.0,430000000.0,65000000.0,0.765,3.004,19.373,19.342,3912000000.0,0.0,37.91,4.613,4.611,45000000.0,189000000.0,1512000000.0,1512000000.0,0.0,0.081,0.157,0.082,0.313,0.0,92000000.0,1.0,183968207.0,183900000,184600000.0,8.222,4544000000.0,11000000.0,6000000.0,23000000.0,24.709,326000000.0
42,PCL,MRT,2005-06-30,2005-06-30,2005-06-30,2019-04-29,0.0,4489000000.0,4420000000.0,583000000.0,3906000000.0,0.328,12.496,-124000000.0,384000000.0,384000000.0,929000000.0,341000000.0,2.45,0.953,1933000000.0,81000000.0,1852000000.0,1933000000.0,35000000.0,118000000.0,0.0,0.041,1.48,471000000.0,589000000.0,0.407,589000000.0,471000000.0,362000000.0,1.85,1.85,1.85,2298000000.0,2265750000.0,2298000000.0,8212340714.0,17.0,13.943,265000000.0,1.441,1.0,519000000.0,0.358,0.0,109000000.0,5800000000.0,5758000000.0,62000000.0,29000000.0,0.0,29000000.0,2191000000.0,238000000.0,1953000000.0,6677340714.0,37000000.0,0.0,13000000.0,27000000.0,-272000000.0,-232000000.0,-120000000.0,0.0,389000000.0,0.0,341000000.0,341000000.0,341000000.0,0.0,0.0,0.235,91000000.0,428000000.0,60000000.0,0.8,2.906,19.582,19.622,3868000000.0,0.0,36.3,4.611,4.61,49000000.0,162000000.0,1448000000.0,1448000000.0,0.0,0.077,0.151,0.082,0.325,0.0,91000000.0,1.0,183948780.0,183900000,184700000.0,7.874,4489000000.0,11000000.0,21000000.0,22000000.0,24.41,345000000.0
43,PCL,MRT,2005-03-31,2005-03-31,2005-03-31,2019-04-29,0.0,4426000000.0,4382500000.0,562000000.0,3864000000.0,0.327,12.496,-59000000.0,349000000.0,349000000.0,927000000.0,329000000.0,3.157,0.926,1884000000.0,32000000.0,1852000000.0,1884000000.0,34000000.0,114000000.0,0.0,0.041,1.45,463000000.0,577000000.0,0.403,577000000.0,463000000.0,354000000.0,1.79,1.79,1.79,2298000000.0,2243750000.0,2298000000.0,8099869809.0,17.0,14.038,359000000.0,1.952,1.0,504000000.0,0.352,0.0,109000000.0,5783000000.0,5741500000.0,70000000.0,29000000.0,0.0,29000000.0,2128000000.0,178000000.0,1950000000.0,6561869809.0,43000000.0,0.0,13000000.0,-62000000.0,-266000000.0,-316000000.0,-59000000.0,0.0,418000000.0,0.0,329000000.0,329000000.0,329000000.0,0.0,0.0,0.23,84000000.0,420000000.0,41000000.0,0.81,2.855,19.945,19.944,3825000000.0,0.0,35.7,4.586,4.588,45000000.0,163000000.0,1431000000.0,1431000000.0,0.0,0.075,0.147,0.081,0.324,0.0,89000000.0,1.0,183805877.0,183900000,184500000.0,7.781,4426000000.0,11000000.0,25000000.0,23000000.0,24.067,384000000.0
44,PCL,MRT,2004-12-31,2004-12-31,2004-12-31,2019-04-29,0.0,4378000000.0,4368000000.0,499000000.0,3879000000.0,0.35,12.214,-90000000.0,347000000.0,347000000.0,970000000.0,362000000.0,2.712,0.954,1885000000.0,32000000.0,1853000000.0,1885000000.0,16000000.0,114000000.0,0.0,0.037,1.42,500000000.0,614000000.0,0.402,614000000.0,500000000.0,389000000.0,1.97,1.97,1.97,2240000000.0,2223000000.0,2240000000.0,8598454517.0,17.0,14.004,492000000.0,2.683,1.0,558000000.0,0.365,0.0,111000000.0,5732000000.0,5761500000.0,71000000.0,29000000.0,0.0,29000000.0,2138000000.0,184000000.0,1954000000.0,7056454517.0,62000000.0,0.0,12000000.0,-181000000.0,-260000000.0,-429000000.0,-91000000.0,0.0,582000000.0,0.0,362000000.0,362000000.0,362000000.0,0.0,0.0,0.237,81000000.0,477000000.0,66000000.0,0.721,3.15,19.493,19.513,3843000000.0,0.0,38.44,4.618,4.614,40000000.0,111000000.0,1528000000.0,1528000000.0,0.0,0.083,0.163,0.087,0.327,0.0,86000000.0,1.0,183570617.0,183400000,184100000.0,8.332,4378000000.0,10000000.0,27000000.0,22000000.0,23.871,315000000.0
45,PCL,MRT,2004-09-30,2004-09-30,2004-09-30,2019-04-29,0.0,4387000000.0,4375250000.0,537000000.0,3850000000.0,0.346,12.136,-194000000.0,363000000.0,363000000.0,950000000.0,345000000.0,2.533,0.97,1905000000.0,32000000.0,1873000000.0,1905000000.0,31000000.0,107000000.0,0.0,0.04,1.41,488000000.0,595000000.0,0.392,595000000.0,488000000.0,373000000.0,1.88,1.87,1.88,2227000000.0,2192750000.0,2227000000.0,7999793025.0,16.0,13.445,408000000.0,2.223,1.0,566000000.0,0.373,0.0,115000000.0,5717000000.0,5839000000.0,61000000.0,12000000.0,12000000.0,0.0,2160000000.0,212000000.0,1948000000.0,6421793025.0,96000000.0,0.0,9000000.0,-62000000.0,-258000000.0,-311000000.0,-195000000.0,0.0,602000000.0,0.0,345000000.0,345000000.0,345000000.0,0.0,0.0,0.228,78000000.0,488000000.0,47000000.0,0.75,2.884,18.614,18.633,3843000000.0,0.0,35.03,4.236,4.24,44000000.0,104000000.0,1516000000.0,1516000000.0,0.0,0.079,0.157,0.084,0.322,0.0,83000000.0,1.0,183322667.0,183500000,184300000.0,8.262,4387000000.0,11000000.0,28000000.0,34000000.0,23.907,325000000.0
46,PCL,MRT,2004-06-30,2004-06-30,2004-06-30,2019-04-29,0.0,4339000000.0,4357750000.0,471000000.0,3868000000.0,0.331,12.063,-235000000.0,328000000.0,328000000.0,922000000.0,313000000.0,2.574,0.963,1906000000.0,32000000.0,1874000000.0,1906000000.0,22000000.0,108000000.0,0.0,0.043,1.4,445000000.0,553000000.0,0.383,553000000.0,445000000.0,329000000.0,1.71,1.7,1.71,2210000000.0,2167750000.0,2210000000.0,7636938349.0,17.0,13.81,351000000.0,1.916,1.0,521000000.0,0.361,0.0,116000000.0,5734000000.0,5860750000.0,54000000.0,12000000.0,12000000.0,0.0,2129000000.0,183000000.0,1946000000.0,5969938349.0,94000000.0,0.0,4000000.0,-4000000.0,-256000000.0,-256000000.0,-236000000.0,0.0,586000000.0,0.0,313000000.0,313000000.0,313000000.0,0.0,0.0,0.217,76000000.0,445000000.0,42000000.0,0.819,2.701,19.073,19.053,3861000000.0,0.0,32.58,4.137,4.136,44000000.0,93000000.0,1443000000.0,1443000000.0,0.0,0.072,0.144,0.076,0.308,0.0,81000000.0,1.0,183239360.0,183200000,184000000.0,7.877,4339000000.0,11000000.0,16000000.0,24000000.0,23.684,288000000.0
47,PCL,MRT,2004-03-31,2004-03-31,2004-03-31,2019-04-29,0.0,4368000000.0,4335500000.0,449000000.0,3919000000.0,0.328,12.091,-270000000.0,280000000.0,280000000.0,907000000.0,314000000.0,2.61,0.972,1947000000.0,32000000.0,1915000000.0,1947000000.0,21000000.0,110000000.0,0.0,0.043,1.4,435000000.0,545000000.0,0.384,545000000.0,435000000.0,317000000.0,1.72,1.7,1.72,2215000000.0,2151500000.0,2215000000.0,7753332888.0,18.0,14.226,312000000.0,1.703,1.0,513000000.0,0.361,0.0,118000000.0,5863000000.0,5864250000.0,59000000.0,12000000.0,12000000.0,0.0,2153000000.0,172000000.0,1981000000.0,5949332888.0,88000000.0,0.0,3000000.0,30000000.0,-256000000.0,-223000000.0,-271000000.0,0.0,582000000.0,0.0,314000000.0,314000000.0,314000000.0,0.0,0.0,0.221,78000000.0,435000000.0,34000000.0,0.814,2.686,18.947,18.884,3912000000.0,0.0,32.48,4.19,4.19,46000000.0,100000000.0,1420000000.0,1420000000.0,0.0,0.072,0.146,0.074,0.306,0.0,78000000.0,1.0,183169116.0,183200000,184000000.0,7.751,4368000000.0,11000000.0,3000000.0,15000000.0,23.843,277000000.0
48,PCL,MRT,2003-12-31,2003-12-31,2003-12-31,2019-04-29,0.0,4407000000.0,4308750000.0,399000000.0,4008000000.0,0.278,11.56,-246000000.0,267000000.0,267000000.0,816000000.0,192000000.0,2.463,1.08,2064000000.0,33000000.0,2031000000.0,2064000000.0,16000000.0,108000000.0,0.0,0.046,1.4,303000000.0,411000000.0,0.344,411000000.0,303000000.0,186000000.0,1.05,1.04,1.05,2119000000.0,2135250000.0,2119000000.0,7254196288.0,24.0,17.65,139000000.0,0.758,1.0,380000000.0,0.318,0.0,117000000.0,6042000000.0,5849250000.0,54000000.0,26000000.0,0.0,26000000.0,2288000000.0,162000000.0,2126000000.0,5572196288.0,29000000.0,0.0,-42000000.0,190000000.0,-257000000.0,-109000000.0,-247000000.0,0.0,385000000.0,0.0,192000000.0,192000000.0,192000000.0,0.0,0.0,0.161,77000000.0,303000000.0,57000000.0,1.333,2.63,29.022,29.0,3977000000.0,0.0,30.45,4.659,4.667,34000000.0,9000000.0,1196000000.0,1196000000.0,0.0,0.045,0.09,0.052,0.253,0.0,77000000.0,1.0,182994952.0,183300000,183900000.0,6.525,4407000000.0,11000000.0,-6000000.0,15000000.0,24.043,237000000.0
49,PCL,MRT,2003-09-30,2003-09-30,2003-09-30,2019-04-29,0.0,4317000000.0,4279250000.0,424000000.0,3893000000.0,0.272,11.598,-282000000.0,281000000.0,281000000.0,794000000.0,190000000.0,2.174,1.03,1963000000.0,33000000.0,1930000000.0,1963000000.0,31000000.0,107000000.0,0.0,0.055,1.4,290000000.0,397000000.0,0.342,397000000.0,290000000.0,178000000.0,1.03,1.03,1.03,2127000000.0,2161000000.0,2127000000.0,6317860214.0,22.0,15.914,80000000.0,0.436,1.0,368000000.0,0.317,0.0,112000000.0,5804000000.0,5779250000.0,47000000.0,13000000.0,13000000.0,0.0,2190000000.0,195000000.0,1995000000.0,4654860214.0,9000000.0,0.0,-41000000.0,230000000.0,-257000000.0,-68000000.0,-285000000.0,0.0,362000000.0,0.0,190000000.0,190000000.0,190000000.0,0.0,0.0,0.164,78000000.0,290000000.0,48000000.0,1.359,2.188,24.499,24.699,3887000000.0,0.0,25.44,4.006,4.015,37000000.0,16000000.0,1162000000.0,1162000000.0,0.0,0.044,0.088,0.05,0.25,0.0,78000000.0,1.0,182974065.0,183400000,184000000.0,6.336,4317000000.0,12000000.0,-12000000.0,16000000.0,23.539,229000000.0
50,PCL,MRT,2003-06-30,2003-06-30,2003-06-30,2019-04-29,0.0,4250000000.0,4252000000.0,383000000.0,3867000000.0,0.278,11.721,-260000000.0,243000000.0,243000000.0,790000000.0,215000000.0,2.321,0.981,1906000000.0,33000000.0,1873000000.0,1906000000.0,20000000.0,107000000.0,0.0,0.062,1.62,315000000.0,422000000.0,0.357,422000000.0,315000000.0,207000000.0,1.17,1.16,1.17,2145000000.0,2187500000.0,2145000000.0,6452772063.0,20.0,15.291,124000000.0,0.678,1.0,392000000.0,0.332,0.0,108000000.0,5748000000.0,5697000000.0,54000000.0,12000000.0,12000000.0,0.0,2105000000.0,165000000.0,1940000000.0,4747772063.0,1000000.0,0.0,-41000000.0,220000000.0,-299000000.0,-120000000.0,-263000000.0,0.0,384000000.0,0.0,215000000.0,215000000.0,215000000.0,0.0,0.0,0.182,77000000.0,315000000.0,43000000.0,1.385,2.213,22.083,22.179,3860000000.0,0.0,25.95,4.017,4.018,46000000.0,25000000.0,1182000000.0,1182000000.0,0.0,0.051,0.098,0.055,0.266,0.0,77000000.0,1.0,182958461.0,183000000,183500000.0,6.459,4250000000.0,12000000.0,-8000000.0,13000000.0,23.224,218000000.0
51,PCL,MRT,2003-03-31,2003-03-31,2003-03-31,2019-04-29,0.0,4261000000.0,4229250000.0,372000000.0,3889000000.0,0.268,11.678,-249000000.0,208000000.0,208000000.0,747000000.0,210000000.0,2.282,0.982,1913000000.0,33000000.0,1880000000.0,1913000000.0,26000000.0,105000000.0,0.0,0.085,1.84,313000000.0,418000000.0,0.368,418000000.0,313000000.0,208000000.0,1.14,1.14,1.14,2150000000.0,2218000000.0,2150000000.0,5589234459.0,18.0,13.371,93000000.0,0.505,1.0,388000000.0,0.342,0.0,105000000.0,5803000000.0,5626000000.0,61000000.0,11000000.0,11000000.0,0.0,2111000000.0,163000000.0,1948000000.0,3963234459.0,-79000000.0,0.0,-39000000.0,210000000.0,-340000000.0,-169000000.0,-252000000.0,0.0,342000000.0,0.0,210000000.0,210000000.0,210000000.0,0.0,0.0,0.185,75000000.0,313000000.0,29000000.0,1.614,1.843,18.873,18.939,3882000000.0,0.0,21.59,3.492,3.502,34000000.0,16000000.0,1135000000.0,1135000000.0,0.0,0.05,0.095,0.056,0.276,0.0,75000000.0,1.0,183568062.0,184100000,184600000.0,6.165,4261000000.0,11000000.0,-2000000.0,11000000.0,23.145,209000000.0
52,PCL,MRT,2002-12-31,2002-12-31,2002-12-31,2019-04-29,0.0,4289000000.0,4223250000.0,378000000.0,3911000000.0,0.269,12.03,-249000000.0,246000000.0,246000000.0,724000000.0,233000000.0,2.471,0.93,1872000000.0,33000000.0,1839000000.0,1872000000.0,18000000.0,106000000.0,0.0,0.063,1.49,338000000.0,444000000.0,0.391,444000000.0,338000000.0,235000000.0,1.26,1.26,1.26,2222000000.0,2259500000.0,2222000000.0,5824710514.0,17.0,13.119,120000000.0,0.65,1.0,413000000.0,0.363,0.0,103000000.0,5762000000.0,5549750000.0,58000000.0,10000000.0,10000000.0,0.0,2067000000.0,153000000.0,1914000000.0,4362710514.0,51000000.0,0.0,18000000.0,191000000.0,-275000000.0,-66000000.0,-252000000.0,0.0,369000000.0,0.0,233000000.0,233000000.0,233000000.0,0.0,0.0,0.205,75000000.0,338000000.0,48000000.0,1.183,1.963,18.724,18.73,3906000000.0,0.0,23.6,3.837,3.834,33000000.0,23000000.0,1137000000.0,1137000000.0,0.0,0.055,0.103,0.061,0.297,0.0,75000000.0,1.0,184860615.0,184700000,185400000.0,6.156,4289000000.0,11000000.0,2000000.0,11000000.0,23.221,225000000.0
53,PCL,MRT,2002-09-30,2002-09-30,2002-09-30,2019-04-29,0.0,4208000000.0,4181500000.0,419000000.0,3789000000.0,0.262,12.083,-135000000.0,270000000.0,270000000.0,712000000.0,405000000.0,2.149,0.884,1732000000.0,34000000.0,1698000000.0,1732000000.0,41000000.0,104000000.0,0.0,0.101,2.28,303000000.0,407000000.0,0.371,407000000.0,303000000.0,202000000.0,2.58,2.57,2.58,2233000000.0,2265750000.0,2233000000.0,5645480138.0,19.0,13.871,207000000.0,1.12,1.0,384000000.0,0.35,0.0,101000000.0,5475000000.0,5474500000.0,52000000.0,10000000.0,10000000.0,0.0,1975000000.0,195000000.0,1780000000.0,4179480138.0,270000000.0,159000000.0,49000000.0,283000000.0,-420000000.0,-101000000.0,29000000.0,0.0,342000000.0,0.0,405000000.0,405000000.0,405000000.0,0.0,0.0,0.37,81000000.0,303000000.0,44000000.0,0.884,1.872,10.32,8.764,3784000000.0,0.0,22.61,3.813,3.812,50000000.0,34000000.0,1096000000.0,1096000000.0,0.0,0.097,0.179,0.055,0.276,0.0,81000000.0,1.0,184850957.0,184800000,185500000.0,5.931,4208000000.0,0.0,-203000000.0,15000000.0,22.771,224000000.0
54,PCL,MRT,2002-06-30,2002-06-30,2002-06-30,2019-04-29,0.0,4159000000.0,3472356250.0,371000000.0,3788000000.0,0.267,12.274,-101000000.0,240000000.0,240000000.0,562000000.0,383000000.0,2.304,0.835,1706000000.0,34000000.0,1672000000.0,1706000000.0,28000000.0,88000000.0,0.0,0.074,2.28,293000000.0,381000000.0,0.411,381000000.0,293000000.0,208000000.0,2.63,2.61,2.63,2267000000.0,1825969500.0,2267000000.0,7107446917.0,24.0,18.655,206000000.0,1.115,1.0,365000000.0,0.394,0.0,85000000.0,5464000000.0,4555151000.0,42000000.0,10000000.0,10000000.0,0.0,1892000000.0,161000000.0,1731000000.0,5669446917.0,240000000.0,159000000.0,48000000.0,245000000.0,-314000000.0,-130000000.0,63000000.0,0.0,307000000.0,0.0,383000000.0,383000000.0,383000000.0,0.0,0.0,0.413,72000000.0,293000000.0,40000000.0,0.867,2.501,14.803,11.673,3779000000.0,0.0,30.7,6.116,6.117,55000000.0,24000000.0,927000000.0,927000000.0,0.0,0.11,0.21,0.064,0.316,0.0,72000000.0,1.0,184672538.0,184700000,185400000.0,5.019,4159000000.0,0.0,-175000000.0,13000000.0,22.518,210000000.0
55,PCL,MRT,2002-03-31,2002-03-31,2002-03-31,2019-04-29,0.0,4237000000.0,2779741500.0,440000000.0,3797000000.0,0.272,12.553,-90000000.0,285000000.0,285000000.0,429000000.0,357000000.0,2.486,0.829,1723000000.0,34000000.0,1689000000.0,1723000000.0,42000000.0,71000000.0,0.0,0.077,2.28,263000000.0,334000000.0,0.442,334000000.0,263000000.0,194000000.0,2.58,2.56,2.58,2316000000.0,1383229250.0,2316000000.0,6993338018.0,27.0,20.938,157000000.0,0.851,1.0,327000000.0,0.433,0.0,69000000.0,5498000000.0,3639884250.0,53000000.0,10000000.0,10000000.0,0.0,1921000000.0,177000000.0,1744000000.0,5485338018.0,285000000.0,159000000.0,46000000.0,247000000.0,-209000000.0,-36000000.0,74000000.0,0.0,247000000.0,0.0,357000000.0,357000000.0,357000000.0,0.0,0.0,0.472,64000000.0,263000000.0,28000000.0,0.884,2.368,15.365,11.516,3784000000.0,0.0,29.71,7.256,7.251,47000000.0,73000000.0,756000000.0,756000000.0,0.0,0.128,0.258,0.072,0.348,0.0,64000000.0,1.0,184629351.0,184500000,185300000.0,4.098,4237000000.0,0.0,-163000000.0,13000000.0,22.965,263000000.0
56,PCL,MRT,2001-12-31,2001-12-31,2001-12-31,2019-04-29,0.0,4122000000.0,2070646000.0,306000000.0,3816000000.0,0.289,17.351,-93000000.0,193000000.0,193000000.0,292000000.0,338000000.0,2.054,0.834,1681000000.0,34000000.0,1647000000.0,1681000000.0,14000000.0,55000000.0,0.0,0.101,2.85,250000000.0,305000000.0,0.51,305000000.0,250000000.0,196000000.0,2.61,2.58,2.61,2247000000.0,933833500.0,2247000000.0,5828679454.0,23.0,19.11,130000000.0,1.004,1.0,306000000.0,0.512,0.0,54000000.0,5461000000.0,2723081000.0,56000000.0,12000000.0,12000000.0,0.0,1875000000.0,149000000.0,1726000000.0,5177405454.0,193000000.0,159000000.0,32000000.0,206000000.0,-209000000.0,-101000000.0,71000000.0,0.0,223000000.0,0.0,338000000.0,338000000.0,338000000.0,0.0,0.0,0.565,56000000.0,250000000.0,48000000.0,1.092,2.304,15.318,10.862,3796000000.0,0.0,28.35,8.658,6.139,31000000.0,17000000.0,598000000.0,598000000.0,0.0,0.163,0.362,0.092,0.418,0.0,56000000.0,1.0,182624531.0,129500000,130700000.0,4.618,4122000000.0,2000000.0,-142000000.0,9000000.0,31.83,157000000.0
57,PCL,MRT,2001-09-30,2001-09-30,2001-09-30,2019-04-29,0.0,1371425000.0,1444896000.0,251109000.0,1120316000.0,0.483,4.205,-164398000.0,159226000.0,159226000.0,222675000.0,162910000.0,1.116,1.894,810500000.0,150450000.0,660050000.0,810500000.0,0.0,26977000.0,0.0,0.085,2.28,366664000.0,393641000.0,0.564,393641000.0,366664000.0,327910000.0,0.83,0.79,0.83,473878000.0,408333500.0,473878000.0,2466375360.0,7.0,6.266,505084000.0,4.482,1.0,474686000.0,0.681,0.0,38754000.0,1797604000.0,2002831000.0,40098000.0,0.0,0.0,0.0,897547000.0,225095000.0,672452000.0,1831558360.0,-1412000.0,42186000.0,0.0,-338978000.0,118343000.0,-481285000.0,-189609000.0,0.0,669482000.0,0.0,162910000.0,162910000.0,162910000.0,0.0,0.0,0.234,4966000.0,469720000.0,30201000.0,2.747,3.865,11.243,32.181,1059644000.0,0.0,26.71,2.626,4.317,30844000.0,0.0,697361000.0,697361000.0,0.0,0.113,0.399,0.183,0.526,0.0,56867000.0,1.0,68572009.0,112700000,113900000.0,6.188,1371425000.0,54457000.0,165000000.0,5889000.0,12.169,26014000.0
58,PCL,MRT,2001-06-30,2001-06-30,2001-06-30,2019-04-29,0.0,1388541000.0,1406486500.0,265933000.0,1122608000.0,0.425,4.401,-161476000.0,175801000.0,175801000.0,195042000.0,124418000.0,1.206,1.799,810618000.0,150441000.0,660177000.0,810618000.0,0.0,24856000.0,0.0,0.081,2.28,300720000.0,325576000.0,0.545,325576000.0,300720000.0,259418000.0,0.54,0.51,0.54,496039000.0,421240250.0,496039000.0,2544041613.0,8.0,7.814,441915000.0,3.921,1.0,402858000.0,0.674,0.0,41302000.0,1802933000.0,1980335750.0,36248000.0,0.0,0.0,0.0,892502000.0,220425000.0,672077000.0,1928930613.0,-10789000.0,29317000.0,0.0,-329090000.0,78895000.0,-414845000.0,-199335000.0,0.0,603391000.0,0.0,124418000.0,124418000.0,124418000.0,0.0,0.0,0.208,-391000.0,403249000.0,30961000.0,4.222,3.889,15.504,52.093,1059307000.0,0.0,28.13,3.226,5.302,33466000.0,0.0,597900000.0,597900000.0,0.0,0.088,0.295,0.152,0.503,0.0,49150000.0,1.0,68572009.0,112700000,113900000.0,5.305,1388541000.0,57147000.0,135000000.0,4308000.0,12.321,45508000.0
59,PCL,MRT,2001-03-31,2001-03-31,2001-03-31,2019-04-29,0.0,1400618000.0,,286682000.0,1113936000.0,,4.6,-151773000.0,195577000.0,195577000.0,172497000.0,118421000.0,1.55,1.702,810688000.0,123427000.0,687261000.0,810688000.0,0.0,26783000.0,0.0,0.094,2.28,281505000.0,308288000.0,0.559,308288000.0,281505000.0,238421000.0,0.6,0.57,0.6,518417000.0,,518417000.0,2139945618.0,8.0,6.941,440484000.0,3.908,1.0,378552000.0,0.687,0.0,43084000.0,1830787000.0,,44037000.0,0.0,0.0,0.0,882201000.0,184942000.0,697259000.0,1659442618.0,-61921000.0,7638000.0,0.0,-328889000.0,39448000.0,-443091000.0,-211087000.0,0.0,592257000.0,0.0,118421000.0,118421000.0,118421000.0,0.0,0.0,0.215,-6241000.0,384793000.0,16400000.0,3.8,3.201,14.013,40.333,1047702000.0,0.0,24.2,3.011,4.949,23966000.0,11602000.0,551049000.0,551049000.0,0.0,,,,0.511,0.0,43551000.0,1.0,68572009.0,112700000,113900000.0,4.89,1400618000.0,59667000.0,120000000.0,5205000.0,12.428,101740000.0
60,PCL,MRT,2000-12-31,2000-12-31,2000-12-31,2019-04-29,0.0,1619000000.0,1434878000.0,26000000.0,1593000000.0,0.344,1.287,-135000000.0,0.0,0.0,152000000.0,162000000.0,0.542,10.166,1009000000.0,0.0,1009000000.0,1009000000.0,0.0,27000000.0,0.0,0.088,2.28,303000000.0,330000000.0,0.669,330000000.0,303000000.0,259000000.0,1.44,1.42,1.44,145000000.0,339023500.0,145000000.0,2318132234.0,8.0,7.025,458000000.0,4.064,1.0,341000000.0,0.692,0.0,44000000.0,2580000000.0,2145120000.0,2000000.0,364000000.0,12000000.0,352000000.0,1474000000.0,48000000.0,1426000000.0,1782872234.0,0.0,0.0,0.0,-310000000.0,0.0,-454000000.0,-139000000.0,0.0,593000000.0,0.0,162000000.0,162000000.0,162000000.0,0.0,0.0,0.329,38000000.0,303000000.0,11000000.0,1.583,12.296,11.005,18.056,1238000000.0,0.0,26.0,3.616,5.944,1000000.0,0.0,493000000.0,493000000.0,0.0,0.113,0.478,0.141,0.615,0.0,38000000.0,1.0,68572009.0,112700000,113900000.0,4.374,1619000000.0,0.0,97000000.0,0.0,14.366,-22000000.0
61,PCL,MRT,2000-09-30,2000-09-30,2000-09-30,2019-04-29,0.0,1217787000.0,,152374000.0,1065413000.0,,7.596,-107272000.0,116801000.0,116801000.0,39294000.0,409216000.0,3.354,1.317,652061000.0,6147000.0,645914000.0,652061000.0,3828000.0,20993000.0,0.0,0.102,2.28,731793000.0,752786000.0,0.981,752786000.0,731793000.0,678261000.0,3.54,3.5,3.54,525505000.0,,525505000.0,,,,212063000.0,3.065,1.0,727776000.0,0.949,0.0,53532000.0,1707623000.0,,0.0,78903000.0,0.0,78903000.0,692282000.0,45424000.0,646858000.0,1529841521.0,-11809000.0,-76384000.0,0.0,-9817000.0,-11257000.0,-211424000.0,-119720000.0,0.0,319335000.0,0.0,409216000.0,426378000.0,426378000.0,0.0,0.0,0.556,-15005000.0,742781000.0,876000.0,0.644,2.911,3.588,6.302,983108000.0,-17162000.0,22.31,1.994,2.012,19952000.0,2332000.0,767070000.0,767070000.0,0.0,,,,0.954,0.0,27641000.0,1.0,68572009.0,69181000,69228000.0,11.088,1217787000.0,0.0,269045000.0,3253000.0,17.603,106950000.0
62,PCL,MRT,2000-06-30,2000-06-30,2000-06-30,2019-04-29,,,,,,,,,,,,,,,,,,,,,,0.088,2.28,,,,,,,,,,,,,,,,,,1.0,,,,,,,,,,,,,,,,,,,,,,,,,,,,,,,,,,,,,,,,25.9,,,,,,,,,,,,,,1.0,,69192000,,,,,,,,
63,PCL,MRT,2000-03-31,2000-03-31,2000-03-31,2019-04-29,,,,,,,,,,,,,,,,,,,,,,0.093,2.28,,,,,,,,,,,,,,,,,,1.0,,,,,,,,,,,,,,,,,,,,,,,,,,,,,,,,,,,,,,,,24.63,,,,,,,,,,,,,,1.0,,69207000,,,,,,,,
64,PCL,MRT,1999-12-31,1999-12-31,1999-12-31,2019-04-29,0.0,1250756000.0,,133316000.0,1117440000.0,,4.73,-113000000.0,115389000.0,115389000.0,262000000.0,398000000.0,1.797,1.346,649077000.0,6127000.0,642950000.0,649077000.0,8556000.0,41000000.0,0.0,0.091,2.28,723000000.0,764000000.0,0.743,764000000.0,723000000.0,654000000.0,3.53,3.49,3.53,533047000.0,,533047000.0,,,,203000000.0,1.801,1.0,766000000.0,0.745,0.0,69000000.0,1710240000.0,,0.0,100202000.0,0.0,100202000.0,717709000.0,74204000.0,643505000.0,,0.0,0.0,0.0,-13000000.0,0.0,-203000000.0,-113000000.0,0.0,316000000.0,0.0,398000000.0,398000000.0,398000000.0,0.0,0.0,0.387,43000000.0,723000000.0,29145000.0,0.646,,,7.082,1011727000.0,0.0,25.0,,2.741,828000.0,9586000.0,1028000000.0,1028000000.0,0.0,,,,0.703,0.0,43000000.0,1.0,,112700000,113900000.0,9.122,1250756000.0,0.0,256000000.0,2034000.0,11.098,59112000.0
65,PCL,MRT,1998-12-31,1998-12-31,1998-12-31,2019-04-29,,,,,,,,-54927000.0,,,542653000.0,75436000.0,,,,,,,,69287000.0,,0.087,2.26,136575000.0,205862000.0,0.279,205862000.0,136575000.0,75953000.0,0.9,0.9,0.9,,,,,,,109077000.0,2.355,1.0,194004000.0,0.263,,60622000.0,,,,,,,,,,,-21588000.0,-12353000.0,0.0,20600000.0,-140358000.0,-119758000.0,-65834000.0,0.0,164004000.0,0.0,75436000.0,41723000.0,41723000.0,0.0,0.0,0.057,58485000.0,135519000.0,,2.511,,,28.956,,33713000.0,26.06,,1.639,,,736657000.0,736657000.0,0.0,,,,0.185,0.0,52917000.0,,,46323000,46323000.0,15.903,,,517000.0,,,
