None,ticker,dimension,calendardate,datekey,reportperiod,lastupdated,accoci,assets,assetsavg,assetsc,assetsnc,assetturnover,bvps,capex,cashneq,cashnequsd,cor,consolinc,currentratio,de,debt,debtc,debtnc,debtusd,deferredrev,depamor,deposits,divyield,dps,ebit,ebitda,ebitdamargin,ebitdausd,ebitusd,ebt,eps,epsdil,epsusd,equity,equityavg,equityusd,ev,evebit,evebitda,fcf,fcfps,fxusd,gp,grossmargin,intangibles,intexp,invcap,invcapavg,inventory,investments,investmentsc,investmentsnc,liabilities,liabilitiesc,liabilitiesnc,marketcap,ncf,ncfbus,ncfcommon,ncfdebt,ncfdiv,ncff,ncfi,ncfinv,ncfo,ncfx,netinc,netinccmn,netinccmnusd,netincdis,netincnci,netmargin,opex,opinc,payables,payoutratio,pb,pe,pe1,ppnenet,prefdivis,price,ps,ps1,receivables,retearn,revenue,revenueusd,rnd,roa,roe,roic,ros,sbcomp,sgna,sharefactor,sharesbas,shareswa,shareswadil,sps,tangibles,taxassets,taxexp,taxliabilities,tbvps,workingcapital
0,SO,MRY,2020-12-31,2020-12-31,2020-12-31,2021-09-10,0.0,122935000000.0,121169000000.0,8617000000.0,114318000000.0,0.168,30.467,-7404000000.0,1065000000.0,1065000000.0,11712000000.0,3103000000.0,0.713,2.805,51041000000.0,4357000000.0,46684000000.0,51041000000.0,0.0,3905000000.0,487000000.0,0.041,2.54,5348000000.0,9253000000.0,0.454,9253000000.0,5348000000.0,3527000000.0,2.95,2.93,2.95,32234000000.0,32152750000.0,32234000000.0,113440945630.0,21.0,12.26,-708000000.0,-0.669,1.0,8663000000.0,0.425,5767000000.0,1821000000.0,155065000000.0,153167000000.0,2488000000.0,1918000000.0,0.0,1918000000.0,90410000000.0,12079000000.0,78331000000.0,64884945630.0,-910000000.0,757000000.0,74000000.0,2268000000.0,-2685000000.0,-576000000.0,-7030000000.0,-80000000.0,6696000000.0,0.0,3134000000.0,3119000000.0,3119000000.0,0.0,-31000000.0,0.153,3843000000.0,4820000000.0,2806000000.0,0.861,2.013,20.803,20.824,89436000000.0,15000000.0,61.43,3.185,3.19,2819000000.0,11311000000.0,20375000000.0,20375000000.0,0.0,0.026,0.097,0.035,0.262,113000000.0,0.0,1.0,1056241993.0,1058000000,1065000000.0,19.258,117168000000.0,796000000.0,393000000.0,14771000000.0,110.745,-3462000000.0
1,SO,MRY,2019-12-31,2019-12-31,2019-12-31,2021-09-10,-321000000.0,118700000000.0,116313500000.0,9817000000.0,108883000000.0,0.184,26.295,-7724000000.0,1975000000.0,1975000000.0,13046000000.0,4744000000.0,0.782,3.15,48686000000.0,5273000000.0,43413000000.0,48686000000.0,0.0,3331000000.0,496000000.0,0.039,2.46,8288000000.0,11619000000.0,0.542,11619000000.0,8288000000.0,6552000000.0,4.53,4.5,4.53,27505000000.0,30278500000.0,27505000000.0,111656355099.0,13.0,9.61,-1943000000.0,-1.858,1.0,8373000000.0,0.391,5816000000.0,1736000000.0,147049000000.0,144713750000.0,2388000000.0,2091000000.0,0.0,2091000000.0,86650000000.0,12546000000.0,74104000000.0,66804355099.0,459000000.0,4838000000.0,844000000.0,13000000.0,-2570000000.0,-1930000000.0,-3392000000.0,-148000000.0,5781000000.0,0.0,4754000000.0,4739000000.0,4739000000.0,0.0,-10000000.0,0.221,3206000000.0,5167000000.0,2557000000.0,0.543,2.429,14.097,14.062,84880000000.0,15000000.0,63.7,3.119,3.111,2981000000.0,10877000000.0,21419000000.0,21419000000.0,0.0,0.041,0.157,0.057,0.387,107000000.0,0.0,1.0,1048733989.0,1046000000,1054000000.0,20.477,112884000000.0,798000000.0,1798000000.0,14625000000.0,107.92,-2729000000.0
2,SO,MRY,2018-12-31,2018-12-31,2018-12-31,2021-09-10,0.0,116914000000.0,113243750000.0,9583000000.0,107331000000.0,0.207,28.47,-7951000000.0,1396000000.0,1396000000.0,15194000000.0,2300000000.0,0.671,3.016,46849000000.0,6113000000.0,40736000000.0,46849000000.0,0.0,3549000000.0,522000000.0,0.054,2.38,4533000000.0,8082000000.0,0.344,8082000000.0,4533000000.0,2691000000.0,2.18,2.17,2.18,29039000000.0,25557000000.0,29039000000.0,90343791001.0,20.0,11.178,-1006000000.0,-0.986,1.0,8301000000.0,0.353,5928000000.0,1842000000.0,142153000000.0,140179250000.0,2394000000.0,2378000000.0,0.0,2378000000.0,87584000000.0,14286000000.0,73298000000.0,45188791001.0,-628000000.0,2705000000.0,1090000000.0,-2579000000.0,-2425000000.0,-1813000000.0,-5760000000.0,-114000000.0,6945000000.0,0.0,2242000000.0,2226000000.0,2226000000.0,0.0,58000000.0,0.095,4401000000.0,3900000000.0,3436000000.0,1.092,1.556,20.3,20.147,80797000000.0,16000000.0,43.92,1.923,1.907,3944000000.0,,23495000000.0,23495000000.0,0.0,0.02,0.087,0.032,0.193,125000000.0,0.0,1.0,1028888684.0,1020000000,1025000000.0,23.034,110986000000.0,794000000.0,449000000.0,13674000000.0,108.81,-4703000000.0
3,SO,MRY,2017-12-31,2017-12-31,2017-12-31,2021-09-10,0.0,111005000000.0,109941000000.0,10072000000.0,100933000000.0,0.209,25.528,-7164000000.0,2130000000.0,2130000000.0,14366000000.0,926000000.0,0.741,3.336,50793000000.0,6331000000.0,44462000000.0,50793000000.0,0.0,3457000000.0,542000000.0,0.048,2.3,2716000000.0,6173000000.0,0.268,6173000000.0,2716000000.0,1022000000.0,0.84,0.84,0.84,25528000000.0,24519000000.0,25528000000.0,96549455660.0,36.0,15.641,-770000000.0,-0.77,1.0,8665000000.0,0.376,7141000000.0,1694000000.0,138933000000.0,138330000000.0,2627000000.0,2288000000.0,0.0,2288000000.0,85153000000.0,13594000000.0,71559000000.0,48264455660.0,155000000.0,498000000.0,793000000.0,3127000000.0,-2300000000.0,951000000.0,-7190000000.0,-152000000.0,6394000000.0,0.0,880000000.0,842000000.0,842000000.0,0.0,46000000.0,0.037,6372000000.0,2293000000.0,3076000000.0,2.738,1.891,57.321,57.25,79872000000.0,38000000.0,48.09,2.096,2.088,3877000000.0,8885000000.0,23031000000.0,23031000000.0,0.0,0.008,0.034,0.02,0.118,109000000.0,0.0,1.0,1003627691.0,1000000000,1008000000.0,23.031,103864000000.0,825000000.0,142000000.0,14734000000.0,103.864,-3522000000.0
4,SO,MRY,2016-12-31,2016-12-31,2016-12-31,2021-09-10,0.0,109697000000.0,96416750000.0,9722000000.0,99975000000.0,0.206,27.983,-7431000000.0,1975000000.0,1975000000.0,12479000000.0,2529000000.0,0.753,3.111,47457000000.0,4828000000.0,42629000000.0,47457000000.0,0.0,2923000000.0,558000000.0,0.045,2.223,4761000000.0,7684000000.0,0.386,7684000000.0,4761000000.0,3444000000.0,2.57,2.55,2.57,26612000000.0,23492750000.0,26612000000.0,91011174421.0,19.0,11.844,-2537000000.0,-2.668,1.0,7417000000.0,0.373,7221000000.0,1317000000.0,135041000000.0,119372000000.0,2782000000.0,2323000000.0,0.0,2323000000.0,82803000000.0,12917000000.0,69886000000.0,48206174421.0,572000000.0,-12243000000.0,3758000000.0,13973000000.0,-2104000000.0,15725000000.0,-20047000000.0,0.0,4894000000.0,0.0,2493000000.0,2448000000.0,2448000000.0,0.0,36000000.0,0.123,2930000000.0,4487000000.0,3314000000.0,0.865,1.811,19.692,19.14,78446000000.0,45000000.0,49.19,2.423,2.351,3246000000.0,10356000000.0,19896000000.0,19896000000.0,0.0,0.025,0.104,0.04,0.239,121000000.0,0.0,1.0,979999480.0,951000000,958000000.0,20.921,102476000000.0,2173000000.0,951000000.0,15556000000.0,107.756,-3195000000.0
5,SO,MRY,2015-12-31,2015-12-31,2015-12-31,2021-09-10,0.0,78318000000.0,74831000000.0,6526000000.0,71792000000.0,0.234,24.156,-5272000000.0,1404000000.0,1404000000.0,10808000000.0,2435000000.0,0.715,2.555,28738000000.0,4050000000.0,24688000000.0,28738000000.0,0.0,2395000000.0,404000000.0,0.046,2.153,4455000000.0,6850000000.0,0.392,6850000000.0,4455000000.0,3615000000.0,2.6,2.59,2.6,21982000000.0,20711250000.0,21982000000.0,68549252020.0,15.0,10.007,1002000000.0,1.101,1.0,6681000000.0,0.382,319000000.0,840000000.0,96204000000.0,91797250000.0,1929000000.0,761000000.0,0.0,761000000.0,56175000000.0,9129000000.0,47046000000.0,42529252020.0,694000000.0,-1916000000.0,141000000.0,3998000000.0,-1959000000.0,1700000000.0,-7280000000.0,-160000000.0,6274000000.0,0.0,2421000000.0,2367000000.0,2367000000.0,0.0,14000000.0,0.135,2034000000.0,4647000000.0,1905000000.0,0.828,1.935,17.968,17.996,61114000000.0,54000000.0,46.79,2.432,2.435,1903000000.0,10010000000.0,17489000000.0,17489000000.0,0.0,0.032,0.114,0.049,0.255,99000000.0,0.0,1.0,908938919.0,910000000,914000000.0,19.219,77999000000.0,2117000000.0,1194000000.0,14601000000.0,85.713,-2603000000.0
6,SO,MRY,2014-12-31,2014-12-31,2014-12-31,2021-09-10,0.0,70233000000.0,67281250000.0,5864000000.0,64369000000.0,0.274,23.329,-5353000000.0,710000000.0,710000000.0,12012000000.0,2031000000.0,0.654,2.336,24776000000.0,4132000000.0,20644000000.0,24776000000.0,0.0,2293000000.0,665000000.0,0.042,2.083,3843000000.0,6136000000.0,0.332,6136000000.0,3843000000.0,3008000000.0,2.19,2.18,2.19,20926000000.0,19819750000.0,20926000000.0,67233802483.0,17.0,10.957,462000000.0,0.515,1.0,6455000000.0,0.35,0.0,835000000.0,85338000000.0,84144750000.0,1969000000.0,743000000.0,0.0,743000000.0,48893000000.0,8961000000.0,39932000000.0,44189802483.0,51000000.0,-731000000.0,801000000.0,1677000000.0,-1866000000.0,644000000.0,-6408000000.0,-11000000.0,5815000000.0,0.0,2031000000.0,1963000000.0,1963000000.0,0.0,0.0,0.106,1945000000.0,4510000000.0,1593000000.0,0.951,2.112,22.511,22.425,54868000000.0,68000000.0,49.11,2.393,2.385,1947000000.0,9609000000.0,18467000000.0,18467000000.0,0.0,0.029,0.099,0.046,0.208,63000000.0,0.0,1.0,899812716.0,897000000,901000000.0,20.588,70233000000.0,1510000000.0,977000000.0,13122000000.0,78.298,-3097000000.0
7,SO,MRY,2013-12-31,2013-12-31,2013-12-31,2021-09-10,0.0,64546000000.0,64119500000.0,5614000000.0,58932000000.0,0.266,22.536,-5589000000.0,659000000.0,659000000.0,10751000000.0,1710000000.0,1.016,2.247,23295000000.0,1951000000.0,21344000000.0,23295000000.0,0.0,2298000000.0,530000000.0,0.049,2.013,3383000000.0,5681000000.0,0.332,5681000000.0,3383000000.0,2559000000.0,1.88,1.87,1.88,19764000000.0,18654750000.0,19764000000.0,58676353846.0,17.0,10.329,508000000.0,0.579,1.0,6336000000.0,0.371,0.0,824000000.0,81657000000.0,80614500000.0,2298000000.0,665000000.0,0.0,665000000.0,44407000000.0,5525000000.0,38882000000.0,36248353846.0,31000000.0,0.0,675000000.0,770000000.0,-1762000000.0,-324000000.0,-5742000000.0,-149000000.0,6097000000.0,0.0,1710000000.0,1644000000.0,1644000000.0,0.0,0.0,0.096,1901000000.0,4435000000.0,1376000000.0,1.071,1.834,22.049,21.867,51208000000.0,66000000.0,41.11,2.121,2.11,1819000000.0,9510000000.0,17087000000.0,17087000000.0,0.0,0.026,0.088,0.042,0.198,59000000.0,0.0,1.0,881740546.0,877000000,881000000.0,19.483,64546000000.0,1579000000.0,849000000.0,12201000000.0,73.599,89000000.0
8,SO,MRY,2012-12-31,2012-12-31,2012-12-31,2021-09-10,0.0,63149000000.0,61470750000.0,6162000000.0,56987000000.0,0.269,21.819,-4893000000.0,635000000.0,635000000.0,10287000000.0,2415000000.0,0.879,2.303,22434000000.0,3160000000.0,19274000000.0,22434000000.0,0.0,2145000000.0,520000000.0,0.045,1.942,4608000000.0,6753000000.0,0.408,6753000000.0,4608000000.0,3749000000.0,2.7,2.67,2.7,19004000000.0,18366500000.0,19004000000.0,57880457140.0,13.0,8.571,5000000.0,0.006,1.0,6250000000.0,0.378,0.0,859000000.0,77934000000.0,76050000000.0,2819000000.0,670000000.0,0.0,670000000.0,43770000000.0,7014000000.0,36756000000.0,37420457140.0,-687000000.0,0.0,-33000000.0,1205000000.0,-1693000000.0,-417000000.0,-5168000000.0,-280000000.0,4898000000.0,0.0,2415000000.0,2350000000.0,2350000000.0,0.0,0.0,0.142,1787000000.0,4463000000.0,1387000000.0,0.719,1.969,15.924,15.856,48390000000.0,65000000.0,42.81,2.263,2.255,1649000000.0,9626000000.0,16537000000.0,16537000000.0,0.0,0.038,0.128,0.061,0.279,55000000.0,0.0,1.0,874105516.0,871000000,879000000.0,18.986,63149000000.0,1385000000.0,1334000000.0,11444000000.0,72.502,-852000000.0
9,SO,MRY,2011-12-31,2011-12-31,2011-12-31,2021-09-10,0.0,59267000000.0,56913000000.0,6272000000.0,52995000000.0,0.31,21.336,-4327000000.0,1323000000.0,1323000000.0,11709000000.0,2268000000.0,0.954,2.221,21223000000.0,2576000000.0,18647000000.0,21223000000.0,0.0,2048000000.0,347000000.0,0.04,1.873,4344000000.0,6392000000.0,0.362,6392000000.0,4344000000.0,3487000000.0,2.57,2.55,2.57,18285000000.0,17341250000.0,18285000000.0,59134651888.0,14.0,9.251,1576000000.0,1.839,1.0,5948000000.0,0.337,0.0,857000000.0,72590000000.0,70881750000.0,2270000000.0,649000000.0,0.0,649000000.0,40607000000.0,6577000000.0,34030000000.0,39898651888.0,868000000.0,0.0,723000000.0,111000000.0,-1601000000.0,-852000000.0,-4183000000.0,1000000.0,5903000000.0,0.0,2268000000.0,2203000000.0,2203000000.0,0.0,0.0,0.125,1717000000.0,4231000000.0,1553000000.0,0.729,2.182,18.111,18.012,45010000000.0,65000000.0,46.29,2.26,2.247,1849000000.0,8968000000.0,17657000000.0,17657000000.0,0.0,0.039,0.127,0.061,0.246,42000000.0,0.0,1.0,861928103.0,857000000,864000000.0,20.603,59267000000.0,1365000000.0,1219000000.0,10104000000.0,69.156,-305000000.0
10,SO,MRY,2010-12-31,2010-12-31,2010-12-31,2021-09-10,0.0,55032000000.0,53970328750.0,5883000000.0,49149000000.0,0.323,20.323,-4057000000.0,515000000.0,515000000.0,12141000000.0,2040000000.0,0.909,2.232,20752000000.0,2598000000.0,18154000000.0,20752000000.0,218000000.0,1831000000.0,332000000.0,0.047,1.802,3961000000.0,5792000000.0,0.332,5792000000.0,3961000000.0,3066000000.0,2.37,2.36,2.37,16909000000.0,15972939000.0,16909000000.0,51315544944.0,13.0,8.86,-66000000.0,-0.079,1.0,5315000000.0,0.304,0.0,895000000.0,68797000000.0,67855810750.0,2135000000.0,624000000.0,0.0,624000000.0,37748000000.0,6472000000.0,31276000000.0,32062398944.0,-243000000.0,0.0,772000000.0,844000000.0,-1496000000.0,22000000.0,-4256000000.0,-50000000.0,3991000000.0,0.0,2040000000.0,1975000000.0,1975000000.0,0.0,0.0,0.113,1513000000.0,3802000000.0,1275000000.0,0.76,1.896,16.234,16.131,42002000000.0,65000000.0,38.23,1.837,1.822,2029000000.0,8366000000.0,17456000000.0,17456000000.0,0.0,0.037,0.124,0.058,0.227,33000000.0,0.0,1.0,838671173.0,832000000,837000000.0,20.981,55032000000.0,1280000000.0,1026000000.0,8933000000.0,66.144,-589000000.0
11,SO,MRY,2009-12-31,2009-12-31,2009-12-31,2021-09-10,0.0,52046000000.0,50636092500.0,5873000000.0,46173000000.0,0.311,19.604,-4115000000.0,733000000.0,733000000.0,10770000000.0,1708000000.0,1.052,2.315,19883000000.0,1752000000.0,18131000000.0,19883000000.0,373000000.0,1788000000.0,331000000.0,0.052,1.732,3509000000.0,5297000000.0,0.336,5297000000.0,3509000000.0,2604000000.0,2.07,2.06,2.07,15585000000.0,14245856750.0,15585000000.0,45477003115.0,13.0,8.585,-852000000.0,-1.072,1.0,4973000000.0,0.316,0.0,905000000.0,65612000000.0,64155603500.0,2241000000.0,610000000.0,0.0,610000000.0,36086000000.0,5584000000.0,30502000000.0,26663043115.0,273000000.0,0.0,1286000000.0,1502000000.0,-1369000000.0,1329000000.0,-4319000000.0,0.0,3263000000.0,0.0,1708000000.0,1643000000.0,1643000000.0,0.0,0.0,0.104,1705000000.0,3268000000.0,1329000000.0,0.837,1.711,16.228,16.097,39230000000.0,65000000.0,33.32,1.694,1.683,2030000000.0,7884922000.0,15743000000.0,15743000000.0,0.0,0.032,0.115,0.055,0.223,23000000.0,0.0,1.0,800211378.0,795000000,796000000.0,19.803,52046000000.0,1047000000.0,896000000.0,7728000000.0,65.467,289000000.0
12,SO,MRY,2008-12-31,2008-12-31,2008-12-31,2021-09-10,0.0,48347000000.0,47953339250.0,5358000000.0,42989000000.0,0.357,18.136,-3844000000.0,520000000.0,520000000.0,12178000000.0,1807000000.0,1.025,2.431,18386000000.0,1570000000.0,16816000000.0,18386000000.0,606000000.0,1704000000.0,302000000.0,0.045,1.663,3588000000.0,5292000000.0,0.309,5292000000.0,3588000000.0,2722000000.0,2.26,2.25,2.26,13983000000.0,13180211750.0,13983000000.0,46014253357.0,13.0,8.695,-380000000.0,-0.493,1.0,4949000000.0,0.289,0.0,866000000.0,60987000000.0,59801327250.0,1775000000.0,897000000.0,0.0,897000000.0,33989000000.0,5226000000.0,28763000000.0,28659473357.0,216000000.0,0.0,474000000.0,1904000000.0,-1280000000.0,878000000.0,-4126000000.0,0.0,3464000000.0,0.0,1807000000.0,1742000000.0,1742000000.0,0.0,0.0,0.102,1443000000.0,3506000000.0,1250000000.0,0.736,2.05,16.452,16.372,35878000000.0,65000000.0,37.0,1.673,1.666,2295000000.0,7611977000.0,17127000000.0,17127000000.0,0.0,0.036,0.132,0.06,0.209,20000000.0,0.0,1.0,774580361.0,771000000,775000000.0,22.214,48347000000.0,973000000.0,915000000.0,7518000000.0,62.707,132000000.0
13,SO,MRY,2007-12-31,2007-12-31,2007-12-31,2021-09-10,0.0,45789000000.0,44586848500.0,4732000000.0,41057000000.0,0.344,16.382,-3475000000.0,269000000.0,269000000.0,10782000000.0,1782000000.0,0.84,2.61,16593000000.0,2450000000.0,14143000000.0,16593000000.0,389000000.0,1486000000.0,274000000.0,0.041,1.595,3503000000.0,4989000000.0,0.325,4989000000.0,3503000000.0,2617000000.0,2.29,2.28,2.29,12385000000.0,12001046000.0,12385000000.0,45666599539.0,13.0,9.153,-41000000.0,-0.054,1.0,4571000000.0,0.298,0.0,886000000.0,56482000000.0,55294170250.0,1435000000.0,984000000.0,0.0,984000000.0,32324000000.0,5631000000.0,26693000000.0,29429803539.0,34000000.0,0.0,538000000.0,592000000.0,-1205000000.0,309000000.0,-3709000000.0,0.0,3434000000.0,0.0,1782000000.0,1734000000.0,1734000000.0,0.0,0.0,0.113,1245000000.0,3326000000.0,1214000000.0,0.697,2.376,16.972,16.921,33327000000.0,48000000.0,38.75,1.917,1.908,2336000000.0,7154596000.0,15353000000.0,15353000000.0,0.0,0.039,0.144,0.063,0.228,28000000.0,0.0,1.0,759478801.0,756000000,761000000.0,20.308,45789000000.0,910000000.0,835000000.0,6807000000.0,60.567,-899000000.0
14,SO,MRY,2006-12-31,2006-12-31,2006-12-31,2021-09-10,0.0,42858000000.0,41418084500.0,4019000000.0,38839000000.0,0.347,15.304,-2844000000.0,167000000.0,167000000.0,9932000000.0,1573000000.0,0.633,2.704,15862000000.0,3359000000.0,12503000000.0,15862000000.0,845000000.0,1421000000.0,249000000.0,0.042,1.535,3219000000.0,4640000000.0,0.323,4640000000.0,3219000000.0,2353000000.0,2.12,2.1,2.12,11371000000.0,11056748000.0,11371000000.0,43180165804.0,13.0,9.306,-24000000.0,-0.032,1.0,4424000000.0,0.308,0.0,866000000.0,52200000000.0,51446043000.0,1323000000.0,1139000000.0,0.0,1139000000.0,30743000000.0,6353000000.0,24390000000.0,27377404804.0,-35000000.0,-64000000.0,137000000.0,881000000.0,-1140000000.0,-21000000.0,-2834000000.0,0.0,2820000000.0,0.0,1573000000.0,1573000000.0,1573000000.0,0.0,0.0,0.11,1200000000.0,3224000000.0,1081000000.0,0.724,2.408,17.405,17.387,31092000000.0,0.0,36.86,1.907,1.908,2038000000.0,6765219000.0,14356000000.0,14356000000.0,0.0,0.038,0.142,0.063,0.224,28000000.0,0.0,1.0,742740228.0,743000000,748000000.0,19.322,42858000000.0,895000000.0,780000000.0,6893000000.0,57.682,-2334000000.0
15,SO,MRY,2005-12-31,2005-12-31,2005-12-31,2021-09-10,0.0,39877000000.0,38655199500.0,4205000000.0,35672000000.0,0.351,14.367,-2360000000.0,202000000.0,202000000.0,9416000000.0,1591000000.0,0.802,2.675,15005000000.0,2159000000.0,12846000000.0,15005000000.0,531000000.0,1398000000.0,220000000.0,0.043,1.475,2933000000.0,4331000000.0,0.32,4331000000.0,2933000000.0,2186000000.0,2.14,2.13,2.14,10689000000.0,10615698000.0,10689000000.0,39814287766.0,14.0,9.193,170000000.0,0.228,1.0,4138000000.0,0.305,0.0,747000000.0,49440000000.0,48518344000.0,1069000000.0,1082000000.0,0.0,1082000000.0,28592000000.0,5240000000.0,23352000000.0,25603823766.0,-166000000.0,-115000000.0,-139000000.0,1154000000.0,-1098000000.0,-67000000.0,-2629000000.0,0.0,2530000000.0,0.0,1591000000.0,1591000000.0,1591000000.0,0.0,0.0,0.117,1176000000.0,2962000000.0,1229000000.0,0.689,2.395,16.093,16.136,29480000000.0,0.0,34.53,1.889,1.895,2299000000.0,6332023000.0,13554000000.0,13554000000.0,0.0,0.041,0.15,0.06,0.216,0.0,0.0,1.0,741495041.0,744000000,749000000.0,18.218,39877000000.0,937000000.0,595000000.0,6678000000.0,53.598,-1035000000.0
16,SO,MRY,2004-12-31,2004-12-31,2004-12-31,2021-09-10,0.0,36955000000.0,36188913250.0,3491000000.0,33464000000.0,0.324,13.908,-2016000000.0,368000000.0,368000000.0,7959000000.0,1532000000.0,0.919,2.541,13858000000.0,1409000000.0,12449000000.0,13858000000.0,0.0,1161000000.0,199000000.0,0.042,1.415,2757000000.0,3918000000.0,0.334,3918000000.0,2757000000.0,2117000000.0,2.07,2.06,2.07,10278000000.0,10068316750.0,10278000000.0,38029797525.0,14.0,9.706,679000000.0,0.919,1.0,3770000000.0,0.321,0.0,640000000.0,46647000000.0,46089244000.0,910000000.0,976000000.0,0.0,976000000.0,26116000000.0,3798000000.0,22318000000.0,24794305525.0,57000000.0,-97000000.0,124000000.0,474000000.0,-1045000000.0,-380000000.0,-2258000000.0,0.0,2695000000.0,0.0,1532000000.0,1532000000.0,1532000000.0,-3000000.0,0.0,0.131,949000000.0,2821000000.0,877000000.0,0.684,2.412,16.184,16.193,28358000000.0,0.0,33.52,2.114,2.112,1810000000.0,5838986000.0,11729000000.0,11729000000.0,0.0,0.042,0.152,0.06,0.235,31000000.0,0.0,1.0,739686919.0,739000000,743000000.0,15.871,36955000000.0,864000000.0,585000000.0,6215000000.0,50.007,-307000000.0
17,SO,MRY,2003-12-31,2003-12-31,2003-12-31,2021-09-10,0.0,35178000000.0,33803560000.0,3060000000.0,32118000000.0,0.326,13.271,-1964000000.0,311000000.0,311000000.0,7172000000.0,1474000000.0,0.873,2.602,11473000000.0,1309000000.0,10164000000.0,11473000000.0,0.0,1281000000.0,189000000.0,0.046,1.385,2619000000.0,3900000000.0,0.354,3900000000.0,2619000000.0,2092000000.0,2.03,2.02,2.03,9648000000.0,9355109750.0,9648000000.0,32983537950.0,13.0,8.457,1107000000.0,1.523,1.0,3846000000.0,0.349,0.0,527000000.0,42835000000.0,40871579250.0,886000000.0,838000000.0,0.0,838000000.0,25107000000.0,3505000000.0,21602000000.0,22149043950.0,38000000.0,-94000000.0,470000000.0,119000000.0,-1004000000.0,-839000000.0,-2194000000.0,0.0,3071000000.0,0.0,1474000000.0,1474000000.0,1474000000.0,9000000.0,0.0,0.134,1022000000.0,2824000000.0,688000000.0,0.682,2.296,15.026,14.901,27525000000.0,0.0,30.25,2.01,1.996,1467000000.0,5343471000.0,11018000000.0,11018000000.0,0.0,0.044,0.158,0.064,0.238,30000000.0,0.0,1.0,732199800.0,727000000,732000000.0,15.155,35178000000.0,874000000.0,618000000.0,5870000000.0,48.388,-445000000.0
18,SO,MRY,2002-12-31,2002-12-31,2002-12-31,2021-09-10,0.0,33721000000.0,31670020250.0,2929000000.0,30792000000.0,0.332,12.302,-2728000000.0,273000000.0,273000000.0,6885000000.0,1318000000.0,0.587,2.837,11365000000.0,2651000000.0,8714000000.0,11365000000.0,0.0,1185000000.0,169000000.0,0.041,1.155,2338000000.0,3523000000.0,0.335,3523000000.0,2338000000.0,1846000000.0,1.86,1.85,1.86,8710000000.0,8456196500.0,8710000000.0,31035804798.0,13.0,8.809,125000000.0,0.177,1.0,3629000000.0,0.345,0.0,492000000.0,39826000000.0,37799841500.0,859000000.0,791000000.0,0.0,791000000.0,24713000000.0,4987000000.0,19726000000.0,20255652798.0,-81000000.0,-90000000.0,428000000.0,576000000.0,-958000000.0,34000000.0,-2968000000.0,0.0,2853000000.0,0.0,1318000000.0,1318000000.0,1318000000.0,0.0,0.0,0.125,1047000000.0,2582000000.0,797000000.0,0.621,2.326,15.368,15.263,26566000000.0,0.0,28.39,1.927,1.912,1507000000.0,4874375000.0,10514000000.0,10514000000.0,0.0,0.042,0.156,0.062,0.222,23000000.0,0.0,1.0,713478436.0,708000000,714000000.0,14.85,33721000000.0,898000000.0,528000000.0,5341000000.0,47.629,-2058000000.0
19,SO,MRY,2001-12-31,2001-12-31,2001-12-31,2021-09-10,0.0,29897000000.0,30122482250.0,2956000000.0,26941000000.0,0.337,11.588,-2617000000.0,354000000.0,354000000.0,6591000000.0,1262000000.0,0.676,2.745,10628000000.0,2331000000.0,8297000000.0,10628000000.0,42000000.0,1358000000.0,153000000.0,0.053,1.34,2377000000.0,3735000000.0,0.368,3735000000.0,2377000000.0,1820000000.0,1.83,1.82,1.83,7984000000.0,8513449750.0,7984000000.0,27664869877.0,12.0,7.407,-233000000.0,-0.338,1.0,3564000000.0,0.351,0.0,557000000.0,35795000000.0,35726783000.0,944000000.0,655000000.0,0.0,655000000.0,21913000000.0,4376000000.0,17537000000.0,17621581877.0,155000000.0,-50000000.0,395000000.0,1037000000.0,-922000000.0,507000000.0,-2736000000.0,0.0,2384000000.0,0.0,1262000000.0,1262000000.0,1262000000.0,-142000000.0,0.0,0.124,1173000000.0,2391000000.0,823000000.0,0.732,2.207,13.963,13.852,23084000000.0,0.0,25.35,1.735,1.72,1427000000.0,4516642000.0,10155000000.0,10155000000.0,0.0,0.042,0.148,0.067,0.234,0.0,0.0,1.0,695131435.0,689000000,694000000.0,14.739,29897000000.0,924000000.0,558000000.0,5391000000.0,43.392,-1420000000.0
20,SO,MRY,2000-12-31,2000-12-31,2000-12-31,2021-09-10,-93598000.0,31361658000.0,38216642750.0,2825199000.0,28536459000.0,0.263,16.371,-2225000000.0,199191000.0,199191000.0,6490000000.0,1313000000.0,0.756,1.934,9589458000.0,1746967000.0,7842491000.0,9589458000.0,58377000.0,1337000000.0,139798000.0,0.04,1.34,2544000000.0,3881000000.0,0.386,3881000000.0,2544000000.0,1901000000.0,2.01,2.01,2.01,10690341000.0,9450698000.0,10690341000.0,38614341746.0,15.0,9.95,151000000.0,0.231,1.0,3576000000.0,0.355,0.0,643000000.0,37015174000.0,42200759750.0,702631000.0,595952000.0,0.0,595952000.0,20671317000.0,3736751000.0,16934566000.0,21641701746.0,45000000.0,-6000000.0,495000000.0,53000000.0,-873000000.0,-379000000.0,-2306000000.0,0.0,2376000000.0,0.0,1313000000.0,1313000000.0,1313000000.0,-319000000.0,0.0,0.13,1171000000.0,2405000000.0,870032000.0,0.667,2.024,16.483,16.542,21622402000.0,0.0,33.25,2.15,2.157,1311457000.0,4671881000.0,10066000000.0,10066000000.0,0.0,0.034,0.139,0.06,0.253,0.0,0.0,1.0,650878248.0,653000000,654000000.0,15.415,31361658000.0,956673000.0,588000000.0,5376834000.0,48.027,-911552000.0
21,SO,MRY,1999-12-31,1999-12-31,1999-12-31,2021-09-10,0.0,38389012000.0,37405293500.0,3522560000.0,34866452000.0,0.249,13.436,-1881000000.0,466416000.0,466416000.0,5927000000.0,1276000000.0,0.874,2.182,9535000000.0,2284000000.0,7251000000.0,9535000000.0,80000000.0,1216000000.0,128000000.0,0.057,1.34,2402000000.0,3618000000.0,0.388,3618000000.0,2402000000.0,1875000000.0,1.86,1.86,1.86,9204000000.0,9489600500.0,9204000000.0,26559763850.0,11.0,7.341,338000000.0,0.493,1.0,3390000000.0,0.364,4754992000.0,527000000.0,38673604000.0,42243085500.0,895715000.0,1932776000.0,0.0,1932776000.0,20087000000.0,4029000000.0,16058000000.0,15817687850.0,-158000000.0,0.0,-838000000.0,927000000.0,-921000000.0,-818000000.0,-2243000000.0,0.0,2219000000.0,0.0,1276000000.0,1276000000.0,1276000000.0,-361000000.0,0.0,0.137,1139000000.0,2251000000.0,669000000.0,0.72,1.719,12.396,12.634,24544481000.0,0.0,23.5,1.698,1.728,1645325000.0,4232399000.0,9317000000.0,9317000000.0,0.0,0.034,0.134,0.057,0.258,0.0,0.0,1.0,673093100.0,685000000,686000000.0,13.601,33634020000.0,987144000.0,599000000.0,5324000000.0,49.101,-506440000.0
22,SO,MRY,1998-12-31,1998-12-31,1998-12-31,2021-09-10,15400000.0,36191509000.0,35730352500.0,2938453000.0,33253056000.0,0.266,14.056,-1273000000.0,871353000.0,871353000.0,5880000000.0,977000000.0,,2.694,10471692000.0,3353404000.0,,10471692000.0,96080000.0,1530000000.0,125078000.0,0.046,1.34,2205000000.0,3735000000.0,0.393,3735000000.0,2205000000.0,1647000000.0,1.4,1.4,1.4,9796849000.0,7254575500.0,9796849000.0,30100783373.0,14.0,8.059,1044000000.0,1.498,1.0,3619000000.0,0.381,3441956000.0,558000000.0,42349892000.0,43357152000.0,767689000.0,1548951000.0,0.0,0.0,26394660000.0,,,20261806373.0,135000000.0,0.0,109000000.0,374000000.0,-933000000.0,-209000000.0,-1439000000.0,0.0,2317000000.0,0.0,977000000.0,977000000.0,977000000.0,9000000.0,0.0,0.103,1340000000.0,2279000000.0,1026869000.0,0.957,2.068,20.739,20.757,23945099000.0,0.0,29.06,2.133,2.132,1797913000.0,3878332000.0,9499000000.0,9499000000.0,0.0,0.027,0.135,0.051,0.232,0.0,0.0,1.0,697240412.0,697000000,697000000.0,13.628,32749553000.0,1035724000.0,670000000.0,5968951000.0,46.986,
23,SO,MRY,1997-12-31,1997-12-31,1997-12-31,2021-09-10,0.0,35255000000.0,34762920250.0,2888000000.0,32367000000.0,0.363,14.083,-1827000000.0,601000000.0,601000000.0,6649000000.0,972000000.0,,2.655,10274000000.0,2848000000.0,,10274000000.0,110000000.0,1592000000.0,133000000.0,0.05,1.3,2650000000.0,4242000000.0,0.336,4242000000.0,2650000000.0,1811000000.0,1.42,1.42,1.42,9647000000.0,6889488000.0,9647000000.0,27295061691.0,10.0,6.434,798000000.0,1.165,1.0,5962000000.0,0.473,3277000000.0,839000000.0,41651000000.0,41957407750.0,711000000.0,1168000000.0,0.0,0.0,25608000000.0,,,17860137691.0,156000000.0,-2925000000.0,360000000.0,2038000000.0,-889000000.0,2296000000.0,-4765000000.0,0.0,2625000000.0,0.0,972000000.0,972000000.0,972000000.0,0.0,0.0,0.077,3297000000.0,2665000000.0,1049000000.0,0.915,1.851,18.375,18.225,23652000000.0,0.0,25.88,1.416,1.406,2007000000.0,3842135000.0,12611000000.0,12611000000.0,0.0,0.028,0.141,0.063,0.21,0.0,0.0,1.0,690113512.0,685000000,685000000.0,18.41,31978000000.0,1142000000.0,839000000.0,6270000000.0,46.683,
24,SO,MRY,1996-12-31,1996-12-31,1996-12-31,2021-09-10,0.0,30291802000.0,,2277550000.0,28014252000.0,,13.694,-1018000000.0,444832000.0,444832000.0,4764000000.0,1127000000.0,,2.28,7938000000.0,1847000000.0,,7938000000.0,122000000.0,1338000000.0,132000000.0,0.056,1.26,2548000000.0,3886000000.0,0.375,3886000000.0,2548000000.0,1884000000.0,1.68,1.68,1.68,9216000000.0,,9216000000.0,,,,1383000000.0,2.055,1.0,5594000000.0,0.54,318142000.0,664000000.0,37466828000.0,,779349000.0,227097000.0,0.0,0.0,21014000000.0,,,15339493447.0,-327000000.0,0.0,171000000.0,-793000000.0,-846000000.0,-1435000000.0,-1293000000.0,0.0,2401000000.0,0.0,1127000000.0,1127000000.0,1127000000.0,0.0,0.0,0.109,2993000000.0,2601000000.0,788000000.0,0.75,1.664,13.611,13.47,23684898000.0,0.0,22.63,1.481,1.47,1363159000.0,3763987000.0,10358000000.0,10358000000.0,0.0,,,,0.246,0.0,0.0,1.0,677838862.0,673000000,673000000.0,15.391,29973660000.0,1302342000.0,757000000.0,6352000000.0,44.537,
25,SO,MRY,1995-12-31,1995-12-31,1995-12-31,2021-09-10,,,,,,,,-1114000000.0,,,3835000000.0,1103000000.0,,,,,,,,1134000000.0,,0.05,1.22,2535000000.0,3669000000.0,0.4,3669000000.0,2535000000.0,1872000000.0,1.66,1.66,1.66,,,,,,,1201000000.0,1.806,1.0,5345000000.0,0.582,,663000000.0,,,,,,,,,,,633000000.0,-1416000000.0,277000000.0,1467000000.0,-811000000.0,695000000.0,-2377000000.0,0.0,2315000000.0,0.0,1103000000.0,1103000000.0,1103000000.0,0.0,0.0,0.12,2654000000.0,2691000000.0,,0.735,,,14.837,,0.0,24.63,,1.784,,,9180000000.0,9180000000.0,0.0,,,,0.276,0.0,0.0,1.0,,665000000,665000000.0,13.805,,,769000000.0,,,
26,SO,MRY,1994-12-31,1994-12-31,1994-12-31,2021-09-10,,,,,,,,-1365000000.0,,,3470000000.0,989000000.0,,,,,,,,1050000000.0,,0.059,1.18,2322000000.0,3372000000.0,0.406,3372000000.0,2322000000.0,1674000000.0,1.52,1.52,1.52,,,,,,,746000000.0,1.148,1.0,4827000000.0,0.582,,648000000.0,,,,,,,,,,,-39000000.0,-405000000.0,279000000.0,130000000.0,-766000000.0,-293000000.0,-1857000000.0,0.0,2111000000.0,0.0,989000000.0,989000000.0,989000000.0,0.0,0.0,0.119,2401000000.0,2426000000.0,,0.776,,,13.158,,0.0,20.0,,1.567,,,8297000000.0,8297000000.0,0.0,,,,0.28,0.0,0.0,1.0,,650000000,650000000.0,12.765,,,685000000.0,,,
0,SO,MRQ,2021-06-30,2021-06-30,2021-06-30,2021-09-10,0.0,125907000000.0,,9551000000.0,116356000000.0,,30.863,-1645000000.0,1582000000.0,1582000000.0,3150000000.0,376000000.0,0.819,2.836,53908000000.0,4476000000.0,49432000000.0,53908000000.0,0.0,985000000.0,467000000.0,0.043,0.66,814000000.0,1799000000.0,0.346,1799000000.0,814000000.0,364000000.0,0.35,0.35,0.35,32746000000.0,,32746000000.0,115537724596.0,21.0,12.369,17000000.0,0.016,1.0,2048000000.0,0.394,5746000000.0,450000000.0,160827000000.0,,2122000000.0,1856000000.0,0.0,1856000000.0,92870000000.0,11660000000.0,81210000000.0,64057724596.0,-184000000.0,-49000000.0,10000000.0,713000000.0,-699000000.0,-63000000.0,-1783000000.0,0.0,1662000000.0,0.0,376000000.0,372000000.0,372000000.0,0.0,0.0,0.072,1351000000.0,697000000.0,2075000000.0,1.886,1.956,20.368,20.374,91398000000.0,4000000.0,60.51,2.932,2.939,2726000000.0,,5198000000.0,5198000000.0,0.0,,,,,22000000.0,0.0,1.0,1058630385.0,1061000000,1067000000.0,4.899,120161000000.0,806000000.0,-12000000.0,14932000000.0,113.253,-2109000000.0
1,SO,MRQ,2021-03-31,2021-03-31,2021-03-31,2021-09-10,0.0,125393000000.0,,9469000000.0,115924000000.0,,31.196,-1794000000.0,1770000000.0,1770000000.0,3437000000.0,1107000000.0,0.817,2.783,53250000000.0,4871000000.0,48379000000.0,53250000000.0,0.0,964000000.0,470000000.0,0.041,0.64,1779000000.0,2743000000.0,0.464,2743000000.0,1779000000.0,1329000000.0,1.07,1.06,1.07,33068000000.0,,33068000000.0,115654856466.0,20.0,12.08,-552000000.0,-0.521,1.0,2473000000.0,0.418,5757000000.0,450000000.0,159530000000.0,,2195000000.0,1930000000.0,0.0,1930000000.0,92034000000.0,11586000000.0,80448000000.0,65678856466.0,733000000.0,-385000000.0,14000000.0,2248000000.0,-678000000.0,1734000000.0,-2243000000.0,0.0,1242000000.0,0.0,1139000000.0,1135000000.0,1135000000.0,0.0,-32000000.0,0.192,919000000.0,1554000000.0,2533000000.0,0.598,1.986,19.403,19.425,90858000000.0,4000000.0,62.16,3.088,3.098,2614000000.0,,5910000000.0,5910000000.0,0.0,,,,,83000000.0,0.0,1.0,1056609660.0,1060000000,1066000000.0,5.575,119636000000.0,803000000.0,190000000.0,14998000000.0,112.864,-2117000000.0
2,SO,MRQ,2020-12-31,2020-12-31,2020-12-31,2021-09-10,0.0,122935000000.0,,8617000000.0,114318000000.0,,30.467,-1999000000.0,1065000000.0,1065000000.0,3339000000.0,357000000.0,0.713,2.805,51041000000.0,4357000000.0,46684000000.0,51041000000.0,0.0,1002000000.0,487000000.0,0.041,0.64,819000000.0,1821000000.0,0.356,1821000000.0,819000000.0,341000000.0,0.37,0.36,0.37,32234000000.0,,32234000000.0,113440945630.0,21.0,12.26,-523000000.0,-0.494,1.0,1778000000.0,0.347,5767000000.0,478000000.0,155065000000.0,,2488000000.0,1918000000.0,0.0,1918000000.0,90410000000.0,12079000000.0,78331000000.0,64884945630.0,-2315000000.0,-12000000.0,11000000.0,-1044000000.0,-677000000.0,-1653000000.0,-2138000000.0,-80000000.0,1476000000.0,0.0,391000000.0,387000000.0,387000000.0,0.0,-34000000.0,0.076,1075000000.0,703000000.0,2806000000.0,1.73,2.013,20.803,20.824,89436000000.0,4000000.0,61.43,3.185,3.19,2819000000.0,11311000000.0,5117000000.0,5117000000.0,0.0,,,,,14000000.0,0.0,1.0,1056241993.0,1058000000,1068000000.0,4.836,117168000000.0,796000000.0,-50000000.0,14771000000.0,110.745,-3462000000.0
3,SO,MRQ,2020-09-30,2020-09-30,2020-09-30,2021-09-10,0.0,123158000000.0,,10574000000.0,112584000000.0,,30.718,-2100000000.0,3379000000.0,3379000000.0,2896000000.0,1283000000.0,0.9,2.781,51935000000.0,4784000000.0,47151000000.0,51935000000.0,0.0,987000000.0,496000000.0,0.046,0.64,1991000000.0,2978000000.0,0.53,2978000000.0,1991000000.0,1548000000.0,1.18,1.18,1.18,32500000000.0,,32500000000.0,105149409157.0,20.0,11.603,273000000.0,0.258,1.0,2724000000.0,0.485,5779000000.0,443000000.0,154185000000.0,,2476000000.0,2011000000.0,0.0,2011000000.0,90367000000.0,11750000000.0,78617000000.0,57263409157.0,1498000000.0,-45000000.0,4000000.0,2208000000.0,-676000000.0,1362000000.0,-2237000000.0,0.0,2373000000.0,0.0,1255000000.0,1251000000.0,1251000000.0,0.0,28000000.0,0.223,889000000.0,1835000000.0,2285000000.0,0.542,1.762,18.053,18.134,88188000000.0,4000000.0,54.22,2.839,2.844,3016000000.0,,5620000000.0,5620000000.0,0.0,,,,,15000000.0,0.0,1.0,1056130748.0,1058000000,1064000000.0,5.312,117379000000.0,799000000.0,293000000.0,14922000000.0,110.944,-1176000000.0
4,SO,MRQ,2020-06-30,2020-06-30,2020-06-30,2021-09-10,0.0,119731000000.0,,9069000000.0,110662000000.0,,30.209,-1604000000.0,1879000000.0,1879000000.0,2540000000.0,621000000.0,0.972,2.737,49765000000.0,3016000000.0,46749000000.0,49765000000.0,0.0,967000000.0,490000000.0,0.048,0.64,1065000000.0,2032000000.0,0.44,2032000000.0,1065000000.0,621000000.0,0.58,0.58,0.58,31961000000.0,,31961000000.0,102181303615.0,19.0,11.234,349000000.0,0.33,1.0,2080000000.0,0.45,5791000000.0,444000000.0,152492000000.0,,2381000000.0,2010000000.0,0.0,2010000000.0,87479000000.0,9334000000.0,78145000000.0,54751303615.0,-283000000.0,-145000000.0,7000000.0,152000000.0,-677000000.0,-470000000.0,-1766000000.0,0.0,1953000000.0,0.0,616000000.0,612000000.0,612000000.0,0.0,5000000.0,0.132,1022000000.0,1058000000.0,2071000000.0,1.103,1.713,16.914,16.889,86805000000.0,4000000.0,51.85,2.665,2.67,2899000000.0,,4620000000.0,4620000000.0,0.0,,,,,12000000.0,0.0,1.0,1055955711.0,1058000000,1063000000.0,4.367,113940000000.0,797000000.0,5000000.0,14702000000.0,107.694,-265000000.0
5,SO,MRQ,2020-03-31,2020-03-31,2020-03-31,2021-09-10,0.0,118852000000.0,,9430000000.0,109422000000.0,,30.195,-1701000000.0,2164000000.0,2164000000.0,2937000000.0,841000000.0,0.987,2.715,49594000000.0,3749000000.0,45845000000.0,49594000000.0,0.0,949000000.0,491000000.0,0.046,0.62,1473000000.0,2422000000.0,0.483,2422000000.0,1473000000.0,1017000000.0,0.82,0.81,0.82,31916000000.0,,31916000000.0,103786926063.0,18.0,11.146,-807000000.0,-0.763,1.0,2081000000.0,0.415,5803000000.0,456000000.0,150926000000.0,,2215000000.0,2181000000.0,0.0,2181000000.0,86645000000.0,9553000000.0,77092000000.0,57075926063.0,190000000.0,956000000.0,52000000.0,952000000.0,-655000000.0,185000000.0,-889000000.0,0.0,894000000.0,0.0,872000000.0,868000000.0,868000000.0,0.0,-31000000.0,0.173,857000000.0,1224000000.0,1951000000.0,0.756,1.788,16.196,16.161,85735000000.0,4000000.0,54.14,2.715,2.722,2923000000.0,,5018000000.0,5018000000.0,0.0,,,,,72000000.0,0.0,1.0,1054228409.0,1057000000,1067000000.0,4.747,113049000000.0,798000000.0,145000000.0,14715000000.0,106.953,-123000000.0
6,SO,MRQ,2019-12-31,2019-12-31,2019-12-31,2021-09-10,-321000000.0,118700000000.0,,9817000000.0,108883000000.0,,26.071,-2175000000.0,1975000000.0,1975000000.0,3484000000.0,409000000.0,0.782,3.15,48686000000.0,5273000000.0,43413000000.0,48686000000.0,0.0,817000000.0,496000000.0,0.039,0.62,813000000.0,1630000000.0,0.332,1630000000.0,813000000.0,371000000.0,0.41,0.41,0.41,27505000000.0,,27505000000.0,111656355099.0,13.0,9.61,-1275000000.0,-1.209,1.0,1430000000.0,0.291,5816000000.0,442000000.0,147049000000.0,,2388000000.0,2091000000.0,0.0,2091000000.0,86650000000.0,12546000000.0,74104000000.0,66804355099.0,-957000000.0,82000000.0,221000000.0,865000000.0,-651000000.0,462000000.0,-2319000000.0,-148000000.0,900000000.0,0.0,445000000.0,441000000.0,441000000.0,0.0,-36000000.0,0.09,797000000.0,633000000.0,2557000000.0,1.512,2.429,14.097,14.062,84880000000.0,4000000.0,63.7,3.119,3.111,2981000000.0,10877000000.0,4914000000.0,4914000000.0,0.0,,,,,20000000.0,0.0,1.0,1048733989.0,1055000000,1063000000.0,4.658,112884000000.0,798000000.0,-74000000.0,14625000000.0,106.999,-2729000000.0
7,SO,MRQ,2019-09-30,2019-09-30,2019-09-30,2021-09-10,0.0,117591000000.0,,9917000000.0,107674000000.0,,30.335,-1958000000.0,2931000000.0,2931000000.0,3118000000.0,1345000000.0,0.941,2.69,47783000000.0,4084000000.0,43699000000.0,47783000000.0,0.0,891000000.0,494000000.0,0.04,0.62,2121000000.0,3012000000.0,0.502,3012000000.0,2121000000.0,1687000000.0,1.26,1.25,1.26,31791000000.0,,31791000000.0,109338958773.0,14.0,9.524,410000000.0,0.391,1.0,2877000000.0,0.48,5830000000.0,434000000.0,146079000000.0,,2324000000.0,2339000000.0,0.0,2339000000.0,85509000000.0,10534000000.0,74975000000.0,64563958773.0,1549000000.0,-46000000.0,171000000.0,1835000000.0,-650000000.0,1256000000.0,-2075000000.0,0.0,2368000000.0,0.0,1320000000.0,1316000000.0,1316000000.0,0.0,25000000.0,0.22,870000000.0,2007000000.0,2266000000.0,0.492,2.031,14.106,14.071,83531000000.0,4000000.0,61.77,2.956,2.964,3385000000.0,,5995000000.0,5995000000.0,0.0,,,,,12000000.0,0.0,1.0,1045231646.0,1048000000,1057000000.0,5.72,111761000000.0,796000000.0,367000000.0,14961000000.0,106.642,-617000000.0
8,SO,MRQ,2019-06-30,2019-06-30,2019-06-30,2021-09-10,0.0,114867000000.0,,8352000000.0,106515000000.0,,29.819,-1767000000.0,1383000000.0,1383000000.0,3009000000.0,931000000.0,0.759,2.68,46158000000.0,4774000000.0,41384000000.0,46158000000.0,0.0,772000000.0,489000000.0,0.044,0.62,1476000000.0,2248000000.0,0.441,2248000000.0,1476000000.0,1047000000.0,0.86,0.85,0.86,31131000000.0,,31131000000.0,102115548065.0,12.0,8.792,2000000.0,0.002,1.0,2089000000.0,0.41,5832000000.0,429000000.0,142811000000.0,,2143000000.0,2370000000.0,0.0,2370000000.0,83445000000.0,10999000000.0,72446000000.0,57507548065.0,22000000.0,413000000.0,228000000.0,186000000.0,-646000000.0,-295000000.0,-1452000000.0,0.0,1769000000.0,0.0,902000000.0,899000000.0,899000000.0,0.0,29000000.0,0.176,755000000.0,1334000000.0,2371000000.0,0.721,1.847,12.996,12.946,83036000000.0,3000000.0,55.28,2.613,2.623,3304000000.0,,5098000000.0,5098000000.0,0.0,,,,,11000000.0,0.0,1.0,1040295732.0,1044000000,1052000000.0,4.883,109035000000.0,794000000.0,145000000.0,14786000000.0,104.44,-2647000000.0
9,SO,MRQ,2019-03-31,2019-03-31,2019-03-31,2021-09-10,0.0,114096000000.0,,8709000000.0,105387000000.0,,29.564,-1824000000.0,1361000000.0,1361000000.0,3467000000.0,2059000000.0,0.878,2.709,45969000000.0,3792000000.0,42177000000.0,45969000000.0,0.0,851000000.0,483000000.0,0.046,0.6,3878000000.0,4729000000.0,0.874,4729000000.0,3878000000.0,3448000000.0,2.01,1.99,2.01,30687000000.0,,30687000000.0,98919281939.0,14.0,9.49,-1080000000.0,-1.04,1.0,1945000000.0,0.359,5869000000.0,430000000.0,142916000000.0,,2093000000.0,2404000000.0,0.0,2404000000.0,83118000000.0,9919000000.0,73199000000.0,53466281939.0,-155000000.0,4389000000.0,224000000.0,-2873000000.0,-623000000.0,-3353000000.0,2454000000.0,0.0,744000000.0,0.0,2088000000.0,2084000000.0,2084000000.0,0.0,-29000000.0,0.385,751000000.0,1194000000.0,2569000000.0,0.299,1.742,15.856,15.853,83518000000.0,4000000.0,51.68,2.373,2.38,3616000000.0,,5412000000.0,5412000000.0,0.0,,,,,64000000.0,0.0,1.0,1034564279.0,1038000000,1045000000.0,5.214,108227000000.0,794000000.0,1360000000.0,15025000000.0,104.265,-1210000000.0
10,SO,MRQ,2018-12-31,2018-12-31,2018-12-31,2021-09-10,0.0,116914000000.0,,9583000000.0,107331000000.0,,28.139,-2249000000.0,1396000000.0,1396000000.0,3972000000.0,269000000.0,0.671,3.016,46849000000.0,6113000000.0,40736000000.0,46849000000.0,0.0,902000000.0,522000000.0,0.054,0.6,589000000.0,1491000000.0,0.279,1491000000.0,589000000.0,133000000.0,0.26,0.26,0.26,29039000000.0,,29039000000.0,90343791001.0,20.0,11.178,-888000000.0,-0.86,1.0,1365000000.0,0.256,5928000000.0,456000000.0,142153000000.0,,2394000000.0,2378000000.0,0.0,2378000000.0,87584000000.0,14286000000.0,73298000000.0,45188791001.0,-372000000.0,182000000.0,212000000.0,-156000000.0,-620000000.0,527000000.0,-2260000000.0,-114000000.0,1361000000.0,0.0,282000000.0,278000000.0,278000000.0,0.0,-13000000.0,0.052,761000000.0,604000000.0,3436000000.0,2.308,1.556,20.3,20.147,80797000000.0,4000000.0,43.92,1.923,1.907,3944000000.0,,5337000000.0,5337000000.0,0.0,,,,,17000000.0,0.0,1.0,1028888684.0,1032000000,1037000000.0,5.172,110986000000.0,794000000.0,-149000000.0,13674000000.0,107.545,-4703000000.0
11,SO,MRQ,2018-09-30,2018-09-30,2018-09-30,2021-09-10,-177000000.0,111717000000.0,,9384000000.0,102333000000.0,,24.318,-1923000000.0,1847000000.0,1847000000.0,3514000000.0,1222000000.0,0.724,3.35,47002000000.0,5577000000.0,41425000000.0,47002000000.0,0.0,897000000.0,524000000.0,0.054,0.6,2249000000.0,3146000000.0,0.511,3146000000.0,2249000000.0,1791000000.0,1.14,1.13,1.14,24877000000.0,,24877000000.0,91937333219.0,19.0,11.137,403000000.0,0.394,1.0,2645000000.0,0.429,5989000000.0,458000000.0,137918000000.0,,2294000000.0,2363000000.0,0.0,2363000000.0,83328000000.0,12965000000.0,70363000000.0,44216333219.0,-126000000.0,2189000000.0,656000000.0,-2686000000.0,-611000000.0,-2576000000.0,124000000.0,0.0,2326000000.0,0.0,1168000000.0,1164000000.0,1164000000.0,0.0,54000000.0,0.189,824000000.0,1821000000.0,2767000000.0,0.526,1.777,18.099,18.091,78432000000.0,4000000.0,43.6,1.859,1.875,3623000000.0,9048000000.0,6159000000.0,6159000000.0,0.0,,,,,25000000.0,0.0,1.0,1014136083.0,1023000000,1029000000.0,6.021,105728000000.0,792000000.0,623000000.0,13746000000.0,103.351,-3581000000.0
12,SO,MRQ,2018-06-30,2018-06-30,2018-06-30,2021-09-10,-188000000.0,112777000000.0,,11619000000.0,101158000000.0,,23.31,-1886000000.0,1980000000.0,1980000000.0,3685000000.0,-127000000.0,0.809,3.628,49701000000.0,7218000000.0,42483000000.0,49701000000.0,0.0,877000000.0,488000000.0,0.051,0.6,181000000.0,1058000000.0,0.188,1058000000.0,181000000.0,-289000000.0,-0.15,-0.15,-0.15,23636000000.0,,23636000000.0,96516336152.0,21.0,11.966,-137000000.0,-0.135,1.0,1942000000.0,0.345,6017000000.0,470000000.0,140115000000.0,,2151000000.0,2334000000.0,0.0,2334000000.0,85761000000.0,14366000000.0,71395000000.0,46848336152.0,-273000000.0,348000000.0,109000000.0,-886000000.0,-608000000.0,-393000000.0,-1629000000.0,0.0,1749000000.0,0.0,-150000000.0,-154000000.0,-154000000.0,0.0,23000000.0,-0.027,1843000000.0,99000000.0,2647000000.0,-4.0,1.982,19.952,19.791,77192000000.0,4000000.0,46.31,1.966,1.971,3527000000.0,8494000000.0,5627000000.0,5627000000.0,0.0,,,,,14000000.0,0.0,1.0,1011624620.0,1014000000,1014000000.0,5.549,106760000000.0,789000000.0,-139000000.0,13125000000.0,105.286,-2747000000.0
13,SO,MRQ,2018-03-31,2018-03-31,2018-03-31,2021-09-10,-200000000.0,111567000000.0,,9524000000.0,102043000000.0,,24.408,-1893000000.0,2284000000.0,2284000000.0,4183000000.0,936000000.0,0.699,3.453,51952000000.0,7506000000.0,44446000000.0,51952000000.0,0.0,873000000.0,530000000.0,0.052,0.58,1513000000.0,2386000000.0,0.374,2386000000.0,1513000000.0,1055000000.0,0.93,0.92,0.93,24676000000.0,,24676000000.0,93687402466.0,33.0,14.789,-384000000.0,-0.38,1.0,2189000000.0,0.344,7074000000.0,458000000.0,140531000000.0,,2230000000.0,2323000000.0,0.0,2323000000.0,85218000000.0,13630000000.0,71588000000.0,45024402466.0,143000000.0,-14000000.0,113000000.0,1149000000.0,-586000000.0,629000000.0,-1995000000.0,0.0,1509000000.0,0.0,942000000.0,938000000.0,938000000.0,0.0,-6000000.0,0.147,813000000.0,1376000000.0,2526000000.0,0.624,1.825,40.164,40.234,80947000000.0,4000000.0,44.66,1.905,1.911,3557000000.0,9257000000.0,6372000000.0,6372000000.0,0.0,,,,,69000000.0,0.0,1.0,1008159482.0,1011000000,1016000000.0,6.303,104493000000.0,818000000.0,113000000.0,14477000000.0,103.356,-4106000000.0
14,SO,MRQ,2017-12-31,2017-12-31,2017-12-31,2021-09-10,0.0,111005000000.0,,10072000000.0,100933000000.0,,25.376,-2042000000.0,2130000000.0,2130000000.0,3929000000.0,499000000.0,0.741,3.336,50793000000.0,6331000000.0,44462000000.0,50793000000.0,0.0,893000000.0,542000000.0,0.048,0.58,772000000.0,1665000000.0,0.296,1665000000.0,772000000.0,326000000.0,0.49,0.49,0.49,25528000000.0,,25528000000.0,96549455660.0,36.0,15.641,-899000000.0,-0.894,1.0,1699000000.0,0.302,7141000000.0,446000000.0,138933000000.0,,2627000000.0,2288000000.0,0.0,2288000000.0,85153000000.0,13594000000.0,71559000000.0,48264455660.0,289000000.0,1771000000.0,180000000.0,701000000.0,-584000000.0,-349000000.0,-505000000.0,-152000000.0,1143000000.0,0.0,501000000.0,495000000.0,495000000.0,0.0,-2000000.0,0.088,981000000.0,718000000.0,3076000000.0,1.184,1.891,57.321,57.25,79872000000.0,6000000.0,48.09,2.096,2.088,3877000000.0,8885000000.0,5628000000.0,5628000000.0,0.0,,,,,14000000.0,0.0,1.0,1003627691.0,1006000000,1017000000.0,5.594,103864000000.0,825000000.0,-175000000.0,14734000000.0,103.245,-3522000000.0
15,SO,MRQ,2017-09-30,2017-09-30,2017-09-30,2021-09-10,-182000000.0,110315000000.0,,9202000000.0,101113000000.0,,24.01,-1607000000.0,1841000000.0,1841000000.0,3409000000.0,1109000000.0,0.73,3.486,50126000000.0,6084000000.0,44042000000.0,50126000000.0,0.0,881000000.0,550000000.0,0.046,0.58,2076000000.0,2957000000.0,0.477,2957000000.0,2076000000.0,1669000000.0,1.07,1.06,1.07,24082000000.0,,24082000000.0,97871153736.0,38.0,16.402,903000000.0,0.9,1.0,2792000000.0,0.45,7169000000.0,407000000.0,138828000000.0,,2701000000.0,2425000000.0,0.0,2425000000.0,83956000000.0,12603000000.0,71353000000.0,49114153736.0,403000000.0,-44000000.0,196000000.0,-88000000.0,-582000000.0,-305000000.0,-1802000000.0,0.0,2510000000.0,0.0,1079000000.0,1069000000.0,1069000000.0,0.0,30000000.0,0.172,801000000.0,1991000000.0,2804000000.0,0.542,2.039,90.45,94.5,79741000000.0,10000000.0,49.14,2.175,2.183,3301000000.0,8981000000.0,6201000000.0,6201000000.0,0.0,,,,,22000000.0,0.0,1.0,999474028.0,1003000000,1010000000.0,6.182,103146000000.0,1456000000.0,590000000.0,15204000000.0,102.837,-3401000000.0
16,SO,MRQ,2017-06-30,2017-06-30,2017-06-30,2021-09-10,-191000000.0,108684000000.0,,8837000000.0,99847000000.0,,23.419,-1857000000.0,1433000000.0,1433000000.0,3313000000.0,-1348000000.0,0.693,3.563,50190000000.0,6305000000.0,43885000000.0,50190000000.0,0.0,860000000.0,546000000.0,0.047,0.58,-1533000000.0,-673000000.0,-0.124,-673000000.0,-1533000000.0,-1957000000.0,-1.38,-1.37,-1.38,23372000000.0,,23372000000.0,95400389730.0,39.0,16.517,-12000000.0,-0.012,1.0,2117000000.0,0.39,7200000000.0,424000000.0,137490000000.0,,2562000000.0,2414000000.0,0.0,2414000000.0,83274000000.0,12751000000.0,70523000000.0,47621389730.0,339000000.0,-153000000.0,231000000.0,1136000000.0,-578000000.0,580000000.0,-2086000000.0,0.0,1845000000.0,0.0,-1370000000.0,-1381000000.0,-1381000000.0,0.0,22000000.0,-0.254,3766000000.0,-1649000000.0,2454000000.0,-0.42,2.038,77.686,76.0,78686000000.0,11000000.0,47.88,2.103,2.11,3162000000.0,8494000000.0,5430000000.0,5430000000.0,0.0,,,,,12000000.0,0.0,1.0,994598783.0,998000000,1005000000.0,5.441,101484000000.0,1869000000.0,-587000000.0,14756000000.0,101.687,-3914000000.0
17,SO,MRQ,2017-03-31,2017-03-31,2017-03-31,2021-09-10,-189000000.0,109760000000.0,,8427000000.0,101333000000.0,,25.271,-1658000000.0,1094000000.0,1094000000.0,3695000000.0,665000000.0,0.686,3.287,48873000000.0,6087000000.0,42786000000.0,48873000000.0,0.0,823000000.0,541000000.0,0.045,0.56,1400000000.0,2223000000.0,0.385,2223000000.0,1400000000.0,984000000.0,0.66,0.66,0.66,25094000000.0,,25094000000.0,94816526795.0,18.0,11.417,-762000000.0,-0.767,1.0,2076000000.0,0.36,7186000000.0,416000000.0,138069000000.0,,2510000000.0,2395000000.0,0.0,2395000000.0,82482000000.0,12284000000.0,70198000000.0,49334526795.0,-876000000.0,-1076000000.0,186000000.0,1378000000.0,-556000000.0,1025000000.0,-2797000000.0,0.0,896000000.0,0.0,669000000.0,658000000.0,658000000.0,0.0,-4000000.0,0.114,716000000.0,1360000000.0,2221000000.0,0.848,1.966,18.852,18.575,79811000000.0,11000000.0,49.78,2.276,2.281,3069000000.0,10459000000.0,5771000000.0,5771000000.0,0.0,,,,,61000000.0,0.0,1.0,991051161.0,993000000,1000000000.0,5.812,102574000000.0,2191000000.0,315000000.0,17770000000.0,103.297,-3857000000.0
18,SO,MRQ,2016-12-31,2016-12-31,2016-12-31,2021-09-10,0.0,109697000000.0,,9722000000.0,99975000000.0,,27.045,-1920000000.0,1975000000.0,1975000000.0,3833000000.0,205000000.0,0.753,3.111,47457000000.0,4828000000.0,42629000000.0,47457000000.0,0.0,814000000.0,558000000.0,0.045,0.56,646000000.0,1460000000.0,0.282,1460000000.0,646000000.0,242000000.0,0.17,0.17,0.17,26612000000.0,,26612000000.0,91011174421.0,19.0,11.844,-1322000000.0,-1.343,1.0,1348000000.0,0.26,7221000000.0,404000000.0,135041000000.0,,2782000000.0,2323000000.0,0.0,2323000000.0,82803000000.0,12917000000.0,69886000000.0,48206174421.0,-693000000.0,-1184000000.0,493000000.0,2107000000.0,-551000000.0,2116000000.0,-3407000000.0,750000000.0,598000000.0,0.0,208000000.0,197000000.0,197000000.0,0.0,-3000000.0,0.038,1125000000.0,223000000.0,3314000000.0,3.294,1.811,19.692,19.14,78446000000.0,11000000.0,49.19,2.423,2.351,3246000000.0,10356000000.0,5181000000.0,5181000000.0,0.0,,,,,121000000.0,0.0,1.0,979999480.0,984000000,997000000.0,5.265,102476000000.0,2173000000.0,34000000.0,15556000000.0,104.142,-3195000000.0
19,SO,MRQ,2016-09-30,2016-09-30,2016-09-30,2021-09-10,-225000000.0,106362000000.0,,9658000000.0,96704000000.0,,25.358,-1765000000.0,2669000000.0,2669000000.0,3564000000.0,1177000000.0,0.914,3.26,45474000000.0,3924000000.0,41550000000.0,45474000000.0,0.0,803000000.0,577000000.0,0.043,0.56,1963000000.0,2766000000.0,0.442,2766000000.0,1963000000.0,1589000000.0,1.18,1.17,1.18,24547000000.0,,24547000000.0,77908011925.0,16.0,10.442,391000000.0,0.404,1.0,2700000000.0,0.431,7165000000.0,374000000.0,131435000000.0,,2559000000.0,2310000000.0,0.0,2310000000.0,80015000000.0,10567000000.0,69448000000.0,48304011925.0,772000000.0,-10080000000.0,1882000000.0,1104000000.0,-530000000.0,2581000000.0,-3965000000.0,7858000000.0,2156000000.0,0.0,1150000000.0,1139000000.0,1139000000.0,0.0,27000000.0,0.182,695000000.0,2005000000.0,2265000000.0,0.475,1.968,19.153,19.142,75554000000.0,11000000.0,51.3,2.642,2.716,3211000000.0,10685000000.0,6264000000.0,6264000000.0,0.0,,,,,-69000000.0,0.0,1.0,941598673.0,968000000,975000000.0,6.471,99197000000.0,2003000000.0,439000000.0,17540000000.0,102.476,-909000000.0
20,SO,MRQ,2016-06-30,2016-06-30,2016-06-30,2021-09-10,-247000000.0,90873000000.0,,15149000000.0,75724000000.0,,23.571,-1780000000.0,9860000000.0,9860000000.0,2624000000.0,647000000.0,1.779,3.055,39464000000.0,4096000000.0,35368000000.0,39464000000.0,0.0,667000000.0,408000000.0,0.041,0.56,1189000000.0,1856000000.0,0.416,1856000000.0,1189000000.0,896000000.0,0.67,0.66,0.67,22015000000.0,,22015000000.0,78170199333.0,17.0,11.169,-518000000.0,-0.555,1.0,1835000000.0,0.412,754000000.0,293000000.0,111209000000.0,,2008000000.0,763000000.0,0.0,763000000.0,67262000000.0,8514000000.0,58748000000.0,49246199333.0,1143000000.0,-816000000.0,1113000000.0,9834000000.0,-526000000.0,10359000000.0,-10478000000.0,-8319000000.0,1262000000.0,0.0,635000000.0,623000000.0,623000000.0,0.0,12000000.0,0.14,569000000.0,1266000000.0,1493000000.0,0.836,2.237,21.027,21.031,63893000000.0,12000000.0,53.63,2.827,2.875,2116000000.0,10085000000.0,4459000000.0,4459000000.0,0.0,,,,,11000000.0,0.0,1.0,918258425.0,934000000,940000000.0,4.774,90119000000.0,1993000000.0,261000000.0,14964000000.0,96.487,6635000000.0
21,SO,MRQ,2016-03-31,2016-03-31,2016-03-31,2021-09-10,-244000000.0,78735000000.0,,5461000000.0,73274000000.0,,22.704,-1966000000.0,754000000.0,754000000.0,2458000000.0,501000000.0,0.695,2.711,29678000000.0,3587000000.0,26091000000.0,29678000000.0,0.0,639000000.0,406000000.0,0.042,0.542,963000000.0,1602000000.0,0.401,1602000000.0,963000000.0,717000000.0,0.53,0.53,0.53,20797000000.0,,20797000000.0,74555575051.0,17.0,10.867,-1088000000.0,-1.188,1.0,1534000000.0,0.384,0.0,246000000.0,99803000000.0,,1922000000.0,761000000.0,0.0,761000000.0,56389000000.0,7856000000.0,48533000000.0,47221575051.0,-650000000.0,-163000000.0,270000000.0,928000000.0,-497000000.0,669000000.0,-2197000000.0,-289000000.0,878000000.0,0.0,500000000.0,489000000.0,489000000.0,0.0,1000000.0,0.122,541000000.0,993000000.0,1584000000.0,1.023,2.271,20.111,20.128,62552000000.0,11000000.0,51.73,2.73,2.739,1634000000.0,9999000000.0,3992000000.0,3992000000.0,0.0,,,,,58000000.0,0.0,1.0,912846995.0,916000000,922000000.0,4.358,78735000000.0,1985000000.0,217000000.0,14438000000.0,85.955,-2395000000.0
22,SO,MRQ,2015-12-31,2015-12-31,2015-12-31,2021-09-10,0.0,78318000000.0,,6526000000.0,71792000000.0,,24.156,-1802000000.0,1404000000.0,1404000000.0,2288000000.0,297000000.0,0.715,2.555,28738000000.0,4050000000.0,24688000000.0,28738000000.0,0.0,608000000.0,404000000.0,0.046,0.542,629000000.0,1237000000.0,0.347,1237000000.0,629000000.0,401000000.0,0.3,0.29,0.3,21982000000.0,,21982000000.0,68549252020.0,15.0,10.007,-616000000.0,-0.677,1.0,1280000000.0,0.359,319000000.0,228000000.0,96204000000.0,,1929000000.0,761000000.0,0.0,761000000.0,56175000000.0,9129000000.0,47046000000.0,42529252020.0,295000000.0,-788000000.0,120000000.0,1881000000.0,-494000000.0,1509000000.0,-2400000000.0,-160000000.0,1186000000.0,0.0,283000000.0,271000000.0,271000000.0,0.0,14000000.0,0.076,519000000.0,761000000.0,1905000000.0,1.807,1.935,17.968,17.996,61114000000.0,12000000.0,46.79,2.432,2.435,1903000000.0,10010000000.0,3568000000.0,3568000000.0,0.0,,,,,22000000.0,0.0,1.0,908938919.0,910000000,917000000.0,3.921,77999000000.0,2117000000.0,118000000.0,14601000000.0,85.713,-2603000000.0
23,SO,MRQ,2015-09-30,2015-09-30,2015-09-30,2021-09-10,-136000000.0,75215000000.0,,6270000000.0,68945000000.0,,22.708,-1287000000.0,1109000000.0,1109000000.0,3074000000.0,970000000.0,0.647,2.571,27129000000.0,4803000000.0,22326000000.0,27129000000.0,0.0,616000000.0,400000000.0,0.048,0.543,1688000000.0,2304000000.0,0.427,2304000000.0,1688000000.0,1470000000.0,1.05,1.05,1.05,20664000000.0,,20664000000.0,67167588918.0,15.0,10.015,1694000000.0,1.862,1.0,2327000000.0,0.431,0.0,218000000.0,91546000000.0,,1737000000.0,752000000.0,0.0,752000000.0,53133000000.0,9689000000.0,43444000000.0,40606588918.0,296000000.0,-720000000.0,20000000.0,-273000000.0,-493000000.0,-571000000.0,-2114000000.0,0.0,2981000000.0,0.0,970000000.0,959000000.0,959000000.0,0.0,0.0,0.178,528000000.0,1799000000.0,1419000000.0,0.517,1.965,17.069,17.126,58243000000.0,11000000.0,44.7,2.264,2.268,2275000000.0,10233000000.0,5401000000.0,5401000000.0,0.0,,,,,11000000.0,0.0,1.0,908424808.0,910000000,912000000.0,5.935,75215000000.0,2255000000.0,500000000.0,14516000000.0,82.654,-3419000000.0
24,SO,MRQ,2015-06-30,2015-06-30,2015-06-30,2021-09-10,-121000000.0,74181000000.0,,6605000000.0,67576000000.0,,22.202,-1151000000.0,813000000.0,813000000.0,2716000000.0,643000000.0,0.76,2.62,27374000000.0,4700000000.0,22674000000.0,27374000000.0,0.0,593000000.0,398000000.0,0.051,0.542,1125000000.0,1718000000.0,0.396,1718000000.0,1125000000.0,945000000.0,0.69,0.69,0.69,20182000000.0,,20182000000.0,63022151445.0,15.0,9.92,43000000.0,0.047,1.0,1621000000.0,0.374,0.0,180000000.0,92048000000.0,,1838000000.0,751000000.0,0.0,751000000.0,52876000000.0,8694000000.0,44182000000.0,38056151445.0,-299000000.0,-408000000.0,4000000.0,1296000000.0,-494000000.0,166000000.0,-1659000000.0,0.0,1194000000.0,0.0,643000000.0,629000000.0,629000000.0,0.0,0.0,0.145,500000000.0,1121000000.0,1395000000.0,0.786,1.886,17.8,17.754,57007000000.0,14000000.0,41.9,2.129,2.131,2256000000.0,9767000000.0,4337000000.0,4337000000.0,0.0,,,,,10000000.0,0.0,1.0,908261371.0,909000000,912000000.0,4.771,74181000000.0,2476000000.0,302000000.0,14066000000.0,81.607,-2089000000.0
25,SO,MRQ,2015-03-31,2015-03-31,2015-03-31,2021-09-10,-143000000.0,71610000000.0,,6372000000.0,65238000000.0,,21.997,-1032000000.0,1112000000.0,1112000000.0,2730000000.0,525000000.0,0.694,2.508,26078000000.0,4985000000.0,21093000000.0,26078000000.0,0.0,578000000.0,670000000.0,0.047,0.525,1012000000.0,1590000000.0,0.38,1590000000.0,1012000000.0,799000000.0,0.56,0.56,0.56,20017000000.0,,20017000000.0,64556393323.0,16.0,10.104,-119000000.0,-0.131,1.0,1453000000.0,0.347,0.0,213000000.0,87391000000.0,,1905000000.0,749000000.0,0.0,749000000.0,50201000000.0,9185000000.0,41016000000.0,40289393323.0,402000000.0,0.0,-3000000.0,1094000000.0,-478000000.0,596000000.0,-1107000000.0,0.0,913000000.0,0.0,525000000.0,508000000.0,508000000.0,0.0,0.0,0.121,487000000.0,966000000.0,1289000000.0,0.938,2.013,19.004,18.843,55475000000.0,17000000.0,44.28,2.238,2.238,1872000000.0,9639000000.0,4183000000.0,4183000000.0,0.0,,,,,56000000.0,0.0,1.0,909877898.0,910000000,915000000.0,4.597,71610000000.0,2105000000.0,274000000.0,13535000000.0,78.692,-2813000000.0
26,SO,MRQ,2014-12-31,2014-12-31,2014-12-31,2021-09-10,0.0,70233000000.0,,5864000000.0,64369000000.0,,23.097,-1460000000.0,710000000.0,710000000.0,2956000000.0,300000000.0,0.654,2.336,24776000000.0,4132000000.0,20644000000.0,24776000000.0,0.0,495000000.0,665000000.0,0.042,0.525,600000000.0,1095000000.0,0.273,1095000000.0,600000000.0,388000000.0,0.31,0.31,0.31,20926000000.0,,20926000000.0,67233802483.0,17.0,10.957,-332000000.0,-0.366,1.0,1061000000.0,0.264,0.0,212000000.0,85338000000.0,,1969000000.0,743000000.0,0.0,743000000.0,48893000000.0,8961000000.0,39932000000.0,44189802483.0,-704000000.0,-731000000.0,322000000.0,516000000.0,-475000000.0,419000000.0,-2251000000.0,0.0,1128000000.0,0.0,300000000.0,283000000.0,283000000.0,0.0,0.0,0.07,430000000.0,631000000.0,1593000000.0,1.694,2.112,22.511,22.425,54868000000.0,17000000.0,49.11,2.393,2.385,1947000000.0,9609000000.0,4017000000.0,4017000000.0,0.0,,,,,12000000.0,0.0,1.0,899812716.0,906000000,910000000.0,4.434,70233000000.0,1510000000.0,88000000.0,13122000000.0,77.52,-3097000000.0
27,SO,MRQ,2014-09-30,2014-09-30,2014-09-30,2021-09-10,-70000000.0,67654000000.0,,6258000000.0,61396000000.0,,22.112,-1290000000.0,1414000000.0,1414000000.0,3129000000.0,735000000.0,0.908,2.35,24458000000.0,2759000000.0,21699000000.0,24458000000.0,0.0,616000000.0,611000000.0,0.047,0.525,1334000000.0,1950000000.0,0.365,1950000000.0,1334000000.0,1127000000.0,0.8,0.8,0.8,19857000000.0,,19857000000.0,63037156939.0,16.0,9.799,1327000000.0,1.478,1.0,2210000000.0,0.414,0.0,207000000.0,83808000000.0,,1835000000.0,680000000.0,0.0,680000000.0,46666000000.0,6890000000.0,39776000000.0,39097156939.0,831000000.0,0.0,166000000.0,-61000000.0,-471000000.0,-398000000.0,-1388000000.0,-11000000.0,2617000000.0,0.0,735000000.0,718000000.0,718000000.0,0.0,0.0,0.134,514000000.0,1696000000.0,1381000000.0,0.656,1.969,18.671,18.654,53167000000.0,17000000.0,43.65,2.128,2.133,2258000000.0,9800000000.0,5339000000.0,5339000000.0,0.0,,,,,11000000.0,0.0,1.0,895696608.0,898000000,902000000.0,5.945,67654000000.0,1488000000.0,392000000.0,12810000000.0,75.339,-632000000.0
28,SO,MRQ,2014-06-30,2014-06-30,2014-06-30,2021-09-10,-71000000.0,66400000000.0,,5376000000.0,61024000000.0,,21.705,-1474000000.0,583000000.0,583000000.0,2860000000.0,628000000.0,0.9,2.36,24523000000.0,2402000000.0,22121000000.0,24523000000.0,0.0,595000000.0,611000000.0,0.045,0.525,1159000000.0,1754000000.0,0.393,1754000000.0,1159000000.0,949000000.0,0.68,0.68,0.68,19426000000.0,,19426000000.0,63489022603.0,15.0,9.609,-507000000.0,-0.566,1.0,1607000000.0,0.36,0.0,210000000.0,84366000000.0,,1901000000.0,675000000.0,0.0,675000000.0,45843000000.0,5974000000.0,39869000000.0,40425022603.0,-7000000.0,0.0,189000000.0,864000000.0,-469000000.0,580000000.0,-1554000000.0,0.0,967000000.0,0.0,628000000.0,611000000.0,611000000.0,0.0,0.0,0.137,504000000.0,1103000000.0,1320000000.0,0.772,2.081,18.144,18.08,52764000000.0,17000000.0,45.38,2.239,2.25,2119000000.0,9553000000.0,4467000000.0,4467000000.0,0.0,,,,,12000000.0,0.0,1.0,890811428.0,895000000,899000000.0,4.991,66400000000.0,1467000000.0,321000000.0,12301000000.0,74.19,-598000000.0
29,SO,MRQ,2014-03-31,2014-03-31,2014-03-31,2021-09-10,-73000000.0,64838000000.0,,5140000000.0,59698000000.0,,21.427,-1129000000.0,590000000.0,590000000.0,3067000000.0,368000000.0,1.063,2.341,23654000000.0,1366000000.0,22288000000.0,23654000000.0,0.0,587000000.0,609000000.0,0.046,0.507,750000000.0,1337000000.0,0.288,1337000000.0,750000000.0,544000000.0,0.39,0.39,0.39,19070000000.0,,19070000000.0,61652111282.0,16.0,10.089,-26000000.0,-0.029,1.0,1577000000.0,0.34,0.0,206000000.0,83067000000.0,,1861000000.0,670000000.0,0.0,670000000.0,44637000000.0,4835000000.0,39802000000.0,39016111282.0,-69000000.0,0.0,124000000.0,358000000.0,-451000000.0,43000000.0,-1215000000.0,0.0,1103000000.0,0.0,368000000.0,351000000.0,351000000.0,0.0,0.0,0.076,497000000.0,1080000000.0,1386000000.0,1.3,2.046,20.385,20.249,51573000000.0,17000000.0,43.94,2.188,2.193,1806000000.0,9410000000.0,4644000000.0,4644000000.0,0.0,,,,,28000000.0,0.0,1.0,887940630.0,890000000,893000000.0,5.218,64838000000.0,1448000000.0,176000000.0,12074000000.0,72.852,305000000.0
30,SO,MRQ,2013-12-31,2013-12-31,2013-12-31,2021-09-10,0.0,64546000000.0,,5614000000.0,58932000000.0,,22.307,-1611000000.0,659000000.0,659000000.0,2609000000.0,431000000.0,1.016,2.247,23295000000.0,1951000000.0,21344000000.0,23295000000.0,0.0,573000000.0,530000000.0,0.049,0.507,819000000.0,1392000000.0,0.354,1392000000.0,819000000.0,623000000.0,0.47,0.47,0.47,19764000000.0,,19764000000.0,58676353846.0,17.0,10.329,75000000.0,0.085,1.0,1318000000.0,0.336,0.0,196000000.0,81657000000.0,,2298000000.0,665000000.0,0.0,665000000.0,44407000000.0,5525000000.0,38882000000.0,36248353846.0,-23000000.0,0.0,215000000.0,186000000.0,-448000000.0,-69000000.0,-1640000000.0,20000000.0,1686000000.0,0.0,431000000.0,414000000.0,414000000.0,0.0,0.0,0.105,479000000.0,839000000.0,1376000000.0,1.079,1.834,22.049,21.867,51208000000.0,17000000.0,41.11,2.121,2.11,1819000000.0,9510000000.0,3927000000.0,3927000000.0,0.0,,,,,11000000.0,0.0,1.0,881740546.0,886000000,887000000.0,4.432,64546000000.0,1579000000.0,192000000.0,12201000000.0,72.851,89000000.0
31,SO,MRQ,2013-09-30,2013-09-30,2013-09-30,2021-09-10,-111000000.0,64697000000.0,,5785000000.0,58912000000.0,,21.387,-1495000000.0,682000000.0,682000000.0,2896000000.0,869000000.0,1.014,2.385,23110000000.0,2057000000.0,21053000000.0,23110000000.0,0.0,585000000.0,527000000.0,0.048,0.507,1539000000.0,2124000000.0,0.423,2124000000.0,1539000000.0,1337000000.0,0.97,0.97,0.97,18778000000.0,,18778000000.0,59171328958.0,17.0,10.423,969000000.0,1.104,1.0,2121000000.0,0.423,0.0,202000000.0,81421000000.0,,2308000000.0,658000000.0,0.0,658000000.0,44788000000.0,5704000000.0,39084000000.0,35987328958.0,258000000.0,0.0,317000000.0,-588000000.0,-444000000.0,-733000000.0,-1473000000.0,-71000000.0,2464000000.0,0.0,869000000.0,852000000.0,852000000.0,0.0,0.0,0.17,480000000.0,1641000000.0,1281000000.0,0.523,1.916,22.311,22.38,50200000000.0,17000000.0,41.18,2.134,2.144,2060000000.0,9543000000.0,5017000000.0,5017000000.0,0.0,,,,,11000000.0,0.0,1.0,873903083.0,878000000,881000000.0,5.714,64697000000.0,1402000000.0,468000000.0,11912000000.0,73.687,81000000.0
32,SO,MRQ,2013-06-30,2013-06-30,2013-06-30,2021-09-10,-114000000.0,63961000000.0,,6001000000.0,57960000000.0,,20.641,-1292000000.0,431000000.0,431000000.0,2680000000.0,313000000.0,0.817,2.483,23615000000.0,3672000000.0,19943000000.0,23615000000.0,0.0,572000000.0,528000000.0,0.045,0.507,686000000.0,1258000000.0,0.296,1258000000.0,686000000.0,471000000.0,0.34,0.34,0.34,18040000000.0,,18040000000.0,61156334398.0,17.0,10.417,-82000000.0,-0.094,1.0,1566000000.0,0.369,0.0,215000000.0,79799000000.0,,2573000000.0,653000000.0,0.0,653000000.0,44790000000.0,7346000000.0,37444000000.0,38410334398.0,-91000000.0,0.0,119000000.0,325000000.0,-444000000.0,49000000.0,-1350000000.0,-20000000.0,1210000000.0,0.0,313000000.0,297000000.0,297000000.0,0.0,0.0,0.07,476000000.0,1090000000.0,1467000000.0,1.491,2.129,22.113,22.288,49317000000.0,16000000.0,44.13,2.273,2.283,1966000000.0,9135000000.0,4246000000.0,4246000000.0,0.0,,,,,11000000.0,0.0,1.0,870390537.0,874000000,879000000.0,4.858,63961000000.0,1393000000.0,158000000.0,11528000000.0,73.182,-1345000000.0
33,SO,MRQ,2013-03-31,2013-03-31,2013-03-31,2021-09-10,-119000000.0,63274000000.0,,5932000000.0,57342000000.0,,20.732,-1191000000.0,540000000.0,540000000.0,2566000000.0,97000000.0,0.921,2.448,23286000000.0,3063000000.0,20223000000.0,23286000000.0,0.0,568000000.0,526000000.0,0.042,0.49,339000000.0,907000000.0,0.233,907000000.0,339000000.0,128000000.0,0.09,0.09,0.09,18037000000.0,,18037000000.0,62571064283.0,15.0,9.875,-454000000.0,-0.522,1.0,1331000000.0,0.342,0.0,211000000.0,79581000000.0,,2723000000.0,648000000.0,0.0,648000000.0,44155000000.0,6439000000.0,37716000000.0,40772064283.0,-113000000.0,0.0,24000000.0,847000000.0,-426000000.0,429000000.0,-1279000000.0,-78000000.0,737000000.0,0.0,97000000.0,81000000.0,81000000.0,0.0,0.0,0.021,466000000.0,865000000.0,1369000000.0,5.444,2.26,19.763,19.966,48687000000.0,16000000.0,46.92,2.423,2.425,1635000000.0,9281000000.0,3897000000.0,3897000000.0,0.0,,,,,26000000.0,0.0,1.0,868969827.0,870000000,875000000.0,4.479,63274000000.0,1387000000.0,31000000.0,11241000000.0,72.729,-507000000.0
34,SO,MRQ,2012-12-31,2012-12-31,2012-12-31,2021-09-10,0.0,63149000000.0,,6162000000.0,56987000000.0,,21.894,-1274000000.0,635000000.0,635000000.0,2418000000.0,399000000.0,0.879,2.303,22434000000.0,3160000000.0,19274000000.0,22434000000.0,0.0,543000000.0,520000000.0,0.045,0.49,845000000.0,1388000000.0,0.375,1388000000.0,845000000.0,635000000.0,0.44,0.44,0.44,19004000000.0,,19004000000.0,57880457140.0,13.0,8.571,-420000000.0,-0.484,1.0,1285000000.0,0.347,0.0,210000000.0,77934000000.0,,2819000000.0,670000000.0,0.0,670000000.0,43770000000.0,7014000000.0,36756000000.0,37420457140.0,-628000000.0,0.0,-329000000.0,710000000.0,-426000000.0,-72000000.0,-1410000000.0,-50000000.0,854000000.0,0.0,399000000.0,383000000.0,383000000.0,0.0,0.0,0.103,471000000.0,814000000.0,1387000000.0,1.114,1.969,15.924,15.856,48390000000.0,16000000.0,42.81,2.263,2.255,1649000000.0,9626000000.0,3703000000.0,3703000000.0,0.0,,,,,10000000.0,0.0,1.0,874105516.0,868000000,876000000.0,4.266,63149000000.0,1385000000.0,236000000.0,11444000000.0,72.752,-852000000.0
35,SO,MRQ,2012-09-30,2012-09-30,2012-09-30,2021-09-10,-112000000.0,61963000000.0,,6696000000.0,55267000000.0,,21.277,-1148000000.0,1263000000.0,1263000000.0,2860000000.0,993000000.0,1.019,2.266,21723000000.0,2768000000.0,18955000000.0,21723000000.0,27000000.0,538000000.0,516000000.0,0.042,0.49,1780000000.0,2318000000.0,0.459,2318000000.0,1780000000.0,1562000000.0,1.11,1.11,1.11,18639000000.0,,18639000000.0,61455388337.0,14.0,9.491,1139000000.0,1.3,1.0,2189000000.0,0.434,0.0,218000000.0,75854000000.0,,2530000000.0,665000000.0,0.0,665000000.0,42242000000.0,6569000000.0,35673000000.0,40319388337.0,597000000.0,0.0,-20000000.0,-267000000.0,-430000000.0,-723000000.0,-967000000.0,0.0,2287000000.0,0.0,993000000.0,976000000.0,976000000.0,0.0,0.0,0.193,449000000.0,1740000000.0,1280000000.0,0.441,2.163,18.097,18.146,47274000000.0,17000000.0,46.09,2.439,2.443,2014000000.0,9670000000.0,5049000000.0,5049000000.0,0.0,,,,,10000000.0,0.0,1.0,874796883.0,876000000,883000000.0,5.764,61963000000.0,1389000000.0,569000000.0,11247000000.0,70.734,127000000.0
36,SO,MRQ,2012-06-30,2012-06-30,2012-06-30,2021-09-10,-112000000.0,60897000000.0,,6373000000.0,54524000000.0,,20.784,-1087000000.0,851000000.0,851000000.0,2612000000.0,639000000.0,1.047,2.3,21987000000.0,2528000000.0,19459000000.0,21987000000.0,29000000.0,535000000.0,513000000.0,0.041,0.49,1188000000.0,1723000000.0,0.412,1723000000.0,1188000000.0,968000000.0,0.71,0.71,0.71,18124000000.0,,18124000000.0,61130352834.0,14.0,9.598,102000000.0,0.117,1.0,1569000000.0,0.375,0.0,220000000.0,75945000000.0,,2591000000.0,660000000.0,0.0,660000000.0,41691000000.0,6088000000.0,35603000000.0,40220352834.0,-385000000.0,0.0,200000000.0,15000000.0,-427000000.0,-210000000.0,-1364000000.0,-231000000.0,1189000000.0,0.0,639000000.0,623000000.0,623000000.0,0.0,0.0,0.149,426000000.0,1143000000.0,1253000000.0,0.69,2.219,18.552,18.52,46566000000.0,16000000.0,46.3,2.379,2.388,1919000000.0,9122000000.0,4181000000.0,4181000000.0,0.0,,,,,10000000.0,0.0,1.0,868690126.0,872000000,880000000.0,4.795,60897000000.0,1390000000.0,329000000.0,10632000000.0,69.836,285000000.0
37,SO,MRQ,2012-03-31,2012-03-31,2012-03-31,2021-09-10,-105000000.0,59874000000.0,,6041000000.0,53833000000.0,,20.391,-1384000000.0,1051000000.0,1051000000.0,2397000000.0,384000000.0,0.956,2.322,21961000000.0,2910000000.0,19051000000.0,21961000000.0,24000000.0,529000000.0,508000000.0,0.042,0.472,795000000.0,1324000000.0,0.367,1324000000.0,795000000.0,584000000.0,0.42,0.42,0.42,17699000000.0,,17699000000.0,58835165911.0,14.0,9.303,-816000000.0,-0.94,1.0,1207000000.0,0.335,0.0,211000000.0,74467000000.0,,2483000000.0,654000000.0,0.0,654000000.0,41093000000.0,6317000000.0,34776000000.0,38935165911.0,-271000000.0,0.0,116000000.0,747000000.0,-410000000.0,588000000.0,-1427000000.0,1000000.0,568000000.0,0.0,384000000.0,368000000.0,368000000.0,0.0,0.0,0.102,441000000.0,766000000.0,1262000000.0,1.124,2.2,18.118,17.972,45855000000.0,16000000.0,44.93,2.257,2.261,1501000000.0,8926000000.0,3604000000.0,3604000000.0,0.0,,,,,25000000.0,0.0,1.0,866573913.0,868000000,877000000.0,4.152,59874000000.0,1381000000.0,200000000.0,10133000000.0,68.979,-276000000.0
38,SO,MRQ,2011-12-31,2011-12-31,2011-12-31,2021-09-10,0.0,59267000000.0,,6272000000.0,52995000000.0,,21.114,-1370000000.0,1323000000.0,1323000000.0,2669000000.0,277000000.0,0.954,2.221,21223000000.0,2576000000.0,18647000000.0,21223000000.0,0.0,518000000.0,347000000.0,0.04,0.472,592000000.0,1110000000.0,0.3,1110000000.0,592000000.0,373000000.0,0.3,0.29,0.3,18285000000.0,,18285000000.0,59134651888.0,14.0,9.251,-65000000.0,-0.075,1.0,1027000000.0,0.278,0.0,219000000.0,72590000000.0,,2270000000.0,649000000.0,0.0,649000000.0,40607000000.0,6577000000.0,34030000000.0,39898651888.0,-201000000.0,0.0,103000000.0,114000000.0,-408000000.0,-221000000.0,-1285000000.0,0.0,1305000000.0,0.0,277000000.0,261000000.0,261000000.0,0.0,0.0,0.071,438000000.0,589000000.0,1553000000.0,1.573,2.182,18.111,18.012,45010000000.0,16000000.0,46.29,2.26,2.247,1849000000.0,8968000000.0,3696000000.0,3696000000.0,0.0,,,,,7000000.0,0.0,1.0,861928103.0,866000000,873000000.0,4.268,59267000000.0,1365000000.0,96000000.0,10104000000.0,68.438,-305000000.0
39,SO,MRQ,2011-09-30,2011-09-30,2011-09-30,2021-09-10,-81000000.0,57343000000.0,,6495000000.0,50848000000.0,,20.503,-885000000.0,1525000000.0,1525000000.0,3345000000.0,933000000.0,1.148,2.191,20761000000.0,2028000000.0,18733000000.0,20761000000.0,64000000.0,519000000.0,340000000.0,0.044,0.472,1693000000.0,2212000000.0,0.408,2212000000.0,1693000000.0,1476000000.0,1.07,1.06,1.07,17633000000.0,,17633000000.0,56653744052.0,13.0,9.086,1324000000.0,1.54,1.0,2083000000.0,0.384,0.0,217000000.0,70922000000.0,,1930000000.0,641000000.0,0.0,641000000.0,38628000000.0,5657000000.0,32971000000.0,36338744052.0,1079000000.0,0.0,138000000.0,-9000000.0,-406000000.0,-296000000.0,-834000000.0,4000000.0,2209000000.0,0.0,933000000.0,916000000.0,916000000.0,0.0,0.0,0.169,431000000.0,1652000000.0,1355000000.0,0.441,2.061,17.345,17.294,43797000000.0,17000000.0,42.37,2.049,2.055,2280000000.0,9116000000.0,5428000000.0,5428000000.0,0.0,,,,,8000000.0,0.0,1.0,857652680.0,860000000,868000000.0,6.312,57343000000.0,1361000000.0,543000000.0,9941000000.0,66.678,838000000.0
40,SO,MRQ,2011-06-30,2011-06-30,2011-06-30,2021-09-10,-62000000.0,56023000000.0,,5502000000.0,50521000000.0,,19.862,-1136000000.0,450000000.0,450000000.0,2955000000.0,620000000.0,0.965,2.235,20765000000.0,2211000000.0,18554000000.0,20765000000.0,156000000.0,510000000.0,337000000.0,0.046,0.472,1168000000.0,1678000000.0,0.371,1678000000.0,1168000000.0,969000000.0,0.71,0.7,0.71,16982000000.0,,16982000000.0,54681575555.0,13.0,9.064,255000000.0,0.298,1.0,1566000000.0,0.346,0.0,199000000.0,70639000000.0,,2067000000.0,635000000.0,0.0,635000000.0,37959000000.0,5699000000.0,32260000000.0,34287575555.0,27000000.0,0.0,289000000.0,-53000000.0,-402000000.0,-184000000.0,-1180000000.0,-3000000.0,1391000000.0,0.0,620000000.0,604000000.0,604000000.0,0.0,0.0,0.134,430000000.0,1136000000.0,1423000000.0,0.665,2.019,17.178,17.11,43279000000.0,16000000.0,40.38,1.946,1.959,2243000000.0,8605000000.0,4521000000.0,4521000000.0,0.0,,,,,6000000.0,0.0,1.0,849122723.0,855000000,862000000.0,5.288,56023000000.0,1349000000.0,349000000.0,9297000000.0,65.524,-197000000.0
41,SO,MRQ,2011-03-31,2011-03-31,2011-03-31,2021-09-10,-66000000.0,55019000000.0,,5240000000.0,49779000000.0,,19.416,-936000000.0,417000000.0,417000000.0,2740000000.0,438000000.0,0.868,2.276,20811000000.0,2678000000.0,18133000000.0,20811000000.0,133000000.0,501000000.0,333000000.0,0.048,0.455,891000000.0,1392000000.0,0.347,1392000000.0,891000000.0,669000000.0,0.5,0.49,0.5,16465000000.0,,16465000000.0,52463376369.0,14.0,9.056,62000000.0,0.073,1.0,1272000000.0,0.317,0.0,222000000.0,69376000000.0,,2178000000.0,630000000.0,0.0,630000000.0,37472000000.0,6037000000.0,31435000000.0,32226376369.0,-37000000.0,0.0,193000000.0,59000000.0,-385000000.0,-151000000.0,-884000000.0,0.0,998000000.0,0.0,438000000.0,422000000.0,422000000.0,0.0,0.0,0.105,418000000.0,854000000.0,1315000000.0,0.91,1.957,16.943,16.789,42701000000.0,16000000.0,38.11,1.862,1.867,1808000000.0,8404000000.0,4012000000.0,4012000000.0,0.0,,,,,21000000.0,0.0,1.0,845614704.0,848000000,854000000.0,4.731,55019000000.0,1263000000.0,231000000.0,8819000000.0,64.881,-797000000.0
42,SO,MRQ,2010-12-31,2010-12-31,2010-12-31,2021-09-10,0.0,55032000000.0,,5883000000.0,49149000000.0,,20.106,-1086000000.0,515000000.0,515000000.0,2925000000.0,169000000.0,0.909,2.232,20752000000.0,2598000000.0,18154000000.0,20752000000.0,218000000.0,454000000.0,332000000.0,0.047,0.455,499000000.0,953000000.0,0.253,953000000.0,499000000.0,270000000.0,0.17,0.17,0.17,16909000000.0,,16909000000.0,51315544944.0,13.0,8.86,-622000000.0,-0.74,1.0,846000000.0,0.224,0.0,229000000.0,68797000000.0,,2135000000.0,624000000.0,0.0,624000000.0,37748000000.0,6472000000.0,31276000000.0,32062398944.0,-812000000.0,0.0,162000000.0,208000000.0,-382000000.0,-26000000.0,-1250000000.0,-50000000.0,464000000.0,0.0,169000000.0,153000000.0,153000000.0,0.0,0.0,0.041,376000000.0,470000000.0,1275000000.0,2.676,1.896,16.234,16.131,42002000000.0,16000000.0,38.23,1.837,1.822,2029000000.0,8366000000.0,3771000000.0,3771000000.0,0.0,,,,,5000000.0,0.0,1.0,838671173.0,841000000,849000000.0,4.484,55032000000.0,1280000000.0,101000000.0,8933000000.0,65.436,-589000000.0
43,SO,MRQ,2010-09-30,2010-09-30,2010-09-30,2021-09-10,-71747000.0,54894780000.0,,6609452000.0,48285328000.0,,19.444,-1048000000.0,1277071000.0,1277071000.0,3434000000.0,834000000.0,1.103,2.311,20530217000.0,2331992000.0,18198225000.0,20530217000.0,291736000.0,509000000.0,333876000.0,0.048,0.455,1501000000.0,2010000000.0,0.378,2010000000.0,1501000000.0,1276000000.0,0.98,0.97,0.98,16254948000.0,,16254948000.0,51168116007.0,13.0,8.719,1064000000.0,1.273,1.0,1886000000.0,0.355,0.0,225000000.0,68153514000.0,,2031136000.0,620674000.0,0.0,620674000.0,37558008000.0,5994412000.0,31563596000.0,30935480007.0,993000000.0,0.0,269000000.0,0.0,-379000000.0,-149000000.0,-970000000.0,0.0,2112000000.0,0.0,834000000.0,817000000.0,817000000.0,0.0,0.0,0.154,427000000.0,1459000000.0,1160993000.0,0.464,1.903,14.94,14.896,41199709000.0,17000000.0,37.24,1.799,1.811,2337989000.0,8594861000.0,5320000000.0,5320000000.0,0.0,,,,,4000000.0,0.0,1.0,830705693.0,836000000,842000000.0,6.364,54894780000.0,1182050000.0,442000000.0,8496229000.0,65.664,615040000.0
44,SO,MRQ,2010-06-30,2010-06-30,2010-06-30,2021-09-10,-74460000.0,53374490000.0,,5524262000.0,47850228000.0,,18.76,-897000000.0,298021000.0,298021000.0,2890000000.0,526000000.0,0.931,2.367,20530657000.0,2396103000.0,18134554000.0,20530657000.0,479896000.0,446000000.0,335625000.0,0.053,0.455,992000000.0,1438000000.0,0.342,1438000000.0,992000000.0,773000000.0,0.62,0.61,0.62,15532961000.0,,15532961000.0,47177457865.0,12.0,8.216,-220000000.0,-0.266,1.0,1318000000.0,0.313,0.0,219000000.0,67671676000.0,,2188425000.0,614830000.0,0.0,614830000.0,36759705000.0,5935450000.0,30824255000.0,27440546865.0,-73000000.0,0.0,194000000.0,410000000.0,-376000000.0,198000000.0,-948000000.0,0.0,677000000.0,0.0,526000000.0,510000000.0,510000000.0,0.0,0.0,0.121,367000000.0,951000000.0,1282523000.0,0.734,1.767,13.427,13.259,40630494000.0,16000000.0,33.28,1.657,1.664,2196765000.0,8156346000.0,4208000000.0,4208000000.0,0.0,,,,,5000000.0,0.0,1.0,824535663.0,828000000,833000000.0,5.082,53374490000.0,1167278000.0,247000000.0,7938074000.0,64.462,-411188000.0
45,SO,MRQ,2010-03-31,2010-03-31,2010-03-31,2021-09-10,-78540000.0,52580045000.0,,5220131000.0,47359914000.0,,18.463,-1026000000.0,374604000.0,374604000.0,2892000000.0,511000000.0,0.946,2.389,20111515000.0,2013563000.0,18097952000.0,20111515000.0,501165000.0,422000000.0,337014000.0,0.053,0.438,969000000.0,1391000000.0,0.335,1391000000.0,969000000.0,747000000.0,0.6,0.6,0.6,15194847000.0,,15194847000.0,46353559462.0,12.0,8.137,-288000000.0,-0.35,1.0,1265000000.0,0.304,0.0,222000000.0,66801053000.0,,2111740000.0,616394000.0,0.0,616394000.0,36303374000.0,5515903000.0,30787471000.0,27203559462.0,-351000000.0,0.0,147000000.0,226000000.0,-359000000.0,-1000000.0,-1088000000.0,0.0,738000000.0,0.0,511000000.0,495000000.0,495000000.0,0.0,0.0,0.119,343000000.0,922000000.0,1229108000.0,0.73,1.79,13.519,13.264,39998396000.0,16000000.0,33.16,1.676,1.681,1870581000.0,8021810000.0,4157000000.0,4157000000.0,0.0,,,,,19000000.0,0.0,1.0,820372722.0,823000000,825000000.0,5.051,52580045000.0,1133674000.0,236000000.0,7764638000.0,63.888,-295772000.0
46,SO,MRQ,2009-12-31,2009-12-31,2009-12-31,2021-09-10,0.0,52046000000.0,,5873000000.0,46173000000.0,,19.218,-1386167000.0,733000000.0,733000000.0,2629410000.0,265106000.0,1.052,2.315,19883000000.0,1752000000.0,18131000000.0,19883000000.0,373000000.0,477146000.0,331000000.0,0.052,0.438,552371000.0,1029517000.0,0.293,1029517000.0,552371000.0,332273000.0,0.3,0.3,0.3,15585000000.0,,15585000000.0,45477003115.0,13.0,8.585,-482951000.0,-0.596,1.0,880637000.0,0.251,0.0,220098000.0,65612000000.0,,2241000000.0,610000000.0,0.0,610000000.0,36086000000.0,5584000000.0,30502000000.0,26663043115.0,82720000.0,0.0,617471000.0,397350000.0,-350072000.0,642156000.0,-1462652000.0,0.0,903216000.0,0.0,265106000.0,248691000.0,248691000.0,0.0,0.0,0.071,403784000.0,476853000.0,1329000000.0,1.46,1.711,16.228,16.097,39230000000.0,16415000.0,33.32,1.694,1.683,2030000000.0,7884922000.0,3510047000.0,3510047000.0,0.0,,,,,2150000.0,0.0,1.0,800211378.0,810975000,810223000.0,4.328,52046000000.0,1047000000.0,67167000.0,7728000000.0,64.177,289000000.0
47,SO,MRQ,2009-09-30,2009-09-30,2009-09-30,2021-09-10,-84433000.0,50524207000.0,,5881933000.0,44642274000.0,,17.988,-1003878000.0,673264000.0,673264000.0,2934089000.0,806170000.0,1.136,2.443,19487224000.0,1476989000.0,18010235000.0,19487224000.0,317780000.0,415500000.0,325035000.0,0.054,0.438,1468462000.0,1883962000.0,0.402,1883962000.0,1468462000.0,1242117000.0,0.99,0.99,0.99,14362049000.0,,14362049000.0,44442786534.0,13.0,8.569,736291000.0,0.922,1.0,1747393000.0,0.373,0.0,226345000.0,64162153000.0,,2168659000.0,606165000.0,0.0,606165000.0,35080295000.0,5176014000.0,29904281000.0,25210955534.0,-174980000.0,0.0,129441000.0,-628985000.0,-348702000.0,-863861000.0,-1051288000.0,0.0,1740169000.0,0.0,806170000.0,789975000.0,789975000.0,0.0,0.0,0.169,332117000.0,1415276000.0,1158560000.0,0.442,1.755,15.953,15.835,38141779000.0,16195000.0,31.67,1.572,1.577,2287734000.0,7987893000.0,4681482000.0,4681482000.0,0.0,,,,,1894000.0,0.0,1.0,796051643.0,798418000,800178000.0,5.863,50524207000.0,1033025000.0,435947000.0,7804736000.0,63.28,705919000.0
48,SO,MRQ,2009-06-30,2009-06-30,2009-06-30,2021-09-10,-88612000.0,50417049000.0,,6389370000.0,44027679000.0,,17.431,-704746000.0,878381000.0,878381000.0,2621629000.0,494808000.0,1.128,2.579,20110212000.0,2188803000.0,17921409000.0,20110212000.0,364728000.0,438521000.0,319842000.0,0.054,0.438,953355000.0,1391876000.0,0.358,1391876000.0,953355000.0,720525000.0,0.61,0.6,0.61,13783670000.0,,13783670000.0,43143959531.0,13.0,8.318,-486262000.0,-0.615,1.0,1263535000.0,0.325,0.0,232830000.0,63986118000.0,,2161459000.0,599569000.0,0.0,599569000.0,35551516000.0,5662762000.0,29888754000.0,24380633531.0,109661000.0,0.0,387709000.0,549853000.0,-343446000.0,574207000.0,-683030000.0,0.0,218484000.0,0.0,494808000.0,478613000.0,478613000.0,0.0,0.0,0.123,377341000.0,886194000.0,1419534000.0,0.718,1.769,15.522,15.426,37497946000.0,16195000.0,31.16,1.453,1.468,2458697000.0,7546424000.0,3885164000.0,3885164000.0,0.0,,,,,2001000.0,0.0,1.0,782433682.0,790748000,792068000.0,4.913,50417049000.0,1010624000.0,225717000.0,7403559000.0,63.759,726608000.0
49,SO,MRQ,2009-03-31,2009-03-31,2009-03-31,2021-09-10,-96455000.0,49557114000.0,,5948748000.0,43608366000.0,,16.994,-1020209000.0,803789000.0,803789000.0,2584872000.0,141916000.0,1.09,2.658,19567115000.0,1761152000.0,17805963000.0,19567115000.0,366045000.0,456833000.0,312993000.0,0.055,0.42,534812000.0,991645000.0,0.27,991645000.0,534812000.0,309085000.0,0.16,0.16,0.16,13252708000.0,,13252708000.0,41676778414.0,12.0,8.163,-619078000.0,-0.794,1.0,1081435000.0,0.295,0.0,225727000.0,62862143000.0,,1944465000.0,906805000.0,0.0,906805000.0,35222543000.0,5458297000.0,29764246000.0,23810778414.0,255599000.0,0.0,151379000.0,1183782000.0,-326780000.0,976498000.0,-1122030000.0,0.0,401131000.0,0.0,141916000.0,125721000.0,125721000.0,0.0,0.0,0.034,591758000.0,489677000.0,1639403000.0,2.625,1.797,15.784,15.703,36767728000.0,16195000.0,30.62,1.392,1.396,2288029000.0,7411087000.0,3666307000.0,3666307000.0,0.0,,,,,16955000.0,0.0,1.0,777621764.0,779858000,781645000.0,4.701,49557114000.0,989180000.0,167169000.0,7134817000.0,63.546,490451000.0
50,SO,MRQ,2008-12-31,2008-12-31,2008-12-31,2021-09-10,0.0,48347000000.0,,5358000000.0,42989000000.0,,18.017,-980897000.0,520000000.0,520000000.0,2959901000.0,202393000.0,1.025,2.431,18386000000.0,1570000000.0,16816000000.0,18386000000.0,606000000.0,438304000.0,302000000.0,0.045,0.42,480665000.0,918969000.0,0.242,918969000.0,480665000.0,279788000.0,0.24,0.24,0.24,13983000000.0,,13983000000.0,46014253357.0,13.0,8.695,-153029000.0,-0.197,1.0,842503000.0,0.222,0.0,200877000.0,60987000000.0,,1775000000.0,897000000.0,0.0,897000000.0,33989000000.0,5226000000.0,28763000000.0,28659473357.0,-389469000.0,0.0,92800000.0,195452000.0,-325562000.0,-71108000.0,-1146229000.0,0.0,827868000.0,0.0,202393000.0,185978000.0,185978000.0,0.0,0.0,0.049,373356000.0,469147000.0,1250000000.0,1.75,2.05,16.452,16.372,35878000000.0,16415000.0,37.0,1.673,1.666,2295000000.0,7611977000.0,3802404000.0,3802404000.0,0.0,,,,,2270000.0,0.0,1.0,774580361.0,776106000,779647000.0,4.899,48347000000.0,973000000.0,77395000.0,7518000000.0,62.294,132000000.0
51,SO,MRQ,2008-09-30,2008-09-30,2008-09-30,2021-09-10,-22481000.0,49012349000.0,,5824701000.0,43187648000.0,,17.349,-888595000.0,837026000.0,837026000.0,3654789000.0,796631000.0,0.989,2.576,18191806000.0,2410045000.0,15781761000.0,18191806000.0,654127000.0,433906000.0,295611000.0,0.044,0.42,1450212000.0,1884118000.0,0.347,1884118000.0,1450212000.0,1231146000.0,1.01,1.0,1.01,13404056000.0,,13404056000.0,46443696186.0,13.0,8.856,336654000.0,0.436,1.0,1771710000.0,0.326,0.0,219066000.0,60476444000.0,,1581520000.0,929824000.0,0.0,929824000.0,34526430000.0,5890685000.0,28635745000.0,29028359186.0,612052000.0,0.0,145746000.0,536389000.0,-323844000.0,342629000.0,-955826000.0,0.0,1225249000.0,0.0,796631000.0,780436000.0,780436000.0,0.0,0.0,0.144,367014000.0,1404696000.0,1187460000.0,0.416,2.166,16.492,16.531,35112097000.0,16195000.0,37.69,1.742,1.747,2575291000.0,7752182000.0,5426499000.0,5426499000.0,0.0,,,,,1996000.0,0.0,1.0,770187296.0,772622000,776903000.0,7.023,49012349000.0,957151000.0,434515000.0,7162111000.0,63.436,-65984000.0
52,SO,MRQ,2008-06-30,2008-06-30,2008-06-30,2021-09-10,-44259000.0,47858255000.0,,5368616000.0,42489639000.0,,16.604,-961601000.0,235373000.0,235373000.0,2932374000.0,432577000.0,0.941,2.663,17650710000.0,2067781000.0,15582929000.0,17650710000.0,525926000.0,424101000.0,290234000.0,0.047,0.42,886477000.0,1310578000.0,0.311,1310578000.0,886477000.0,657529000.0,0.54,0.54,0.54,12770473000.0,,12770473000.0,43812132586.0,12.0,8.465,-87809000.0,-0.114,1.0,1282813000.0,0.304,0.0,228948000.0,59567644000.0,,1582700000.0,923451000.0,0.0,923451000.0,34005919000.0,5705948000.0,28299971000.0,26791053586.0,-54882000.0,2780000.0,103347000.0,347027000.0,-322634000.0,100030000.0,-1028704000.0,0.0,873792000.0,0.0,432577000.0,416382000.0,416382000.0,0.0,0.0,0.099,358745000.0,924068000.0,1396380000.0,0.778,2.098,15.382,15.383,34562570000.0,16195000.0,34.92,1.667,1.671,2501934000.0,7295431000.0,4215187000.0,4215187000.0,0.0,,,,,2307000.0,0.0,1.0,767212302.0,769122000,773140000.0,5.481,47858255000.0,944201000.0,224952000.0,6931255000.0,62.225,-337332000.0
53,SO,MRQ,2008-03-31,2008-03-31,2008-03-31,2021-09-10,-51876000.0,46595753000.0,,4826000000.0,41769753000.0,,16.398,-1012907000.0,281291000.0,281291000.0,2630936000.0,375399000.0,0.887,2.623,17302370000.0,2414858000.0,14887512000.0,17302370000.0,318089000.0,407689000.0,283786000.0,0.045,0.403,770646000.0,1178335000.0,0.32,1178335000.0,770646000.0,553537000.0,0.47,0.47,0.47,12563318000.0,,12563318000.0,43555399982.0,12.0,8.555,-475816000.0,-0.621,1.0,1051974000.0,0.286,0.0,217109000.0,58174221000.0,,1502665000.0,995400000.0,0.0,995400000.0,32950572000.0,5442611000.0,27507961000.0,27231399982.0,48299000.0,-2780000.0,132107000.0,825132000.0,-307960000.0,506449000.0,-995241000.0,0.0,537091000.0,0.0,375399000.0,359204000.0,359204000.0,0.0,0.0,0.098,343885000.0,708089000.0,1152838000.0,0.857,2.168,15.521,15.483,34003364000.0,16195000.0,35.61,1.743,1.746,2223498000.0,7201511000.0,3682910000.0,3682910000.0,0.0,,,,,13427000.0,0.0,1.0,764712159.0,766150000,770322000.0,4.807,46595753000.0,927458000.0,178138000.0,6952726000.0,60.818,-616611000.0
54,SO,MRQ,2007-12-31,2007-12-31,2007-12-31,2021-09-10,0.0,45789000000.0,,4732000000.0,41057000000.0,,16.29,-1037274000.0,269000000.0,269000000.0,2614896000.0,252163000.0,0.84,2.61,16593000000.0,2450000000.0,14143000000.0,16593000000.0,389000000.0,377525000.0,274000000.0,0.041,0.403,493527000.0,871052000.0,0.261,871052000.0,493527000.0,280739000.0,0.26,0.26,0.26,12385000000.0,,12385000000.0,45666599539.0,13.0,9.153,-70611000.0,-0.093,1.0,725464000.0,0.217,0.0,212788000.0,56482000000.0,,1435000000.0,984000000.0,0.0,984000000.0,32324000000.0,5631000000.0,26693000000.0,29429803539.0,-333661000.0,34550000.0,123502000.0,-233506000.0,-306234000.0,-150806000.0,-1149518000.0,0.0,966663000.0,0.0,252163000.0,204163000.0,204163000.0,0.0,0.0,0.061,316431000.0,409033000.0,1214000000.0,1.55,2.376,16.972,16.921,33327000000.0,48000000.0,38.75,1.917,1.908,2336000000.0,7154596000.0,3340360000.0,3340360000.0,0.0,,,,,1989000.0,0.0,1.0,759478801.0,760296000,766454000.0,4.393,45789000000.0,910000000.0,28576000.0,6807000000.0,60.225,-899000000.0
55,SO,MRQ,2007-09-30,2007-09-30,2007-09-30,2021-09-10,-38190000.0,45308214000.0,,5435854000.0,39872360000.0,,16.283,-897971000.0,586009000.0,586009000.0,3138521000.0,761995000.0,0.889,2.607,16822805000.0,3005765000.0,13817040000.0,16822805000.0,354548000.0,375964000.0,269420000.0,0.044,0.403,1440040000.0,1816004000.0,0.376,1816004000.0,1440040000.0,1207254000.0,1.0,1.0,1.0,12347281000.0,,12347281000.0,44050314550.0,13.0,8.907,594996000.0,0.785,1.0,1693522000.0,0.35,0.0,232786000.0,55428370000.0,,1433588000.0,976928000.0,0.0,976928000.0,32194631000.0,6116640000.0,26077991000.0,27443191550.0,365670000.0,-9365000.0,103013000.0,-176311000.0,-304775000.0,-249895000.0,-877402000.0,0.0,1492967000.0,0.0,761995000.0,761995000.0,761995000.0,0.0,0.0,0.158,311939000.0,1381583000.0,1102793000.0,0.403,2.223,15.974,15.912,32585051000.0,0.0,36.28,1.81,1.814,2942939000.0,7256378000.0,4832043000.0,4832043000.0,0.0,,,,,2557000.0,0.0,1.0,756427551.0,758308000,762392000.0,6.372,45308214000.0,932382000.0,445259000.0,6980029000.0,59.749,-680786000.0
56,SO,MRQ,2007-06-30,2007-06-30,2007-06-30,2021-09-10,-31243000.0,44144746000.0,,4754108000.0,39390638000.0,,15.612,-797371000.0,264886000.0,264886000.0,2617585000.0,429153000.0,0.874,2.681,16872009000.0,2798388000.0,14073621000.0,16872009000.0,522901000.0,368608000.0,264610000.0,0.046,0.403,857310000.0,1225918000.0,0.325,1225918000.0,857310000.0,634734000.0,0.57,0.56,0.57,11789131000.0,,11789131000.0,42125057271.0,12.0,8.682,-84851000.0,-0.112,1.0,1154343000.0,0.306,0.0,222576000.0,55311164000.0,,1468309000.0,965540000.0,0.0,965540000.0,31611686000.0,5440705000.0,26170981000.0,25779517271.0,7348000.0,-13762000.0,143976000.0,356610000.0,-303699000.0,189036000.0,-894208000.0,0.0,712520000.0,0.0,429153000.0,429153000.0,429153000.0,0.0,0.0,0.114,310286000.0,844057000.0,1059866000.0,0.707,2.187,15.218,15.106,32022094000.0,0.0,34.29,1.732,1.74,2469948000.0,6799009000.0,3771928000.0,3771928000.0,0.0,,,,,2900000.0,0.0,1.0,751808611.0,755137000,759846000.0,4.995,44144746000.0,923779000.0,205581000.0,6714025000.0,58.459,-686597000.0
57,SO,MRQ,2007-03-31,2007-03-31,2007-03-31,2021-09-10,-56006000.0,43105434000.0,,4024338000.0,39081096000.0,,15.305,-742384000.0,161489000.0,161489000.0,2410998000.0,338689000.0,0.732,2.689,16507029000.0,3147169000.0,13359860000.0,16507029000.0,797151000.0,363903000.0,257609000.0,0.042,0.388,712123000.0,1076026000.0,0.316,1076026000.0,712123000.0,494273000.0,0.45,0.45,0.45,11482772000.0,,11482772000.0,43130978163.0,13.0,9.009,-480534000.0,-0.64,1.0,997671000.0,0.293,0.0,217850000.0,53955147000.0,,1390704000.0,955788000.0,0.0,955788000.0,30878724000.0,5495827000.0,25382897000.0,27435978163.0,-5357000.0,-11423000.0,167509000.0,645207000.0,-290292000.0,520665000.0,-787872000.0,0.0,261850000.0,0.0,338689000.0,338689000.0,338689000.0,0.0,0.0,0.099,306344000.0,691327000.0,983918000.0,0.862,2.389,16.627,16.509,31522683000.0,0.0,36.65,1.866,1.87,1931679000.0,6673423000.0,3408669000.0,3408669000.0,0.0,,,,,20554000.0,0.0,1.0,748594220.0,750259000,755352000.0,4.543,43105434000.0,916888000.0,155584000.0,6775917000.0,57.454,-1471489000.0
58,SO,MRQ,2006-12-31,2006-12-31,2006-12-31,2021-09-10,0.0,42858000000.0,,4019000000.0,38839000000.0,,15.275,-879647000.0,167000000.0,167000000.0,2379492000.0,188185000.0,0.633,2.704,15862000000.0,3359000000.0,12503000000.0,15862000000.0,845000000.0,361433000.0,249000000.0,0.042,0.388,466092000.0,827525000.0,0.263,827525000.0,466092000.0,234170000.0,0.26,0.25,0.26,11371000000.0,,11371000000.0,43180165804.0,13.0,9.306,-39832000.0,-0.054,1.0,772367000.0,0.245,0.0,231922000.0,52200000000.0,,1323000000.0,1139000000.0,0.0,1139000000.0,30743000000.0,6353000000.0,24390000000.0,27377404804.0,-250986000.0,-6884000.0,106313000.0,-365956000.0,-288009000.0,-405272000.0,-685529000.0,0.0,839815000.0,0.0,188185000.0,188185000.0,188185000.0,0.0,0.0,0.06,303438000.0,468929000.0,1081000000.0,1.492,2.408,17.405,17.387,31092000000.0,0.0,36.86,1.907,1.908,2038000000.0,6765219000.0,3151859000.0,3151859000.0,0.0,,,,,2955000.0,0.0,1.0,742740228.0,744404000,751051000.0,4.234,42858000000.0,895000000.0,45985000.0,6893000000.0,57.574,-2334000000.0
59,SO,MRQ,2006-09-30,2006-09-30,2006-09-30,2021-09-10,-124384000.0,42035719000.0,,4782538000.0,37253181000.0,,15.192,-948417000.0,418097000.0,418097000.0,2891561000.0,737985000.0,0.799,2.672,16220858000.0,3338107000.0,12882751000.0,16220858000.0,720224000.0,363519000.0,241503000.0,0.044,0.388,1358993000.0,1722512000.0,0.379,1722512000.0,1358993000.0,1143254000.0,0.99,0.99,0.99,11285953000.0,,11285953000.0,41351752867.0,13.0,9.117,288140000.0,0.388,1.0,1657817000.0,0.364,0.0,215739000.0,51853876000.0,,1272926000.0,1122106000.0,0.0,1122106000.0,30153053000.0,5984604000.0,24168449000.0,25579180867.0,155197000.0,-4117000.0,11152000.0,183133000.0,-287845000.0,-93723000.0,-987637000.0,0.0,1236557000.0,0.0,737985000.0,737985000.0,737985000.0,0.0,0.0,0.162,300104000.0,1357713000.0,853673000.0,0.392,2.266,16.569,16.567,30575653000.0,0.0,34.46,1.765,1.766,2539562000.0,6865153000.0,4549378000.0,4549378000.0,0.0,,,,,2859000.0,0.0,1.0,742286154.0,742884000,747560000.0,6.124,42035719000.0,915905000.0,405269000.0,7301890000.0,56.584,-1202066000.0
60,SO,MRQ,2006-06-30,2006-06-30,2006-06-30,2021-09-10,-97753000.0,40801215000.0,,4320382000.0,36480833000.0,,14.608,-620196000.0,262900000.0,262900000.0,2486906000.0,385223000.0,0.8,2.707,16035472000.0,2845316000.0,13190156000.0,16035472000.0,731913000.0,344102000.0,237282000.0,0.047,0.388,817340000.0,1161442000.0,0.323,1161442000.0,817340000.0,606005000.0,0.52,0.52,0.52,10846314000.0,,10846314000.0,39300058502.0,13.0,8.842,65027000.0,0.088,1.0,1104597000.0,0.308,0.0,211335000.0,51173592000.0,,1233133000.0,1106644000.0,0.0,1106644000.0,29359289000.0,5400195000.0,23959094000.0,23782652502.0,-37886000.0,-14635000.0,5777000.0,221018000.0,-287704000.0,-67185000.0,-655924000.0,0.0,685223000.0,0.0,385223000.0,385223000.0,385223000.0,0.0,0.0,0.107,297532000.0,807065000.0,867352000.0,0.746,2.193,15.564,15.558,29961456000.0,0.0,32.05,1.663,1.664,2229936000.0,6414930000.0,3591503000.0,3591503000.0,0.0,,,,,3082000.0,0.0,1.0,742048440.0,742515000,746387000.0,4.837,40801215000.0,925670000.0,220782000.0,7020634000.0,54.95,-1079813000.0
61,SO,MRQ,2006-03-31,2006-03-31,2006-03-31,2021-09-10,-113604000.0,39977404000.0,,4212016000.0,35765388000.0,,14.449,-395740000.0,300786000.0,300786000.0,2174041000.0,261607000.0,0.853,2.672,15818192000.0,2584162000.0,13234030000.0,15818192000.0,438740000.0,351946000.0,230485000.0,0.045,0.372,576575000.0,928521000.0,0.303,928521000.0,576575000.0,369571000.0,0.35,0.35,0.35,10723725000.0,,10723725000.0,39109754293.0,13.0,8.998,-337335000.0,-0.455,1.0,889219000.0,0.29,0.0,207004000.0,50556704000.0,,1157934000.0,1088984000.0,0.0,1088984000.0,28658063000.0,4938106000.0,23719957000.0,24306754293.0,98675000.0,-38364000.0,13758000.0,842805000.0,-276442000.0,545180000.0,-504910000.0,0.0,58405000.0,0.0,261607000.0,261607000.0,261607000.0,0.0,0.0,0.085,298926000.0,590293000.0,845142000.0,1.063,2.267,15.89,15.908,29641964000.0,0.0,32.77,1.758,1.759,2124802000.0,6317298000.0,3063260000.0,3063260000.0,0.0,,,,,19104000.0,0.0,1.0,741738001.0,742195000,747039000.0,4.127,39977404000.0,931078000.0,107964000.0,6763621000.0,53.864,-726090000.0
62,SO,MRQ,2005-12-31,2005-12-31,2005-12-31,2021-09-10,0.0,39877000000.0,,4205000000.0,35672000000.0,,14.405,-740726000.0,202000000.0,202000000.0,2585355000.0,159015000.0,0.802,2.675,15005000000.0,2159000000.0,12846000000.0,15005000000.0,531000000.0,347127000.0,220000000.0,0.043,0.372,376076000.0,723203000.0,0.22,723203000.0,376076000.0,180245000.0,0.22,0.22,0.22,10689000000.0,,10689000000.0,39814287766.0,14.0,9.193,-290578000.0,-0.392,1.0,704086000.0,0.214,0.0,195831000.0,49440000000.0,,1069000000.0,1082000000.0,0.0,1082000000.0,28592000000.0,5240000000.0,23352000000.0,25603823766.0,-213890000.0,-28890000.0,-16302000.0,372799000.0,-276738000.0,125268000.0,-789306000.0,0.0,450148000.0,0.0,159015000.0,159015000.0,159015000.0,-5416000.0,0.0,0.048,300131000.0,403955000.0,1229000000.0,1.691,2.395,16.093,16.136,29480000000.0,0.0,34.53,1.889,1.895,2299000000.0,6332023000.0,3289441000.0,3289441000.0,0.0,,,,,-48464000.0,0.0,1.0,741495041.0,742038000,747863000.0,4.433,39877000000.0,937000000.0,21230000.0,6678000000.0,53.74,-1035000000.0
63,SO,MRQ,2005-09-30,2005-09-30,2005-09-30,2021-09-10,-121333000.0,39383703000.0,,4452188000.0,34931515000.0,,14.553,-486971000.0,416339000.0,416339000.0,2782522000.0,722204000.0,0.901,2.589,14626803000.0,1771895000.0,12854908000.0,14626803000.0,325545000.0,363668000.0,213356000.0,0.041,0.372,1267746000.0,1631414000.0,0.374,1631414000.0,1267746000.0,1073640000.0,0.97,0.97,0.97,10816294000.0,,10816294000.0,41263654425.0,14.0,9.646,796658000.0,1.072,1.0,1575361000.0,0.361,0.0,194106000.0,48650222000.0,,1003224000.0,1060496000.0,0.0,1060496000.0,28006967000.0,4943945000.0,23063022000.0,26705984425.0,179581000.0,-34240000.0,-208986000.0,-163971000.0,-277625000.0,-555873000.0,-548175000.0,0.0,1283629000.0,0.0,722204000.0,722204000.0,722204000.0,8840000.0,0.0,0.166,298385000.0,1276976000.0,1150594000.0,0.384,2.469,16.322,16.329,29072818000.0,0.0,35.76,2.085,2.074,2516588000.0,6449477000.0,4357883000.0,4357883000.0,0.0,,,,,11501000.0,0.0,1.0,746811645.0,743214000,747817000.0,5.864,39383703000.0,873903000.0,351436000.0,6664968000.0,52.991,-491757000.0
64,SO,MRQ,2005-06-30,2005-06-30,2005-06-30,2021-09-10,-150087000.0,38070142000.0,,3585997000.0,34484145000.0,,14.126,-682924000.0,236758000.0,236758000.0,2111882000.0,386821000.0,0.836,2.556,14794428000.0,2105982000.0,12688446000.0,14794428000.0,362692000.0,344134000.0,209858000.0,0.042,0.372,719414000.0,1063548000.0,0.341,1063548000.0,719414000.0,533268000.0,0.52,0.52,0.52,10549438000.0,,10549438000.0,39882552964.0,14.0,9.828,-57809000.0,-0.077,1.0,1007764000.0,0.323,0.0,186146000.0,48336878000.0,,1061772000.0,1041834000.0,0.0,1041834000.0,26960262000.0,4290934000.0,22669328000.0,25805531964.0,-145031000.0,-27957000.0,30257000.0,333883000.0,-277679000.0,-25387000.0,-744759000.0,0.0,625115000.0,0.0,386821000.0,386821000.0,386821000.0,1995000.0,0.0,0.124,286374000.0,721390000.0,719928000.0,0.715,2.446,16.558,16.589,28895238000.0,0.0,34.67,2.17,2.177,1827738000.0,6004775000.0,3119646000.0,3119646000.0,0.0,,,,,21914000.0,0.0,1.0,744318776.0,746823000,751016000.0,4.177,38070142000.0,877424000.0,146447000.0,6311769000.0,50.976,-704937000.0
65,SO,MRQ,2005-03-31,2005-03-31,2005-03-31,2021-09-10,-130176000.0,37289953000.0,,3600148000.0,33689805000.0,,13.989,-449379000.0,381789000.0,381789000.0,1936241000.0,322960000.0,0.968,2.529,14458810000.0,1842706000.0,12616104000.0,14458810000.0,0.0,343071000.0,206135000.0,0.045,0.357,569764000.0,912835000.0,0.328,912835000.0,569764000.0,398847000.0,0.43,0.43,0.43,10408060000.0,,10408060000.0,37129321361.0,14.0,9.413,-278271000.0,-0.374,1.0,850789000.0,0.305,0.0,170917000.0,47646276000.0,,968026000.0,994248000.0,0.0,994248000.0,26321443000.0,3720698000.0,22600745000.0,23644321361.0,13340000.0,-23913000.0,56031000.0,611289000.0,-265958000.0,388992000.0,-546760000.0,0.0,171108000.0,0.0,322960000.0,322960000.0,322960000.0,-5419000.0,0.0,0.116,291110000.0,559679000.0,728169000.0,0.83,2.272,15.516,15.527,28539238000.0,0.0,31.83,2.007,2.01,1820742000.0,5895565000.0,2787030000.0,2787030000.0,0.0,,,,,15049000.0,0.0,1.0,742831334.0,744025000,748672000.0,3.746,37289953000.0,878715000.0,75887000.0,6220612000.0,50.119,-120550000.0
66,SO,MRQ,2004-12-31,2004-12-31,2004-12-31,2021-09-10,0.0,36955000000.0,,3491000000.0,33464000000.0,,13.855,-558839000.0,368000000.0,368000000.0,1929498000.0,204253000.0,0.919,2.541,13858000000.0,1409000000.0,12449000000.0,13858000000.0,0.0,294161000.0,199000000.0,0.042,0.357,375677000.0,669838000.0,0.263,669838000.0,375677000.0,201563000.0,0.27,0.27,0.27,10278000000.0,,10278000000.0,38029797525.0,14.0,9.706,55483000.0,0.075,1.0,617487000.0,0.242,0.0,174114000.0,46647000000.0,,910000000.0,976000000.0,0.0,976000000.0,26116000000.0,3798000000.0,22318000000.0,24794305525.0,84245000.0,-23190000.0,34322000.0,339971000.0,-265125000.0,101188000.0,-631265000.0,0.0,614322000.0,0.0,204253000.0,204253000.0,204253000.0,-3000000.0,0.0,0.08,233763000.0,383724000.0,877000000.0,1.322,2.412,16.184,16.193,28358000000.0,0.0,33.52,2.114,2.112,1810000000.0,5838986000.0,2546985000.0,2546985000.0,0.0,,,,,9051000.0,0.0,1.0,739686919.0,741832000,745187000.0,3.433,36955000000.0,864000000.0,-2690000.0,6215000000.0,49.816,-307000000.0
67,SO,MRQ,2004-09-30,2004-09-30,2004-09-30,2021-09-10,-116291000.0,36498152000.0,,3372160000.0,33125992000.0,,13.933,-418041000.0,284029000.0,284029000.0,2084630000.0,644473000.0,1.039,2.488,13519521000.0,812485000.0,12707036000.0,13519521000.0,0.0,297073000.0,196253000.0,0.047,0.357,1114791000.0,1411864000.0,0.41,1411864000.0,1114791000.0,950088000.0,0.87,0.87,0.87,10301410000.0,,10301410000.0,35836860704.0,13.0,8.014,761162000.0,1.03,1.0,1356175000.0,0.394,0.0,164703000.0,46486557000.0,,872916000.0,957539000.0,0.0,957539000.0,25627004000.0,3247087000.0,22379917000.0,22130644704.0,92864000.0,-24534000.0,27619000.0,-382696000.0,-264051000.0,-623412000.0,-462927000.0,0.0,1179203000.0,0.0,644473000.0,644473000.0,644473000.0,0.0,0.0,0.187,241134000.0,1115041000.0,708023000.0,0.41,2.148,15.229,15.218,28058395000.0,0.0,29.98,1.919,1.922,1883025000.0,5889918000.0,3440805000.0,3440805000.0,0.0,,,,,6839000.0,0.0,1.0,738180277.0,739345000,743695000.0,4.654,36498152000.0,866481000.0,305615000.0,6228785000.0,49.366,125073000.0
68,SO,MRQ,2004-06-30,2004-06-30,2004-06-30,2021-09-10,-87473000.0,35935204000.0,,3168487000.0,32766717000.0,,13.432,-523887000.0,191165000.0,191165000.0,2080529000.0,352132000.0,0.857,2.567,13897381000.0,1661869000.0,12235512000.0,13897381000.0,0.0,268305000.0,194368000.0,0.048,0.35,681750000.0,950055000.0,0.316,950055000.0,681750000.0,511152000.0,0.48,0.47,0.48,9915575000.0,,9915575000.0,34988937717.0,14.0,8.312,70252000.0,0.095,1.0,928366000.0,0.309,0.0,170598000.0,45943346000.0,,904113000.0,939152000.0,0.0,939152000.0,25449891000.0,3698074000.0,21751817000.0,21497052717.0,-134326000.0,-41061000.0,13357000.0,94134000.0,-258318000.0,-117039000.0,-611426000.0,0.0,594139000.0,0.0,352132000.0,352132000.0,352132000.0,0.0,0.0,0.117,233449000.0,694917000.0,628438000.0,0.729,2.168,15.058,14.949,27905504000.0,0.0,29.15,1.887,1.889,1751816000.0,5509513000.0,3008895000.0,3008895000.0,0.0,,,,,3379000.0,0.0,1.0,737463215.0,738185000,742453000.0,4.076,35935204000.0,866777000.0,159020000.0,5961098000.0,48.68,-529587000.0
69,SO,MRQ,2004-03-31,2004-03-31,2004-03-31,2021-09-10,-114596000.0,35367297000.0,,2894861000.0,32472436000.0,,13.274,-515233000.0,325491000.0,325491000.0,1868526000.0,331142000.0,0.809,2.563,13817376000.0,1745354000.0,12072022000.0,13817376000.0,0.0,301461000.0,189934000.0,0.046,0.35,584782000.0,886243000.0,0.324,886243000.0,584782000.0,454197000.0,0.45,0.45,0.45,9778282000.0,,9778282000.0,33594884474.0,13.0,8.151,-207897000.0,-0.282,1.0,863789000.0,0.316,0.0,130585000.0,45280073000.0,,865422000.0,853770000.0,0.0,853770000.0,25065889000.0,3579109000.0,21486780000.0,22432884474.0,14217000.0,-8215000.0,48702000.0,422591000.0,-257506000.0,259263000.0,-552382000.0,0.0,307336000.0,0.0,331142000.0,331142000.0,331142000.0,0.0,0.0,0.121,240654000.0,623135000.0,658576000.0,0.778,2.294,14.882,14.734,27742964000.0,0.0,30.5,2.001,2.004,1354919000.0,5415465000.0,2732315000.0,2732315000.0,0.0,,,,,11731000.0,0.0,1.0,735504409.0,736638000,741603000.0,3.709,35367297000.0,870348000.0,123055000.0,5805793000.0,48.012,-684248000.0
70,SO,MRQ,2003-12-31,2003-12-31,2003-12-31,2021-09-10,0.0,35178000000.0,,3060000000.0,32118000000.0,,13.133,-1490516000.0,311000000.0,311000000.0,1733714000.0,125479000.0,0.873,2.602,11473000000.0,1309000000.0,10164000000.0,11473000000.0,0.0,926481000.0,189000000.0,0.046,0.35,296999000.0,1223480000.0,0.52,1223480000.0,296999000.0,157101000.0,0.17,0.17,0.17,9648000000.0,,9648000000.0,32983537950.0,13.0,8.457,744083000.0,1.013,1.0,618438000.0,0.263,0.0,139898000.0,42835000000.0,,886000000.0,838000000.0,0.0,838000000.0,25107000000.0,3505000000.0,21602000000.0,22149043950.0,-152420000.0,-94000000.0,445000000.0,92498000.0,-681350000.0,-676910000.0,-1710109000.0,0.0,2234599000.0,0.0,125479000.0,125479000.0,125479000.0,9000000.0,0.0,0.053,258092000.0,360346000.0,688000000.0,2.059,2.296,15.026,14.901,27525000000.0,0.0,30.25,2.01,1.996,1467000000.0,5343471000.0,2352152000.0,2352152000.0,0.0,,,,,21971000.0,0.0,1.0,732199800.0,734614000,738987000.0,3.202,35178000000.0,874000000.0,31622000.0,5870000000.0,47.886,-445000000.0
71,SO,MRQ,2003-09-30,2003-09-30,2003-09-30,2021-09-10,-103917000.0,33892522000.0,,3420958000.0,30471564000.0,,13.269,-122154000.0,582949000.0,582949000.0,1945875000.0,618835000.0,0.837,2.456,11417443000.0,1667326000.0,9750117000.0,11417443000.0,0.0,122338000.0,187783000.0,0.047,0.35,1027204000.0,1149542000.0,0.348,1149542000.0,1027204000.0,898051000.0,0.85,0.84,0.85,9684002000.0,,9684002000.0,32839282160.0,13.0,9.95,353985000.0,0.485,1.0,1354972000.0,0.41,0.0,129153000.0,40641362000.0,,869865000.0,821646000.0,0.0,821646000.0,23785394000.0,4085654000.0,19699740000.0,21381832160.0,184048000.0,0.0,0.0,-71166000.0,-107550000.0,-174251000.0,-117840000.0,0.0,476139000.0,0.0,618835000.0,618835000.0,618835000.0,0.0,0.0,0.187,260623000.0,1094349000.0,694507000.0,0.412,2.208,14.109,14.043,26028488000.0,0.0,29.35,1.927,1.931,1607902000.0,5474715000.0,3300847000.0,3300847000.0,0.0,,,,,0.0,0.0,1.0,728512169.0,729816000,734855000.0,4.523,33892522000.0,885363000.0,279216000.0,5911446000.0,46.44,-664696000.0
72,SO,MRQ,2003-06-30,2003-06-30,2003-06-30,2021-09-10,-101635000.0,33293294000.0,,2958295000.0,30334999000.0,,12.72,-166228000.0,210639000.0,210639000.0,1784445000.0,431887000.0,0.714,2.612,11668089000.0,2142215000.0,9525874000.0,11668089000.0,0.0,110271000.0,177036000.0,0.038,0.343,751838000.0,862109000.0,0.305,862109000.0,751838000.0,617650000.0,0.6,0.59,0.6,9217610000.0,,9217610000.0,33865605642.0,13.0,9.866,27583000.0,0.038,1.0,1039519000.0,0.368,0.0,134188000.0,40605336000.0,,880766000.0,806908000.0,0.0,806908000.0,24075684000.0,4145408000.0,19930276000.0,22489334642.0,454000.0,0.0,25000000.0,75695000.0,-107550000.0,-21113000.0,-172244000.0,0.0,193811000.0,0.0,431887000.0,431887000.0,431887000.0,0.0,0.0,0.153,258297000.0,781222000.0,657820000.0,0.572,2.44,15.073,14.981,25962817000.0,0.0,31.16,2.037,2.045,1537933000.0,5110814000.0,2823964000.0,2823964000.0,0.0,,,,,3834000.0,0.0,1.0,721737312.0,724627000,730286000.0,3.897,33293294000.0,889272000.0,185763000.0,5625722000.0,45.945,-1187113000.0
73,SO,MRQ,2003-03-31,2003-03-31,2003-03-31,2021-09-10,-89842000.0,32850424000.0,,2921616000.0,29928808000.0,,12.339,-185102000.0,309395000.0,309395000.0,1697714000.0,297799000.0,0.606,2.703,11685666000.0,2982150000.0,8703516000.0,11685666000.0,0.0,121910000.0,173552000.0,0.041,0.343,542728000.0,664638000.0,0.261,664638000.0,542728000.0,418967000.0,0.41,0.41,0.41,8870827000.0,,8870827000.0,31453080729.0,13.0,9.098,-18651000.0,-0.026,1.0,850640000.0,0.334,0.0,123761000.0,39404619000.0,,840292000.0,791190000.0,0.0,791190000.0,23979597000.0,4822076000.0,19157521000.0,20422080729.0,5918000.0,0.0,0.0,21973000.0,-107550000.0,33274000.0,-193807000.0,0.0,166451000.0,0.0,297799000.0,297799000.0,297799000.0,0.0,0.0,0.117,244988000.0,605652000.0,717949000.0,0.837,2.302,14.676,14.585,25691338000.0,0.0,28.44,1.882,1.885,1353727000.0,4921636000.0,2548354000.0,2548354000.0,0.0,,,,,4195000.0,0.0,1.0,718075975.0,718943000,724891000.0,3.545,32850424000.0,894336000.0,121168000.0,5465717000.0,45.693,-1900460000.0
74,SO,MRQ,2002-12-31,2002-12-31,2002-12-31,2021-09-10,0.0,33721000000.0,,2929000000.0,30792000000.0,,12.196,-636377000.0,273000000.0,273000000.0,1799095000.0,166909000.0,0.587,2.837,11365000000.0,2651000000.0,8714000000.0,11365000000.0,0.0,343541000.0,169000000.0,0.041,0.343,280598000.0,624139000.0,0.258,624139000.0,280598000.0,156607000.0,0.23,0.23,0.23,8710000000.0,,8710000000.0,31035804798.0,13.0,8.809,-41893000.0,-0.059,1.0,622537000.0,0.257,0.0,123991000.0,39826000000.0,,859000000.0,791000000.0,0.0,791000000.0,24713000000.0,4987000000.0,19726000000.0,20255652798.0,-20010000.0,-31428000.0,97626000.0,239774000.0,-244724000.0,95149000.0,-709643000.0,0.0,594484000.0,0.0,166909000.0,166909000.0,166909000.0,0.0,0.0,0.069,281556000.0,340981000.0,797000000.0,1.491,2.326,15.368,15.263,26566000000.0,0.0,28.39,1.927,1.912,1507000000.0,4874375000.0,2421632000.0,2421632000.0,0.0,,,,,3205000.0,0.0,1.0,713478436.0,714162000,721962000.0,3.391,33721000000.0,898000000.0,-10302000.0,5341000000.0,47.218,-2058000000.0
75,SO,MRQ,2002-09-30,2002-09-30,2002-09-30,2021-09-10,-43297000.0,31451605000.0,,3132781000.0,28318824000.0,,12.272,-616530000.0,293025000.0,293025000.0,1912418000.0,595413000.0,0.687,2.606,11073177000.0,2246778000.0,8826399000.0,11073177000.0,35698000.0,289796000.0,163693000.0,0.04,0.142,991933000.0,1281729000.0,0.395,1281729000.0,991933000.0,867696000.0,0.84,0.83,0.84,8721294000.0,,8721294000.0,31043171057.0,13.0,8.783,600592000.0,0.845,1.0,1335590000.0,0.411,0.0,124237000.0,37669989000.0,,868595000.0,699269000.0,0.0,699269000.0,22730311000.0,4561768000.0,18168543000.0,20395282057.0,-381683000.0,-58572000.0,82544000.0,-344030000.0,-242850000.0,-922191000.0,-676614000.0,0.0,1217122000.0,0.0,595413000.0,595413000.0,595413000.0,0.0,0.0,0.183,265538000.0,1070052000.0,728432000.0,0.169,2.339,16.102,16.078,24285514000.0,0.0,28.78,1.989,1.995,1442262000.0,4947935000.0,3248008000.0,3248008000.0,0.0,,,,,19795000.0,0.0,1.0,708661642.0,710647000,716464000.0,4.57,31451605000.0,902428000.0,272283000.0,5626013000.0,44.258,-1428987000.0
76,SO,MRQ,2002-06-30,2002-06-30,2002-06-30,2021-09-10,-22214000.0,31310472000.0,,3344629000.0,27965843000.0,,11.736,-797543000.0,674708000.0,674708000.0,1717788000.0,331392000.0,0.634,2.778,11322597000.0,3295802000.0,8026795000.0,11322597000.0,37422000.0,277140000.0,163900000.0,0.049,0.335,609492000.0,886632000.0,0.337,886632000.0,609492000.0,486273000.0,0.47,0.46,0.47,8287616000.0,,8287616000.0,30023432963.0,13.0,8.443,-200537000.0,-0.284,1.0,912984000.0,0.347,0.0,123219000.0,36678825000.0,,911795000.0,684762000.0,0.0,684762000.0,23022856000.0,5279536000.0,17743320000.0,19302933963.0,378622000.0,0.0,121948000.0,326173000.0,-236154000.0,582768000.0,-801152000.0,0.0,597006000.0,0.0,331392000.0,331392000.0,331392000.0,0.0,0.0,0.126,254271000.0,658713000.0,683622000.0,0.713,2.329,15.75,15.657,23955003000.0,0.0,27.4,1.898,1.903,1305382000.0,4595370000.0,2630772000.0,2630772000.0,0.0,,,,,0.0,0.0,1.0,704486641.0,706181000,712165000.0,3.725,31310472000.0,909609000.0,154881000.0,5429010000.0,44.338,-1934907000.0
77,SO,MRQ,2002-03-31,2002-03-31,2002-03-31,2021-09-10,13258000.0,30197004000.0,,2750176000.0,27446828000.0,,11.563,-677550000.0,296086000.0,296086000.0,1455699000.0,224286000.0,0.706,2.725,11016585000.0,2084839000.0,8931746000.0,11016585000.0,39099000.0,274523000.0,158303000.0,0.051,0.335,455977000.0,730500000.0,0.33,730500000.0,455977000.0,335424000.0,0.32,0.32,0.32,8105876000.0,,8105876000.0,28819260551.0,13.0,8.09,-233162000.0,-0.333,1.0,757889000.0,0.342,0.0,120553000.0,37024552000.0,,938130000.0,670009000.0,0.0,670009000.0,22091128000.0,3892951000.0,18198177000.0,18545260551.0,-57929000.0,0.0,125882000.0,354083000.0,-234272000.0,278274000.0,-780591000.0,0.0,444388000.0,0.0,224286000.0,224286000.0,224286000.0,0.0,0.0,0.101,245635000.0,512254000.0,649472000.0,1.047,2.288,15.895,15.862,23484538000.0,0.0,26.49,1.836,1.839,1053248000.0,4500140000.0,2213588000.0,2213588000.0,0.0,,,,,0.0,0.0,1.0,700085336.0,701012000,706298000.0,3.158,30197004000.0,917401000.0,111138000.0,5429812000.0,43.076,-1142775000.0
78,SO,MRQ,2001-12-31,2001-12-31,2001-12-31,2021-09-10,0.0,29897000000.0,,2956000000.0,26941000000.0,,11.487,-580110000.0,354000000.0,354000000.0,1523959000.0,115504000.0,0.676,2.745,10628000000.0,2331000000.0,8297000000.0,10628000000.0,42000000.0,366986000.0,153000000.0,0.053,0.335,268664000.0,635650000.0,0.294,635650000.0,268664000.0,140389000.0,0.16,0.16,0.16,7984000000.0,,7984000000.0,27664869877.0,12.0,7.407,-5898000.0,-0.008,1.0,635258000.0,0.294,0.0,128275000.0,35795000000.0,,944000000.0,655000000.0,0.0,655000000.0,21913000000.0,4376000000.0,17537000000.0,17621581877.0,48567000.0,-50000000.0,67332000.0,279275000.0,-232877000.0,130767000.0,-656412000.0,0.0,574212000.0,0.0,115504000.0,115504000.0,115504000.0,217000.0,0.0,0.053,303551000.0,331707000.0,823000000.0,2.094,2.207,13.963,13.852,23084000000.0,0.0,25.35,1.735,1.72,1427000000.0,4516642000.0,2159217000.0,2159217000.0,0.0,,,,,0.0,0.0,1.0,695131435.0,695036000,702796000.0,3.107,29897000000.0,924000000.0,24885000.0,5391000000.0,43.015,-1420000000.0
79,SO,MRQ,2001-09-30,2001-09-30,2001-09-30,2021-09-10,-8842000.0,29798711000.0,,3273252000.0,26525459000.0,,11.526,-625051000.0,305624000.0,305624000.0,1883745000.0,554378000.0,0.705,2.738,10348912000.0,2408327000.0,7940585000.0,10348912000.0,42237000.0,327618000.0,149592000.0,0.056,0.335,975646000.0,1303264000.0,0.412,1303264000.0,975646000.0,838790000.0,0.8,0.79,0.8,7972100000.0,,7972100000.0,26935062621.0,11.0,7.252,363653000.0,0.526,1.0,1280716000.0,0.405,0.0,136856000.0,35195887000.0,,859391000.0,640567000.0,0.0,640567000.0,21826611000.0,4646112000.0,17180499000.0,16540074621.0,105396000.0,0.0,132339000.0,-246424000.0,-231192000.0,-340345000.0,-542963000.0,0.0,988704000.0,0.0,554378000.0,554378000.0,554378000.0,0.0,0.0,0.175,282396000.0,998320000.0,662586000.0,0.419,2.075,13.141,13.176,22774287000.0,0.0,23.98,1.607,1.612,1439469000.0,4643091000.0,3164461000.0,3164461000.0,0.0,,,,,0.0,0.0,1.0,689744563.0,691687000,691728000.0,4.575,29798711000.0,938741000.0,284412000.0,5727326000.0,43.081,-1372860000.0
80,SO,MRQ,2001-06-30,2001-06-30,2001-06-30,2021-09-10,764000.0,29267181000.0,,3039577000.0,26227604000.0,,10.973,-741656000.0,200228000.0,200228000.0,1693192000.0,272573000.0,0.607,2.884,10595216000.0,3064004000.0,7531212000.0,10595216000.0,46743000.0,335603000.0,146519000.0,0.058,0.335,557468000.0,893071000.0,0.349,893071000.0,557468000.0,411331000.0,0.39,0.39,0.39,7535056000.0,,7535056000.0,25786920719.0,10.0,6.74,-41967000.0,-0.061,1.0,868612000.0,0.339,0.0,146137000.0,34651324000.0,,896100000.0,626154000.0,0.0,626154000.0,21732125000.0,5010845000.0,16721280000.0,15926816719.0,20472000.0,0.0,107449000.0,554347000.0,-229611000.0,412993000.0,-789542000.0,0.0,699689000.0,0.0,272573000.0,272573000.0,272573000.0,-2185000.0,0.0,0.106,283387000.0,585225000.0,705203000.0,0.859,2.114,12.086,11.802,22451160000.0,0.0,23.25,1.543,1.547,1245045000.0,4352900000.0,2561804000.0,2561804000.0,0.0,,,,,0.0,0.0,1.0,685024375.0,686702000,691404000.0,3.731,29267181000.0,945709000.0,138758000.0,5458621000.0,42.62,-1971268000.0
81,SO,MRQ,2001-03-31,2001-03-31,2001-03-31,2021-09-10,-407041000.0,31527037000.0,,2651121000.0,28875916000.0,,15.475,-670183000.0,179756000.0,179756000.0,1490104000.0,319545000.0,0.643,1.985,10039860000.0,2344764000.0,7695096000.0,10039860000.0,52634000.0,327793000.0,143468000.0,0.038,0.335,575221000.0,903014000.0,0.398,903014000.0,575221000.0,429489000.0,0.47,0.47,0.47,10562643000.0,,10562643000.0,33320488544.0,13.0,8.461,-548788000.0,-0.804,1.0,779414000.0,0.343,0.0,145732000.0,37264921000.0,,836511000.0,610864000.0,0.0,610864000.0,20964394000.0,4122220000.0,16842174000.0,23929488544.0,-19435000.0,0.0,87880000.0,449802000.0,-228320000.0,303585000.0,-747083000.0,0.0,121395000.0,0.0,319545000.0,319545000.0,319545000.0,-140032000.0,0.0,0.141,303666000.0,475748000.0,632840000.0,0.713,2.265,17.251,16.71,22040099000.0,0.0,35.09,2.327,2.329,1019388000.0,4763406000.0,2269518000.0,2269518000.0,0.0,,,,,0.0,0.0,1.0,681946097.0,682575000,684968000.0,3.325,31527037000.0,951018000.0,109944000.0,5506750000.0,46.188,-1471099000.0
82,SO,MRQ,2000-12-31,2000-12-31,2000-12-31,2021-09-10,-93598000.0,31361658000.0,,2825199000.0,28536459000.0,,16.177,-691117000.0,199191000.0,199191000.0,1673193000.0,112119000.0,0.756,1.934,9589458000.0,1746967000.0,7842491000.0,9589458000.0,58377000.0,319126000.0,139798000.0,0.04,0.335,295626000.0,614752000.0,0.268,614752000.0,295626000.0,144658000.0,0.16,0.16,0.16,10690341000.0,,10690341000.0,38614341746.0,15.0,9.95,-107136000.0,-0.162,1.0,621087000.0,0.271,0.0,150968000.0,37015174000.0,,702631000.0,595952000.0,0.0,595952000.0,20671317000.0,3736751000.0,16934566000.0,21641701746.0,3533000.0,-6000000.0,849173000.0,-355912000.0,-217865000.0,238628000.0,-662878000.0,0.0,583981000.0,0.0,112119000.0,112119000.0,112119000.0,-47920000.0,0.0,0.049,280985000.0,340102000.0,870032000.0,2.094,2.024,16.483,16.542,21622402000.0,0.0,33.25,2.15,2.157,1311457000.0,4671881000.0,2294280000.0,2294280000.0,0.0,,,,,0.0,0.0,1.0,650878248.0,660824000,662325000.0,3.472,31361658000.0,956673000.0,32539000.0,5376834000.0,47.458,-911552000.0
83,SO,MRQ,2000-09-30,2000-09-30,2000-09-30,2021-09-10,-107115000.0,43531909000.0,,7467076000.0,36064833000.0,,14.445,-555975000.0,834674000.0,834674000.0,1871645000.0,613533000.0,0.663,3.641,17807314000.0,5860089000.0,11947225000.0,17807314000.0,63914000.0,316153000.0,142901000.0,0.041,0.335,1099221000.0,1415374000.0,0.443,1415374000.0,1099221000.0,929422000.0,0.95,0.95,0.95,9379687000.0,,9379687000.0,37796474913.0,18.0,11.354,478194000.0,0.736,1.0,1325730000.0,0.415,4617900000.0,169799000.0,44631498000.0,,932241000.0,1825148000.0,0.0,1825148000.0,34152222000.0,11255151000.0,22897071000.0,21054433913.0,68670000.0,0.0,60003000.0,-178720000.0,-217289000.0,-344627000.0,-543100000.0,0.0,1034169000.0,0.0,613533000.0,613533000.0,613533000.0,-90233000.0,0.0,0.192,286940000.0,1038790000.0,2260873000.0,0.353,2.245,15.909,15.912,25119366000.0,0.0,32.46,2.593,2.596,3896731000.0,4777956000.0,3197375000.0,3197375000.0,0.0,,,,,0.0,0.0,1.0,648627046.0,649347000,650869000.0,4.924,38914009000.0,944541000.0,315889000.0,6376122000.0,59.928,-3788075000.0
84,SO,MRQ,2000-06-30,2000-06-30,2000-06-30,2021-09-10,-110980000.0,39521490000.0,,4135121000.0,35386369000.0,,13.752,-522782000.0,787923000.0,787923000.0,1613176000.0,341904000.0,0.539,3.43,17529964000.0,5117209000.0,12412755000.0,17529964000.0,69312000.0,345832000.0,139234000.0,0.057,0.335,659015000.0,1004847000.0,0.398,1004847000.0,659015000.0,489729000.0,0.52,0.52,0.52,8920833000.0,,8920833000.0,31694065566.0,14.0,9.004,-59993000.0,-0.092,1.0,909566000.0,0.361,4610405000.0,169286000.0,43976266000.0,,892269000.0,1999970000.0,0.0,1999970000.0,30600657000.0,7676860000.0,22923797000.0,15119419566.0,39783000.0,0.0,79000.0,-180765000.0,-217289000.0,-395607000.0,-545604000.0,0.0,462789000.0,0.0,341904000.0,341904000.0,341904000.0,-86334000.0,0.0,0.136,311401000.0,598165000.0,886439000.0,0.644,1.695,11.41,11.714,24890913000.0,0.0,23.31,1.746,1.746,1801778000.0,4381761000.0,2522742000.0,2522742000.0,0.0,,,,,0.0,0.0,1.0,648623748.0,648696000,648696000.0,3.889,34911085000.0,953733000.0,147825000.0,6108050000.0,53.817,-3541739000.0
85,SO,MRQ,2000-03-31,2000-03-31,2000-03-31,2021-09-10,-95313000.0,38451514000.0,,3313986000.0,35137528000.0,,13.492,-455126000.0,471093000.0,471093000.0,1331986000.0,245444000.0,0.465,3.364,17045739000.0,4905115000.0,12140624000.0,17045739000.0,74574000.0,355889000.0,136326000.0,0.062,0.335,490138000.0,846027000.0,0.412,846027000.0,490138000.0,337191000.0,0.38,0.38,0.38,8811931000.0,,8811931000.0,29900006277.0,13.0,8.423,-160065000.0,-0.245,1.0,719617000.0,0.351,4719506000.0,152947000.0,43180101000.0,,907858000.0,1906454000.0,0.0,1906454000.0,29639583000.0,7126553000.0,22513030000.0,14128006277.0,-66986000.0,0.0,-414255000.0,768397000.0,-220557000.0,122606000.0,-554418000.0,0.0,295061000.0,0.0,245444000.0,245444000.0,245444000.0,-94289000.0,0.0,0.12,291674000.0,427943000.0,692587000.0,0.882,1.603,10.892,11.328,24693341000.0,0.0,21.75,1.583,1.591,1395144000.0,4257223000.0,2051603000.0,2051603000.0,0.0,,,,,0.0,0.0,1.0,649563507.0,653134000,653134000.0,3.141,33732008000.0,963317000.0,91747000.0,5987057000.0,51.646,-3812567000.0
86,SO,MRQ,1999-12-31,1999-12-31,1999-12-31,2021-09-10,0.0,38389012000.0,,3522560000.0,34866452000.0,,13.747,-185221000.0,466416000.0,466416000.0,1893965000.0,122516000.0,0.874,2.182,9535000000.0,2284000000.0,7251000000.0,9535000000.0,80000000.0,167103000.0,128000000.0,0.057,0.335,-104523000.0,62580000.0,0.18,62580000.0,-104523000.0,40720000.0,0.19,0.19,0.19,9204000000.0,,9204000000.0,26559763850.0,11.0,7.341,92338000.0,0.138,1.0,-1546259000.0,-4.447,4754992000.0,-145243000.0,38673604000.0,,895715000.0,1932776000.0,0.0,1932776000.0,20087000000.0,4029000000.0,16058000000.0,15817687850.0,-54268000.0,1472217000.0,-213029000.0,-1080395000.0,-224986000.0,-1728120000.0,710421000.0,0.0,277559000.0,1872000.0,122516000.0,122516000.0,122516000.0,-361000000.0,0.0,0.352,-1535832000.0,-10427000.0,669000000.0,1.763,1.719,12.396,12.634,24544481000.0,0.0,23.5,1.698,1.728,1645325000.0,4232399000.0,347706000.0,347706000.0,0.0,,,,,0.0,0.0,1.0,673093100.0,669535000,673535000.0,0.519,33634020000.0,987144000.0,-81796000.0,5324000000.0,50.235,-506440000.0
87,SO,MRQ,1999-09-30,1999-09-30,1999-09-30,2021-09-10,-87459000.0,38224599000.0,,3118678000.0,35105921000.0,,14.04,-635333000.0,767621000.0,767621000.0,1598548000.0,615183000.0,,3.013,11509697000.0,3861592000.0,,11509697000.0,84259000.0,347037000.0,130774000.0,0.052,0.335,1259389000.0,1606426000.0,0.43,1606426000.0,1259389000.0,1018622000.0,0.9,0.9,0.9,9525725000.0,,9525725000.0,27406587156.0,11.0,7.518,478138000.0,0.705,1.0,2138101000.0,0.572,3732955000.0,240767000.0,45233720000.0,,849369000.0,1497706000.0,0.0,0.0,28698874000.0,,,17591346156.0,318851000.0,4773000.0,-397798000.0,-112280000.0,-228690000.0,-463052000.0,-329696000.0,0.0,1113471000.0,-1872000.0,615183000.0,615183000.0,615183000.0,0.0,0.0,0.165,1028311000.0,1109790000.0,706915000.0,0.372,1.847,15.963,16.195,25262105000.0,0.0,25.75,1.832,1.819,2065379000.0,4335584000.0,3736649000.0,3736649000.0,0.0,,,,,0.0,0.0,1.0,683159074.0,678472000,678472000.0,5.507,34491644000.0,1009662000.0,403439000.0,6259046000.0,50.837,
88,SO,MRQ,1999-06-30,1999-06-30,1999-06-30,2021-09-10,-100294000.0,37569764000.0,,2713047000.0,34856717000.0,,13.735,-555854000.0,448770000.0,448770000.0,1280047000.0,313985000.0,,2.945,10264011000.0,5145838000.0,,10264011000.0,88400000.0,343875000.0,129558000.0,0.051,0.335,691043000.0,1034918000.0,0.371,1034918000.0,691043000.0,466574000.0,0.45,0.45,0.45,9524547000.0,,9524547000.0,27871286366.0,13.0,7.878,82853000.0,0.119,1.0,1511033000.0,0.541,3744752000.0,224469000.0,43640253000.0,,918513000.0,1518768000.0,0.0,0.0,28045217000.0,,,18472873366.0,-105325000.0,-1438420000.0,-250878000.0,2022111000.0,-233445000.0,1282597000.0,-2026629000.0,0.0,638707000.0,0.0,313985000.0,313985000.0,313985000.0,0.0,0.0,0.112,843727000.0,667306000.0,698153000.0,0.744,1.94,18.421,18.531,24893116000.0,0.0,26.5,1.981,1.971,1731996000.0,3949201000.0,2791080000.0,2791080000.0,0.0,,,,,0.0,0.0,1.0,697089561.0,693465000,693465000.0,4.025,33825012000.0,1016448000.0,152589000.0,5975202000.0,48.777,
89,SO,MRQ,1999-03-31,1999-03-31,1999-03-31,2021-09-10,-91289000.0,35437799000.0,,2356081000.0,33081718000.0,,13.892,-504592000.0,554095000.0,554095000.0,1154440000.0,224316000.0,,2.652,9952508000.0,3498851000.0,,9952508000.0,92288000.0,357985000.0,125511000.0,0.057,0.335,556091000.0,914076000.0,0.374,914076000.0,556091000.0,349084000.0,0.32,0.32,0.32,9704130000.0,,9704130000.0,25885075347.0,12.0,7.057,-315329000.0,-0.451,1.0,1287125000.0,0.527,3411447000.0,207007000.0,41424765000.0,,832654000.0,1443120000.0,0.0,0.0,25733669000.0,,,16285075347.0,-317258000.0,-38570000.0,23705000.0,97564000.0,-233879000.0,90575000.0,-597096000.0,0.0,189263000.0,0.0,224316000.0,224316000.0,224316000.0,0.0,0.0,0.092,802150000.0,484975000.0,689686000.0,1.047,1.678,16.97,17.015,23717491000.0,0.0,23.31,1.724,1.724,1519115000.0,3868744000.0,2441565000.0,2441565000.0,0.0,,,,,0.0,0.0,1.0,698630431.0,698527000,698527000.0,3.495,32026352000.0,1022509000.0,124768000.0,5901668000.0,45.848,
90,SO,MRQ,1998-12-31,1998-12-31,1998-12-31,2021-09-10,15400000.0,36191509000.0,,2938453000.0,33253056000.0,,14.046,-87897000.0,871353000.0,871353000.0,2028713000.0,-51504000.0,,2.694,10471692000.0,3353404000.0,,10471692000.0,96080000.0,179233000.0,125078000.0,0.046,0.335,-89363000.0,89870000.0,0.142,89870000.0,-89363000.0,35108000.0,-0.08,-0.08,-0.08,9796849000.0,,9796849000.0,30100783373.0,14.0,8.059,201859000.0,0.289,1.0,-1394756000.0,-2.2,3441956000.0,-124471000.0,42349892000.0,,767689000.0,1548951000.0,0.0,0.0,26394660000.0,,,20261806373.0,-122473000.0,235157000.0,816000.0,392833000.0,-233165000.0,155421000.0,-33650000.0,0.0,289756000.0,0.0,-51504000.0,-51504000.0,-51504000.0,9000000.0,0.0,-0.081,-1385692000.0,-9064000.0,1026869000.0,-4.188,2.068,20.739,20.757,23945099000.0,0.0,29.06,2.133,2.132,1797913000.0,3878332000.0,633957000.0,633957000.0,0.0,,,,,0.0,0.0,1.0,697240412.0,697492000,697492000.0,0.909,32749553000.0,1035724000.0,86612000.0,5968951000.0,46.953,
91,SO,MRQ,1998-09-30,1998-09-30,1998-09-30,2021-09-10,22820000.0,35951708000.0,,3312493000.0,32639215000.0,,9.528,-413756000.0,858293000.0,858293000.0,1424318000.0,516029000.0,,4.407,10697270000.0,2562758000.0,,10697270000.0,99711000.0,470222000.0,126723000.0,0.045,0.335,1028625000.0,1498847000.0,0.434,1498847000.0,1028625000.0,806347000.0,0.74,0.74,0.74,6648792000.0,,6648792000.0,30785711413.0,11.0,6.66,516832000.0,0.741,1.0,2032467000.0,0.588,1882559000.0,222278000.0,43908126000.0,,699215000.0,1906515000.0,0.0,0.0,29302916000.0,,,20543202413.0,171196000.0,-35631000.0,-3688000.0,-92118000.0,-233763000.0,-346322000.0,-413070000.0,0.0,930588000.0,0.0,516029000.0,516029000.0,516029000.0,0.0,0.0,0.149,965723000.0,1066744000.0,772482000.0,0.453,3.09,16.784,16.727,25087091000.0,0.0,29.44,1.697,1.697,2190389000.0,4164073000.0,3456785000.0,3456785000.0,0.0,,,,,0.0,0.0,1.0,697798995.0,697797000,697797000.0,4.954,34069149000.0,1076286000.0,290318000.0,6306573000.0,48.824,
92,SO,MRQ,1998-06-30,1998-06-30,1998-06-30,2021-09-10,9125000.0,35754954000.0,,3093094000.0,32661860000.0,,9.05,-333269000.0,687097000.0,687097000.0,1297322000.0,270773000.0,,4.663,10929606000.0,2397325000.0,,10929606000.0,103252000.0,492589000.0,125198000.0,0.048,0.335,672851000.0,1165440000.0,0.4,1165440000.0,672851000.0,434945000.0,0.39,0.39,0.39,6313744000.0,,6313744000.0,29252971854.0,10.0,6.353,199521000.0,0.286,1.0,1616059000.0,0.555,1889568000.0,237906000.0,44107895000.0,,760528000.0,1870785000.0,0.0,0.0,29441210000.0,,,19310473854.0,209837000.0,-44901000.0,22500000.0,49296000.0,-233623000.0,15432000.0,-338385000.0,0.0,532790000.0,0.0,270773000.0,270773000.0,270773000.0,0.0,0.0,0.093,967315000.0,648744000.0,773779000.0,0.859,3.058,17.836,17.637,25083829000.0,0.0,27.69,1.518,1.519,1999634000.0,3886150000.0,2913381000.0,2913381000.0,0.0,,,,,0.0,0.0,1.0,697380782.0,697659000,697659000.0,4.176,33865386000.0,1101024000.0,164172000.0,6322923000.0,48.541,
93,SO,MRQ,1998-03-31,1998-03-31,1998-03-31,2021-09-10,9206000.0,35023239000.0,,2360982000.0,32662257000.0,,9.005,-438078000.0,477260000.0,477260000.0,1129647000.0,241702000.0,,4.596,10419758000.0,2839247000.0,,10419758000.0,106615000.0,387956000.0,131592000.0,0.047,0.335,592887000.0,980843000.0,0.393,980843000.0,592887000.0,370600000.0,0.35,0.35,0.35,6258917000.0,,6258917000.0,28898932241.0,11.0,6.669,125788000.0,0.181,1.0,1365230000.0,0.547,1903042000.0,222287000.0,43062695000.0,,778453000.0,1810382000.0,0.0,0.0,28764322000.0,,,19225932241.0,-123560000.0,-154625000.0,89372000.0,23989000.0,-232449000.0,-33531000.0,-653895000.0,0.0,563866000.0,0.0,241702000.0,241702000.0,241702000.0,0.0,0.0,0.097,792654000.0,572576000.0,630926000.0,0.957,3.072,18.726,18.584,25055306000.0,0.0,27.69,1.535,1.537,1522928000.0,3849057000.0,2494877000.0,2494877000.0,0.0,,,,,0.0,0.0,1.0,694327636.0,695051000,695051000.0,3.589,33120197000.0,1129564000.0,128898000.0,6359413000.0,47.651,
94,SO,MRQ,1997-12-31,1997-12-31,1997-12-31,2021-09-10,0.0,35255000000.0,,2888000000.0,32367000000.0,,13.956,-640253000.0,601000000.0,601000000.0,503696000.0,195482000.0,,2.655,10274000000.0,2848000000.0,,10274000000.0,110000000.0,479949000.0,133000000.0,0.05,0.325,497384000.0,977333000.0,0.302,977333000.0,497384000.0,281753000.0,0.28,0.28,0.28,9647000000.0,,9647000000.0,27295061691.0,10.0,6.434,-263931000.0,-0.382,1.0,2734491000.0,0.844,3277000000.0,215631000.0,41651000000.0,,711000000.0,1168000000.0,0.0,0.0,25608000000.0,,,17860137691.0,-19523000.0,-112596000.0,89368000.0,541312000.0,-224282000.0,327918000.0,-723763000.0,0.0,376322000.0,0.0,195482000.0,195482000.0,195482000.0,0.0,0.0,0.06,2247614000.0,486877000.0,1049000000.0,1.161,1.851,18.375,18.225,23652000000.0,0.0,25.88,1.416,1.406,2007000000.0,3842135000.0,3238187000.0,3238187000.0,0.0,,,,,0.0,0.0,1.0,690113512.0,691228000,691228000.0,4.685,31978000000.0,1142000000.0,86271000.0,6270000000.0,46.263,
95,SO,MRQ,1997-09-30,1997-09-30,1997-09-30,2021-09-10,0.0,35384220000.0,,3224208000.0,32160012000.0,,8.936,-412611000.0,620355000.0,620355000.0,2623534000.0,374710000.0,,4.762,10055279000.0,2551175000.0,,10055279000.0,113206000.0,428197000.0,133962000.0,0.057,0.325,1052844000.0,1481041000.0,0.364,1481041000.0,1052844000.0,840599000.0,0.55,0.55,0.55,6140614000.0,,6140614000.0,24710993579.0,10.0,6.098,683848000.0,0.995,1.0,1447670000.0,0.356,1886188000.0,212245000.0,42932956000.0,,731438000.0,1742991000.0,0.0,0.0,29243606000.0,,,15463422579.0,237560000.0,-958340000.0,102687000.0,729736000.0,-222980000.0,526010000.0,-1384909000.0,0.0,1096459000.0,0.0,374710000.0,374710000.0,374710000.0,0.0,0.0,0.092,395144000.0,1052526000.0,896628000.0,0.591,2.518,16.883,16.711,24841497000.0,0.0,22.56,1.31,1.313,2064490000.0,3875410000.0,4071204000.0,4071204000.0,0.0,,,,,0.0,0.0,1.0,685435398.0,687159000,687159000.0,5.925,33498032000.0,1244490000.0,465889000.0,6585038000.0,48.749,
96,SO,MRQ,1997-06-30,1997-06-30,1997-06-30,2021-09-10,0.0,34412379000.0,,3020929000.0,31391450000.0,,8.662,-411650000.0,382795000.0,382795000.0,1809441000.0,214795000.0,,4.819,9630366000.0,2298916000.0,,9630366000.0,116351000.0,336025000.0,133942000.0,0.059,0.325,557903000.0,893928000.0,0.329,893928000.0,557903000.0,359892000.0,0.31,0.31,0.31,5914022000.0,,5914022000.0,24064908099.0,10.0,6.296,155424000.0,0.228,1.0,907754000.0,0.334,1756976000.0,198011000.0,41902974000.0,,826915000.0,833889000.0,0.0,0.0,28498357000.0,,,14915044099.0,-167098000.0,-99000000.0,79417000.0,-353641000.0,-221544000.0,-241326000.0,-492846000.0,0.0,567074000.0,0.0,214795000.0,214795000.0,214795000.0,0.0,0.0,0.079,324491000.0,583263000.0,861582000.0,1.048,2.522,14.787,14.685,24992798000.0,0.0,21.88,1.398,1.401,2008799000.0,3723644000.0,2717195000.0,2717195000.0,0.0,,,,,0.0,0.0,1.0,681674776.0,682786000,682786000.0,3.98,32655403000.0,1268860000.0,145097000.0,6342788000.0,47.827,
97,SO,MRQ,1997-03-31,1997-03-31,1997-03-31,2021-09-10,0.0,34000082000.0,,2745697000.0,31254385000.0,,8.627,-362486000.0,549893000.0,549893000.0,1712329000.0,187013000.0,,4.806,9699757000.0,2490750000.0,,9699757000.0,119417000.0,347829000.0,132095000.0,0.06,0.325,528398000.0,876227000.0,0.339,876227000.0,528398000.0,328756000.0,0.28,0.28,0.28,5856316000.0,,5856316000.0,21812735154.0,9.0,5.621,222659000.0,0.328,1.0,872085000.0,0.337,1807245000.0,199642000.0,41342701000.0,,800858000.0,1044943000.0,0.0,0.0,28143766000.0,,,14322735154.0,105061000.0,-1755064000.0,88528000.0,1120593000.0,-220194000.0,1683398000.0,-2163482000.0,0.0,585145000.0,0.0,187013000.0,187013000.0,187013000.0,0.0,0.0,0.072,329751000.0,542334000.0,772527000.0,1.161,2.446,13.248,13.124,24580596000.0,0.0,21.13,1.362,1.364,1779456000.0,3730782000.0,2584414000.0,2584414000.0,0.0,,,,,0.0,0.0,1.0,677838862.0,678826000,678826000.0,3.807,32192837000.0,1284674000.0,141743000.0,6471065000.0,47.424,
98,SO,MRQ,1996-12-31,1996-12-31,1996-12-31,2021-09-10,0.0,30291802000.0,,2277550000.0,28014252000.0,,13.623,-316123000.0,444832000.0,444832000.0,-129688000.0,139425000.0,,2.28,7938000000.0,1847000000.0,,7938000000.0,122000000.0,424878000.0,132000000.0,0.056,0.315,376236000.0,801114000.0,0.329,801114000.0,376236000.0,237583000.0,0.21,0.21,0.21,9216000000.0,,9216000000.0,,,,202557000.0,0.299,1.0,2562270000.0,1.053,318142000.0,138653000.0,37466828000.0,,779349000.0,227097000.0,0.0,0.0,21014000000.0,,,15339493447.0,64383000.0,0.0,75127000.0,361101000.0,-211447000.0,37836000.0,-492133000.0,0.0,518680000.0,0.0,139425000.0,139425000.0,139425000.0,0.0,0.0,0.057,2146179000.0,416091000.0,788000000.0,1.5,1.664,13.611,13.47,23684898000.0,0.0,22.63,1.481,1.47,1363159000.0,3763987000.0,2432582000.0,2432582000.0,0.0,,,,,0.0,0.0,1.0,677838862.0,676486000,676486000.0,3.596,29973660000.0,1302342000.0,98158000.0,6352000000.0,44.308,
99,SO,MRQ,1996-09-30,1996-09-30,1996-09-30,2021-09-10,,,,,,,,-80271000.0,,,1692538000.0,467440000.0,,,,,,,,304479000.0,,0.056,0.315,946346000.0,1250825000.0,0.427,1250825000.0,946346000.0,777304000.0,0.69,0.69,0.69,,,,,,,907884000.0,1.348,1.0,1240018000.0,0.423,,169042000.0,,,,,,,,,,,-238548000.0,0.0,47000.0,-1070882000.0,-212200000.0,-1150095000.0,-76608000.0,0.0,988155000.0,0.0,467440000.0,467440000.0,467440000.0,0.0,0.0,0.159,283992000.0,956026000.0,,0.457,,,,,0.0,22.5,,,,,2932556000.0,2932556000.0,0.0,,,,,0.0,0.0,1.0,,673651000,673651000.0,4.353,,,309864000.0,,,
100,SO,MRQ,1996-06-30,1996-06-30,1996-06-30,2021-09-10,,,,,,,,-316936000.0,,,1620838000.0,287260000.0,,,,,,,,302323000.0,,0.052,0.315,650021000.0,952344000.0,0.372,952344000.0,650021000.0,472475000.0,0.43,0.43,0.43,,,,,,,170874000.0,0.254,1.0,942669000.0,0.368,,177546000.0,,,,,,,,,,,307691000.0,0.0,77296000.0,277516000.0,-211272000.0,160315000.0,-340434000.0,0.0,487810000.0,0.0,287260000.0,287260000.0,287260000.0,0.0,0.0,0.112,282451000.0,660218000.0,,0.733,,,,,0.0,23.875,,,,,2563507000.0,2563507000.0,0.0,,,,,0.0,0.0,1.0,,671757000,671757000.0,3.816,,,185215000.0,,,
101,SO,MRQ,1996-03-31,1996-03-31,1996-03-31,2021-09-10,,,,,,,,-304670000.0,,,1580312000.0,232875000.0,,,,,,,,306320000.0,,0.052,0.315,575397000.0,881717000.0,0.363,881717000.0,575397000.0,396638000.0,0.35,0.35,0.35,,,,,,,101685000.0,0.152,1.0,849043000.0,0.349,,178759000.0,,,,,,,,,,,-460526000.0,0.0,18530000.0,-360735000.0,-211081000.0,-483056000.0,-383825000.0,0.0,406355000.0,0.0,232875000.0,232875000.0,232875000.0,0.0,0.0,0.096,280378000.0,568665000.0,,0.9,,,,,0.0,23.875,,,,,2429355000.0,2429355000.0,0.0,,,,,0.0,0.0,1.0,,670105000,670105000.0,3.625,,,163763000.0,,,
0,SO,MRT,2021-06-30,2021-06-30,2021-06-30,2021-09-10,0.0,125907000000.0,124348250000.0,9551000000.0,116356000000.0,0.176,30.863,-7538000000.0,1582000000.0,1582000000.0,12822000000.0,3123000000.0,0.819,2.836,53908000000.0,4476000000.0,49432000000.0,53908000000.0,0.0,3938000000.0,467000000.0,0.043,2.58,5403000000.0,9341000000.0,0.428,9341000000.0,5403000000.0,3582000000.0,2.97,2.95,2.97,32746000000.0,32637000000.0,32746000000.0,115537724596.0,21.0,12.369,-785000000.0,-0.74,1.0,9023000000.0,0.413,5746000000.0,1821000000.0,160827000000.0,157401750000.0,2122000000.0,1856000000.0,0.0,1856000000.0,92870000000.0,11660000000.0,81210000000.0,64057724596.0,-268000000.0,-491000000.0,39000000.0,4125000000.0,-2730000000.0,1380000000.0,-8401000000.0,-80000000.0,6753000000.0,0.0,3161000000.0,3145000000.0,3145000000.0,0.0,-38000000.0,0.144,4234000000.0,4789000000.0,2075000000.0,0.869,1.956,20.368,20.374,91398000000.0,16000000.0,60.51,2.932,2.939,2726000000.0,,21845000000.0,21845000000.0,0.0,0.025,0.096,0.034,0.247,134000000.0,0.0,1.0,1058630385.0,1061000000,1067000000.0,20.589,120161000000.0,806000000.0,421000000.0,14932000000.0,113.253,-2109000000.0
1,SO,MRT,2021-03-31,2021-03-31,2021-03-31,2021-09-10,0.0,125393000000.0,122804250000.0,9469000000.0,115924000000.0,0.173,31.196,-7497000000.0,1770000000.0,1770000000.0,12212000000.0,3368000000.0,0.817,2.783,53250000000.0,4871000000.0,48379000000.0,53250000000.0,0.0,3920000000.0,470000000.0,0.041,2.56,5654000000.0,9574000000.0,0.45,9574000000.0,5654000000.0,3839000000.0,3.2,3.18,3.2,33068000000.0,32440750000.0,33068000000.0,115654856466.0,20.0,12.08,-453000000.0,-0.427,1.0,9055000000.0,0.426,5757000000.0,1815000000.0,159530000000.0,155318000000.0,2195000000.0,1930000000.0,0.0,1930000000.0,92034000000.0,11586000000.0,80448000000.0,65678856466.0,-367000000.0,-587000000.0,36000000.0,3564000000.0,-2708000000.0,973000000.0,-8384000000.0,-80000000.0,7044000000.0,0.0,3401000000.0,3385000000.0,3385000000.0,0.0,-33000000.0,0.159,3905000000.0,5150000000.0,2533000000.0,0.8,1.986,19.403,19.425,90858000000.0,16000000.0,62.16,3.088,3.098,2614000000.0,,21267000000.0,21267000000.0,0.0,0.028,0.104,0.036,0.266,124000000.0,0.0,1.0,1056609660.0,1060000000,1066000000.0,20.063,119636000000.0,803000000.0,438000000.0,14998000000.0,112.864,-2117000000.0
2,SO,MRT,2020-12-31,2020-12-31,2020-12-31,2021-09-10,0.0,122935000000.0,121169000000.0,8617000000.0,114318000000.0,0.168,30.467,-7404000000.0,1065000000.0,1065000000.0,11712000000.0,3103000000.0,0.713,2.805,51041000000.0,4357000000.0,46684000000.0,51041000000.0,0.0,3905000000.0,487000000.0,0.041,2.54,5348000000.0,9253000000.0,0.454,9253000000.0,5348000000.0,3527000000.0,2.95,2.93,2.95,32234000000.0,32152750000.0,32234000000.0,113440945630.0,21.0,12.26,-708000000.0,-0.669,1.0,8663000000.0,0.425,5767000000.0,1821000000.0,155065000000.0,153167000000.0,2488000000.0,1918000000.0,0.0,1918000000.0,90410000000.0,12079000000.0,78331000000.0,64884945630.0,-910000000.0,757000000.0,74000000.0,2268000000.0,-2685000000.0,-576000000.0,-7030000000.0,-80000000.0,6696000000.0,0.0,3134000000.0,3119000000.0,3119000000.0,0.0,-31000000.0,0.153,3843000000.0,4820000000.0,2806000000.0,0.861,2.013,20.803,20.824,89436000000.0,15000000.0,61.43,3.185,3.19,2819000000.0,11311000000.0,20375000000.0,20375000000.0,0.0,0.026,0.097,0.035,0.262,113000000.0,0.0,1.0,1056241993.0,1058000000,1065000000.0,19.258,117168000000.0,796000000.0,393000000.0,14771000000.0,110.745,-3462000000.0
3,SO,MRT,2020-09-30,2020-09-30,2020-09-30,2021-09-10,0.0,123158000000.0,120110250000.0,10574000000.0,112584000000.0,0.168,30.718,-7580000000.0,3379000000.0,3379000000.0,11857000000.0,3154000000.0,0.9,2.781,51935000000.0,4784000000.0,47151000000.0,51935000000.0,0.0,3720000000.0,496000000.0,0.046,2.52,5342000000.0,9062000000.0,0.449,9062000000.0,5342000000.0,3557000000.0,2.99,2.98,2.99,32500000000.0,30970500000.0,32500000000.0,105149409157.0,20.0,11.603,-1460000000.0,-1.38,1.0,8315000000.0,0.412,5779000000.0,1785000000.0,154185000000.0,151163000000.0,2476000000.0,2011000000.0,0.0,2011000000.0,90367000000.0,11750000000.0,78617000000.0,57263409157.0,448000000.0,848000000.0,284000000.0,4177000000.0,-2659000000.0,1539000000.0,-7211000000.0,-148000000.0,6120000000.0,0.0,3188000000.0,3172000000.0,3172000000.0,0.0,-34000000.0,0.157,3565000000.0,4750000000.0,2285000000.0,0.843,1.762,18.053,18.134,88188000000.0,16000000.0,54.22,2.839,2.844,3016000000.0,,20172000000.0,20172000000.0,0.0,0.026,0.102,0.035,0.265,119000000.0,0.0,1.0,1056130748.0,1058000000,1064000000.0,19.066,117379000000.0,799000000.0,369000000.0,14922000000.0,110.944,-1176000000.0
4,SO,MRT,2020-06-30,2020-06-30,2020-06-30,2021-09-10,0.0,119731000000.0,118718500000.0,9069000000.0,110662000000.0,0.173,30.209,-7438000000.0,1879000000.0,1879000000.0,12079000000.0,3216000000.0,0.972,2.737,49765000000.0,3016000000.0,46749000000.0,49765000000.0,0.0,3624000000.0,490000000.0,0.048,2.5,5472000000.0,9096000000.0,0.443,9096000000.0,5472000000.0,3696000000.0,3.07,3.05,3.07,31961000000.0,30793250000.0,31961000000.0,102181303615.0,19.0,11.234,-1323000000.0,-1.25,1.0,8468000000.0,0.412,5791000000.0,1776000000.0,152492000000.0,149136500000.0,2381000000.0,2010000000.0,0.0,2010000000.0,87479000000.0,9334000000.0,78145000000.0,54751303615.0,499000000.0,847000000.0,451000000.0,3804000000.0,-2633000000.0,1433000000.0,-7049000000.0,-148000000.0,6115000000.0,0.0,3253000000.0,3237000000.0,3237000000.0,0.0,-37000000.0,0.158,3546000000.0,4922000000.0,2071000000.0,0.814,1.713,16.914,16.889,86805000000.0,16000000.0,51.85,2.665,2.67,2899000000.0,,20547000000.0,20547000000.0,0.0,0.027,0.105,0.037,0.266,116000000.0,0.0,1.0,1055955711.0,1058000000,1063000000.0,19.421,113940000000.0,797000000.0,443000000.0,14702000000.0,107.694,-265000000.0
5,SO,MRT,2020-03-31,2020-03-31,2020-03-31,2021-09-10,0.0,118852000000.0,117502500000.0,9430000000.0,109422000000.0,0.179,30.195,-7601000000.0,2164000000.0,2164000000.0,12548000000.0,3526000000.0,0.987,2.715,49594000000.0,3749000000.0,45845000000.0,49594000000.0,0.0,3429000000.0,491000000.0,0.046,2.48,5883000000.0,9312000000.0,0.443,9312000000.0,5883000000.0,4122000000.0,3.35,3.32,3.35,31916000000.0,30585750000.0,31916000000.0,103786926063.0,18.0,11.146,-1670000000.0,-1.58,1.0,8477000000.0,0.403,5803000000.0,1761000000.0,150926000000.0,146716250000.0,2215000000.0,2181000000.0,0.0,2181000000.0,86645000000.0,9553000000.0,77092000000.0,57075926063.0,804000000.0,1405000000.0,672000000.0,3838000000.0,-2602000000.0,1608000000.0,-6735000000.0,-148000000.0,5931000000.0,0.0,3539000000.0,3524000000.0,3524000000.0,0.0,-13000000.0,0.168,3279000000.0,5198000000.0,1951000000.0,0.74,1.788,16.196,16.161,85735000000.0,15000000.0,54.14,2.715,2.722,2923000000.0,,21025000000.0,21025000000.0,0.0,0.03,0.115,0.04,0.28,115000000.0,0.0,1.0,1054228409.0,1057000000,1067000000.0,19.891,113049000000.0,798000000.0,583000000.0,14715000000.0,106.953,-123000000.0
6,SO,MRT,2019-12-31,2019-12-31,2019-12-31,2021-09-10,-321000000.0,118700000000.0,116313500000.0,9817000000.0,108883000000.0,0.184,26.295,-7724000000.0,1975000000.0,1975000000.0,13046000000.0,4744000000.0,0.782,3.15,48686000000.0,5273000000.0,43413000000.0,48686000000.0,0.0,3331000000.0,496000000.0,0.039,2.46,8288000000.0,11619000000.0,0.542,11619000000.0,8288000000.0,6552000000.0,4.53,4.5,4.53,27505000000.0,30278500000.0,27505000000.0,111656355099.0,13.0,9.61,-1943000000.0,-1.858,1.0,8373000000.0,0.391,5816000000.0,1736000000.0,147049000000.0,144713750000.0,2388000000.0,2091000000.0,0.0,2091000000.0,86650000000.0,12546000000.0,74104000000.0,66804355099.0,459000000.0,4838000000.0,844000000.0,13000000.0,-2570000000.0,-1930000000.0,-3392000000.0,-148000000.0,5781000000.0,0.0,4754000000.0,4739000000.0,4739000000.0,0.0,-10000000.0,0.221,3206000000.0,5167000000.0,2557000000.0,0.543,2.429,14.097,14.062,84880000000.0,15000000.0,63.7,3.119,3.111,2981000000.0,10877000000.0,21419000000.0,21419000000.0,0.0,0.041,0.157,0.057,0.387,107000000.0,0.0,1.0,1048733989.0,1046000000,1054000000.0,20.477,112884000000.0,798000000.0,1798000000.0,14625000000.0,107.92,-2729000000.0
7,SO,MRT,2019-09-30,2019-09-30,2019-09-30,2021-09-10,0.0,117591000000.0,115867000000.0,9917000000.0,107674000000.0,0.189,30.335,-7798000000.0,2931000000.0,2931000000.0,13566000000.0,4604000000.0,0.941,2.69,47783000000.0,4084000000.0,43699000000.0,47783000000.0,0.0,3416000000.0,494000000.0,0.04,2.44,8064000000.0,11480000000.0,0.526,11480000000.0,8064000000.0,6315000000.0,4.39,4.35,4.39,31791000000.0,30662000000.0,31791000000.0,109338958773.0,14.0,9.524,-1556000000.0,-1.485,1.0,8276000000.0,0.379,5830000000.0,1749000000.0,146079000000.0,143489750000.0,2324000000.0,2339000000.0,0.0,2339000000.0,85509000000.0,10534000000.0,74975000000.0,64563958773.0,1044000000.0,4938000000.0,835000000.0,-1008000000.0,-2539000000.0,-1865000000.0,-3333000000.0,-114000000.0,6242000000.0,0.0,4592000000.0,4577000000.0,4577000000.0,0.0,12000000.0,0.21,3137000000.0,5139000000.0,2266000000.0,0.556,2.031,14.106,14.071,83531000000.0,15000000.0,61.77,2.956,2.964,3385000000.0,,21842000000.0,21842000000.0,0.0,0.04,0.149,0.056,0.369,104000000.0,0.0,1.0,1045231646.0,1048000000,1057000000.0,20.842,111761000000.0,796000000.0,1723000000.0,14961000000.0,106.642,-617000000.0
8,SO,MRT,2019-06-30,2019-06-30,2019-06-30,2021-09-10,0.0,114867000000.0,114398500000.0,8352000000.0,106515000000.0,0.192,29.819,-7763000000.0,1383000000.0,1383000000.0,13962000000.0,4481000000.0,0.759,2.68,46158000000.0,4774000000.0,41384000000.0,46158000000.0,0.0,3422000000.0,489000000.0,0.044,2.42,8192000000.0,11614000000.0,0.528,11614000000.0,8192000000.0,6419000000.0,4.27,4.23,4.27,31131000000.0,28933500000.0,31131000000.0,102115548065.0,12.0,8.792,-1563000000.0,-1.497,1.0,8044000000.0,0.366,5832000000.0,1773000000.0,142811000000.0,141449500000.0,2143000000.0,2370000000.0,0.0,2370000000.0,83445000000.0,10999000000.0,72446000000.0,57507548065.0,-631000000.0,7173000000.0,1320000000.0,-5529000000.0,-2500000000.0,-5697000000.0,-1134000000.0,-114000000.0,6200000000.0,0.0,4440000000.0,4425000000.0,4425000000.0,0.0,41000000.0,0.201,3091000000.0,4953000000.0,2371000000.0,0.567,1.847,12.996,12.946,83036000000.0,15000000.0,55.28,2.613,2.623,3304000000.0,,22006000000.0,22006000000.0,0.0,0.039,0.153,0.058,0.372,117000000.0,0.0,1.0,1040295732.0,1044000000,1052000000.0,21.079,109035000000.0,794000000.0,1979000000.0,14786000000.0,104.44,-2647000000.0
9,SO,MRT,2019-03-31,2019-03-31,2019-03-31,2021-09-10,0.0,114096000000.0,113876000000.0,8709000000.0,105387000000.0,0.198,29.564,-7882000000.0,1361000000.0,1361000000.0,14638000000.0,3423000000.0,0.878,2.709,45969000000.0,3792000000.0,42177000000.0,45969000000.0,0.0,3527000000.0,483000000.0,0.046,2.4,6897000000.0,10424000000.0,0.463,10424000000.0,6897000000.0,5083000000.0,3.26,3.23,3.26,30687000000.0,27059750000.0,30687000000.0,98919281939.0,14.0,9.49,-1702000000.0,-1.64,1.0,7897000000.0,0.35,5869000000.0,1814000000.0,142916000000.0,140775500000.0,2093000000.0,2404000000.0,0.0,2404000000.0,83118000000.0,9919000000.0,73199000000.0,53466281939.0,-926000000.0,7108000000.0,1201000000.0,-6601000000.0,-2462000000.0,-5795000000.0,-1311000000.0,-114000000.0,6180000000.0,0.0,3388000000.0,3372000000.0,3372000000.0,0.0,35000000.0,0.15,4179000000.0,3718000000.0,2569000000.0,0.736,1.742,15.856,15.853,83518000000.0,16000000.0,51.68,2.373,2.38,3616000000.0,,22535000000.0,22535000000.0,0.0,0.03,0.125,0.049,0.306,120000000.0,0.0,1.0,1034564279.0,1038000000,1045000000.0,21.71,108227000000.0,794000000.0,1695000000.0,15025000000.0,104.265,-1210000000.0
10,SO,MRT,2018-12-31,2018-12-31,2018-12-31,2021-09-10,0.0,116914000000.0,113243750000.0,9583000000.0,107331000000.0,0.207,28.47,-7951000000.0,1396000000.0,1396000000.0,15194000000.0,2300000000.0,0.671,3.016,46849000000.0,6113000000.0,40736000000.0,46849000000.0,0.0,3549000000.0,522000000.0,0.054,2.38,4533000000.0,8082000000.0,0.344,8082000000.0,4533000000.0,2691000000.0,2.18,2.17,2.18,29039000000.0,25557000000.0,29039000000.0,90343791001.0,20.0,11.178,-1006000000.0,-0.986,1.0,8301000000.0,0.353,5928000000.0,1842000000.0,142153000000.0,140179250000.0,2394000000.0,2378000000.0,0.0,2378000000.0,87584000000.0,14286000000.0,73298000000.0,45188791001.0,-628000000.0,2705000000.0,1090000000.0,-2579000000.0,-2425000000.0,-1813000000.0,-5760000000.0,-114000000.0,6945000000.0,0.0,2242000000.0,2226000000.0,2226000000.0,0.0,58000000.0,0.095,4401000000.0,3900000000.0,3436000000.0,1.092,1.556,20.3,20.147,80797000000.0,16000000.0,43.92,1.923,1.907,3944000000.0,,23495000000.0,23495000000.0,0.0,0.02,0.087,0.032,0.193,125000000.0,0.0,1.0,1028888684.0,1020000000,1025000000.0,23.034,110986000000.0,794000000.0,449000000.0,13674000000.0,108.81,-4703000000.0
11,SO,MRT,2018-09-30,2018-09-30,2018-09-30,2021-09-10,-177000000.0,111717000000.0,111766500000.0,9384000000.0,102333000000.0,0.213,24.318,-7744000000.0,1847000000.0,1847000000.0,15311000000.0,2530000000.0,0.724,3.35,47002000000.0,5577000000.0,41425000000.0,47002000000.0,0.0,3540000000.0,524000000.0,0.054,2.36,4715000000.0,8255000000.0,0.347,8255000000.0,4715000000.0,2883000000.0,2.41,2.39,2.41,24877000000.0,24679250000.0,24877000000.0,91937333219.0,19.0,11.137,-1017000000.0,-0.994,1.0,8475000000.0,0.356,5989000000.0,1832000000.0,137918000000.0,139374250000.0,2294000000.0,2363000000.0,0.0,2363000000.0,83328000000.0,12965000000.0,70363000000.0,44216333219.0,33000000.0,4294000000.0,1058000000.0,-1722000000.0,-2389000000.0,-2689000000.0,-4005000000.0,-152000000.0,6727000000.0,0.0,2461000000.0,2443000000.0,2443000000.0,0.0,69000000.0,0.103,4461000000.0,4014000000.0,2767000000.0,0.979,1.777,18.099,18.091,78432000000.0,18000000.0,43.6,1.859,1.875,3623000000.0,9048000000.0,23786000000.0,23786000000.0,0.0,0.022,0.099,0.034,0.198,122000000.0,0.0,1.0,1014136083.0,1023000000,1029000000.0,23.251,105728000000.0,792000000.0,422000000.0,13746000000.0,103.351,-3581000000.0
12,SO,MRT,2018-06-30,2018-06-30,2018-06-30,2021-09-10,-188000000.0,112777000000.0,111416000000.0,11619000000.0,101158000000.0,0.214,23.31,-7428000000.0,1980000000.0,1980000000.0,15206000000.0,2417000000.0,0.809,3.628,49701000000.0,7218000000.0,42483000000.0,49701000000.0,0.0,3524000000.0,488000000.0,0.051,2.34,4542000000.0,8066000000.0,0.339,8066000000.0,4542000000.0,2761000000.0,2.34,2.32,2.34,23636000000.0,24480500000.0,23636000000.0,96516336152.0,21.0,11.966,-517000000.0,-0.51,1.0,8622000000.0,0.362,6017000000.0,1781000000.0,140115000000.0,139601750000.0,2151000000.0,2334000000.0,0.0,2334000000.0,85761000000.0,14366000000.0,71395000000.0,46848336152.0,562000000.0,2061000000.0,598000000.0,876000000.0,-2360000000.0,-418000000.0,-5931000000.0,-152000000.0,6911000000.0,0.0,2372000000.0,2348000000.0,2348000000.0,0.0,45000000.0,0.099,4438000000.0,4184000000.0,2647000000.0,1.0,1.982,19.952,19.791,77192000000.0,24000000.0,46.31,1.966,1.971,3527000000.0,8494000000.0,23828000000.0,23828000000.0,0.0,0.021,0.096,0.033,0.191,119000000.0,0.0,1.0,1011624620.0,1014000000,1014000000.0,23.499,106760000000.0,789000000.0,389000000.0,13125000000.0,105.286,-2747000000.0
13,SO,MRT,2018-03-31,2018-03-31,2018-03-31,2021-09-10,-200000000.0,111567000000.0,110392750000.0,9524000000.0,102043000000.0,0.214,24.408,-7399000000.0,2284000000.0,2284000000.0,14834000000.0,1196000000.0,0.699,3.453,51952000000.0,7506000000.0,44446000000.0,51952000000.0,0.0,3507000000.0,530000000.0,0.052,2.32,2828000000.0,6335000000.0,0.268,6335000000.0,2828000000.0,1093000000.0,1.11,1.1,1.11,24676000000.0,24414500000.0,24676000000.0,93687402466.0,33.0,14.789,-392000000.0,-0.388,1.0,8797000000.0,0.372,7074000000.0,1735000000.0,140531000000.0,138945500000.0,2230000000.0,2323000000.0,0.0,2323000000.0,85218000000.0,13630000000.0,71588000000.0,45024402466.0,1174000000.0,1560000000.0,720000000.0,2898000000.0,-2330000000.0,555000000.0,-6388000000.0,-152000000.0,7007000000.0,0.0,1152000000.0,1121000000.0,1121000000.0,0.0,44000000.0,0.047,6361000000.0,2436000000.0,2526000000.0,2.09,1.825,40.164,40.234,80947000000.0,31000000.0,44.66,1.905,1.911,3557000000.0,9257000000.0,23631000000.0,23631000000.0,0.0,0.01,0.046,0.02,0.12,117000000.0,0.0,1.0,1008159482.0,1011000000,1016000000.0,23.374,104493000000.0,818000000.0,-59000000.0,14477000000.0,103.356,-4106000000.0
14,SO,MRT,2017-12-31,2017-12-31,2017-12-31,2021-09-10,0.0,111005000000.0,109941000000.0,10072000000.0,100933000000.0,0.209,25.528,-7164000000.0,2130000000.0,2130000000.0,14366000000.0,926000000.0,0.741,3.336,50793000000.0,6331000000.0,44462000000.0,50793000000.0,0.0,3457000000.0,542000000.0,0.048,2.3,2716000000.0,6173000000.0,0.268,6173000000.0,2716000000.0,1022000000.0,0.84,0.84,0.84,25528000000.0,24519000000.0,25528000000.0,96549455660.0,36.0,15.641,-770000000.0,-0.77,1.0,8665000000.0,0.376,7141000000.0,1694000000.0,138933000000.0,138330000000.0,2627000000.0,2288000000.0,0.0,2288000000.0,85153000000.0,13594000000.0,71559000000.0,48264455660.0,155000000.0,498000000.0,793000000.0,3127000000.0,-2300000000.0,951000000.0,-7190000000.0,-152000000.0,6394000000.0,0.0,880000000.0,842000000.0,842000000.0,0.0,46000000.0,0.037,6372000000.0,2293000000.0,3076000000.0,2.738,1.891,57.321,57.25,79872000000.0,38000000.0,48.09,2.096,2.088,3877000000.0,8885000000.0,23031000000.0,23031000000.0,0.0,0.008,0.034,0.02,0.118,109000000.0,0.0,1.0,1003627691.0,1000000000,1008000000.0,23.031,103864000000.0,825000000.0,142000000.0,14734000000.0,103.864,-3522000000.0
15,SO,MRT,2017-09-30,2017-09-30,2017-09-30,2021-09-10,-182000000.0,110315000000.0,109614000000.0,9202000000.0,101113000000.0,0.206,24.01,-7042000000.0,1841000000.0,1841000000.0,14250000000.0,631000000.0,0.73,3.486,50126000000.0,6084000000.0,44042000000.0,50126000000.0,0.0,3378000000.0,550000000.0,0.046,2.28,2589000000.0,5967000000.0,0.264,5967000000.0,2589000000.0,938000000.0,0.52,0.52,0.52,24082000000.0,24790000000.0,24082000000.0,97871153736.0,38.0,16.402,-1193000000.0,-1.189,1.0,8333000000.0,0.369,7169000000.0,1651000000.0,138828000000.0,137357000000.0,2701000000.0,2425000000.0,0.0,2425000000.0,83956000000.0,12603000000.0,71353000000.0,49114153736.0,-827000000.0,-2457000000.0,1106000000.0,4533000000.0,-2267000000.0,3416000000.0,-10092000000.0,750000000.0,5849000000.0,0.0,586000000.0,543000000.0,543000000.0,0.0,45000000.0,0.024,6408000000.0,1925000000.0,2804000000.0,4.385,2.039,90.45,94.5,79741000000.0,43000000.0,49.14,2.175,2.183,3301000000.0,8981000000.0,22583000000.0,22583000000.0,0.0,0.005,0.022,0.019,0.115,216000000.0,0.0,1.0,999474028.0,1003000000,1010000000.0,22.515,103146000000.0,1456000000.0,352000000.0,15204000000.0,102.837,-3401000000.0
16,SO,MRT,2017-06-30,2017-06-30,2017-06-30,2021-09-10,-191000000.0,108684000000.0,108625750000.0,8837000000.0,99847000000.0,0.208,23.419,-7200000000.0,1433000000.0,1433000000.0,14405000000.0,699000000.0,0.693,3.563,50190000000.0,6305000000.0,43885000000.0,50190000000.0,0.0,3300000000.0,546000000.0,0.047,2.26,2476000000.0,5776000000.0,0.255,5776000000.0,2476000000.0,858000000.0,0.63,0.63,0.63,23372000000.0,24906250000.0,23372000000.0,95400389730.0,39.0,16.517,-1705000000.0,-1.708,1.0,8241000000.0,0.364,7200000000.0,1618000000.0,137490000000.0,135508750000.0,2562000000.0,2414000000.0,0.0,2414000000.0,83274000000.0,12751000000.0,70523000000.0,47621389730.0,-458000000.0,-12493000000.0,2792000000.0,5725000000.0,-2215000000.0,6302000000.0,-12255000000.0,8608000000.0,5495000000.0,0.0,657000000.0,613000000.0,613000000.0,0.0,42000000.0,0.027,6302000000.0,1939000000.0,2454000000.0,3.587,2.038,77.686,76.0,78686000000.0,44000000.0,47.88,2.103,2.11,3162000000.0,8494000000.0,22646000000.0,22646000000.0,0.0,0.006,0.025,0.018,0.109,125000000.0,0.0,1.0,994598783.0,998000000,1005000000.0,22.691,101484000000.0,1869000000.0,201000000.0,14756000000.0,101.687,-3914000000.0
17,SO,MRT,2017-03-31,2017-03-31,2017-03-31,2021-09-10,-189000000.0,109760000000.0,104173000000.0,8427000000.0,101333000000.0,0.208,25.271,-7123000000.0,1094000000.0,1094000000.0,13716000000.0,2694000000.0,0.686,3.287,48873000000.0,6087000000.0,42786000000.0,48873000000.0,0.0,3107000000.0,541000000.0,0.045,2.24,5198000000.0,8305000000.0,0.383,8305000000.0,5198000000.0,3711000000.0,2.68,2.66,2.68,25094000000.0,24567000000.0,25094000000.0,94816526795.0,18.0,11.417,-2211000000.0,-2.227,1.0,7959000000.0,0.367,7186000000.0,1487000000.0,138069000000.0,128938500000.0,2510000000.0,2395000000.0,0.0,2395000000.0,82482000000.0,12284000000.0,70198000000.0,49334526795.0,346000000.0,-13156000000.0,3674000000.0,14423000000.0,-2163000000.0,16081000000.0,-20647000000.0,289000000.0,4912000000.0,0.0,2662000000.0,2617000000.0,2617000000.0,0.0,32000000.0,0.121,3105000000.0,4854000000.0,2221000000.0,0.836,1.966,18.852,18.575,79811000000.0,45000000.0,49.78,2.276,2.281,3069000000.0,10459000000.0,21675000000.0,21675000000.0,0.0,0.025,0.107,0.04,0.24,124000000.0,0.0,1.0,991051161.0,993000000,1000000000.0,21.828,102574000000.0,2191000000.0,1049000000.0,17770000000.0,103.297,-3857000000.0
18,SO,MRT,2016-12-31,2016-12-31,2016-12-31,2021-09-10,0.0,109697000000.0,96416750000.0,9722000000.0,99975000000.0,0.206,27.983,-7431000000.0,1975000000.0,1975000000.0,12479000000.0,2529000000.0,0.753,3.111,47457000000.0,4828000000.0,42629000000.0,47457000000.0,0.0,2923000000.0,558000000.0,0.045,2.223,4761000000.0,7684000000.0,0.386,7684000000.0,4761000000.0,3444000000.0,2.57,2.55,2.57,26612000000.0,23492750000.0,26612000000.0,91011174421.0,19.0,11.844,-2537000000.0,-2.668,1.0,7417000000.0,0.373,7221000000.0,1317000000.0,135041000000.0,119372000000.0,2782000000.0,2323000000.0,0.0,2323000000.0,82803000000.0,12917000000.0,69886000000.0,48206174421.0,572000000.0,-12243000000.0,3758000000.0,13973000000.0,-2104000000.0,15725000000.0,-20047000000.0,0.0,4894000000.0,0.0,2493000000.0,2448000000.0,2448000000.0,0.0,36000000.0,0.123,2930000000.0,4487000000.0,3314000000.0,0.865,1.811,19.692,19.14,78446000000.0,45000000.0,49.19,2.423,2.351,3246000000.0,10356000000.0,19896000000.0,19896000000.0,0.0,0.025,0.104,0.04,0.239,121000000.0,0.0,1.0,979999480.0,951000000,958000000.0,20.921,102476000000.0,2173000000.0,951000000.0,15556000000.0,107.756,-3195000000.0
19,SO,MRT,2016-09-30,2016-09-30,2016-09-30,2021-09-10,-225000000.0,106362000000.0,88572000000.0,9658000000.0,96704000000.0,0.206,25.358,-7313000000.0,2669000000.0,2669000000.0,10934000000.0,2622000000.0,0.914,3.26,45474000000.0,3924000000.0,41550000000.0,45474000000.0,0.0,2717000000.0,577000000.0,0.043,2.205,4744000000.0,7461000000.0,0.408,7461000000.0,4744000000.0,3603000000.0,2.68,2.65,2.68,24547000000.0,22335250000.0,24547000000.0,77908011925.0,16.0,10.442,-1831000000.0,-1.892,1.0,7349000000.0,0.402,7165000000.0,1141000000.0,131435000000.0,109662750000.0,2559000000.0,2310000000.0,0.0,2310000000.0,80015000000.0,10567000000.0,69448000000.0,48304011925.0,1560000000.0,-11847000000.0,3385000000.0,13747000000.0,-2047000000.0,15118000000.0,-19040000000.0,-910000000.0,5482000000.0,0.0,2568000000.0,2522000000.0,2522000000.0,0.0,54000000.0,0.138,2324000000.0,5025000000.0,2265000000.0,0.823,1.968,19.153,19.142,75554000000.0,46000000.0,51.3,2.642,2.716,3211000000.0,10685000000.0,18283000000.0,18283000000.0,0.0,0.028,0.113,0.043,0.259,22000000.0,0.0,1.0,941598673.0,968000000,975000000.0,18.887,99197000000.0,2003000000.0,1035000000.0,17540000000.0,102.476,-909000000.0
20,SO,MRT,2016-06-30,2016-06-30,2016-06-30,2021-09-10,-247000000.0,90873000000.0,80785250000.0,15149000000.0,75724000000.0,0.216,23.571,-6835000000.0,9860000000.0,9860000000.0,10444000000.0,2415000000.0,1.779,3.055,39464000000.0,4096000000.0,35368000000.0,39464000000.0,0.0,2530000000.0,408000000.0,0.041,2.188,4469000000.0,6999000000.0,0.402,6999000000.0,4469000000.0,3484000000.0,2.55,2.53,2.55,22015000000.0,21364500000.0,22015000000.0,78170199333.0,17.0,11.169,-528000000.0,-0.565,1.0,6976000000.0,0.4,754000000.0,985000000.0,111209000000.0,99690500000.0,2008000000.0,763000000.0,0.0,763000000.0,67262000000.0,8514000000.0,58748000000.0,49246199333.0,1084000000.0,-2487000000.0,1523000000.0,12370000000.0,-2010000000.0,11966000000.0,-17189000000.0,-8768000000.0,6307000000.0,0.0,2388000000.0,2342000000.0,2342000000.0,0.0,27000000.0,0.134,2157000000.0,4819000000.0,1493000000.0,0.858,2.237,21.027,21.031,63893000000.0,46000000.0,53.63,2.827,2.875,2116000000.0,10085000000.0,17420000000.0,17420000000.0,0.0,0.029,0.11,0.045,0.257,102000000.0,0.0,1.0,918258425.0,934000000,940000000.0,18.651,90119000000.0,1993000000.0,1096000000.0,14964000000.0,96.487,6635000000.0
21,SO,MRT,2016-03-31,2016-03-31,2016-03-31,2021-09-10,-244000000.0,78735000000.0,76612250000.0,5461000000.0,73274000000.0,0.226,22.704,-6206000000.0,754000000.0,754000000.0,10536000000.0,2411000000.0,0.695,2.711,29678000000.0,3587000000.0,26091000000.0,29678000000.0,0.0,2456000000.0,406000000.0,0.042,2.171,4405000000.0,6861000000.0,0.397,6861000000.0,4405000000.0,3533000000.0,2.57,2.56,2.57,20797000000.0,20906250000.0,20797000000.0,74555575051.0,17.0,10.867,33000000.0,0.036,1.0,6762000000.0,0.391,0.0,872000000.0,99803000000.0,94900250000.0,1922000000.0,761000000.0,0.0,761000000.0,56389000000.0,7856000000.0,48533000000.0,47221575051.0,-358000000.0,-2079000000.0,414000000.0,3832000000.0,-1978000000.0,1773000000.0,-8370000000.0,-449000000.0,6239000000.0,0.0,2396000000.0,2348000000.0,2348000000.0,0.0,15000000.0,0.136,2088000000.0,4674000000.0,1584000000.0,0.845,2.271,20.111,20.128,62552000000.0,48000000.0,51.73,2.73,2.739,1634000000.0,9999000000.0,17298000000.0,17298000000.0,0.0,0.031,0.112,0.046,0.255,101000000.0,0.0,1.0,912846995.0,916000000,922000000.0,18.884,78735000000.0,1985000000.0,1137000000.0,14438000000.0,85.955,-2395000000.0
22,SO,MRT,2015-12-31,2015-12-31,2015-12-31,2021-09-10,0.0,78318000000.0,74831000000.0,6526000000.0,71792000000.0,0.234,24.156,-5272000000.0,1404000000.0,1404000000.0,10808000000.0,2435000000.0,0.715,2.555,28738000000.0,4050000000.0,24688000000.0,28738000000.0,0.0,2395000000.0,404000000.0,0.046,2.153,4455000000.0,6850000000.0,0.392,6850000000.0,4455000000.0,3615000000.0,2.6,2.59,2.6,21982000000.0,20711250000.0,21982000000.0,68549252020.0,15.0,10.007,1002000000.0,1.101,1.0,6681000000.0,0.382,319000000.0,840000000.0,96204000000.0,91797250000.0,1929000000.0,761000000.0,0.0,761000000.0,56175000000.0,9129000000.0,47046000000.0,42529252020.0,694000000.0,-1916000000.0,141000000.0,3998000000.0,-1959000000.0,1700000000.0,-7280000000.0,-160000000.0,6274000000.0,0.0,2421000000.0,2367000000.0,2367000000.0,0.0,14000000.0,0.135,2034000000.0,4647000000.0,1905000000.0,0.828,1.935,17.968,17.996,61114000000.0,54000000.0,46.79,2.432,2.435,1903000000.0,10010000000.0,17489000000.0,17489000000.0,0.0,0.032,0.114,0.049,0.255,99000000.0,0.0,1.0,908938919.0,910000000,914000000.0,19.219,77999000000.0,2117000000.0,1194000000.0,14601000000.0,85.713,-2603000000.0
23,SO,MRT,2015-09-30,2015-09-30,2015-09-30,2021-09-10,-136000000.0,75215000000.0,72809750000.0,6270000000.0,68945000000.0,0.246,22.708,-4930000000.0,1109000000.0,1109000000.0,11476000000.0,2438000000.0,0.647,2.571,27129000000.0,4803000000.0,22326000000.0,27129000000.0,0.0,2282000000.0,400000000.0,0.048,2.135,4425000000.0,6707000000.0,0.374,6707000000.0,4425000000.0,3602000000.0,2.61,2.61,2.61,20664000000.0,20447250000.0,20664000000.0,67167588918.0,15.0,10.015,1286000000.0,1.413,1.0,6462000000.0,0.36,0.0,823000000.0,91546000000.0,89080750000.0,1737000000.0,752000000.0,0.0,752000000.0,53133000000.0,9689000000.0,43444000000.0,40606588918.0,-305000000.0,-1859000000.0,343000000.0,2633000000.0,-1940000000.0,610000000.0,-7131000000.0,0.0,6216000000.0,0.0,2438000000.0,2379000000.0,2379000000.0,0.0,0.0,0.133,1945000000.0,4517000000.0,1419000000.0,0.818,1.965,17.069,17.126,58243000000.0,59000000.0,44.7,2.264,2.268,2275000000.0,10233000000.0,17938000000.0,17938000000.0,0.0,0.033,0.116,0.05,0.247,89000000.0,0.0,1.0,908424808.0,910000000,912000000.0,19.712,75215000000.0,2255000000.0,1164000000.0,14516000000.0,82.654,-3419000000.0
24,SO,MRT,2015-06-30,2015-06-30,2015-06-30,2021-09-10,-121000000.0,74181000000.0,70919500000.0,6605000000.0,67576000000.0,0.252,22.202,-4933000000.0,813000000.0,813000000.0,11531000000.0,2203000000.0,0.76,2.62,27374000000.0,4700000000.0,22674000000.0,27374000000.0,0.0,2282000000.0,398000000.0,0.051,2.117,4071000000.0,6353000000.0,0.355,6353000000.0,4071000000.0,3259000000.0,2.36,2.36,2.36,20182000000.0,20245500000.0,20182000000.0,63022151445.0,15.0,9.92,919000000.0,1.011,1.0,6345000000.0,0.355,0.0,812000000.0,92048000000.0,87146250000.0,1838000000.0,751000000.0,0.0,751000000.0,52876000000.0,8694000000.0,44182000000.0,38056151445.0,230000000.0,-1139000000.0,489000000.0,2845000000.0,-1918000000.0,783000000.0,-6405000000.0,-11000000.0,5852000000.0,0.0,2203000000.0,2138000000.0,2138000000.0,0.0,0.0,0.12,1931000000.0,4414000000.0,1395000000.0,0.897,1.886,17.8,17.754,57007000000.0,65000000.0,41.9,2.129,2.131,2256000000.0,9767000000.0,17876000000.0,17876000000.0,0.0,0.03,0.106,0.047,0.228,89000000.0,0.0,1.0,908261371.0,909000000,912000000.0,19.666,74181000000.0,2476000000.0,1056000000.0,14066000000.0,81.607,-2089000000.0
25,SO,MRT,2015-03-31,2015-03-31,2015-03-31,2021-09-10,-143000000.0,71610000000.0,68974250000.0,6372000000.0,65238000000.0,0.261,21.997,-5256000000.0,1112000000.0,1112000000.0,11675000000.0,2188000000.0,0.694,2.508,26078000000.0,4985000000.0,21093000000.0,26078000000.0,0.0,2284000000.0,670000000.0,0.047,2.1,4105000000.0,6389000000.0,0.355,6389000000.0,4105000000.0,3263000000.0,2.35,2.35,2.35,20017000000.0,20056500000.0,20017000000.0,64556393323.0,16.0,10.104,369000000.0,0.405,1.0,6331000000.0,0.352,0.0,842000000.0,87391000000.0,85225750000.0,1905000000.0,749000000.0,0.0,749000000.0,50201000000.0,9185000000.0,41016000000.0,40289393323.0,522000000.0,-731000000.0,674000000.0,2413000000.0,-1893000000.0,1197000000.0,-6300000000.0,-11000000.0,5625000000.0,0.0,2188000000.0,2120000000.0,2120000000.0,0.0,0.0,0.118,1935000000.0,4396000000.0,1289000000.0,0.894,2.013,19.004,18.843,55475000000.0,68000000.0,44.28,2.238,2.238,1872000000.0,9639000000.0,18006000000.0,18006000000.0,0.0,0.031,0.106,0.048,0.228,91000000.0,0.0,1.0,909877898.0,910000000,915000000.0,19.787,71610000000.0,2105000000.0,1075000000.0,13535000000.0,78.692,-2813000000.0
26,SO,MRT,2014-12-31,2014-12-31,2014-12-31,2021-09-10,0.0,70233000000.0,67281250000.0,5864000000.0,64369000000.0,0.274,23.329,-5353000000.0,710000000.0,710000000.0,12012000000.0,2031000000.0,0.654,2.336,24776000000.0,4132000000.0,20644000000.0,24776000000.0,0.0,2293000000.0,665000000.0,0.042,2.083,3843000000.0,6136000000.0,0.332,6136000000.0,3843000000.0,3008000000.0,2.19,2.18,2.19,20926000000.0,19819750000.0,20926000000.0,67233802483.0,17.0,10.957,462000000.0,0.515,1.0,6455000000.0,0.35,0.0,835000000.0,85338000000.0,84144750000.0,1969000000.0,743000000.0,0.0,743000000.0,48893000000.0,8961000000.0,39932000000.0,44189802483.0,51000000.0,-731000000.0,801000000.0,1677000000.0,-1866000000.0,644000000.0,-6408000000.0,-11000000.0,5815000000.0,0.0,2031000000.0,1963000000.0,1963000000.0,0.0,0.0,0.106,1945000000.0,4510000000.0,1593000000.0,0.951,2.112,22.511,22.425,54868000000.0,68000000.0,49.11,2.393,2.385,1947000000.0,9609000000.0,18467000000.0,18467000000.0,0.0,0.029,0.099,0.046,0.208,63000000.0,0.0,1.0,899812716.0,897000000,901000000.0,20.588,70233000000.0,1510000000.0,977000000.0,13122000000.0,78.298,-3097000000.0
27,SO,MRT,2014-09-30,2014-09-30,2014-09-30,2021-09-10,-70000000.0,67654000000.0,65859500000.0,6258000000.0,61396000000.0,0.279,22.112,-5504000000.0,1414000000.0,1414000000.0,11665000000.0,2162000000.0,0.908,2.35,24458000000.0,2759000000.0,21699000000.0,24458000000.0,0.0,2371000000.0,611000000.0,0.047,2.065,4062000000.0,6433000000.0,0.35,6433000000.0,4062000000.0,3243000000.0,2.34,2.34,2.34,19857000000.0,19529250000.0,19857000000.0,63037156939.0,16.0,9.799,869000000.0,0.968,1.0,6712000000.0,0.365,0.0,819000000.0,83808000000.0,83224500000.0,1835000000.0,680000000.0,0.0,680000000.0,46666000000.0,6890000000.0,39776000000.0,39097156939.0,732000000.0,0.0,694000000.0,1347000000.0,-1839000000.0,156000000.0,-5797000000.0,9000000.0,6373000000.0,0.0,2162000000.0,2094000000.0,2094000000.0,0.0,0.0,0.114,1994000000.0,4718000000.0,1381000000.0,0.882,1.969,18.671,18.654,53167000000.0,68000000.0,43.65,2.128,2.133,2258000000.0,9800000000.0,18377000000.0,18377000000.0,0.0,0.032,0.107,0.049,0.221,62000000.0,0.0,1.0,895696608.0,898000000,902000000.0,20.464,67654000000.0,1488000000.0,1081000000.0,12810000000.0,75.339,-632000000.0
28,SO,MRT,2014-06-30,2014-06-30,2014-06-30,2021-09-10,-71000000.0,66400000000.0,65120250000.0,5376000000.0,61024000000.0,0.277,21.705,-5709000000.0,583000000.0,583000000.0,11432000000.0,2296000000.0,0.9,2.36,24523000000.0,2402000000.0,22121000000.0,24523000000.0,0.0,2340000000.0,611000000.0,0.045,2.047,4267000000.0,6607000000.0,0.366,6607000000.0,4267000000.0,3453000000.0,2.51,2.51,2.51,19426000000.0,19259500000.0,19426000000.0,63489022603.0,15.0,9.609,511000000.0,0.571,1.0,6623000000.0,0.367,0.0,814000000.0,84366000000.0,82627750000.0,1901000000.0,675000000.0,0.0,675000000.0,45843000000.0,5974000000.0,39869000000.0,40425022603.0,159000000.0,0.0,845000000.0,820000000.0,-1812000000.0,-179000000.0,-5882000000.0,-51000000.0,6220000000.0,0.0,2296000000.0,2228000000.0,2228000000.0,0.0,0.0,0.123,1960000000.0,4663000000.0,1320000000.0,0.816,2.081,18.144,18.08,52764000000.0,68000000.0,45.38,2.239,2.25,2119000000.0,9553000000.0,18055000000.0,18055000000.0,0.0,0.034,0.116,0.052,0.236,62000000.0,0.0,1.0,890811428.0,895000000,899000000.0,20.173,66400000000.0,1467000000.0,1157000000.0,12301000000.0,74.19,-598000000.0
29,SO,MRT,2014-03-31,2014-03-31,2014-03-31,2021-09-10,-73000000.0,64838000000.0,64510500000.0,5140000000.0,59698000000.0,0.276,21.427,-5527000000.0,590000000.0,590000000.0,11252000000.0,1981000000.0,1.063,2.341,23654000000.0,1366000000.0,22288000000.0,23654000000.0,0.0,2317000000.0,609000000.0,0.046,2.03,3794000000.0,6111000000.0,0.343,6111000000.0,3794000000.0,2975000000.0,2.17,2.17,2.17,19070000000.0,18913000000.0,19070000000.0,61652111282.0,16.0,10.089,936000000.0,1.052,1.0,6582000000.0,0.369,0.0,819000000.0,83067000000.0,81486000000.0,1861000000.0,670000000.0,0.0,670000000.0,44637000000.0,4835000000.0,39802000000.0,39016111282.0,75000000.0,0.0,775000000.0,281000000.0,-1787000000.0,-710000000.0,-5678000000.0,-71000000.0,6463000000.0,0.0,1981000000.0,1914000000.0,1914000000.0,0.0,0.0,0.107,1932000000.0,4650000000.0,1386000000.0,0.935,2.046,20.385,20.249,51573000000.0,67000000.0,43.94,2.188,2.193,1806000000.0,9410000000.0,17834000000.0,17834000000.0,0.0,0.03,0.101,0.047,0.213,61000000.0,0.0,1.0,887940630.0,890000000,893000000.0,20.038,64838000000.0,1448000000.0,994000000.0,12074000000.0,72.852,305000000.0
30,SO,MRT,2013-12-31,2013-12-31,2013-12-31,2021-09-10,0.0,64546000000.0,64119500000.0,5614000000.0,58932000000.0,0.266,22.536,-5589000000.0,659000000.0,659000000.0,10751000000.0,1710000000.0,1.016,2.247,23295000000.0,1951000000.0,21344000000.0,23295000000.0,0.0,2298000000.0,530000000.0,0.049,2.013,3383000000.0,5681000000.0,0.332,5681000000.0,3383000000.0,2559000000.0,1.88,1.87,1.88,19764000000.0,18654750000.0,19764000000.0,58676353846.0,17.0,10.329,508000000.0,0.579,1.0,6336000000.0,0.371,0.0,824000000.0,81657000000.0,80614500000.0,2298000000.0,665000000.0,0.0,665000000.0,44407000000.0,5525000000.0,38882000000.0,36248353846.0,31000000.0,0.0,675000000.0,770000000.0,-1762000000.0,-324000000.0,-5742000000.0,-149000000.0,6097000000.0,0.0,1710000000.0,1644000000.0,1644000000.0,0.0,0.0,0.096,1901000000.0,4435000000.0,1376000000.0,1.071,1.834,22.049,21.867,51208000000.0,66000000.0,41.11,2.121,2.11,1819000000.0,9510000000.0,17087000000.0,17087000000.0,0.0,0.026,0.088,0.042,0.198,59000000.0,0.0,1.0,881740546.0,877000000,881000000.0,19.483,64546000000.0,1579000000.0,849000000.0,12201000000.0,73.599,89000000.0
31,SO,MRT,2013-09-30,2013-09-30,2013-09-30,2021-09-10,-111000000.0,64697000000.0,63770250000.0,5785000000.0,58912000000.0,0.264,21.387,-5252000000.0,682000000.0,682000000.0,10560000000.0,1678000000.0,1.014,2.385,23110000000.0,2057000000.0,21053000000.0,23110000000.0,0.0,2268000000.0,527000000.0,0.048,1.995,3409000000.0,5677000000.0,0.337,5677000000.0,3409000000.0,2571000000.0,1.84,1.84,1.84,18778000000.0,18464750000.0,18778000000.0,59171328958.0,17.0,10.423,13000000.0,0.015,1.0,6303000000.0,0.374,0.0,838000000.0,81421000000.0,79683750000.0,2308000000.0,658000000.0,0.0,658000000.0,44788000000.0,5704000000.0,39084000000.0,35987328958.0,-574000000.0,0.0,131000000.0,1294000000.0,-1740000000.0,-327000000.0,-5512000000.0,-219000000.0,5265000000.0,0.0,1678000000.0,1613000000.0,1613000000.0,0.0,0.0,0.096,1893000000.0,4410000000.0,1281000000.0,1.084,1.916,22.311,22.38,50200000000.0,65000000.0,41.18,2.134,2.144,2060000000.0,9543000000.0,16863000000.0,16863000000.0,0.0,0.025,0.087,0.043,0.202,58000000.0,0.0,1.0,873903083.0,878000000,881000000.0,19.206,64697000000.0,1402000000.0,893000000.0,11912000000.0,73.687,81000000.0
32,SO,MRT,2013-06-30,2013-06-30,2013-06-30,2021-09-10,-114000000.0,63961000000.0,63086750000.0,6001000000.0,57960000000.0,0.268,20.641,-4905000000.0,431000000.0,431000000.0,10524000000.0,1802000000.0,0.817,2.483,23615000000.0,3672000000.0,19943000000.0,23615000000.0,0.0,2221000000.0,528000000.0,0.045,1.977,3650000000.0,5871000000.0,0.347,5871000000.0,3650000000.0,2796000000.0,1.98,1.98,1.98,18040000000.0,18430000000.0,18040000000.0,61156334398.0,17.0,10.417,183000000.0,0.209,1.0,6371000000.0,0.377,0.0,854000000.0,79799000000.0,78292000000.0,2573000000.0,653000000.0,0.0,653000000.0,44790000000.0,7346000000.0,37444000000.0,38410334398.0,-235000000.0,0.0,-206000000.0,1615000000.0,-1726000000.0,-317000000.0,-5006000000.0,-148000000.0,5088000000.0,0.0,1802000000.0,1737000000.0,1737000000.0,0.0,0.0,0.103,1862000000.0,4509000000.0,1467000000.0,0.998,2.129,22.113,22.288,49317000000.0,65000000.0,44.13,2.273,2.283,1966000000.0,9135000000.0,16895000000.0,16895000000.0,0.0,0.028,0.094,0.047,0.216,57000000.0,0.0,1.0,870390537.0,874000000,879000000.0,19.331,63961000000.0,1393000000.0,994000000.0,11528000000.0,73.182,-1345000000.0
33,SO,MRT,2013-03-31,2013-03-31,2013-03-31,2021-09-10,-119000000.0,63274000000.0,62320750000.0,5932000000.0,57342000000.0,0.27,20.732,-4700000000.0,540000000.0,540000000.0,10456000000.0,2128000000.0,0.921,2.448,23286000000.0,3063000000.0,20223000000.0,23286000000.0,0.0,2184000000.0,526000000.0,0.042,1.96,4152000000.0,6336000000.0,0.376,6336000000.0,4152000000.0,3293000000.0,2.35,2.35,2.35,18037000000.0,18451000000.0,18037000000.0,62571064283.0,15.0,9.875,367000000.0,0.422,1.0,6374000000.0,0.379,0.0,859000000.0,79581000000.0,77328500000.0,2723000000.0,648000000.0,0.0,648000000.0,44155000000.0,6439000000.0,37716000000.0,40772064283.0,-529000000.0,0.0,-125000000.0,1305000000.0,-1709000000.0,-576000000.0,-5020000000.0,-359000000.0,5067000000.0,0.0,2128000000.0,2063000000.0,2063000000.0,0.0,0.0,0.123,1812000000.0,4562000000.0,1369000000.0,0.834,2.26,19.763,19.966,48687000000.0,65000000.0,46.92,2.423,2.425,1635000000.0,9281000000.0,16830000000.0,16830000000.0,0.0,0.033,0.112,0.054,0.247,56000000.0,0.0,1.0,868969827.0,870000000,875000000.0,19.345,63274000000.0,1387000000.0,1165000000.0,11241000000.0,72.729,-507000000.0
34,SO,MRT,2012-12-31,2012-12-31,2012-12-31,2021-09-10,0.0,63149000000.0,61470750000.0,6162000000.0,56987000000.0,0.269,21.819,-4893000000.0,635000000.0,635000000.0,10287000000.0,2415000000.0,0.879,2.303,22434000000.0,3160000000.0,19274000000.0,22434000000.0,0.0,2145000000.0,520000000.0,0.045,1.942,4608000000.0,6753000000.0,0.408,6753000000.0,4608000000.0,3749000000.0,2.7,2.67,2.7,19004000000.0,18366500000.0,19004000000.0,57880457140.0,13.0,8.571,5000000.0,0.006,1.0,6250000000.0,0.378,0.0,859000000.0,77934000000.0,76050000000.0,2819000000.0,670000000.0,0.0,670000000.0,43770000000.0,7014000000.0,36756000000.0,37420457140.0,-687000000.0,0.0,-33000000.0,1205000000.0,-1693000000.0,-417000000.0,-5168000000.0,-280000000.0,4898000000.0,0.0,2415000000.0,2350000000.0,2350000000.0,0.0,0.0,0.142,1787000000.0,4463000000.0,1387000000.0,0.719,1.969,15.924,15.856,48390000000.0,65000000.0,42.81,2.263,2.255,1649000000.0,9626000000.0,16537000000.0,16537000000.0,0.0,0.038,0.128,0.061,0.279,55000000.0,0.0,1.0,874105516.0,871000000,879000000.0,18.986,63149000000.0,1385000000.0,1334000000.0,11444000000.0,72.502,-852000000.0
35,SO,MRT,2012-09-30,2012-09-30,2012-09-30,2021-09-10,-112000000.0,61963000000.0,60500250000.0,6696000000.0,55267000000.0,0.273,21.277,-4989000000.0,1263000000.0,1263000000.0,10538000000.0,2293000000.0,1.019,2.266,21723000000.0,2768000000.0,18955000000.0,21723000000.0,27000000.0,2120000000.0,516000000.0,0.042,1.925,4355000000.0,6475000000.0,0.392,6475000000.0,4355000000.0,3487000000.0,2.54,2.53,2.54,18639000000.0,18186750000.0,18639000000.0,61455388337.0,14.0,9.491,360000000.0,0.411,1.0,5992000000.0,0.362,0.0,868000000.0,75854000000.0,74714000000.0,2530000000.0,665000000.0,0.0,665000000.0,42242000000.0,6569000000.0,35673000000.0,40319388337.0,-260000000.0,0.0,399000000.0,609000000.0,-1675000000.0,-566000000.0,-5043000000.0,-230000000.0,5349000000.0,0.0,2293000000.0,2228000000.0,2228000000.0,0.0,0.0,0.135,1754000000.0,4238000000.0,1280000000.0,0.758,2.163,18.097,18.146,47274000000.0,65000000.0,46.09,2.439,2.443,2014000000.0,9670000000.0,16530000000.0,16530000000.0,0.0,0.037,0.123,0.058,0.263,52000000.0,0.0,1.0,874796883.0,876000000,883000000.0,18.87,61963000000.0,1389000000.0,1194000000.0,11247000000.0,70.734,127000000.0
36,SO,MRT,2012-06-30,2012-06-30,2012-06-30,2021-09-10,-112000000.0,60897000000.0,59345250000.0,6373000000.0,54524000000.0,0.285,20.784,-4726000000.0,851000000.0,851000000.0,11023000000.0,2233000000.0,1.047,2.3,21987000000.0,2528000000.0,19459000000.0,21987000000.0,29000000.0,2101000000.0,513000000.0,0.041,1.907,4268000000.0,6369000000.0,0.377,6369000000.0,4268000000.0,3401000000.0,2.5,2.48,2.5,18124000000.0,17935250000.0,18124000000.0,61130352834.0,14.0,9.598,545000000.0,0.625,1.0,5886000000.0,0.348,0.0,867000000.0,75945000000.0,73481000000.0,2591000000.0,660000000.0,0.0,660000000.0,41691000000.0,6088000000.0,35603000000.0,40220352834.0,222000000.0,0.0,557000000.0,867000000.0,-1651000000.0,-139000000.0,-4910000000.0,-226000000.0,5271000000.0,0.0,2233000000.0,2168000000.0,2168000000.0,0.0,0.0,0.128,1736000000.0,4150000000.0,1253000000.0,0.763,2.219,18.552,18.52,46566000000.0,65000000.0,46.3,2.379,2.388,1919000000.0,9122000000.0,16909000000.0,16909000000.0,0.0,0.037,0.121,0.058,0.252,50000000.0,0.0,1.0,868690126.0,872000000,880000000.0,19.391,60897000000.0,1390000000.0,1168000000.0,10632000000.0,69.836,285000000.0
37,SO,MRT,2012-03-31,2012-03-31,2012-03-31,2021-09-10,-105000000.0,59874000000.0,58126750000.0,6041000000.0,53833000000.0,0.297,20.391,-4775000000.0,1051000000.0,1051000000.0,11366000000.0,2214000000.0,0.956,2.322,21961000000.0,2910000000.0,19051000000.0,21961000000.0,24000000.0,2076000000.0,508000000.0,0.042,1.89,4248000000.0,6324000000.0,0.367,6324000000.0,4248000000.0,3402000000.0,2.5,2.47,2.5,17699000000.0,17649750000.0,17699000000.0,58835165911.0,14.0,9.303,698000000.0,0.804,1.0,5883000000.0,0.341,0.0,846000000.0,74467000000.0,72154500000.0,2483000000.0,654000000.0,0.0,654000000.0,41093000000.0,6317000000.0,34776000000.0,38935165911.0,634000000.0,0.0,646000000.0,799000000.0,-1626000000.0,-113000000.0,-4726000000.0,2000000.0,5473000000.0,0.0,2214000000.0,2149000000.0,2149000000.0,0.0,0.0,0.125,1740000000.0,4143000000.0,1262000000.0,0.756,2.2,18.118,17.972,45855000000.0,65000000.0,44.93,2.257,2.261,1501000000.0,8926000000.0,17249000000.0,17249000000.0,0.0,0.037,0.122,0.059,0.246,46000000.0,0.0,1.0,866573913.0,868000000,877000000.0,19.872,59874000000.0,1381000000.0,1188000000.0,10133000000.0,68.979,-276000000.0
38,SO,MRT,2011-12-31,2011-12-31,2011-12-31,2021-09-10,0.0,59267000000.0,56913000000.0,6272000000.0,52995000000.0,0.31,21.336,-4327000000.0,1323000000.0,1323000000.0,11709000000.0,2268000000.0,0.954,2.221,21223000000.0,2576000000.0,18647000000.0,21223000000.0,0.0,2048000000.0,347000000.0,0.04,1.873,4344000000.0,6392000000.0,0.362,6392000000.0,4344000000.0,3487000000.0,2.57,2.55,2.57,18285000000.0,17341250000.0,18285000000.0,59134651888.0,14.0,9.251,1576000000.0,1.839,1.0,5948000000.0,0.337,0.0,857000000.0,72590000000.0,70881750000.0,2270000000.0,649000000.0,0.0,649000000.0,40607000000.0,6577000000.0,34030000000.0,39898651888.0,868000000.0,0.0,723000000.0,111000000.0,-1601000000.0,-852000000.0,-4183000000.0,1000000.0,5903000000.0,0.0,2268000000.0,2203000000.0,2203000000.0,0.0,0.0,0.125,1717000000.0,4231000000.0,1553000000.0,0.729,2.182,18.111,18.012,45010000000.0,65000000.0,46.29,2.26,2.247,1849000000.0,8968000000.0,17657000000.0,17657000000.0,0.0,0.039,0.127,0.061,0.246,42000000.0,0.0,1.0,861928103.0,857000000,864000000.0,20.603,59267000000.0,1365000000.0,1219000000.0,10104000000.0,69.156,-305000000.0
39,SO,MRT,2011-09-30,2011-09-30,2011-09-30,2021-09-10,-81000000.0,57343000000.0,55854250000.0,6495000000.0,50848000000.0,0.317,20.503,-4043000000.0,1525000000.0,1525000000.0,11965000000.0,2160000000.0,1.148,2.191,20761000000.0,2028000000.0,18733000000.0,20761000000.0,64000000.0,1984000000.0,340000000.0,0.044,1.855,4251000000.0,6235000000.0,0.352,6235000000.0,4251000000.0,3384000000.0,2.45,2.42,2.45,17633000000.0,16997250000.0,17633000000.0,56653744052.0,13.0,9.086,1019000000.0,1.185,1.0,5767000000.0,0.325,0.0,867000000.0,70922000000.0,69933500000.0,1930000000.0,641000000.0,0.0,641000000.0,38628000000.0,5657000000.0,32971000000.0,36338744052.0,257000000.0,0.0,782000000.0,205000000.0,-1575000000.0,-657000000.0,-4148000000.0,-49000000.0,5062000000.0,0.0,2160000000.0,2095000000.0,2095000000.0,0.0,0.0,0.118,1655000000.0,4112000000.0,1355000000.0,0.757,2.061,17.345,17.294,43797000000.0,65000000.0,42.37,2.049,2.055,2280000000.0,9116000000.0,17732000000.0,17732000000.0,0.0,0.038,0.123,0.061,0.24,40000000.0,0.0,1.0,857652680.0,860000000,868000000.0,20.619,57343000000.0,1361000000.0,1224000000.0,9941000000.0,66.678,838000000.0
40,SO,MRT,2011-06-30,2011-06-30,2011-06-30,2021-09-10,-62000000.0,56023000000.0,55242195000.0,5502000000.0,50521000000.0,0.319,19.862,-4206000000.0,450000000.0,450000000.0,12054000000.0,2061000000.0,0.965,2.235,20765000000.0,2211000000.0,18554000000.0,20765000000.0,156000000.0,1974000000.0,337000000.0,0.046,1.838,4059000000.0,6033000000.0,0.342,6033000000.0,4059000000.0,3184000000.0,2.36,2.33,2.36,16982000000.0,16652737000.0,16982000000.0,54681575555.0,13.0,9.064,759000000.0,0.888,1.0,5570000000.0,0.316,0.0,875000000.0,70639000000.0,69241378500.0,2067000000.0,635000000.0,0.0,635000000.0,37959000000.0,5699000000.0,32260000000.0,34287575555.0,171000000.0,0.0,913000000.0,214000000.0,-1548000000.0,-510000000.0,-4284000000.0,-53000000.0,4965000000.0,0.0,2061000000.0,1996000000.0,1996000000.0,0.0,0.0,0.113,1651000000.0,3919000000.0,1423000000.0,0.779,2.019,17.178,17.11,43279000000.0,65000000.0,40.38,1.946,1.959,2243000000.0,8605000000.0,17624000000.0,17624000000.0,0.0,0.036,0.12,0.059,0.23,36000000.0,0.0,1.0,849122723.0,855000000,862000000.0,20.613,56023000000.0,1349000000.0,1123000000.0,9297000000.0,65.524,-197000000.0
41,SO,MRT,2011-03-31,2011-03-31,2011-03-31,2021-09-10,-66000000.0,55019000000.0,54580067500.0,5240000000.0,49779000000.0,0.317,19.416,-3967000000.0,417000000.0,417000000.0,11989000000.0,1967000000.0,0.868,2.276,20811000000.0,2678000000.0,18133000000.0,20811000000.0,133000000.0,1910000000.0,333000000.0,0.048,1.82,3883000000.0,5793000000.0,0.335,5793000000.0,3883000000.0,2988000000.0,2.27,2.24,2.27,16465000000.0,16290477250.0,16465000000.0,52463376369.0,14.0,9.056,284000000.0,0.335,1.0,5322000000.0,0.307,0.0,895000000.0,69376000000.0,68499547500.0,2178000000.0,630000000.0,0.0,630000000.0,37472000000.0,6037000000.0,31435000000.0,32226376369.0,71000000.0,0.0,818000000.0,677000000.0,-1522000000.0,-128000000.0,-4052000000.0,-50000000.0,4251000000.0,0.0,1967000000.0,1902000000.0,1902000000.0,0.0,0.0,0.11,1588000000.0,3734000000.0,1315000000.0,0.802,1.957,16.943,16.789,42701000000.0,65000000.0,38.11,1.862,1.867,1808000000.0,8404000000.0,17311000000.0,17311000000.0,0.0,0.035,0.117,0.057,0.224,35000000.0,0.0,1.0,845614704.0,848000000,854000000.0,20.414,55019000000.0,1263000000.0,1021000000.0,8819000000.0,64.881,-797000000.0
42,SO,MRT,2010-12-31,2010-12-31,2010-12-31,2021-09-10,0.0,55032000000.0,53970328750.0,5883000000.0,49149000000.0,0.323,20.323,-4057000000.0,515000000.0,515000000.0,12141000000.0,2040000000.0,0.909,2.232,20752000000.0,2598000000.0,18154000000.0,20752000000.0,218000000.0,1831000000.0,332000000.0,0.047,1.802,3961000000.0,5792000000.0,0.332,5792000000.0,3961000000.0,3066000000.0,2.37,2.36,2.37,16909000000.0,15972939000.0,16909000000.0,51315544944.0,13.0,8.86,-66000000.0,-0.079,1.0,5315000000.0,0.304,0.0,895000000.0,68797000000.0,67855810750.0,2135000000.0,624000000.0,0.0,624000000.0,37748000000.0,6472000000.0,31276000000.0,32062398944.0,-243000000.0,0.0,772000000.0,844000000.0,-1496000000.0,22000000.0,-4256000000.0,-50000000.0,3991000000.0,0.0,2040000000.0,1975000000.0,1975000000.0,0.0,0.0,0.113,1513000000.0,3802000000.0,1275000000.0,0.76,1.896,16.234,16.131,42002000000.0,65000000.0,38.23,1.837,1.822,2029000000.0,8366000000.0,17456000000.0,17456000000.0,0.0,0.037,0.124,0.058,0.227,33000000.0,0.0,1.0,838671173.0,832000000,837000000.0,20.981,55032000000.0,1280000000.0,1026000000.0,8933000000.0,66.144,-589000000.0
43,SO,MRT,2010-09-30,2010-09-30,2010-09-30,2021-09-10,-71747000.0,54894780000.0,53223828750.0,6609452000.0,48285328000.0,0.323,19.444,-4357167000.0,1277071000.0,1277071000.0,11845410000.0,2136106000.0,1.103,2.311,20530217000.0,2331992000.0,18198225000.0,20530217000.0,291736000.0,1854146000.0,333876000.0,0.048,1.785,4014371000.0,5868517000.0,0.341,5868517000.0,4014371000.0,3128273000.0,2.5,2.48,2.5,16254948000.0,15641939000.0,16254948000.0,51168116007.0,13.0,8.719,73049000.0,0.087,1.0,5349637000.0,0.311,0.0,886098000.0,68153514000.0,67059560750.0,2031136000.0,620674000.0,0.0,620674000.0,37558008000.0,5994412000.0,31563596000.0,30935480007.0,651720000.0,0.0,1227471000.0,1033350000.0,-1464072000.0,690156000.0,-4468652000.0,0.0,4430216000.0,0.0,2136106000.0,2070691000.0,2070691000.0,0.0,0.0,0.12,1540784000.0,3808853000.0,1160993000.0,0.714,1.903,14.94,14.896,41199709000.0,65415000.0,37.24,1.799,1.811,2337989000.0,8594861000.0,17195047000.0,17195047000.0,0.0,0.039,0.132,0.06,0.233,30150000.0,0.0,1.0,830705693.0,836000000,842000000.0,20.568,54894780000.0,1182050000.0,992167000.0,8496229000.0,65.664,615040000.0
44,SO,MRT,2010-06-30,2010-06-30,2010-06-30,2021-09-10,-74460000.0,53374490000.0,52131185500.0,5524262000.0,47850228000.0,0.318,18.76,-4313045000.0,298021000.0,298021000.0,11345499000.0,2108276000.0,0.931,2.367,20530657000.0,2396103000.0,18134554000.0,20530657000.0,479896000.0,1760646000.0,335625000.0,0.053,1.768,3981833000.0,5742479000.0,0.347,5742479000.0,3981833000.0,3094390000.0,2.51,2.5,2.51,15532961000.0,15168714250.0,15532961000.0,47177457865.0,12.0,8.216,-254660000.0,-0.308,1.0,5211030000.0,0.315,0.0,887443000.0,67671676000.0,66061720500.0,2188425000.0,614830000.0,0.0,614830000.0,36759705000.0,5935450000.0,30824255000.0,27440546865.0,-516260000.0,0.0,1087912000.0,404365000.0,-1433774000.0,-24705000.0,-4549940000.0,0.0,4058385000.0,0.0,2108276000.0,2043666000.0,2043666000.0,0.0,0.0,0.123,1445901000.0,3765129000.0,1282523000.0,0.704,1.767,13.427,13.259,40630494000.0,64610000.0,33.28,1.657,1.664,2196765000.0,8156346000.0,16556529000.0,16556529000.0,0.0,0.039,0.135,0.06,0.24,28044000.0,0.0,1.0,824535663.0,828000000,833000000.0,19.996,53374490000.0,1167278000.0,986114000.0,7938074000.0,64.462,-411188000.0
45,SO,MRT,2010-03-31,2010-03-31,2010-03-31,2021-09-10,-78540000.0,52580045000.0,51391825250.0,5220131000.0,47359914000.0,0.316,18.463,-4120791000.0,374604000.0,374604000.0,11077128000.0,2077084000.0,0.946,2.389,20111515000.0,2013563000.0,18097952000.0,20111515000.0,501165000.0,1753167000.0,337014000.0,0.053,1.75,3943188000.0,5696355000.0,0.351,5696355000.0,3943188000.0,3041915000.0,2.5,2.49,2.5,15194847000.0,14731391500.0,15194847000.0,46353559462.0,12.0,8.137,-520922000.0,-0.633,1.0,5156565000.0,0.318,0.0,901273000.0,66801053000.0,65140331000.0,2111740000.0,616394000.0,0.0,616394000.0,36303374000.0,5515903000.0,30787471000.0,27203559462.0,-333599000.0,0.0,1281621000.0,544218000.0,-1401220000.0,351502000.0,-4284970000.0,0.0,3599869000.0,0.0,2077084000.0,2012279000.0,2012279000.0,0.0,0.0,0.124,1456242000.0,3700323000.0,1229108000.0,0.7,1.79,13.519,13.264,39998396000.0,64805000.0,33.16,1.676,1.681,1870581000.0,8021810000.0,16233693000.0,16233693000.0,0.0,0.039,0.137,0.061,0.243,25045000.0,0.0,1.0,820372722.0,823000000,825000000.0,19.725,52580045000.0,1133674000.0,964831000.0,7764638000.0,63.888,-295772000.0
46,SO,MRT,2009-12-31,2009-12-31,2009-12-31,2021-09-10,0.0,52046000000.0,50636092500.0,5873000000.0,46173000000.0,0.311,19.604,-4115000000.0,733000000.0,733000000.0,10770000000.0,1708000000.0,1.052,2.315,19883000000.0,1752000000.0,18131000000.0,19883000000.0,373000000.0,1788000000.0,331000000.0,0.052,1.732,3509000000.0,5297000000.0,0.336,5297000000.0,3509000000.0,2604000000.0,2.07,2.06,2.07,15585000000.0,14245856750.0,15585000000.0,45477003115.0,13.0,8.585,-852000000.0,-1.072,1.0,4973000000.0,0.316,0.0,905000000.0,65612000000.0,64155603500.0,2241000000.0,610000000.0,0.0,610000000.0,36086000000.0,5584000000.0,30502000000.0,26663043115.0,273000000.0,0.0,1286000000.0,1502000000.0,-1369000000.0,1329000000.0,-4319000000.0,0.0,3263000000.0,0.0,1708000000.0,1643000000.0,1643000000.0,0.0,0.0,0.104,1705000000.0,3268000000.0,1329000000.0,0.837,1.711,16.228,16.097,39230000000.0,65000000.0,33.32,1.694,1.683,2030000000.0,7884922000.0,15743000000.0,15743000000.0,0.0,0.032,0.115,0.055,0.223,23000000.0,0.0,1.0,800211378.0,795000000,796000000.0,19.803,52046000000.0,1047000000.0,896000000.0,7728000000.0,65.467,289000000.0
47,SO,MRT,2009-09-30,2009-09-30,2009-09-30,2021-09-10,-84433000.0,50524207000.0,49711342500.0,5881933000.0,44642274000.0,0.323,17.988,-3709730000.0,673264000.0,673264000.0,11100491000.0,1645287000.0,1.136,2.443,19487224000.0,1476989000.0,18010235000.0,19487224000.0,317780000.0,1749158000.0,325035000.0,0.054,1.715,3437294000.0,5186452000.0,0.323,5186452000.0,3437294000.0,2551515000.0,2.0,1.99,2.0,14362049000.0,13845356750.0,14362049000.0,44442786534.0,13.0,8.569,-522078000.0,-0.654,1.0,4934866000.0,0.308,0.0,885779000.0,64162153000.0,62999353500.0,2168659000.0,606165000.0,0.0,606165000.0,35080295000.0,5176014000.0,29904281000.0,25210955534.0,-199189000.0,0.0,761329000.0,1300102000.0,-1344490000.0,615736000.0,-4002577000.0,0.0,3187652000.0,0.0,1645287000.0,1580287000.0,1580287000.0,0.0,0.0,0.099,1674572000.0,3260294000.0,1158560000.0,0.858,1.755,15.953,15.835,38141779000.0,65000000.0,31.67,1.572,1.577,2287734000.0,7987893000.0,16035357000.0,16035357000.0,0.0,0.032,0.114,0.055,0.214,23120000.0,0.0,1.0,796051643.0,798418000,800178000.0,20.084,50524207000.0,1033025000.0,906228000.0,7804736000.0,63.28,705919000.0
48,SO,MRT,2009-06-30,2009-06-30,2009-06-30,2021-09-10,-88612000.0,50417049000.0,49333378000.0,6389370000.0,44027679000.0,0.34,17.431,-3594447000.0,878381000.0,878381000.0,11821191000.0,1635748000.0,1.128,2.579,20110212000.0,2188803000.0,17921409000.0,20110212000.0,364728000.0,1767564000.0,319842000.0,0.054,1.697,3419044000.0,5186608000.0,0.309,5186608000.0,3419044000.0,2540544000.0,2.02,2.0,2.02,13783670000.0,13605858500.0,13783670000.0,43143959531.0,13.0,8.318,-921715000.0,-1.166,1.0,4959183000.0,0.296,0.0,878500000.0,63986118000.0,62077926250.0,2161459000.0,599569000.0,0.0,599569000.0,35551516000.0,5662762000.0,29888754000.0,24380633531.0,587843000.0,0.0,777634000.0,2465476000.0,-1319632000.0,1822226000.0,-3907115000.0,0.0,2672732000.0,0.0,1635748000.0,1570748000.0,1570748000.0,0.0,0.0,0.094,1709469000.0,3249714000.0,1419534000.0,0.84,1.769,15.522,15.426,37497946000.0,65000000.0,31.16,1.453,1.468,2458697000.0,7546424000.0,16780374000.0,16780374000.0,0.0,0.032,0.115,0.055,0.204,23222000.0,0.0,1.0,782433682.0,790748000,792068000.0,21.221,50417049000.0,1010624000.0,904796000.0,7403559000.0,63.759,726608000.0
49,SO,MRT,2009-03-31,2009-03-31,2009-03-31,2021-09-10,-96455000.0,49557114000.0,48693679500.0,5948748000.0,43608366000.0,0.351,16.994,-3851302000.0,803789000.0,803789000.0,12131936000.0,1573517000.0,1.09,2.658,19567115000.0,1761152000.0,17805963000.0,19567115000.0,366045000.0,1753144000.0,312993000.0,0.055,1.68,3352166000.0,5105310000.0,0.298,5105310000.0,3352166000.0,2477548000.0,1.95,1.94,1.95,13252708000.0,13352559250.0,13252708000.0,41676778414.0,12.0,8.163,-523262000.0,-0.671,1.0,4978461000.0,0.291,0.0,874618000.0,62862143000.0,60973307750.0,1944465000.0,906805000.0,0.0,906805000.0,35222543000.0,5458297000.0,29764246000.0,23810778414.0,423300000.0,2780000.0,493272000.0,2262650000.0,-1298820000.0,1348049000.0,-4252789000.0,0.0,3328040000.0,0.0,1573517000.0,1508517000.0,1508517000.0,0.0,0.0,0.088,1690873000.0,3287588000.0,1639403000.0,0.862,1.797,15.784,15.703,36767728000.0,65000000.0,30.62,1.392,1.396,2288029000.0,7411087000.0,17110397000.0,17110397000.0,0.0,0.031,0.113,0.055,0.196,23528000.0,0.0,1.0,777621764.0,779858000,781645000.0,21.94,49557114000.0,989180000.0,904031000.0,7134817000.0,63.546,490451000.0
50,SO,MRT,2008-12-31,2008-12-31,2008-12-31,2021-09-10,0.0,48347000000.0,47953339250.0,5358000000.0,42989000000.0,0.357,18.136,-3844000000.0,520000000.0,520000000.0,12178000000.0,1807000000.0,1.025,2.431,18386000000.0,1570000000.0,16816000000.0,18386000000.0,606000000.0,1704000000.0,302000000.0,0.045,1.663,3588000000.0,5292000000.0,0.309,5292000000.0,3588000000.0,2722000000.0,2.26,2.25,2.26,13983000000.0,13180211750.0,13983000000.0,46014253357.0,13.0,8.695,-380000000.0,-0.493,1.0,4949000000.0,0.289,0.0,866000000.0,60987000000.0,59801327250.0,1775000000.0,897000000.0,0.0,897000000.0,33989000000.0,5226000000.0,28763000000.0,28659473357.0,216000000.0,0.0,474000000.0,1904000000.0,-1280000000.0,878000000.0,-4126000000.0,0.0,3464000000.0,0.0,1807000000.0,1742000000.0,1742000000.0,0.0,0.0,0.102,1443000000.0,3506000000.0,1250000000.0,0.736,2.05,16.452,16.372,35878000000.0,65000000.0,37.0,1.673,1.666,2295000000.0,7611977000.0,17127000000.0,17127000000.0,0.0,0.036,0.132,0.06,0.209,20000000.0,0.0,1.0,774580361.0,771000000,775000000.0,22.214,48347000000.0,973000000.0,915000000.0,7518000000.0,62.707,132000000.0
51,SO,MRT,2008-09-30,2008-09-30,2008-09-30,2021-09-10,-22481000.0,49012349000.0,47313839250.0,5824701000.0,43187648000.0,0.352,17.349,-3900377000.0,837026000.0,837026000.0,11832995000.0,1856770000.0,0.989,2.576,18191806000.0,2410045000.0,15781761000.0,18191806000.0,654127000.0,1643221000.0,295611000.0,0.044,1.645,3600862000.0,5244083000.0,0.315,5244083000.0,3600862000.0,2722951000.0,2.28,2.27,2.28,13404056000.0,12780711750.0,13404056000.0,46443696186.0,13.0,8.856,-297582000.0,-0.385,1.0,4831961000.0,0.29,0.0,877911000.0,60476444000.0,58675077250.0,1581520000.0,929824000.0,0.0,929824000.0,34526430000.0,5890685000.0,28635745000.0,29028359186.0,271808000.0,34550000.0,504702000.0,1475042000.0,-1260672000.0,798302000.0,-4129289000.0,0.0,3602795000.0,0.0,1856770000.0,1760185000.0,1760185000.0,0.0,0.0,0.106,1386075000.0,3445886000.0,1187460000.0,0.721,2.166,16.492,16.531,35112097000.0,96585000.0,37.69,1.742,1.747,2575291000.0,7752182000.0,16664956000.0,16664956000.0,0.0,0.037,0.138,0.061,0.216,19719000.0,0.0,1.0,770187296.0,772622000,776903000.0,21.569,49012349000.0,957151000.0,866181000.0,7162111000.0,63.436,-65984000.0
52,SO,MRT,2008-06-30,2008-06-30,2008-06-30,2021-09-10,-44259000.0,47858255000.0,46387805500.0,5368616000.0,42489639000.0,0.346,16.604,-3909753000.0,235373000.0,235373000.0,11316727000.0,1822134000.0,0.941,2.663,17650710000.0,2067781000.0,15582929000.0,17650710000.0,525926000.0,1585279000.0,290234000.0,0.047,1.628,3590690000.0,5175969000.0,0.322,5175969000.0,3590690000.0,2699059000.0,2.27,2.27,2.27,12770473000.0,12516518000.0,12770473000.0,43812132586.0,12.0,8.465,-39240000.0,-0.051,1.0,4753773000.0,0.296,0.0,891631000.0,59567644000.0,57413058750.0,1582700000.0,923451000.0,0.0,923451000.0,34005919000.0,5705948000.0,28299971000.0,26791053586.0,25426000.0,25185000.0,461969000.0,762342000.0,-1241603000.0,205778000.0,-4050865000.0,0.0,3870513000.0,0.0,1822134000.0,1741744000.0,1741744000.0,0.0,0.0,0.108,1331000000.0,3422773000.0,1396380000.0,0.717,2.098,15.382,15.383,34562570000.0,80390000.0,34.92,1.667,1.671,2501934000.0,7295431000.0,16070500000.0,16070500000.0,0.0,0.038,0.139,0.063,0.223,20280000.0,0.0,1.0,767212302.0,769122000,773140000.0,20.895,47858255000.0,944201000.0,876925000.0,6931255000.0,62.225,-337332000.0
53,SO,MRT,2008-03-31,2008-03-31,2008-03-31,2021-09-10,-51876000.0,46595753000.0,45459428250.0,4826000000.0,41769753000.0,0.344,16.398,-3745523000.0,281291000.0,281291000.0,11001938000.0,1818710000.0,0.887,2.623,17302370000.0,2414858000.0,14887512000.0,17302370000.0,318089000.0,1529786000.0,283786000.0,0.045,1.61,3561523000.0,5091309000.0,0.326,5091309000.0,3561523000.0,2676264000.0,2.3,2.29,2.3,12563318000.0,12271182500.0,12563318000.0,43555399982.0,12.0,8.555,-36282000.0,-0.047,1.0,4625303000.0,0.296,0.0,885259000.0,58174221000.0,56348938750.0,1502665000.0,995400000.0,0.0,995400000.0,32950572000.0,5442611000.0,27507961000.0,27231399982.0,87656000.0,8643000.0,502598000.0,771925000.0,-1222668000.0,294784000.0,-3916369000.0,0.0,3709241000.0,0.0,1818710000.0,1754515000.0,1754515000.0,0.0,0.0,0.112,1282541000.0,3342762000.0,1152838000.0,0.7,2.168,15.521,15.483,34003364000.0,64195000.0,35.61,1.743,1.746,2223498000.0,7201511000.0,15627241000.0,15627241000.0,0.0,0.039,0.143,0.063,0.228,20873000.0,0.0,1.0,764712159.0,766150000,770322000.0,20.397,46595753000.0,927458000.0,857554000.0,6952726000.0,60.818,-616611000.0
54,SO,MRT,2007-12-31,2007-12-31,2007-12-31,2021-09-10,0.0,45789000000.0,44586848500.0,4732000000.0,41057000000.0,0.344,16.382,-3475000000.0,269000000.0,269000000.0,10782000000.0,1782000000.0,0.84,2.61,16593000000.0,2450000000.0,14143000000.0,16593000000.0,389000000.0,1486000000.0,274000000.0,0.041,1.595,3503000000.0,4989000000.0,0.325,4989000000.0,3503000000.0,2617000000.0,2.29,2.28,2.29,12385000000.0,12001046000.0,12385000000.0,45666599539.0,13.0,9.153,-41000000.0,-0.054,1.0,4571000000.0,0.298,0.0,886000000.0,56482000000.0,55294170250.0,1435000000.0,984000000.0,0.0,984000000.0,32324000000.0,5631000000.0,26693000000.0,29429803539.0,34000000.0,0.0,538000000.0,592000000.0,-1205000000.0,309000000.0,-3709000000.0,0.0,3434000000.0,0.0,1782000000.0,1734000000.0,1734000000.0,0.0,0.0,0.113,1245000000.0,3326000000.0,1214000000.0,0.697,2.376,16.972,16.921,33327000000.0,48000000.0,38.75,1.917,1.908,2336000000.0,7154596000.0,15353000000.0,15353000000.0,0.0,0.039,0.144,0.063,0.228,28000000.0,0.0,1.0,759478801.0,756000000,761000000.0,20.308,45789000000.0,910000000.0,835000000.0,6807000000.0,60.567,-899000000.0
55,SO,MRT,2007-09-30,2007-09-30,2007-09-30,2021-09-10,-38190000.0,45308214000.0,43854098500.0,5435854000.0,39872360000.0,0.346,16.283,-3317373000.0,586009000.0,586009000.0,10546596000.0,1718022000.0,0.889,2.607,16822805000.0,3005765000.0,13817040000.0,16822805000.0,354548000.0,1469908000.0,269420000.0,0.044,1.58,3475565000.0,4945473000.0,0.326,4945473000.0,3475565000.0,2570431000.0,2.28,2.26,2.28,12347281000.0,11747546000.0,12347281000.0,44050314550.0,13.0,8.907,-10221000.0,-0.013,1.0,4617903000.0,0.305,0.0,905134000.0,55428370000.0,54223670250.0,1433588000.0,976928000.0,0.0,976928000.0,32194631000.0,6116640000.0,26077991000.0,27443191550.0,116675000.0,-41434000.0,520811000.0,459550000.0,-1186775000.0,54534000.0,-3245011000.0,0.0,3307152000.0,0.0,1718022000.0,1718022000.0,1718022000.0,0.0,0.0,0.113,1232007000.0,3385896000.0,1102793000.0,0.693,2.223,15.974,15.912,32585051000.0,0.0,36.28,1.81,1.814,2942939000.0,7256378000.0,15164499000.0,15164499000.0,0.0,0.039,0.146,0.064,0.229,28966000.0,0.0,1.0,756427551.0,758308000,762392000.0,19.998,45308214000.0,932382000.0,852409000.0,6980029000.0,59.749,-680786000.0
56,SO,MRT,2007-06-30,2007-06-30,2007-06-30,2021-09-10,-31243000.0,44144746000.0,43035974750.0,4754108000.0,39390638000.0,0.346,15.612,-3367819000.0,264886000.0,264886000.0,10299636000.0,1694012000.0,0.874,2.681,16872009000.0,2798388000.0,14073621000.0,16872009000.0,522901000.0,1457463000.0,264610000.0,0.046,1.565,3394518000.0,4851981000.0,0.326,4851981000.0,3394518000.0,2506431000.0,2.27,2.25,2.27,11789131000.0,11482214000.0,11789131000.0,42125057271.0,12.0,8.682,-317077000.0,-0.42,1.0,4582198000.0,0.308,0.0,888087000.0,55311164000.0,53330046750.0,1468309000.0,965540000.0,0.0,965540000.0,31611686000.0,5440705000.0,26170981000.0,25779517271.0,-93798000.0,-36186000.0,428950000.0,818994000.0,-1169845000.0,210706000.0,-3355246000.0,0.0,3050742000.0,0.0,1694012000.0,1694012000.0,1694012000.0,0.0,0.0,0.114,1220172000.0,3362026000.0,1059866000.0,0.689,2.187,15.218,15.106,32022094000.0,0.0,34.29,1.732,1.74,2469948000.0,6799009000.0,14881834000.0,14881834000.0,0.0,0.039,0.148,0.064,0.228,29268000.0,0.0,1.0,751808611.0,755137000,759846000.0,19.707,44144746000.0,923779000.0,812419000.0,6714025000.0,58.459,-686597000.0
57,SO,MRT,2007-03-31,2007-03-31,2007-03-31,2021-09-10,-56006000.0,43105434000.0,42200092000.0,4024338000.0,39081096000.0,0.348,15.305,-3190644000.0,161489000.0,161489000.0,10168957000.0,1650082000.0,0.732,2.689,16507029000.0,3147169000.0,13359860000.0,16507029000.0,797151000.0,1432957000.0,257609000.0,0.042,1.55,3354548000.0,4787505000.0,0.326,4787505000.0,3354548000.0,2477702000.0,2.22,2.21,2.22,11482772000.0,11246509750.0,11482772000.0,43130978163.0,13.0,9.009,-167199000.0,-0.223,1.0,4532452000.0,0.308,0.0,876846000.0,53955147000.0,52295653750.0,1390704000.0,955788000.0,0.0,955788000.0,30878724000.0,5495827000.0,25382897000.0,27435978163.0,-139032000.0,-37059000.0,290751000.0,683402000.0,-1153850000.0,-45515000.0,-3116962000.0,0.0,3023445000.0,0.0,1650082000.0,1650082000.0,1650082000.0,0.0,0.0,0.112,1207418000.0,3325034000.0,983918000.0,0.698,2.389,16.627,16.509,31522683000.0,0.0,36.65,1.866,1.87,1931679000.0,6673423000.0,14701409000.0,14701409000.0,0.0,0.039,0.147,0.064,0.228,29450000.0,0.0,1.0,748594220.0,750259000,755352000.0,19.595,43105434000.0,916888000.0,827620000.0,6775917000.0,57.454,-1471489000.0
58,SO,MRT,2006-12-31,2006-12-31,2006-12-31,2021-09-10,0.0,42858000000.0,41418084500.0,4019000000.0,38839000000.0,0.347,15.304,-2844000000.0,167000000.0,167000000.0,9932000000.0,1573000000.0,0.633,2.704,15862000000.0,3359000000.0,12503000000.0,15862000000.0,845000000.0,1421000000.0,249000000.0,0.042,1.535,3219000000.0,4640000000.0,0.323,4640000000.0,3219000000.0,2353000000.0,2.12,2.1,2.12,11371000000.0,11056748000.0,11371000000.0,43180165804.0,13.0,9.306,-24000000.0,-0.032,1.0,4424000000.0,0.308,0.0,866000000.0,52200000000.0,51446043000.0,1323000000.0,1139000000.0,0.0,1139000000.0,30743000000.0,6353000000.0,24390000000.0,27377404804.0,-35000000.0,-64000000.0,137000000.0,881000000.0,-1140000000.0,-21000000.0,-2834000000.0,0.0,2820000000.0,0.0,1573000000.0,1573000000.0,1573000000.0,0.0,0.0,0.11,1200000000.0,3224000000.0,1081000000.0,0.724,2.408,17.405,17.387,31092000000.0,0.0,36.86,1.907,1.908,2038000000.0,6765219000.0,14356000000.0,14356000000.0,0.0,0.038,0.142,0.063,0.224,28000000.0,0.0,1.0,742740228.0,743000000,748000000.0,19.322,42858000000.0,895000000.0,780000000.0,6893000000.0,57.682,-2334000000.0
59,SO,MRT,2006-09-30,2006-09-30,2006-09-30,2021-09-10,-124384000.0,42035719000.0,40672834500.0,4782538000.0,37253181000.0,0.356,15.192,-2705079000.0,418097000.0,418097000.0,10137863000.0,1543830000.0,0.799,2.672,16220858000.0,3338107000.0,12882751000.0,16220858000.0,720224000.0,1406694000.0,241503000.0,0.044,1.52,3128984000.0,4535678000.0,0.313,4535678000.0,3128984000.0,2299075000.0,2.08,2.08,2.08,11285953000.0,10886248000.0,11285953000.0,41351752867.0,13.0,9.117,-274746000.0,-0.37,1.0,4355719000.0,0.301,0.0,829909000.0,51853876000.0,50756043000.0,1272926000.0,1122106000.0,0.0,1122106000.0,30153053000.0,5984604000.0,24168449000.0,25579180867.0,2096000.0,-86006000.0,14385000.0,1619755000.0,-1128729000.0,509540000.0,-2937777000.0,0.0,2430333000.0,0.0,1543830000.0,1543830000.0,1543830000.0,-5416000.0,0.0,0.107,1196693000.0,3159026000.0,853673000.0,0.731,2.266,16.569,16.567,30575653000.0,0.0,34.46,1.765,1.766,2539562000.0,6865153000.0,14493582000.0,14493582000.0,0.0,0.038,0.142,0.062,0.216,-23419000.0,0.0,1.0,742286154.0,742884000,747560000.0,19.51,42035719000.0,915905000.0,755245000.0,7301890000.0,56.584,-1202066000.0
60,SO,MRT,2006-06-30,2006-06-30,2006-06-30,2021-09-10,-97753000.0,40801215000.0,40009830500.0,4320382000.0,36480833000.0,0.357,14.608,-2243633000.0,262900000.0,262900000.0,10028824000.0,1528049000.0,0.8,2.707,16035472000.0,2845316000.0,13190156000.0,16035472000.0,731913000.0,1406843000.0,237282000.0,0.047,1.505,3037737000.0,4444580000.0,0.311,4444580000.0,3037737000.0,2229461000.0,2.06,2.06,2.06,10846314000.0,10768833250.0,10846314000.0,39300058502.0,13.0,8.842,233772000.0,0.315,1.0,4273263000.0,0.299,0.0,808276000.0,51173592000.0,49955129500.0,1233133000.0,1106644000.0,0.0,1106644000.0,29359289000.0,5400195000.0,23959094000.0,23782652502.0,26480000.0,-116129000.0,-205753000.0,1272651000.0,-1118509000.0,47390000.0,-2498315000.0,0.0,2477405000.0,0.0,1528049000.0,1528049000.0,1528049000.0,3424000.0,0.0,0.107,1194974000.0,3078289000.0,867352000.0,0.731,2.193,15.564,15.558,29961456000.0,0.0,32.05,1.663,1.664,2229936000.0,6414930000.0,14302087000.0,14302087000.0,0.0,0.038,0.142,0.061,0.212,-14777000.0,0.0,1.0,742048440.0,742515000,746387000.0,19.262,40801215000.0,925670000.0,701412000.0,7020634000.0,54.95,-1079813000.0
61,SO,MRT,2006-03-31,2006-03-31,2006-03-31,2021-09-10,-113604000.0,39977404000.0,39327062250.0,4212016000.0,35765388000.0,0.352,14.449,-2306361000.0,300786000.0,300786000.0,9653800000.0,1529647000.0,0.853,2.672,15818192000.0,2584162000.0,13234030000.0,15818192000.0,438740000.0,1406875000.0,230485000.0,0.045,1.49,2939811000.0,4346686000.0,0.314,4346686000.0,2939811000.0,2156724000.0,2.06,2.06,2.06,10723725000.0,10694614250.0,10723725000.0,39109754293.0,13.0,8.998,110936000.0,0.149,1.0,4176430000.0,0.302,0.0,783087000.0,50556704000.0,49245951000.0,1157934000.0,1088984000.0,0.0,1088984000.0,28658063000.0,4938106000.0,23719957000.0,24306754293.0,-80665000.0,-129451000.0,-181273000.0,1385516000.0,-1108484000.0,89188000.0,-2587150000.0,0.0,2417297000.0,0.0,1529647000.0,1529647000.0,1529647000.0,5419000.0,0.0,0.111,1183816000.0,2992614000.0,845142000.0,0.723,2.267,15.89,15.908,29641964000.0,0.0,32.77,1.758,1.759,2124802000.0,6317298000.0,13830230000.0,13830230000.0,0.0,0.039,0.143,0.06,0.213,4055000.0,0.0,1.0,741738001.0,742195000,747039000.0,18.634,39977404000.0,931078000.0,627077000.0,6763621000.0,53.864,-726090000.0
62,SO,MRT,2005-12-31,2005-12-31,2005-12-31,2021-09-10,0.0,39877000000.0,38655199500.0,4205000000.0,35672000000.0,0.351,14.367,-2360000000.0,202000000.0,202000000.0,9416000000.0,1591000000.0,0.802,2.675,15005000000.0,2159000000.0,12846000000.0,15005000000.0,531000000.0,1398000000.0,220000000.0,0.043,1.475,2933000000.0,4331000000.0,0.32,4331000000.0,2933000000.0,2186000000.0,2.14,2.13,2.14,10689000000.0,10615698000.0,10689000000.0,39814287766.0,14.0,9.193,170000000.0,0.228,1.0,4138000000.0,0.305,0.0,747000000.0,49440000000.0,48518344000.0,1069000000.0,1082000000.0,0.0,1082000000.0,28592000000.0,5240000000.0,23352000000.0,25603823766.0,-166000000.0,-115000000.0,-139000000.0,1154000000.0,-1098000000.0,-67000000.0,-2629000000.0,0.0,2530000000.0,0.0,1591000000.0,1591000000.0,1591000000.0,0.0,0.0,0.117,1176000000.0,2962000000.0,1229000000.0,0.689,2.395,16.093,16.136,29480000000.0,0.0,34.53,1.889,1.895,2299000000.0,6332023000.0,13554000000.0,13554000000.0,0.0,0.041,0.15,0.06,0.216,0.0,0.0,1.0,741495041.0,744000000,749000000.0,18.218,39877000000.0,937000000.0,595000000.0,6678000000.0,53.598,-1035000000.0
63,SO,MRT,2005-09-30,2005-09-30,2005-09-30,2021-09-10,-121333000.0,39383703000.0,37924699500.0,4452188000.0,34931515000.0,0.338,14.553,-2178113000.0,416339000.0,416339000.0,8760143000.0,1636238000.0,0.901,2.589,14626803000.0,1771895000.0,12854908000.0,14626803000.0,325545000.0,1345034000.0,213356000.0,0.041,1.46,2932601000.0,4277635000.0,0.334,4277635000.0,2932601000.0,2207318000.0,2.19,2.19,2.19,10816294000.0,10512948000.0,10816294000.0,41263654425.0,14.0,9.646,516061000.0,0.694,1.0,4051401000.0,0.316,0.0,725283000.0,48650222000.0,47820094000.0,1003224000.0,1060496000.0,0.0,1060496000.0,28006967000.0,4943945000.0,23063022000.0,26705984425.0,132135000.0,-109300000.0,-88376000.0,1121172000.0,-1086387000.0,-91080000.0,-2470959000.0,0.0,2694174000.0,0.0,1636238000.0,1636238000.0,1636238000.0,2416000.0,0.0,0.128,1109632000.0,2941769000.0,1150594000.0,0.667,2.469,16.322,16.329,29072818000.0,0.0,35.76,2.085,2.074,2516588000.0,6449477000.0,12811544000.0,12811544000.0,0.0,0.043,0.156,0.061,0.229,57515000.0,0.0,1.0,746811645.0,743214000,747817000.0,17.238,39383703000.0,873903000.0,571080000.0,6664968000.0,52.991,-491757000.0
64,SO,MRT,2005-06-30,2005-06-30,2005-06-30,2021-09-10,-150087000.0,38070142000.0,37203311750.0,3585997000.0,34484145000.0,0.32,14.126,-2109183000.0,236758000.0,236758000.0,8062251000.0,1558507000.0,0.836,2.556,14794428000.0,2105982000.0,12688446000.0,14794428000.0,362692000.0,1278439000.0,209858000.0,0.042,1.445,2779646000.0,4058085000.0,0.341,4058085000.0,2779646000.0,2083766000.0,2.09,2.09,2.09,10549438000.0,10384227000.0,10549438000.0,39882552964.0,14.0,9.828,480565000.0,0.643,1.0,3832215000.0,0.322,0.0,695880000.0,48336878000.0,47279177750.0,1061772000.0,1041834000.0,0.0,1041834000.0,26960262000.0,4290934000.0,22669328000.0,25805531964.0,45418000.0,-99594000.0,148229000.0,902447000.0,-1072813000.0,-158619000.0,-2385711000.0,0.0,2589748000.0,0.0,1558507000.0,1558507000.0,1558507000.0,-6424000.0,0.0,0.131,1052381000.0,2779834000.0,719928000.0,0.691,2.446,16.558,16.589,28895238000.0,0.0,34.67,2.17,2.177,1827738000.0,6004775000.0,11894466000.0,11894466000.0,0.0,0.042,0.15,0.059,0.234,52853000.0,0.0,1.0,744318776.0,746823000,751016000.0,15.927,38070142000.0,877424000.0,525259000.0,6311769000.0,50.976,-704937000.0
65,SO,MRT,2005-03-31,2005-03-31,2005-03-31,2021-09-10,-130176000.0,37289953000.0,36669577250.0,3600148000.0,33689805000.0,0.321,13.989,-1950146000.0,381789000.0,381789000.0,8030898000.0,1523818000.0,0.968,2.529,14458810000.0,1842706000.0,12616104000.0,14458810000.0,0.0,1202610000.0,206135000.0,0.045,1.422,2741982000.0,3944592000.0,0.335,3944592000.0,2741982000.0,2061650000.0,2.05,2.04,2.05,10408060000.0,10225761250.0,10408060000.0,37129321361.0,14.0,9.413,608626000.0,0.818,1.0,3752817000.0,0.318,0.0,680332000.0,47646276000.0,46680794750.0,968026000.0,994248000.0,0.0,994248000.0,26321443000.0,3720698000.0,22600745000.0,23644321361.0,56123000.0,-112698000.0,131329000.0,662698000.0,-1053452000.0,-250271000.0,-2252378000.0,0.0,2558772000.0,0.0,1523818000.0,1523818000.0,1523818000.0,-8419000.0,0.0,0.129,999456000.0,2753361000.0,728169000.0,0.694,2.272,15.516,15.527,28539238000.0,0.0,31.83,2.007,2.01,1820742000.0,5895565000.0,11783715000.0,11783715000.0,0.0,0.042,0.149,0.059,0.233,34318000.0,0.0,1.0,742831334.0,744025000,748672000.0,15.838,37289953000.0,878715000.0,537832000.0,6220612000.0,50.119,-120550000.0
66,SO,MRT,2004-12-31,2004-12-31,2004-12-31,2021-09-10,0.0,36955000000.0,36188913250.0,3491000000.0,33464000000.0,0.324,13.908,-2016000000.0,368000000.0,368000000.0,7959000000.0,1532000000.0,0.919,2.541,13858000000.0,1409000000.0,12449000000.0,13858000000.0,0.0,1161000000.0,199000000.0,0.042,1.415,2757000000.0,3918000000.0,0.334,3918000000.0,2757000000.0,2117000000.0,2.07,2.06,2.07,10278000000.0,10068316750.0,10278000000.0,38029797525.0,14.0,9.706,679000000.0,0.919,1.0,3770000000.0,0.321,0.0,640000000.0,46647000000.0,46089244000.0,910000000.0,976000000.0,0.0,976000000.0,26116000000.0,3798000000.0,22318000000.0,24794305525.0,57000000.0,-97000000.0,124000000.0,474000000.0,-1045000000.0,-380000000.0,-2258000000.0,0.0,2695000000.0,0.0,1532000000.0,1532000000.0,1532000000.0,-3000000.0,0.0,0.131,949000000.0,2821000000.0,877000000.0,0.684,2.412,16.184,16.193,28358000000.0,0.0,33.52,2.114,2.112,1810000000.0,5838986000.0,11729000000.0,11729000000.0,0.0,0.042,0.152,0.06,0.235,31000000.0,0.0,1.0,739686919.0,739000000,743000000.0,15.871,36955000000.0,864000000.0,585000000.0,6215000000.0,50.007,-307000000.0
67,SO,MRT,2004-09-30,2004-09-30,2004-09-30,2021-09-10,-116291000.0,36498152000.0,35744663250.0,3372160000.0,33125992000.0,0.323,13.933,-2947677000.0,284029000.0,284029000.0,7767399000.0,1453226000.0,1.039,2.488,13519521000.0,812485000.0,12707036000.0,13519521000.0,0.0,1793320000.0,196253000.0,0.047,1.408,2678322000.0,4471642000.0,0.388,4471642000.0,2678322000.0,2072538000.0,1.97,1.96,1.97,10301410000.0,9910816750.0,10301410000.0,35836860704.0,13.0,8.014,1367600000.0,1.85,1.0,3766768000.0,0.327,0.0,605784000.0,46486557000.0,45136244000.0,872916000.0,957539000.0,0.0,957539000.0,25627004000.0,3247087000.0,22379917000.0,22130644704.0,-179665000.0,-167810000.0,534678000.0,226527000.0,-1461225000.0,-1158098000.0,-3336844000.0,0.0,4315277000.0,0.0,1453226000.0,1453226000.0,1453226000.0,9000000.0,0.0,0.126,973329000.0,2793439000.0,708023000.0,0.715,2.148,15.229,15.218,28058395000.0,0.0,29.98,1.919,1.922,1883025000.0,5889918000.0,11534167000.0,11534167000.0,0.0,0.041,0.147,0.059,0.232,43920000.0,0.0,1.0,738180277.0,739345000,743695000.0,15.601,36498152000.0,866481000.0,619312000.0,6228785000.0,49.366,125073000.0
68,SO,MRT,2004-06-30,2004-06-30,2004-06-30,2021-09-10,-87473000.0,35935204000.0,35093255750.0,3168487000.0,32766717000.0,0.325,13.432,-2651790000.0,191165000.0,191165000.0,7628644000.0,1427588000.0,0.857,2.567,13897381000.0,1661869000.0,12235512000.0,13897381000.0,0.0,1618585000.0,194368000.0,0.048,1.4,2590735000.0,4209320000.0,0.369,4209320000.0,2590735000.0,2020501000.0,1.95,1.93,1.95,9915575000.0,9756464750.0,9915575000.0,34988937717.0,14.0,8.312,960423000.0,1.301,1.0,3765565000.0,0.33,0.0,570234000.0,45943346000.0,43674945250.0,904113000.0,939152000.0,0.0,939152000.0,25449891000.0,3698074000.0,21751817000.0,21497052717.0,-88481000.0,-143276000.0,507059000.0,538057000.0,-1304724000.0,-708937000.0,-2991757000.0,0.0,3612213000.0,0.0,1427588000.0,1427588000.0,1427588000.0,9000000.0,0.0,0.125,992818000.0,2772747000.0,628438000.0,0.718,2.168,15.058,14.949,27905504000.0,0.0,29.15,1.887,1.889,1751816000.0,5509513000.0,11394209000.0,11394209000.0,0.0,0.041,0.146,0.059,0.227,37081000.0,0.0,1.0,737463215.0,738185000,742453000.0,15.435,35935204000.0,866777000.0,592913000.0,5961098000.0,48.68,-529587000.0
69,SO,MRT,2004-03-31,2004-03-31,2004-03-31,2021-09-10,-114596000.0,35367297000.0,34432778250.0,2894861000.0,32472436000.0,0.326,13.274,-2294131000.0,325491000.0,325491000.0,7332560000.0,1507343000.0,0.809,2.563,13817376000.0,1745354000.0,12072022000.0,13817376000.0,0.0,1460551000.0,189934000.0,0.046,1.392,2660823000.0,4121374000.0,0.368,4121374000.0,2660823000.0,2126999000.0,2.07,2.05,2.07,9778282000.0,9581973500.0,9778282000.0,33594884474.0,13.0,8.151,917754000.0,1.246,1.0,3876718000.0,0.346,0.0,533824000.0,45280073000.0,42340442750.0,865422000.0,853770000.0,0.0,853770000.0,25065889000.0,3579109000.0,21486780000.0,22432884474.0,46299000.0,-102215000.0,518702000.0,519618000.0,-1153956000.0,-613011000.0,-2552575000.0,0.0,3211885000.0,0.0,1507343000.0,1507343000.0,1507343000.0,9000000.0,0.0,0.134,1017666000.0,2859052000.0,658576000.0,0.672,2.294,14.882,14.734,27742964000.0,0.0,30.5,2.001,2.004,1354919000.0,5415465000.0,11209278000.0,11209278000.0,0.0,0.044,0.157,0.063,0.237,37536000.0,0.0,1.0,735504409.0,736638000,741603000.0,15.217,35367297000.0,870348000.0,619656000.0,5805793000.0,48.012,-684248000.0
70,SO,MRT,2003-12-31,2003-12-31,2003-12-31,2021-09-10,0.0,35178000000.0,33803560000.0,3060000000.0,32118000000.0,0.326,13.271,-1964000000.0,311000000.0,311000000.0,7172000000.0,1474000000.0,0.873,2.602,11473000000.0,1309000000.0,10164000000.0,11473000000.0,0.0,1281000000.0,189000000.0,0.046,1.385,2619000000.0,3900000000.0,0.354,3900000000.0,2619000000.0,2092000000.0,2.03,2.02,2.03,9648000000.0,9355109750.0,9648000000.0,32983537950.0,13.0,8.457,1107000000.0,1.523,1.0,3846000000.0,0.349,0.0,527000000.0,42835000000.0,40871579250.0,886000000.0,838000000.0,0.0,838000000.0,25107000000.0,3505000000.0,21602000000.0,22149043950.0,38000000.0,-94000000.0,470000000.0,119000000.0,-1004000000.0,-839000000.0,-2194000000.0,0.0,3071000000.0,0.0,1474000000.0,1474000000.0,1474000000.0,9000000.0,0.0,0.134,1022000000.0,2824000000.0,688000000.0,0.682,2.296,15.026,14.901,27525000000.0,0.0,30.25,2.01,1.996,1467000000.0,5343471000.0,11018000000.0,11018000000.0,0.0,0.044,0.158,0.064,0.238,30000000.0,0.0,1.0,732199800.0,727000000,732000000.0,15.155,35178000000.0,874000000.0,618000000.0,5870000000.0,48.388,-445000000.0
71,SO,MRT,2003-09-30,2003-09-30,2003-09-30,2021-09-10,-103917000.0,33892522000.0,33439310000.0,3420958000.0,30471564000.0,0.332,13.269,-1109861000.0,582949000.0,582949000.0,7227129000.0,1515430000.0,0.837,2.456,11417443000.0,1667326000.0,9750117000.0,11417443000.0,0.0,698060000.0,187783000.0,0.047,1.378,2602368000.0,3300428000.0,0.297,3300428000.0,2602368000.0,2091275000.0,2.09,2.07,2.09,9684002000.0,9120609750.0,9684002000.0,32839282160.0,13.0,9.95,321024000.0,0.44,1.0,3867668000.0,0.349,0.0,511093000.0,40641362000.0,40119329250.0,869865000.0,821646000.0,0.0,821646000.0,23785394000.0,4085654000.0,19699740000.0,21381832160.0,170410000.0,-31428000.0,122626000.0,266276000.0,-567374000.0,-66941000.0,-1193534000.0,0.0,1430885000.0,0.0,1515430000.0,1515430000.0,1515430000.0,0.0,0.0,0.137,1045464000.0,2822204000.0,694507000.0,0.659,2.208,14.109,14.043,26028488000.0,0.0,29.35,1.927,1.931,1607902000.0,5474715000.0,11094797000.0,11094797000.0,0.0,0.045,0.166,0.065,0.235,11234000.0,0.0,1.0,728512169.0,729816000,734855000.0,15.202,33892522000.0,885363000.0,575845000.0,5911446000.0,46.44,-664696000.0
72,SO,MRT,2003-06-30,2003-06-30,2003-06-30,2021-09-10,-101635000.0,33293294000.0,32829080750.0,2958295000.0,30334999000.0,0.336,12.72,-1604237000.0,210639000.0,210639000.0,7193672000.0,1492008000.0,0.714,2.612,11668089000.0,2142215000.0,9525874000.0,11668089000.0,0.0,865518000.0,177036000.0,0.038,1.17,2567097000.0,3432615000.0,0.311,3432615000.0,2567097000.0,2060920000.0,2.08,2.06,2.08,9217610000.0,8879932750.0,9217610000.0,33865605642.0,13.0,9.866,567631000.0,0.783,1.0,3848286000.0,0.349,0.0,506177000.0,40605336000.0,39376486000.0,880766000.0,806908000.0,0.0,806908000.0,24075684000.0,4145408000.0,19930276000.0,22489334642.0,-395321000.0,-90000000.0,205170000.0,-6588000.0,-702674000.0,-814881000.0,-1752308000.0,0.0,2171868000.0,0.0,1492008000.0,1492008000.0,1492008000.0,0.0,0.0,0.135,1050379000.0,2797907000.0,657820000.0,0.562,2.44,15.073,14.981,25962817000.0,0.0,31.16,2.037,2.045,1537933000.0,5110814000.0,11041958000.0,11041958000.0,0.0,0.045,0.168,0.065,0.232,31029000.0,0.0,1.0,721737312.0,724627000,730286000.0,15.238,33293294000.0,889272000.0,568912000.0,5625722000.0,45.945,-1187113000.0
73,SO,MRT,2003-03-31,2003-03-31,2003-03-31,2021-09-10,-89842000.0,32850424000.0,32333375250.0,2921616000.0,29928808000.0,0.336,12.339,-2235552000.0,309395000.0,309395000.0,7127015000.0,1391513000.0,0.606,2.703,11685666000.0,2982150000.0,8703516000.0,11685666000.0,0.0,1032387000.0,173552000.0,0.041,1.163,2424751000.0,3457138000.0,0.319,3457138000.0,2424751000.0,1929543000.0,1.95,1.93,1.95,8870827000.0,8647434250.0,8870827000.0,31453080729.0,13.0,9.098,339511000.0,0.472,1.0,3721751000.0,0.343,0.0,495208000.0,39404619000.0,38394858250.0,840292000.0,791190000.0,0.0,791190000.0,23979597000.0,4822076000.0,19157521000.0,20422080729.0,-17153000.0,-90000000.0,302118000.0,243890000.0,-831278000.0,-211000000.0,-2381216000.0,0.0,2575063000.0,0.0,1391513000.0,1391513000.0,1391513000.0,0.0,0.0,0.128,1046353000.0,2675398000.0,717949000.0,0.596,2.302,14.676,14.585,25691338000.0,0.0,28.44,1.882,1.885,1353727000.0,4921636000.0,10848766000.0,10848766000.0,0.0,0.043,0.161,0.063,0.224,27195000.0,0.0,1.0,718075975.0,718943000,724891000.0,15.09,32850424000.0,894336000.0,538030000.0,5465717000.0,45.693,-1900460000.0
74,SO,MRT,2002-12-31,2002-12-31,2002-12-31,2021-09-10,0.0,33721000000.0,31670020250.0,2929000000.0,30792000000.0,0.332,12.302,-2728000000.0,273000000.0,273000000.0,6885000000.0,1318000000.0,0.587,2.837,11365000000.0,2651000000.0,8714000000.0,11365000000.0,0.0,1185000000.0,169000000.0,0.041,1.155,2338000000.0,3523000000.0,0.335,3523000000.0,2338000000.0,1846000000.0,1.86,1.85,1.86,8710000000.0,8456196500.0,8710000000.0,31035804798.0,13.0,8.809,125000000.0,0.177,1.0,3629000000.0,0.345,0.0,492000000.0,39826000000.0,37799841500.0,859000000.0,791000000.0,0.0,791000000.0,24713000000.0,4987000000.0,19726000000.0,20255652798.0,-81000000.0,-90000000.0,428000000.0,576000000.0,-958000000.0,34000000.0,-2968000000.0,0.0,2853000000.0,0.0,1318000000.0,1318000000.0,1318000000.0,0.0,0.0,0.125,1047000000.0,2582000000.0,797000000.0,0.621,2.326,15.368,15.263,26566000000.0,0.0,28.39,1.927,1.912,1507000000.0,4874375000.0,10514000000.0,10514000000.0,0.0,0.042,0.156,0.062,0.222,23000000.0,0.0,1.0,713478436.0,708000000,714000000.0,14.85,33721000000.0,898000000.0,528000000.0,5341000000.0,47.629,-2058000000.0
75,SO,MRT,2002-09-30,2002-09-30,2002-09-30,2021-09-10,-43297000.0,31451605000.0,30714020250.0,3132781000.0,28318824000.0,0.334,12.272,-2671733000.0,293025000.0,293025000.0,6609864000.0,1266595000.0,0.687,2.606,11073177000.0,2246778000.0,8826399000.0,11073177000.0,35698000.0,1208445000.0,163693000.0,0.04,1.147,2326066000.0,3534511000.0,0.345,3534511000.0,2326066000.0,1829782000.0,1.79,1.77,1.79,8721294000.0,8274696500.0,8721294000.0,31043171057.0,13.0,8.783,160995000.0,0.227,1.0,3641721000.0,0.355,0.0,496284000.0,37669989000.0,36792091500.0,868595000.0,699269000.0,0.0,699269000.0,22730311000.0,4561768000.0,18168543000.0,20395282057.0,-12423000.0,-108572000.0,397706000.0,615501000.0,-946153000.0,69618000.0,-2914769000.0,0.0,2832728000.0,0.0,1266595000.0,1266595000.0,1266595000.0,217000.0,0.0,0.124,1068995000.0,2572726000.0,728432000.0,0.641,2.339,16.102,16.078,24285514000.0,0.0,28.78,1.989,1.995,1442262000.0,4947935000.0,10251585000.0,10251585000.0,0.0,0.041,0.153,0.063,0.227,19795000.0,0.0,1.0,708661642.0,710647000,716464000.0,14.426,31451605000.0,902428000.0,563187000.0,5626013000.0,44.258,-1428987000.0
76,SO,MRT,2002-06-30,2002-06-30,2002-06-30,2021-09-10,-22214000.0,31310472000.0,30300796750.0,3344629000.0,27965843000.0,0.336,11.736,-2680254000.0,674708000.0,674708000.0,6581191000.0,1225560000.0,0.634,2.778,11322597000.0,3295802000.0,8026795000.0,11322597000.0,37422000.0,1246267000.0,163900000.0,0.049,1.34,2309779000.0,3556046000.0,0.35,3556046000.0,2309779000.0,1800876000.0,1.75,1.73,1.75,8287616000.0,8087398000.0,8287616000.0,30023432963.0,13.0,8.443,-75944000.0,-0.108,1.0,3586847000.0,0.353,0.0,508903000.0,36678825000.0,36173566000.0,911795000.0,684762000.0,0.0,684762000.0,23022856000.0,5279536000.0,17743320000.0,19302933963.0,474656000.0,-50000000.0,447501000.0,713107000.0,-934495000.0,651464000.0,-2781118000.0,0.0,2604310000.0,0.0,1225560000.0,1225560000.0,1225560000.0,217000.0,0.0,0.121,1085853000.0,2500994000.0,683622000.0,0.766,2.329,15.75,15.657,23955003000.0,0.0,27.4,1.898,1.903,1305382000.0,4595370000.0,10168038000.0,10168038000.0,0.0,0.04,0.152,0.064,0.227,0.0,0.0,1.0,704486641.0,706181000,712165000.0,14.399,31310472000.0,909609000.0,575316000.0,5429010000.0,44.338,-1934907000.0
77,SO,MRT,2002-03-31,2002-03-31,2002-03-31,2021-09-10,13258000.0,30197004000.0,29789974000.0,2750176000.0,27446828000.0,0.339,11.563,-2624367000.0,296086000.0,296086000.0,6556595000.0,1166741000.0,0.706,2.725,11016585000.0,2084839000.0,8931746000.0,11016585000.0,39099000.0,1304730000.0,158303000.0,0.051,1.34,2257755000.0,3562485000.0,0.353,3562485000.0,2257755000.0,1725934000.0,1.67,1.66,1.67,8105876000.0,7899258000.0,8105876000.0,28819260551.0,13.0,8.09,82626000.0,0.118,1.0,3542475000.0,0.351,0.0,531821000.0,37024552000.0,35666690750.0,938130000.0,670009000.0,0.0,670009000.0,22091128000.0,3892951000.0,18198177000.0,18545260551.0,116506000.0,-50000000.0,433002000.0,941281000.0,-927952000.0,481689000.0,-2769508000.0,0.0,2706993000.0,0.0,1166741000.0,1166741000.0,1166741000.0,-1968000.0,0.0,0.116,1114969000.0,2427506000.0,649472000.0,0.802,2.288,15.895,15.862,23484538000.0,0.0,26.49,1.836,1.839,1053248000.0,4500140000.0,10099070000.0,10099070000.0,0.0,0.039,0.148,0.063,0.224,0.0,0.0,1.0,700085336.0,701012000,706298000.0,14.406,30197004000.0,917401000.0,559193000.0,5429812000.0,43.076,-1142775000.0
78,SO,MRT,2001-12-31,2001-12-31,2001-12-31,2021-09-10,0.0,29897000000.0,30122482250.0,2956000000.0,26941000000.0,0.337,11.588,-2617000000.0,354000000.0,354000000.0,6591000000.0,1262000000.0,0.676,2.745,10628000000.0,2331000000.0,8297000000.0,10628000000.0,42000000.0,1358000000.0,153000000.0,0.053,1.34,2377000000.0,3735000000.0,0.368,3735000000.0,2377000000.0,1820000000.0,1.83,1.82,1.83,7984000000.0,8513449750.0,7984000000.0,27664869877.0,12.0,7.407,-233000000.0,-0.338,1.0,3564000000.0,0.351,0.0,557000000.0,35795000000.0,35726783000.0,944000000.0,655000000.0,0.0,655000000.0,21913000000.0,4376000000.0,17537000000.0,17621581877.0,155000000.0,-50000000.0,395000000.0,1037000000.0,-922000000.0,507000000.0,-2736000000.0,0.0,2384000000.0,0.0,1262000000.0,1262000000.0,1262000000.0,-142000000.0,0.0,0.124,1173000000.0,2391000000.0,823000000.0,0.732,2.207,13.963,13.852,23084000000.0,0.0,25.35,1.735,1.72,1427000000.0,4516642000.0,10155000000.0,10155000000.0,0.0,0.042,0.148,0.067,0.234,0.0,0.0,1.0,695131435.0,689000000,694000000.0,14.739,29897000000.0,924000000.0,558000000.0,5391000000.0,43.392,-1420000000.0
79,SO,MRT,2001-09-30,2001-09-30,2001-09-30,2021-09-10,-8842000.0,29798711000.0,30488646750.0,3273252000.0,26525459000.0,0.338,11.526,-2728007000.0,305624000.0,305624000.0,6740234000.0,1258615000.0,0.705,2.738,10348912000.0,2408327000.0,7940585000.0,10348912000.0,42237000.0,1310140000.0,149592000.0,0.056,1.34,2403961000.0,3714101000.0,0.361,3714101000.0,2403961000.0,1824268000.0,1.82,1.81,1.82,7972100000.0,9190035000.0,7972100000.0,26935062621.0,11.0,7.252,-334238000.0,-0.483,1.0,3549829000.0,0.345,0.0,579693000.0,35195887000.0,36031826500.0,859391000.0,640567000.0,0.0,640567000.0,21826611000.0,4646112000.0,17180499000.0,16540074621.0,109966000.0,-6000000.0,1176841000.0,401813000.0,-906988000.0,614861000.0,-2742466000.0,0.0,2393769000.0,0.0,1258615000.0,1258615000.0,1258615000.0,-190137000.0,0.0,0.122,1150434000.0,2399395000.0,662586000.0,0.736,2.075,13.141,13.176,22774287000.0,0.0,23.98,1.607,1.612,1439469000.0,4643091000.0,10290063000.0,10290063000.0,0.0,0.041,0.137,0.067,0.234,0.0,0.0,1.0,689744563.0,691687000,691728000.0,14.877,29798711000.0,938741000.0,565653000.0,5727326000.0,43.081,-1372860000.0
80,SO,MRT,2001-06-30,2001-06-30,2001-06-30,2021-09-10,764000.0,29267181000.0,33921946250.0,3039577000.0,26227604000.0,0.304,10.973,-2658931000.0,200228000.0,200228000.0,6728134000.0,1317770000.0,0.607,2.884,10595216000.0,3064004000.0,7531212000.0,10595216000.0,46743000.0,1298675000.0,146519000.0,0.058,1.34,2527536000.0,3826211000.0,0.371,3826211000.0,2527536000.0,1914900000.0,1.97,1.97,1.97,7535056000.0,9541931750.0,7535056000.0,25786920719.0,10.0,6.74,-219697000.0,-0.32,1.0,3594843000.0,0.348,0.0,612636000.0,34651324000.0,38390729250.0,896100000.0,626154000.0,0.0,626154000.0,21732125000.0,5010845000.0,16721280000.0,15926816719.0,73240000.0,-6000000.0,1104505000.0,469517000.0,-893085000.0,610579000.0,-2742603000.0,0.0,2439234000.0,0.0,1317770000.0,1317770000.0,1317770000.0,-280370000.0,0.0,0.128,1154978000.0,2439865000.0,705203000.0,0.68,2.114,12.086,11.802,22451160000.0,0.0,23.25,1.543,1.547,1245045000.0,4352900000.0,10322977000.0,10322977000.0,0.0,0.039,0.138,0.066,0.245,0.0,0.0,1.0,685024375.0,686702000,691404000.0,15.033,29267181000.0,945709000.0,597130000.0,5458621000.0,42.62,-1971268000.0
81,SO,MRT,2001-03-31,2001-03-31,2001-03-31,2021-09-10,-407041000.0,31527037000.0,36485523500.0,2651121000.0,28875916000.0,0.282,15.475,-2440057000.0,179756000.0,179756000.0,6648118000.0,1387101000.0,0.643,1.985,10039860000.0,2344764000.0,7695096000.0,10039860000.0,52634000.0,1308904000.0,143468000.0,0.038,1.34,2629083000.0,3937987000.0,0.383,3937987000.0,2629083000.0,1993298000.0,2.1,2.1,2.1,10562643000.0,9888376000.0,10562643000.0,33320488544.0,13.0,8.461,-237723000.0,-0.348,1.0,3635797000.0,0.354,0.0,635785000.0,37264921000.0,40721964750.0,836511000.0,610864000.0,0.0,610864000.0,20964394000.0,4122220000.0,16842174000.0,23929488544.0,92551000.0,-6000000.0,997135000.0,-265595000.0,-880763000.0,-198021000.0,-2498665000.0,0.0,2202334000.0,0.0,1387101000.0,1387101000.0,1387101000.0,-364519000.0,0.0,0.135,1182992000.0,2452805000.0,632840000.0,0.638,2.265,17.251,16.71,22040099000.0,0.0,35.09,2.327,2.329,1019388000.0,4763406000.0,10283915000.0,10283915000.0,0.0,0.038,0.14,0.065,0.256,0.0,0.0,1.0,681946097.0,682575000,684968000.0,15.066,31527037000.0,951018000.0,606197000.0,5506750000.0,46.188,-1471099000.0
82,SO,MRT,2000-12-31,2000-12-31,2000-12-31,2021-09-10,-93598000.0,31361658000.0,38216642750.0,2825199000.0,28536459000.0,0.263,16.371,-2225000000.0,199191000.0,199191000.0,6490000000.0,1313000000.0,0.756,1.934,9589458000.0,1746967000.0,7842491000.0,9589458000.0,58377000.0,1337000000.0,139798000.0,0.04,1.34,2544000000.0,3881000000.0,0.386,3881000000.0,2544000000.0,1901000000.0,2.01,2.01,2.01,10690341000.0,9450698000.0,10690341000.0,38614341746.0,15.0,9.95,151000000.0,0.231,1.0,3576000000.0,0.355,0.0,643000000.0,37015174000.0,42200759750.0,702631000.0,595952000.0,0.0,595952000.0,20671317000.0,3736751000.0,16934566000.0,21641701746.0,45000000.0,-6000000.0,495000000.0,53000000.0,-873000000.0,-379000000.0,-2306000000.0,0.0,2376000000.0,0.0,1313000000.0,1313000000.0,1313000000.0,-319000000.0,0.0,0.13,1171000000.0,2405000000.0,870032000.0,0.667,2.024,16.483,16.542,21622402000.0,0.0,33.25,2.15,2.157,1311457000.0,4671881000.0,10066000000.0,10066000000.0,0.0,0.034,0.139,0.06,0.253,0.0,0.0,1.0,650878248.0,653000000,654000000.0,15.415,31361658000.0,956673000.0,588000000.0,5376834000.0,48.027,-911552000.0
83,SO,MRT,2000-09-30,2000-09-30,2000-09-30,2021-09-10,-107115000.0,43531909000.0,39973481250.0,7467076000.0,36064833000.0,0.203,14.445,-1719104000.0,834674000.0,834674000.0,6710772000.0,1323397000.0,0.663,3.641,17807314000.0,5860089000.0,11947225000.0,17807314000.0,63914000.0,1184977000.0,142901000.0,0.041,1.34,2143851000.0,3328828000.0,0.41,3328828000.0,2143851000.0,1797062000.0,2.04,2.04,2.04,9379687000.0,9079112750.0,9379687000.0,37796474913.0,18.0,11.354,350474000.0,0.54,1.0,1408654000.0,0.173,4617900000.0,346789000.0,44631498000.0,42615367250.0,932241000.0,1825148000.0,0.0,1825148000.0,34152222000.0,11255151000.0,22897071000.0,21054433913.0,-12801000.0,1472217000.0,-567202000.0,-671483000.0,-880121000.0,-2345748000.0,-932701000.0,0.0,2069578000.0,1872000.0,1323397000.0,1323397000.0,1323397000.0,-631856000.0,0.0,0.163,-645817000.0,2054471000.0,2260873000.0,0.657,2.245,15.909,15.912,25119366000.0,0.0,32.46,2.593,2.596,3896731000.0,4777956000.0,8119426000.0,8119426000.0,0.0,0.033,0.146,0.05,0.264,0.0,0.0,1.0,648627046.0,649347000,650869000.0,12.504,38914009000.0,944541000.0,473665000.0,6376122000.0,59.928,-3788075000.0
84,SO,MRT,2000-06-30,2000-06-30,2000-06-30,2021-09-10,-110980000.0,39521490000.0,38646653750.0,4135121000.0,35386369000.0,0.224,13.752,-1798462000.0,787923000.0,787923000.0,6437675000.0,1325047000.0,0.539,3.43,17529964000.0,5117209000.0,12412755000.0,17529964000.0,69312000.0,1215861000.0,139234000.0,0.057,1.34,2304019000.0,3519880000.0,0.407,3519880000.0,2304019000.0,1886262000.0,1.99,1.99,1.99,8920833000.0,9115622250.0,8920833000.0,31694065566.0,14.0,9.004,350418000.0,0.54,1.0,2221025000.0,0.257,4610405000.0,417757000.0,43976266000.0,42765922750.0,892269000.0,1999970000.0,0.0,1999970000.0,30600657000.0,7676860000.0,22923797000.0,15119419566.0,237380000.0,1476990000.0,-1025003000.0,-605043000.0,-891522000.0,-2464173000.0,-719297000.0,0.0,2148880000.0,0.0,1325047000.0,1325047000.0,1325047000.0,-541623000.0,0.0,0.153,95554000.0,2125471000.0,886439000.0,0.673,1.695,11.41,11.714,24890913000.0,0.0,23.31,1.746,1.746,1801778000.0,4381761000.0,8658700000.0,8658700000.0,0.0,0.034,0.145,0.054,0.266,0.0,0.0,1.0,648623748.0,648696000,648696000.0,13.348,34911085000.0,953733000.0,561215000.0,6108050000.0,53.817,-3541739000.0
85,SO,MRT,2000-03-31,2000-03-31,2000-03-31,2021-09-10,-95313000.0,38451514000.0,38158722250.0,3313986000.0,35137528000.0,0.234,13.492,-1831534000.0,471093000.0,471093000.0,6104546000.0,1297128000.0,0.465,3.364,17045739000.0,4905115000.0,12140624000.0,17045739000.0,74574000.0,1213904000.0,136326000.0,0.062,1.34,2336047000.0,3549951000.0,0.398,3549951000.0,2336047000.0,1863107000.0,1.92,1.92,1.92,8811931000.0,9266550750.0,8811931000.0,29900006277.0,13.0,8.423,493264000.0,0.755,1.0,2822492000.0,0.316,4719506000.0,472940000.0,43180101000.0,42681919500.0,907858000.0,1906454000.0,0.0,1906454000.0,29639583000.0,7126553000.0,22513030000.0,14128006277.0,92272000.0,38570000.0,-1275960000.0,1597833000.0,-907678000.0,-785969000.0,-2200322000.0,0.0,2324798000.0,0.0,1297128000.0,1297128000.0,1297128000.0,-455289000.0,0.0,0.145,627880000.0,2194612000.0,692587000.0,0.698,1.603,10.892,11.328,24693341000.0,0.0,21.75,1.583,1.591,1395144000.0,4257223000.0,8927038000.0,8927038000.0,0.0,0.034,0.14,0.055,0.262,0.0,0.0,1.0,649563507.0,653134000,653134000.0,13.668,33732008000.0,963317000.0,565979000.0,5987057000.0,51.646,-3812567000.0
86,SO,MRT,1999-12-31,1999-12-31,1999-12-31,2021-09-10,0.0,38389012000.0,37405293500.0,3522560000.0,34866452000.0,0.249,13.436,-1881000000.0,466416000.0,466416000.0,5927000000.0,1276000000.0,0.874,2.182,9535000000.0,2284000000.0,7251000000.0,9535000000.0,80000000.0,1216000000.0,128000000.0,0.057,1.34,2402000000.0,3618000000.0,0.388,3618000000.0,2402000000.0,1875000000.0,1.86,1.86,1.86,9204000000.0,9489600500.0,9204000000.0,26559763850.0,11.0,7.341,338000000.0,0.493,1.0,3390000000.0,0.364,4754992000.0,527000000.0,38673604000.0,42243085500.0,895715000.0,1932776000.0,0.0,1932776000.0,20087000000.0,4029000000.0,16058000000.0,15817687850.0,-158000000.0,0.0,-838000000.0,927000000.0,-921000000.0,-818000000.0,-2243000000.0,0.0,2219000000.0,0.0,1276000000.0,1276000000.0,1276000000.0,-361000000.0,0.0,0.137,1139000000.0,2251000000.0,669000000.0,0.72,1.719,12.396,12.634,24544481000.0,0.0,23.5,1.698,1.728,1645325000.0,4232399000.0,9317000000.0,9317000000.0,0.0,0.034,0.134,0.057,0.258,0.0,0.0,1.0,673093100.0,685000000,686000000.0,13.601,33634020000.0,987144000.0,599000000.0,5324000000.0,49.101,-506440000.0
87,SO,MRT,1999-09-30,1999-09-30,1999-09-30,2021-09-10,-87459000.0,38224599000.0,36855917750.0,3118678000.0,35105921000.0,0.261,14.04,-1783676000.0,767621000.0,767621000.0,6061748000.0,1101980000.0,,3.013,11509697000.0,3861592000.0,,11509697000.0,84259000.0,1228130000.0,130774000.0,0.052,1.34,2417160000.0,3645290000.0,0.38,3645290000.0,2417160000.0,1869388000.0,1.59,1.59,1.59,9525725000.0,9637812750.0,9525725000.0,27406587156.0,11.0,7.518,447521000.0,0.66,1.0,3541503000.0,0.369,3732955000.0,547772000.0,45233720000.0,43162157500.0,849369000.0,1497706000.0,0.0,0.0,28698874000.0,,,17591346156.0,-226205000.0,-1237060000.0,-624155000.0,2400228000.0,-929179000.0,1065541000.0,-2987071000.0,0.0,2231197000.0,-1872000.0,1101980000.0,1101980000.0,1101980000.0,9000000.0,0.0,0.115,1288496000.0,2253007000.0,706915000.0,0.843,1.847,15.963,16.195,25262105000.0,0.0,25.75,1.832,1.819,2065379000.0,4335584000.0,9603251000.0,9603251000.0,0.0,0.03,0.114,0.056,0.252,0.0,0.0,1.0,683159074.0,678472000,678472000.0,14.154,34491644000.0,1009662000.0,767408000.0,6259046000.0,50.837,
88,SO,MRT,1999-06-30,1999-06-30,1999-06-30,2021-09-10,-100294000.0,37569764000.0,36287695000.0,2713047000.0,34856717000.0,0.257,13.735,-1562099000.0,448770000.0,448770000.0,5887518000.0,1002826000.0,,2.945,10264011000.0,5145838000.0,,10264011000.0,88400000.0,1351315000.0,129558000.0,0.051,1.34,2186396000.0,3537711000.0,0.379,3537711000.0,2186396000.0,1657113000.0,1.43,1.43,1.43,9524547000.0,8918579500.0,9524547000.0,27871286366.0,13.0,7.878,486215000.0,0.701,1.0,3435869000.0,0.369,3744752000.0,529283000.0,43640253000.0,42830759000.0,918513000.0,1518768000.0,0.0,0.0,28045217000.0,,,18472873366.0,-373860000.0,-1277464000.0,-230045000.0,2420390000.0,-934252000.0,1182271000.0,-3070445000.0,0.0,2048314000.0,0.0,1002826000.0,1002826000.0,1002826000.0,9000000.0,0.0,0.108,1225908000.0,2209961000.0,698153000.0,0.937,1.94,18.421,18.531,24893116000.0,0.0,26.5,1.981,1.971,1731996000.0,3949201000.0,9323387000.0,9323387000.0,0.0,0.028,0.112,0.051,0.235,0.0,0.0,1.0,697089561.0,693465000,693465000.0,13.445,33825012000.0,1016448000.0,654287000.0,5975202000.0,48.777,
89,SO,MRT,1999-03-31,1999-03-31,1999-03-31,2021-09-10,-91289000.0,35437799000.0,35833992500.0,2356081000.0,33081718000.0,0.264,13.892,-1339514000.0,554095000.0,554095000.0,5904793000.0,959614000.0,,2.652,9952508000.0,3498851000.0,,9952508000.0,92288000.0,1500029000.0,125511000.0,0.057,1.34,2168204000.0,3668233000.0,0.388,3668233000.0,2168204000.0,1625484000.0,1.37,1.37,1.37,9704130000.0,8115878750.0,9704130000.0,25885075347.0,12.0,7.057,602883000.0,0.863,1.0,3540895000.0,0.375,3411447000.0,542720000.0,41424765000.0,42947669500.0,832654000.0,1443120000.0,0.0,0.0,25733669000.0,,,16285075347.0,-58698000.0,116055000.0,43333000.0,447575000.0,-934430000.0,-84894000.0,-1382201000.0,0.0,1942397000.0,0.0,959614000.0,959614000.0,959614000.0,9000000.0,0.0,0.102,1349496000.0,2191399000.0,689686000.0,0.978,1.678,16.97,17.015,23717491000.0,0.0,23.31,1.724,1.724,1519115000.0,3868744000.0,9445688000.0,9445688000.0,0.0,0.027,0.118,0.05,0.23,0.0,0.0,1.0,698630431.0,698527000,698527000.0,13.522,32026352000.0,1022509000.0,665870000.0,5901668000.0,45.848,
90,SO,MRT,1998-12-31,1998-12-31,1998-12-31,2021-09-10,15400000.0,36191509000.0,35730352500.0,2938453000.0,33253056000.0,0.266,14.056,-1273000000.0,871353000.0,871353000.0,5880000000.0,977000000.0,,2.694,10471692000.0,3353404000.0,,10471692000.0,96080000.0,1530000000.0,125078000.0,0.046,1.34,2205000000.0,3735000000.0,0.393,3735000000.0,2205000000.0,1647000000.0,1.4,1.4,1.4,9796849000.0,7254575500.0,9796849000.0,30100783373.0,14.0,8.059,1044000000.0,1.498,1.0,3619000000.0,0.381,3441956000.0,558000000.0,42349892000.0,43357152000.0,767689000.0,1548951000.0,0.0,0.0,26394660000.0,,,20261806373.0,135000000.0,0.0,109000000.0,374000000.0,-933000000.0,-209000000.0,-1439000000.0,0.0,2317000000.0,0.0,977000000.0,977000000.0,977000000.0,9000000.0,0.0,0.103,1340000000.0,2279000000.0,1026869000.0,0.957,2.068,20.739,20.757,23945099000.0,0.0,29.06,2.133,2.132,1797913000.0,3878332000.0,9499000000.0,9499000000.0,0.0,0.027,0.135,0.051,0.232,0.0,0.0,1.0,697240412.0,697000000,697000000.0,13.628,32749553000.0,1035724000.0,670000000.0,5968951000.0,46.986,
91,SO,MRT,1998-09-30,1998-09-30,1998-09-30,2021-09-10,22820000.0,35951708000.0,35496225250.0,3312493000.0,32639215000.0,0.341,9.528,-1825356000.0,858293000.0,858293000.0,4354983000.0,1223986000.0,,4.407,10697270000.0,2562758000.0,,10697270000.0,99711000.0,1830716000.0,126723000.0,0.045,1.33,2791747000.0,4622463000.0,0.382,4622463000.0,2791747000.0,1893645000.0,1.76,1.76,1.76,6648792000.0,7217113250.0,6648792000.0,30785711413.0,11.0,6.66,578210000.0,0.829,1.0,7748247000.0,0.64,1882559000.0,898102000.0,43908126000.0,43182429000.0,699215000.0,1906515000.0,0.0,0.0,29302916000.0,,,20543202413.0,237950000.0,-347753000.0,197552000.0,522479000.0,-924117000.0,-36503000.0,-2129113000.0,0.0,2403566000.0,0.0,1223986000.0,1223986000.0,1223986000.0,0.0,0.0,0.101,4973306000.0,2774941000.0,772482000.0,0.756,3.09,16.784,16.727,25087091000.0,0.0,29.44,1.697,1.697,2190389000.0,4164073000.0,12103230000.0,12103230000.0,0.0,0.034,0.17,0.065,0.231,0.0,0.0,1.0,697798995.0,697797000,697797000.0,17.345,34069149000.0,1076286000.0,669659000.0,6306573000.0,48.824,
92,SO,MRT,1998-06-30,1998-06-30,1998-06-30,2021-09-10,9125000.0,35754954000.0,35354353250.0,3093094000.0,32661860000.0,0.36,9.05,-1824211000.0,687097000.0,687097000.0,5554199000.0,1082667000.0,,4.663,10929606000.0,2397325000.0,,10929606000.0,103252000.0,1788691000.0,125198000.0,0.048,1.32,2815966000.0,4604657000.0,0.362,4604657000.0,2815966000.0,1927897000.0,1.57,1.57,1.57,6313744000.0,7090068750.0,6313744000.0,29252971854.0,10.0,6.353,745226000.0,1.068,1.0,7163450000.0,0.563,1889568000.0,888069000.0,44107895000.0,42938636500.0,760528000.0,1870785000.0,0.0,0.0,29441210000.0,,,19310473854.0,304314000.0,-1270462000.0,303927000.0,1344333000.0,-913334000.0,835829000.0,-3100952000.0,0.0,2569437000.0,0.0,1082667000.0,1082667000.0,1082667000.0,0.0,0.0,0.085,4402727000.0,2760723000.0,773779000.0,0.841,3.058,17.836,17.637,25083829000.0,0.0,27.69,1.518,1.519,1999634000.0,3886150000.0,12717649000.0,12717649000.0,0.0,0.031,0.153,0.066,0.221,0.0,0.0,1.0,697380782.0,697659000,697659000.0,18.229,33865386000.0,1101024000.0,845230000.0,6322923000.0,48.541,
93,SO,MRT,1998-03-31,1998-03-31,1998-03-31,2021-09-10,9206000.0,35023239000.0,35018709500.0,2360982000.0,32662257000.0,0.358,9.005,-1902592000.0,477260000.0,477260000.0,6066318000.0,1026689000.0,,4.596,10419758000.0,2839247000.0,,10419758000.0,106615000.0,1632127000.0,131592000.0,0.047,1.31,2701018000.0,4333145000.0,0.346,4333145000.0,2701018000.0,1852844000.0,1.49,1.49,1.49,6258917000.0,6990138250.0,6258917000.0,28898932241.0,11.0,6.669,701129000.0,1.009,1.0,6455145000.0,0.516,1903042000.0,848174000.0,43062695000.0,42387406250.0,778453000.0,1810382000.0,0.0,0.0,28764322000.0,,,19225932241.0,-72621000.0,-1324561000.0,360844000.0,941396000.0,-901255000.0,579071000.0,-3255413000.0,0.0,2603721000.0,0.0,1026689000.0,1026689000.0,1026689000.0,0.0,0.0,0.082,3759903000.0,2695242000.0,630926000.0,0.879,3.072,18.726,18.584,25055306000.0,0.0,27.69,1.535,1.537,1522928000.0,3849057000.0,12521463000.0,12521463000.0,0.0,0.029,0.147,0.064,0.216,0.0,0.0,1.0,694327636.0,695051000,695051000.0,18.015,33120197000.0,1129564000.0,826155000.0,6359413000.0,47.651,
94,SO,MRT,1997-12-31,1997-12-31,1997-12-31,2021-09-10,0.0,35255000000.0,34762920250.0,2888000000.0,32367000000.0,0.363,14.083,-1827000000.0,601000000.0,601000000.0,6649000000.0,972000000.0,,2.655,10274000000.0,2848000000.0,,10274000000.0,110000000.0,1592000000.0,133000000.0,0.05,1.3,2650000000.0,4242000000.0,0.336,4242000000.0,2650000000.0,1811000000.0,1.42,1.42,1.42,9647000000.0,6889488000.0,9647000000.0,27295061691.0,10.0,6.434,798000000.0,1.165,1.0,5962000000.0,0.473,3277000000.0,839000000.0,41651000000.0,41957407750.0,711000000.0,1168000000.0,0.0,0.0,25608000000.0,,,17860137691.0,156000000.0,-2925000000.0,360000000.0,2038000000.0,-889000000.0,2296000000.0,-4765000000.0,0.0,2625000000.0,0.0,972000000.0,972000000.0,972000000.0,0.0,0.0,0.077,3297000000.0,2665000000.0,1049000000.0,0.915,1.851,18.375,18.225,23652000000.0,0.0,25.88,1.416,1.406,2007000000.0,3842135000.0,12611000000.0,12611000000.0,0.0,0.028,0.141,0.063,0.21,0.0,0.0,1.0,690113512.0,685000000,685000000.0,18.41,31978000000.0,1142000000.0,839000000.0,6270000000.0,46.683,
95,SO,MRT,1997-09-30,1997-09-30,1997-09-30,2021-09-10,0.0,35384220000.0,33522120750.0,3224208000.0,32160012000.0,0.352,8.936,-1502870000.0,620355000.0,620355000.0,6015616000.0,915943000.0,,4.762,10055279000.0,2551175000.0,,10055279000.0,113206000.0,1536929000.0,133962000.0,0.057,1.29,2515381000.0,4052310000.0,0.343,4052310000.0,2515381000.0,1766830000.0,1.35,1.35,1.35,6140614000.0,6781738000.0,6140614000.0,24710993579.0,10.0,6.098,1264488000.0,1.84,1.0,5789779000.0,0.49,1886188000.0,748551000.0,42932956000.0,40911364750.0,731438000.0,1742991000.0,0.0,0.0,29243606000.0,,,15463422579.0,239906000.0,-2812404000.0,345759000.0,1857789000.0,-876165000.0,2005918000.0,-4533370000.0,0.0,2767358000.0,0.0,915943000.0,915943000.0,915943000.0,0.0,0.0,0.078,3195565000.0,2594214000.0,896628000.0,0.956,2.518,16.883,16.711,24841497000.0,0.0,22.56,1.31,1.313,2064490000.0,3875410000.0,11805395000.0,11805395000.0,0.0,0.027,0.135,0.061,0.213,0.0,0.0,1.0,685435398.0,687159000,687159000.0,17.18,33498032000.0,1244490000.0,850887000.0,6585038000.0,48.749,
96,SO,MRT,1997-06-30,1997-06-30,1997-06-30,2021-09-10,0.0,34412379000.0,,3020929000.0,31391450000.0,,8.662,-1170530000.0,382795000.0,382795000.0,5084620000.0,1008673000.0,,4.819,9630366000.0,2298916000.0,,9630366000.0,116351000.0,1413211000.0,133942000.0,0.059,1.28,2408883000.0,3822094000.0,0.358,3822094000.0,2408883000.0,1703535000.0,1.49,1.49,1.49,5914022000.0,,5914022000.0,24064908099.0,10.0,6.296,1488524000.0,2.18,1.0,5582127000.0,0.523,1756976000.0,705348000.0,41902974000.0,,826915000.0,833889000.0,0.0,0.0,28498357000.0,,,14915044099.0,-236202000.0,-1854064000.0,243119000.0,57171000.0,-865385000.0,329813000.0,-3225069000.0,0.0,2659054000.0,0.0,1008673000.0,1008673000.0,1008673000.0,0.0,0.0,0.095,3084413000.0,2497714000.0,861582000.0,0.859,2.522,14.787,14.685,24992798000.0,0.0,21.88,1.398,1.401,2008799000.0,3723644000.0,10666747000.0,10666747000.0,0.0,,,,0.226,0.0,0.0,1.0,681674776.0,682786000,682786000.0,15.622,32655403000.0,1268860000.0,694862000.0,6342788000.0,47.827,
97,SO,MRT,1997-03-31,1997-03-31,1997-03-31,2021-09-10,0.0,34000082000.0,,2745697000.0,31254385000.0,,8.627,-1075816000.0,549893000.0,549893000.0,4896017000.0,1081138000.0,,4.806,9699757000.0,2490750000.0,,9699757000.0,119417000.0,1379509000.0,132095000.0,0.06,1.27,2501001000.0,3880510000.0,0.369,3880510000.0,2501001000.0,1816118000.0,1.61,1.61,1.61,5856316000.0,,5856316000.0,21812735154.0,9.0,5.621,1503974000.0,2.216,1.0,5617042000.0,0.534,1807245000.0,684883000.0,41342701000.0,,800858000.0,1044943000.0,0.0,0.0,28143766000.0,,,14322735154.0,238587000.0,-1755064000.0,240998000.0,688328000.0,-855113000.0,731454000.0,-3072657000.0,0.0,2579790000.0,0.0,1081138000.0,1081138000.0,1081138000.0,0.0,0.0,0.103,3042373000.0,2574669000.0,772527000.0,0.789,2.446,13.248,13.124,24580596000.0,0.0,21.13,1.362,1.364,1779456000.0,3730782000.0,10513059000.0,10513059000.0,0.0,,,,0.238,0.0,0.0,1.0,677838862.0,678826000,678826000.0,15.487,32192837000.0,1284674000.0,734980000.0,6471065000.0,47.424,
98,SO,MRT,1996-12-31,1996-12-31,1996-12-31,2021-09-10,0.0,30291802000.0,,2277550000.0,28014252000.0,,13.694,-1018000000.0,444832000.0,444832000.0,4764000000.0,1127000000.0,,2.28,7938000000.0,1847000000.0,,7938000000.0,122000000.0,1338000000.0,132000000.0,0.056,1.26,2548000000.0,3886000000.0,0.375,3886000000.0,2548000000.0,1884000000.0,1.68,1.68,1.68,9216000000.0,,9216000000.0,,,,1383000000.0,2.055,1.0,5594000000.0,0.54,318142000.0,664000000.0,37466828000.0,,779349000.0,227097000.0,0.0,0.0,21014000000.0,,,15339493447.0,-327000000.0,0.0,171000000.0,-793000000.0,-846000000.0,-1435000000.0,-1293000000.0,0.0,2401000000.0,0.0,1127000000.0,1127000000.0,1127000000.0,0.0,0.0,0.109,2993000000.0,2601000000.0,788000000.0,0.75,1.664,13.611,13.47,23684898000.0,0.0,22.63,1.481,1.47,1363159000.0,3763987000.0,10358000000.0,10358000000.0,0.0,,,,0.246,0.0,0.0,1.0,677838862.0,673000000,673000000.0,15.391,29973660000.0,1302342000.0,757000000.0,6352000000.0,44.537,
99,SO,MRT,1996-09-30,1996-09-30,1996-09-30,2021-09-10,,,,,,,,,,,,,,,,,,,,,,0.056,1.25,,,,,,,,,,,,,,,,,,1.0,,,,,,,,,,,,,,,,,,,,,,,,,,,,,,,,,,,,,,,,22.5,,,,,,,,,,,,,,1.0,,673651000,,,,,,,,
100,SO,MRT,1996-06-30,1996-06-30,1996-06-30,2021-09-10,,,,,,,,,,,,,,,,,,,,,,0.052,1.24,,,,,,,,,,,,,,,,,,1.0,,,,,,,,,,,,,,,,,,,,,,,,,,,,,,,,,,,,,,,,23.875,,,,,,,,,,,,,,1.0,,671757000,,,,,,,,
101,SO,MRT,1996-03-31,1996-03-31,1996-03-31,2021-09-10,,,,,,,,,,,,,,,,,,,,,,0.052,1.23,,,,,,,,,,,,,,,,,,1.0,,,,,,,,,,,,,,,,,,,,,,,,,,,,,,,,,,,,,,,,23.875,,,,,,,,,,,,,,1.0,,670105000,,,,,,,,
102,SO,MRT,1995-12-31,1995-12-31,1995-12-31,2021-09-10,,,,,,,,-1114000000.0,,,3835000000.0,1103000000.0,,,,,,,,1134000000.0,,0.05,1.22,2535000000.0,3669000000.0,0.4,3669000000.0,2535000000.0,1872000000.0,1.66,1.66,1.66,,,,,,,1201000000.0,1.806,1.0,5345000000.0,0.582,,663000000.0,,,,,,,,,,,633000000.0,-1416000000.0,277000000.0,1467000000.0,-811000000.0,695000000.0,-2377000000.0,0.0,2315000000.0,0.0,1103000000.0,1103000000.0,1103000000.0,0.0,0.0,0.12,2654000000.0,2691000000.0,,0.735,,,14.837,,0.0,24.63,,1.784,,,9180000000.0,9180000000.0,0.0,,,,0.276,0.0,0.0,1.0,,665000000,665000000.0,13.805,,,769000000.0,,,
103,SO,MRT,1994-12-31,1994-12-31,1994-12-31,2021-09-10,,,,,,,,-1365000000.0,,,3470000000.0,989000000.0,,,,,,,,1050000000.0,,0.059,1.18,2322000000.0,3372000000.0,0.406,3372000000.0,2322000000.0,1674000000.0,1.52,1.52,1.52,,,,,,,746000000.0,1.148,1.0,4827000000.0,0.582,,648000000.0,,,,,,,,,,,-39000000.0,-405000000.0,279000000.0,130000000.0,-766000000.0,-293000000.0,-1857000000.0,0.0,2111000000.0,0.0,989000000.0,989000000.0,989000000.0,0.0,0.0,0.119,2401000000.0,2426000000.0,,0.776,,,13.158,,0.0,20.0,,1.567,,,8297000000.0,8297000000.0,0.0,,,,0.28,0.0,0.0,1.0,,650000000,650000000.0,12.765,,,685000000.0,,,
