None,ticker,dimension,calendardate,datekey,reportperiod,lastupdated,accoci,assets,assetsavg,assetsc,assetsnc,assetturnover,bvps,capex,cashneq,cashnequsd,cor,consolinc,currentratio,de,debt,debtc,debtnc,debtusd,deferredrev,depamor,deposits,divyield,dps,ebit,ebitda,ebitdamargin,ebitdausd,ebitusd,ebt,eps,epsdil,epsusd,equity,equityavg,equityusd,ev,evebit,evebitda,fcf,fcfps,fxusd,gp,grossmargin,intangibles,intexp,invcap,invcapavg,inventory,investments,investmentsc,investmentsnc,liabilities,liabilitiesc,liabilitiesnc,marketcap,ncf,ncfbus,ncfcommon,ncfdebt,ncfdiv,ncff,ncfi,ncfinv,ncfo,ncfx,netinc,netinccmn,netinccmnusd,netincdis,netincnci,netmargin,opex,opinc,payables,payoutratio,pb,pe,pe1,ppnenet,prefdivis,price,ps,ps1,receivables,retearn,revenue,revenueusd,rnd,roa,roe,roic,ros,sbcomp,sgna,sharefactor,sharesbas,shareswa,shareswadil,sps,tangibles,taxassets,taxexp,taxliabilities,tbvps,workingcapital
0,Q1,MRY,2010-12-31,2010-12-31,2010-12-31,2019-05-23,-376000000.0,17220000000.0,18625000000.0,2222000000.0,14998000000.0,0.63,-0.959,-1488000000.0,372000000.0,372000000.0,3804000000.0,-55000000.0,0.574,-11.405,11947000000.0,1089000000.0,10858000000.0,11947000000.0,1010000000.0,2200000000.0,0.0,0.042,0.32,1489000000.0,3689000000.0,0.314,3689000000.0,1489000000.0,450000000.0,-0.03,-0.03,-0.03,-1655000000.0,-1360250000.0,-1655000000.0,24274069658.0,16.0,6.58,1879000000.0,1.089,1.0,7926000000.0,0.676,947000000.0,1039000000.0,23977000000.0,24922500000.0,0.0,0.0,0.0,0.0,18875000000.0,3871000000.0,15004000000.0,13262069658.0,-2034000000.0,0.0,-69000000.0,-2645000000.0,-555000000.0,-3913000000.0,-1488000000.0,-1000000.0,3367000000.0,0.0,-55000000.0,-55000000.0,-55000000.0,0.0,0.0,-0.005,5925000000.0,2001000000.0,801000000.0,-10.667,-8.013,-241.129,-253.667,11794000000.0,0.0,7.61,1.131,1.12,1264000000.0,-43425000000.0,11730000000.0,11730000000.0,0.0,-0.003,0.04,0.06,0.127,93000000.0,3725000000.0,1.0,1742716118.0,1726085000.0,1726085000.0,6.796,16273000000.0,1920000000.0,505000000.0,0.0,9.428,-1649000000.0
1,Q1,MRY,2009-12-31,2009-12-31,2009-12-31,2019-05-23,-489000000.0,20380000000.0,20135500000.0,4614000000.0,15766000000.0,0.611,-0.689,-1409000000.0,2406000000.0,2406000000.0,4088000000.0,662000000.0,0.905,-18.301,14200000000.0,2196000000.0,12004000000.0,14200000000.0,1042000000.0,2311000000.0,0.0,0.076,0.32,1992000000.0,4303000000.0,0.35,4303000000.0,1992000000.0,903000000.0,0.38,0.38,0.38,-1178000000.0,-1106000000.0,-1178000000.0,19330087722.0,10.0,4.492,1898000000.0,1.11,1.0,8223000000.0,0.668,911000000.0,1089000000.0,26166000000.0,27571000000.0,0.0,0.0,0.0,0.0,21558000000.0,5097000000.0,16461000000.0,7269087722.0,1841000000.0,0.0,54000000.0,443000000.0,-551000000.0,-60000000.0,-1406000000.0,18000000.0,3307000000.0,0.0,662000000.0,662000000.0,662000000.0,0.0,0.0,0.054,6248000000.0,1975000000.0,765000000.0,0.842,-6.171,10.98,11.079,12299000000.0,0.0,4.21,0.59,0.585,1302000000.0,-42953000000.0,12311000000.0,12311000000.0,0.0,0.033,-0.599,0.072,0.162,40000000.0,3937000000.0,1.0,1726624162.0,1709346000.0,1713498000.0,7.202,19469000000.0,2509000000.0,241000000.0,0.0,11.39,-483000000.0
2,Q1,MRY,2008-12-31,2008-12-31,2008-12-31,2019-05-23,-487000000.0,20141000000.0,21304500000.0,2970000000.0,17171000000.0,0.632,-0.802,-1777000000.0,565000000.0,565000000.0,4956000000.0,652000000.0,0.771,-15.532,13555000000.0,820000000.0,12735000000.0,13555000000.0,1091000000.0,2354000000.0,0.0,0.088,0.32,2120000000.0,4474000000.0,0.332,4474000000.0,2120000000.0,1051000000.0,0.38,0.37,0.38,-1386000000.0,-1750000.0,-1386000000.0,19669475361.0,9.0,4.396,1154000000.0,0.668,1.0,8519000000.0,0.632,875000000.0,1069000000.0,28403000000.0,29851750000.0,0.0,0.0,0.0,0.0,21527000000.0,3853000000.0,17674000000.0,6200475361.0,-337000000.0,0.0,-392000000.0,-631000000.0,-556000000.0,-1575000000.0,-1693000000.0,65000000.0,2931000000.0,0.0,652000000.0,652000000.0,652000000.0,0.0,0.0,0.048,6422000000.0,2097000000.0,820000000.0,0.842,-4.474,9.51,9.579,13045000000.0,0.0,3.64,0.46,0.467,1465000000.0,-43063000000.0,13475000000.0,13475000000.0,0.0,0.031,-372.571,0.071,0.157,47000000.0,4068000000.0,1.0,1703427297.0,1728731000.0,1730206000.0,7.795,19266000000.0,2740000000.0,399000000.0,0.0,11.145,-883000000.0
3,Q1,MRY,2007-12-31,2007-12-31,2007-12-31,2019-05-23,1303000000.0,22532000000.0,21583250000.0,3573000000.0,18959000000.0,0.638,0.308,-1640000000.0,902000000.0,902000000.0,4703000000.0,2890000000.0,0.849,39.021,14251000000.0,601000000.0,13650000000.0,14251000000.0,1139000000.0,2459000000.0,0.0,0.0,0.0,1759000000.0,4218000000.0,0.306,4218000000.0,1759000000.0,620000000.0,1.57,1.5,1.57,563000000.0,-559000000.0,563000000.0,26039022348.0,15.0,6.173,1386000000.0,0.758,1.0,9075000000.0,0.659,853000000.0,1139000000.0,30819000000.0,29739250000.0,0.0,0.0,0.0,0.0,21969000000.0,4209000000.0,17760000000.0,12652022348.0,-339000000.0,0.0,-1057000000.0,-683000000.0,0.0,-1764000000.0,-1601000000.0,39000000.0,3026000000.0,0.0,2890000000.0,2890000000.0,2890000000.0,0.0,0.0,0.21,7319000000.0,1756000000.0,1008000000.0,0.0,22.473,4.378,4.465,13671000000.0,0.0,7.01,0.918,0.931,1576000000.0,-43084000000.0,13778000000.0,13778000000.0,0.0,0.134,-5.17,0.059,0.128,0.0,4860000000.0,1.0,1804853402.0,1829244000.0,1915167000.0,7.532,21679000000.0,2238000000.0,-2270000000.0,0.0,11.851,-636000000.0
4,Q1,MRY,2006-12-31,2006-12-31,2006-12-31,2019-05-23,1083000000.0,21239000000.0,21192750000.0,3654000000.0,17585000000.0,0.657,-0.765,-1445000000.0,1241000000.0,1241000000.0,4939000000.0,593000000.0,0.708,-15.698,14892000000.0,1686000000.0,13206000000.0,14892000000.0,1127000000.0,2770000000.0,0.0,0.0,0.0,1726000000.0,4496000000.0,0.323,4496000000.0,1726000000.0,557000000.0,0.31,0.3,0.31,-1445000000.0,-2476750000.0,-1445000000.0,29974337817.0,17.0,6.667,1344000000.0,0.711,1.0,8984000000.0,0.645,818000000.0,1169000000.0,28912000000.0,29345250000.0,0.0,248000000.0,248000000.0,0.0,22684000000.0,5160000000.0,17524000000.0,16023337817.0,395000000.0,-107000000.0,-4000000.0,-580000000.0,0.0,-694000000.0,-1700000000.0,-147000000.0,2789000000.0,0.0,593000000.0,593000000.0,593000000.0,0.0,0.0,0.043,7429000000.0,1555000000.0,992000000.0,0.0,-11.089,27.021,27.0,14579000000.0,0.0,8.37,1.151,1.136,1600000000.0,-45907000000.0,13923000000.0,13923000000.0,0.0,0.028,-0.239,0.059,0.124,0.0,4659000000.0,1.0,1914377278.0,1889857000.0,1971545000.0,7.367,20421000000.0,187000000.0,-36000000.0,0.0,10.806,-1506000000.0
5,Q1,MRY,2005-12-31,2005-12-31,2005-12-31,2019-05-23,-9000000.0,21497000000.0,23355750000.0,3164000000.0,18333000000.0,0.595,-1.752,-1193000000.0,846000000.0,846000000.0,5836000000.0,-779000000.0,0.747,-7.682,15480000000.0,512000000.0,14968000000.0,15480000000.0,1155000000.0,3065000000.0,0.0,0.0,0.0,701000000.0,3766000000.0,0.271,3766000000.0,701000000.0,-782000000.0,-0.42,-0.42,-0.42,-3217000000.0,-2790000000.0,-3217000000.0,25426973095.0,36.0,6.752,1120000000.0,0.61,1.0,8067000000.0,0.58,1007000000.0,1483000000.0,30889000000.0,33440250000.0,0.0,101000000.0,101000000.0,0.0,24714000000.0,4235000000.0,20479000000.0,10508973095.0,-305000000.0,0.0,39000000.0,-1564000000.0,0.0,-2159000000.0,-459000000.0,707000000.0,2313000000.0,0.0,-779000000.0,-779000000.0,-779000000.0,0.0,0.0,-0.056,7212000000.0,855000000.0,1314000000.0,0.0,-3.267,-13.49,-13.452,15568000000.0,0.0,5.65,0.756,0.746,1525000000.0,-46500000000.0,13903000000.0,13903000000.0,0.0,-0.033,0.279,0.021,0.05,0.0,4147000000.0,1.0,1859995238.0,1836374000.0,1836374000.0,7.571,20490000000.0,0.0,-3000000.0,0.0,11.158,-1071000000.0
6,Q1,MRY,2004-12-31,2004-12-31,2004-12-31,2019-05-23,0.0,24324000000.0,25008750000.0,4218000000.0,20106000000.0,0.552,-1.45,-1683000000.0,1151000000.0,1151000000.0,5890000000.0,-1794000000.0,0.984,-10.312,17286000000.0,596000000.0,16690000000.0,17286000000.0,1228000000.0,3123000000.0,0.0,0.0,0.0,-175000000.0,2948000000.0,0.213,2948000000.0,-175000000.0,-1706000000.0,-1.0,-1.0,-1.0,-2612000000.0,-2062250000.0,-2612000000.0,23450630854.0,-134.0,7.955,165000000.0,0.092,1.0,7919000000.0,0.573,1179000000.0,1531000000.0,34994000000.0,34875500000.0,0.0,764000000.0,764000000.0,0.0,26936000000.0,4286000000.0,22650000000.0,8062630854.0,-215000000.0,0.0,10000000.0,-113000000.0,0.0,-158000000.0,-1905000000.0,-215000000.0,1848000000.0,0.0,-1794000000.0,-1794000000.0,-1794000000.0,0.0,0.0,-0.13,8207000000.0,-288000000.0,731000000.0,0.0,-3.087,-4.494,-4.44,16853000000.0,0.0,4.44,0.584,0.579,1594000000.0,-45721000000.0,13809000000.0,13809000000.0,0.0,-0.072,0.87,-0.005,-0.013,0.0,4971000000.0,1.0,1815907850.0,1801405000.0,1801405000.0,7.666,23145000000.0,0.0,88000000.0,0.0,12.848,-68000000.0
7,Q1,MRY,2003-12-31,2003-12-31,2003-12-31,2019-05-23,-17000000.0,26343000000.0,28809750000.0,4543000000.0,21800000000.0,0.496,-0.584,-2081000000.0,1756000000.0,1756000000.0,6455000000.0,1512000000.0,0.801,-26.928,17508000000.0,1869000000.0,15639000000.0,17508000000.0,1483000000.0,3167000000.0,0.0,0.0,0.0,2750000000.0,5917000000.0,0.414,5917000000.0,2750000000.0,993000000.0,0.87,0.87,0.87,-1016000000.0,-1700500000.0,-1016000000.0,22801865710.0,8.0,3.854,94000000.0,0.054,1.0,7833000000.0,0.548,1549000000.0,1757000000.0,34871000000.0,39155000000.0,0.0,0.0,0.0,0.0,27359000000.0,5675000000.0,21684000000.0,7629865710.0,-5411000000.0,4290000000.0,0.0,-4856000000.0,0.0,-4856000000.0,-2730000000.0,-588000000.0,2175000000.0,0.0,1512000000.0,1512000000.0,1512000000.0,-2619000000.0,0.0,0.106,7946000000.0,-113000000.0,810000000.0,0.0,-7.51,5.046,4.966,18149000000.0,0.0,4.32,0.534,0.526,1962000000.0,-43927000000.0,14288000000.0,14288000000.0,0.0,0.052,-0.889,0.07,0.192,0.0,4690000000.0,1.0,1766172618.0,1738766000.0,1738766000.0,8.217,24794000000.0,0.0,-519000000.0,0.0,14.26,-1132000000.0
8,Q1,MRY,2002-12-31,2002-12-31,2002-12-31,2019-05-23,-15000000.0,29345000000.0,50755500000.0,6420000000.0,22925000000.0,0.303,-1.682,-2649000000.0,2279000000.0,2279000000.0,6098000000.0,-38468000000.0,0.931,-11.369,22540000000.0,2786000000.0,19754000000.0,22540000000.0,1730000000.0,3847000000.0,0.0,0.0,0.0,-39176000000.0,-35329000000.0,-2.298,-35329000000.0,-39176000000.0,-40965000000.0,-22.87,-22.87,-22.87,-2830000000.0,16291500000.0,-2830000000.0,33582531000.0,-1.0,-0.951,-261000000.0,-0.155,1.0,9273000000.0,0.603,1612000000.0,1789000000.0,41099000000.0,46620000000.0,68000000.0,23000000.0,0.0,23000000.0,32175000000.0,6895000000.0,25280000000.0,8384531000.0,-1139000000.0,2754000000.0,2000000.0,-791000000.0,0.0,-789000000.0,-2738000000.0,-5000000.0,2388000000.0,0.0,-38468000000.0,-38468000000.0,-38468000000.0,-1950000000.0,0.0,-2.503,28190000000.0,-18917000000.0,904000000.0,0.0,-2.963,-0.218,-0.219,18995000000.0,0.0,5.0,0.545,0.547,2325000000.0,-45439000000.0,15371000000.0,15371000000.0,0.0,-0.758,-2.361,-0.84,-2.549,0.0,5335000000.0,1.0,1676906200.0,1682056000.0,1682056000.0,9.138,27733000000.0,1296000000.0,-2497000000.0,0.0,16.488,-475000000.0
9,Q1,MRY,2001-12-31,2001-12-31,2001-12-31,2019-05-23,-61000000.0,72166000000.0,74136500000.0,4738000000.0,67428000000.0,0.223,21.319,-7832000000.0,215000000.0,215000000.0,6530000000.0,-5603000000.0,0.463,1.037,25037000000.0,4807000000.0,20230000000.0,25037000000.0,1860000000.0,5364000000.0,0.0,0.004,0.05,-5423000000.0,-59000000.0,-0.004,-59000000.0,-5423000000.0,-6860000000.0,-3.37,-3.37,-3.37,35413000000.0,37638250000.0,35413000000.0,47905683094.0,-9.0,-811.961,-4942000000.0,-2.975,1.0,9994000000.0,0.605,34624000000.0,1437000000.0,52141000000.0,52902500000.0,156000000.0,1233000000.0,0.0,1233000000.0,36737000000.0,10223000000.0,26514000000.0,23525683094.0,-509000000.0,0.0,-714000000.0,5457000000.0,-83000000.0,4660000000.0,-8059000000.0,16000000.0,2890000000.0,0.0,-5603000000.0,-5603000000.0,-5603000000.0,-511000000.0,0.0,-0.339,12368000000.0,-2374000000.0,1318000000.0,-0.015,0.664,-4.199,-4.193,29479000000.0,0.0,14.13,1.424,1.42,2906000000.0,-6971000000.0,16524000000.0,16524000000.0,0.0,-0.076,-0.149,-0.103,-0.328,165000000.0,5616000000.0,1.0,1664945725.0,1661133000.0,1661133000.0,9.947,37542000000.0,417000000.0,-1257000000.0,796000000.0,22.6,-5485000000.0
10,Q1,MRY,2000-12-31,2000-12-31,2000-12-31,2019-05-23,-61000000.0,72816000000.0,56681800000.0,4732000000.0,68084000000.0,0.25,32.676,-7112000000.0,270000000.0,270000000.0,4375000000.0,-1037000000.0,0.488,0.752,19157000000.0,3616000000.0,15541000000.0,19157000000.0,1641000000.0,3340000000.0,0.0,0.008,0.31,-586000000.0,2754000000.0,0.195,2754000000.0,-586000000.0,-1629000000.0,-0.82,-0.82,-0.82,41567000000.0,32831000000.0,41567000000.0,85630988378.0,-146.0,31.093,-3350000000.0,-2.633,1.0,9773000000.0,0.691,32016000000.0,1043000000.0,49991000000.0,37300300000.0,108000000.0,8147000000.0,0.0,8147000000.0,31249000000.0,9696000000.0,21553000000.0,67692988378.0,-226000000.0,1968000000.0,435000000.0,1375000000.0,-542000000.0,1268000000.0,-5256000000.0,411000000.0,3762000000.0,0.0,-1037000000.0,-1037000000.0,-1037000000.0,-446000000.0,0.0,-0.073,10047000000.0,-274000000.0,1887000000.0,-0.378,1.629,-65.278,-49.848,25986000000.0,0.0,40.875,4.785,3.675,3165000000.0,-1285000000.0,14148000000.0,14148000000.0,0.0,-0.018,-0.032,-0.016,-0.041,191000000.0,4886000000.0,1.0,1656097575.0,1272088000.0,1272088000.0,11.122,40800000000.0,294000000.0,-592000000.0,1122000000.0,32.073,-4964000000.0
11,Q1,MRY,1999-12-31,1999-12-31,1999-12-31,2019-05-23,222000000.0,23272000000.0,12857025000.0,4192000000.0,19080000000.0,1.025,1.439,-3944000000.0,78000000.0,78000000.0,3725000000.0,1342000000.0,0.62,17.543,13071000000.0,2882000000.0,10189000000.0,13071000000.0,344000000.0,2367000000.0,0.0,0.014,0.62,2878000000.0,5245000000.0,0.398,5245000000.0,2878000000.0,2142000000.0,1.54,1.52,1.54,1255000000.0,4644250000.0,1255000000.0,33656100000.0,12.0,6.417,602000000.0,0.69,1.0,9457000000.0,0.717,501000000.0,736000000.0,28998000000.0,12214025000.0,272000000.0,1290000000.0,0.0,1290000000.0,22017000000.0,6766000000.0,15251000000.0,32164000000.0,29000000.0,0.0,102000000.0,3046000000.0,-1187000000.0,1945000000.0,-6462000000.0,-2464000000.0,4546000000.0,0.0,1342000000.0,1342000000.0,1342000000.0,0.0,0.0,0.102,6120000000.0,3337000000.0,1700000000.0,0.403,25.629,23.967,27.922,16404000000.0,0.0,43.0,2.44,2.845,3595000000.0,377000000.0,13182000000.0,13182000000.0,0.0,0.104,0.289,0.236,0.218,0.0,3753000000.0,1.0,748000000.0,872309000.0,880753000.0,15.112,22771000000.0,46000000.0,800000000.0,1191000000.0,26.104,-2574000000.0
12,Q1,MRY,1998-12-31,1998-12-31,1998-12-31,2019-05-23,2200000.0,8067600000.0,5807492000.0,1439100000.0,6628500000.0,2.134,4.957,-2672000000.0,462800000.0,462800000.0,3564000000.0,1508000000.0,1.163,0.904,2307100000.0,0.0,2307100000.0,2307100000.0,0.0,2199000000.0,0.0,0.0,0.0,2962000000.0,5161000000.0,0.416,5161000000.0,2962000000.0,2419000000.0,1.76,1.75,1.76,4238200000.0,3017140500.0,4238200000.0,11481608166.0,4.0,2.225,1255000000.0,1.468,1.0,8831000000.0,0.712,3973100000.0,543000000.0,4701300000.0,3313377000.0,0.0,0.0,0.0,0.0,3829400000.0,1237500000.0,2591900000.0,10319908166.0,22000000.0,0.0,42000000.0,4226000000.0,-1056000000.0,-1136000000.0,-2769000000.0,0.0,3927000000.0,0.0,1508000000.0,1508000000.0,1508000000.0,0.0,0.0,0.122,5782000000.0,3049000000.0,205100000.0,0.0,2.435,6.843,14.116,2655400000.0,0.0,24.844,0.833,1.714,628100000.0,-875900000.0,12395000000.0,12395000000.0,0.0,0.26,0.5,0.894,0.239,0.0,3583000000.0,1.0,415385006.0,854967000.0,862581000.0,14.498,4094500000.0,0.0,911000000.0,0.0,4.789,201600000.0
13,Q1,MRY,1997-12-31,1997-12-31,1997-12-31,2019-05-23,0.0,1398100000.0,830325500.0,724000000.0,674100000.0,0.839,1.002,-345800000.0,379800000.0,379800000.0,494300000.0,14500000.0,2.296,2.662,630500000.0,0.0,630500000.0,630500000.0,0.0,20200000.0,0.0,0.0,0.0,42400000.0,62600000.0,0.09,62600000.0,42400000.0,23600000.0,0.04,0.04,0.04,381800000.0,195621000.0,381800000.0,,,,-382200000.0,-1.003,1.0,202400000.0,0.291,59500000.0,18800000.0,1274000000.0,763998500.0,0.0,0.0,0.0,0.0,1016300000.0,315300000.0,701000000.0,,372900000.0,0.0,319500000.0,477800000.0,0.0,766100000.0,-356800000.0,-11000000.0,-36400000.0,0.0,14500000.0,14500000.0,14500000.0,0.0,0.0,0.021,178900000.0,23500000.0,150200000.0,0.0,,,369.558,614600000.0,0.0,14.782,,8.084,58300000.0,-31900000.0,696700000.0,696700000.0,0.0,0.017,0.074,0.055,0.061,0.0,158700000.0,1.0,,381000000.0,388100000.0,1.829,1338600000.0,0.0,9100000.0,0.0,3.513,408700000.0
14,Q1,MRY,1996-12-31,1996-12-31,1996-12-31,2019-05-23,0.0,262551000.0,,56404000.0,206147000.0,,0.027,-57100000.0,6905000.0,6905000.0,169900000.0,-6900000.0,0.427,26.807,134461000.0,25193000.0,109268000.0,134461000.0,7683000.0,16200000.0,0.0,,0.0,-3300000.0,12900000.0,0.056,12900000.0,-3300000.0,-10100000.0,-0.02,-0.02,-0.02,9442000.0,,9442000.0,,,,-24600000.0,-0.071,1.0,61100000.0,0.265,3967000.0,6800000.0,253997000.0,,0.0,0.0,0.0,0.0,253109000.0,132143000.0,120966000.0,,5400000.0,4500000.0,-18200000.0,43700000.0,0.0,25500000.0,-52600000.0,0.0,32500000.0,0.0,-6900000.0,-6900000.0,-6900000.0,0.0,0.0,-0.03,73100000.0,-12000000.0,80129000.0,0.0,,,,186535000.0,0.0,,,,60223000.0,-46450000.0,231000000.0,231000000.0,0.0,,,,-0.014,0.0,56900000.0,1.0,,346000000.0,346000000.0,0.668,258584000.0,4593000.0,-3200000.0,0.0,0.747,-75739000.0
15,Q1,MRY,1995-12-31,1995-12-31,1995-12-31,2019-05-23,,,,,,,,-46313000.0,,,113969000.0,-25131000.0,,,,,,,,9994000.0,,,0.0,-34219000.0,-24225000.0,-0.275,-24225000.0,-34219000.0,-38467000.0,-0.075,-0.075,-0.075,,,,,,,-102948000.0,,1.0,-25768000.0,-0.292,,4248000.0,,,,,,,,,,,-1553000.0,-12545000.0,0.0,59684000.0,0.0,113940000.0,-58858000.0,0.0,-56635000.0,0.0,-25131000.0,-25131000.0,-25131000.0,0.0,0.0,-0.285,47189000.0,-72957000.0,,0.0,,,,,0.0,,,,,,88201000.0,88201000.0,0.0,,,,-0.388,0.0,37195000.0,,,,,,,,-13336000.0,,,
0,Q1,MRQ,2010-12-31,2010-12-31,2010-12-31,2019-05-23,-376000000.0,17220000000.0,,2222000000.0,14998000000.0,,-0.954,-398000000.0,372000000.0,372000000.0,943000000.0,-161000000.0,0.574,-11.405,11947000000.0,1089000000.0,10858000000.0,11947000000.0,1010000000.0,555000000.0,0.0,0.042,0.08,159000000.0,714000000.0,0.246,714000000.0,159000000.0,-81000000.0,-0.09,-0.09,-0.09,-1655000000.0,,-1655000000.0,24274069658.0,16.0,6.58,405000000.0,0.233,1.0,1956000000.0,0.675,947000000.0,240000000.0,23977000000.0,,0.0,0.0,0.0,0.0,18875000000.0,3871000000.0,15004000000.0,13262069658.0,-1595000000.0,0.0,-110000000.0,-1183000000.0,-139000000.0,-2000000000.0,-398000000.0,0.0,803000000.0,0.0,-161000000.0,-161000000.0,-161000000.0,0.0,0.0,-0.056,1529000000.0,427000000.0,801000000.0,-0.889,-8.013,-241.129,-253.667,11794000000.0,0.0,7.61,1.131,1.12,1264000000.0,-43425000000.0,2899000000.0,2899000000.0,0.0,,,,,93000000.0,974000000.0,1.0,1742716118.0,1735067000.0,1638947000.0,1.671,16273000000.0,1920000000.0,80000000.0,0.0,9.379,-1649000000.0
1,Q1,MRQ,2010-09-30,2010-09-30,2010-09-30,2019-05-23,-475000000.0,18959000000.0,,4085000000.0,14874000000.0,,-0.825,-373000000.0,1967000000.0,1967000000.0,980000000.0,-90000000.0,0.778,-14.305,12979000000.0,2191000000.0,10788000000.0,12979000000.0,1009000000.0,552000000.0,0.0,0.051,0.08,273000000.0,825000000.0,0.281,825000000.0,273000000.0,18000000.0,-0.05,-0.05,-0.05,-1425000000.0,,-1425000000.0,22870194666.0,13.0,5.703,550000000.0,0.319,1.0,1955000000.0,0.666,923000000.0,255000000.0,23800000000.0,,0.0,0.0,0.0,0.0,20384000000.0,5248000000.0,15136000000.0,10905194666.0,849000000.0,0.0,24000000.0,-232000000.0,-139000000.0,-363000000.0,289000000.0,661000000.0,923000000.0,0.0,-90000000.0,-90000000.0,-90000000.0,0.0,0.0,-0.031,1458000000.0,497000000.0,759000000.0,-1.6,-7.653,50.959,52.25,11830000000.0,0.0,6.27,0.922,0.916,1259000000.0,-43125000000.0,2935000000.0,2935000000.0,0.0,,,,,0.0,906000000.0,1.0,1739265497.0,1726768000.0,1726768000.0,1.7,18036000000.0,2073000000.0,108000000.0,0.0,10.445,-1163000000.0
2,Q1,MRQ,2010-06-30,2010-06-30,2010-06-30,2019-05-23,-481000000.0,18959000000.0,,3880000000.0,15079000000.0,,-0.72,-330000000.0,1118000000.0,1118000000.0,940000000.0,158000000.0,0.901,-16.277,13083000000.0,1554000000.0,11529000000.0,13083000000.0,1006000000.0,548000000.0,0.0,0.061,0.08,531000000.0,1079000000.0,0.368,1079000000.0,531000000.0,266000000.0,0.09,0.09,0.09,-1241000000.0,,-1241000000.0,21465202623.0,11.0,5.049,589000000.0,0.342,1.0,1990000000.0,0.679,917000000.0,265000000.0,25703000000.0,,0.0,661000000.0,661000000.0,0.0,20200000000.0,4304000000.0,15896000000.0,9115202623.0,-78000000.0,0.0,6000000.0,-510000000.0,-139000000.0,-661000000.0,-336000000.0,-5000000.0,919000000.0,0.0,158000000.0,158000000.0,158000000.0,0.0,0.0,0.054,1481000000.0,509000000.0,686000000.0,0.889,-7.345,20.716,21.0,11929000000.0,0.0,5.25,0.763,0.757,1247000000.0,-42896000000.0,2930000000.0,2930000000.0,0.0,,,,,0.0,933000000.0,1.0,1736229071.0,1723274000.0,1761489000.0,1.7,18042000000.0,2196000000.0,108000000.0,0.0,10.47,-424000000.0
3,Q1,MRQ,2010-03-31,2010-03-31,2010-03-31,2019-05-23,-487000000.0,19362000000.0,,4005000000.0,15357000000.0,,-0.651,-387000000.0,1196000000.0,1196000000.0,941000000.0,38000000.0,0.873,-18.288,13546000000.0,2046000000.0,11500000000.0,13546000000.0,1017000000.0,545000000.0,0.0,0.061,0.08,526000000.0,1071000000.0,0.361,1071000000.0,526000000.0,247000000.0,0.02,0.02,0.02,-1120000000.0,,-1120000000.0,20825621491.0,11.0,4.908,335000000.0,0.195,1.0,2025000000.0,0.683,912000000.0,279000000.0,26210000000.0,,0.0,656000000.0,656000000.0,0.0,20482000000.0,4590000000.0,15892000000.0,9031621491.0,-1210000000.0,0.0,11000000.0,-720000000.0,-138000000.0,-889000000.0,-1043000000.0,-657000000.0,722000000.0,0.0,38000000.0,38000000.0,38000000.0,0.0,0.0,0.013,1457000000.0,568000000.0,658000000.0,4.0,-8.064,18.283,18.643,12078000000.0,0.0,5.22,0.746,0.741,1245000000.0,-42915000000.0,2966000000.0,2966000000.0,0.0,,,,,0.0,912000000.0,1.0,1730195688.0,1719148000.0,1739405000.0,1.725,18450000000.0,2299000000.0,209000000.0,0.0,10.732,-585000000.0
4,Q1,MRQ,2009-12-31,2009-12-31,2009-12-31,2019-05-23,-489000000.0,20380000000.0,,4614000000.0,15766000000.0,,-0.687,-386000000.0,2406000000.0,2406000000.0,1017000000.0,108000000.0,0.905,-18.301,14200000000.0,2196000000.0,12004000000.0,14200000000.0,1042000000.0,579000000.0,0.0,0.076,0.08,456000000.0,1035000000.0,0.346,1035000000.0,456000000.0,177000000.0,0.06,0.06,0.06,-1178000000.0,,-1178000000.0,19330087722.0,10.0,4.492,490000000.0,0.286,1.0,1977000000.0,0.66,911000000.0,279000000.0,26166000000.0,,0.0,0.0,0.0,0.0,21558000000.0,5097000000.0,16461000000.0,7269087722.0,332000000.0,0.0,9000000.0,-8000000.0,-139000000.0,-154000000.0,-390000000.0,5000000.0,876000000.0,0.0,108000000.0,108000000.0,108000000.0,0.0,0.0,0.036,1527000000.0,450000000.0,765000000.0,1.333,-6.171,10.98,11.079,12299000000.0,0.0,4.21,0.59,0.585,1302000000.0,-42953000000.0,2994000000.0,2994000000.0,0.0,,,,,40000000.0,948000000.0,1.0,1726624162.0,1715322000.0,1713777000.0,1.745,19469000000.0,2509000000.0,69000000.0,0.0,11.35,-483000000.0
5,Q1,MRQ,2009-09-30,2009-09-30,2009-09-30,2019-05-23,-487000000.0,20225000000.0,,4347000000.0,15878000000.0,,-0.602,-341000000.0,2074000000.0,2074000000.0,1029000000.0,136000000.0,1.214,-20.617,14135000000.0,925000000.0,13210000000.0,14135000000.0,1049000000.0,581000000.0,0.0,0.084,0.08,485000000.0,1066000000.0,0.349,1066000000.0,485000000.0,211000000.0,0.08,0.08,0.08,-1031000000.0,,-1031000000.0,18894663046.0,9.0,4.272,428000000.0,0.25,1.0,2025000000.0,0.663,888000000.0,274000000.0,27817000000.0,,0.0,0.0,0.0,0.0,21256000000.0,3581000000.0,17675000000.0,6567663046.0,278000000.0,0.0,11000000.0,-39000000.0,-138000000.0,-159000000.0,-332000000.0,8000000.0,769000000.0,0.0,136000000.0,136000000.0,136000000.0,0.0,0.0,0.045,1540000000.0,485000000.0,754000000.0,1.0,-6.37,8.984,8.86,12399000000.0,0.0,3.81,0.52,0.516,1343000000.0,-42784000000.0,3054000000.0,3054000000.0,0.0,,,,,0.0,959000000.0,1.0,1723796075.0,1711954000.0,1719502000.0,1.784,19337000000.0,2572000000.0,75000000.0,0.0,11.295,766000000.0
6,Q1,MRQ,2009-06-30,2009-06-30,2009-06-30,2019-05-23,-485000000.0,20226000000.0,,4048000000.0,16178000000.0,,-0.615,-348000000.0,1796000000.0,1796000000.0,1028000000.0,212000000.0,1.069,-20.245,14123000000.0,1085000000.0,13038000000.0,14123000000.0,1060000000.0,578000000.0,0.0,0.077,0.08,493000000.0,1071000000.0,0.347,1071000000.0,493000000.0,217000000.0,0.12,0.12,0.12,-1051000000.0,,-1051000000.0,19939799398.0,10.0,4.494,657000000.0,0.385,1.0,2062000000.0,0.667,885000000.0,276000000.0,27880000000.0,,0.0,0.0,0.0,0.0,21277000000.0,3788000000.0,17489000000.0,7138799398.0,1255000000.0,0.0,18000000.0,729000000.0,-137000000.0,598000000.0,-348000000.0,-1000000.0,1005000000.0,0.0,212000000.0,212000000.0,212000000.0,0.0,0.0,0.069,1571000000.0,491000000.0,767000000.0,0.667,-6.792,9.647,9.651,12622000000.0,0.0,4.15,0.551,0.547,1331000000.0,-42783000000.0,3090000000.0,3090000000.0,0.0,,,,,0.0,993000000.0,1.0,1720192626.0,1707928000.0,1722770000.0,1.809,19341000000.0,2639000000.0,5000000.0,0.0,11.324,260000000.0
7,Q1,MRQ,2009-03-31,2009-03-31,2009-03-31,2019-05-23,-492000000.0,19711000000.0,,2867000000.0,16844000000.0,,-0.684,-334000000.0,541000000.0,541000000.0,1014000000.0,206000000.0,0.893,-17.934,13342000000.0,587000000.0,12755000000.0,13342000000.0,1080000000.0,573000000.0,0.0,0.094,0.08,558000000.0,1131000000.0,0.356,1131000000.0,558000000.0,298000000.0,0.12,0.12,0.12,-1164000000.0,,-1164000000.0,18938152174.0,9.0,4.197,323000000.0,0.19,1.0,2159000000.0,0.68,880000000.0,260000000.0,28421000000.0,,0.0,0.0,0.0,0.0,20875000000.0,3211000000.0,17664000000.0,5844152174.0,-24000000.0,0.0,16000000.0,-239000000.0,-137000000.0,-345000000.0,-336000000.0,6000000.0,657000000.0,0.0,206000000.0,206000000.0,206000000.0,0.0,0.0,0.065,1610000000.0,549000000.0,791000000.0,0.667,-5.021,8.254,8.341,12816000000.0,0.0,3.42,0.441,0.439,1360000000.0,-42857000000.0,3173000000.0,3173000000.0,0.0,,,,,0.0,1037000000.0,1.0,1708816425.0,1702069000.0,1706822000.0,1.864,18831000000.0,2640000000.0,92000000.0,0.0,11.064,-344000000.0
8,Q1,MRQ,2008-12-31,2008-12-31,2008-12-31,2019-05-23,-487000000.0,20141000000.0,,2970000000.0,17171000000.0,,-0.817,-361000000.0,565000000.0,565000000.0,1394000000.0,177000000.0,0.771,-15.532,13555000000.0,820000000.0,12735000000.0,13555000000.0,1091000000.0,601000000.0,0.0,0.088,0.08,554000000.0,1155000000.0,0.348,1155000000.0,554000000.0,290000000.0,0.11,0.1,0.11,-1386000000.0,,-1386000000.0,19669475361.0,9.0,4.396,547000000.0,0.322,1.0,1921000000.0,0.579,875000000.0,264000000.0,28403000000.0,,0.0,0.0,0.0,0.0,21527000000.0,3853000000.0,17674000000.0,6200475361.0,-21000000.0,0.0,9000000.0,-426000000.0,-136000000.0,-579000000.0,-350000000.0,9000000.0,908000000.0,0.0,177000000.0,177000000.0,177000000.0,0.0,0.0,0.053,1362000000.0,559000000.0,820000000.0,0.727,-4.474,9.51,9.579,13045000000.0,0.0,3.64,0.46,0.467,1465000000.0,-43063000000.0,3315000000.0,3315000000.0,0.0,,,,,47000000.0,761000000.0,1.0,1703427297.0,1696601000.0,1695040000.0,1.954,19266000000.0,2740000000.0,113000000.0,0.0,11.356,-883000000.0
9,Q1,MRQ,2008-09-30,2008-09-30,2008-09-30,2019-05-23,1248000000.0,21239000000.0,,2966000000.0,18273000000.0,,0.202,-466000000.0,586000000.0,586000000.0,1232000000.0,145000000.0,0.71,60.384,14055000000.0,1240000000.0,12815000000.0,14055000000.0,1115000000.0,599000000.0,0.0,0.074,0.08,481000000.0,1080000000.0,0.32,1080000000.0,481000000.0,218000000.0,0.08,0.08,0.08,346000000.0,,346000000.0,19040802156.0,9.0,4.27,260000000.0,0.152,1.0,2147000000.0,0.635,864000000.0,263000000.0,29667000000.0,,0.0,0.0,0.0,0.0,20893000000.0,4177000000.0,16716000000.0,5574802156.0,-169000000.0,0.0,-160000000.0,-182000000.0,-138000000.0,-453000000.0,-442000000.0,14000000.0,726000000.0,0.0,145000000.0,145000000.0,145000000.0,0.0,0.0,0.043,1693000000.0,454000000.0,933000000.0,1.0,16.112,6.849,7.341,13301000000.0,0.0,3.23,0.41,0.407,1454000000.0,-42874000000.0,3379000000.0,3379000000.0,0.0,,,,,0.0,1094000000.0,1.0,1725944940.0,1713127000.0,1713745000.0,1.972,20375000000.0,1813000000.0,73000000.0,0.0,11.893,-1211000000.0
10,Q1,MRQ,2008-06-30,2008-06-30,2008-06-30,2019-05-23,1272000000.0,21894000000.0,,3258000000.0,18636000000.0,,0.289,-534000000.0,755000000.0,755000000.0,1149000000.0,180000000.0,0.828,42.527,14221000000.0,851000000.0,13370000000.0,14221000000.0,1122000000.0,578000000.0,0.0,0.041,0.08,568000000.0,1146000000.0,0.339,1146000000.0,568000000.0,298000000.0,0.1,0.1,0.1,503000000.0,,503000000.0,20493150826.0,11.0,4.896,375000000.0,0.215,1.0,2233000000.0,0.66,862000000.0,270000000.0,30565000000.0,,0.0,0.0,0.0,0.0,21391000000.0,3933000000.0,17458000000.0,6873150826.0,121000000.0,0.0,-77000000.0,-14000000.0,-140000000.0,-267000000.0,-521000000.0,11000000.0,909000000.0,0.0,180000000.0,180000000.0,180000000.0,0.0,0.0,0.053,1669000000.0,564000000.0,930000000.0,0.8,13.664,2.514,2.62,13450000000.0,0.0,3.93,0.504,0.502,1561000000.0,-42888000000.0,3382000000.0,3382000000.0,0.0,,,,,0.0,1091000000.0,1.0,1748893340.0,1742294000.0,1744961000.0,1.941,21032000000.0,2035000000.0,118000000.0,0.0,12.071,-675000000.0
11,Q1,MRQ,2008-03-31,2008-03-31,2008-03-31,2019-05-23,1283000000.0,21944000000.0,,3168000000.0,18776000000.0,,0.301,-416000000.0,634000000.0,634000000.0,1181000000.0,150000000.0,0.807,40.404,14254000000.0,852000000.0,13402000000.0,14254000000.0,1130000000.0,576000000.0,0.0,0.018,0.08,517000000.0,1093000000.0,0.322,1093000000.0,517000000.0,245000000.0,0.08,0.08,0.08,530000000.0,,530000000.0,21354726731.0,12.0,5.115,-28000000.0,-0.016,1.0,2218000000.0,0.653,868000000.0,272000000.0,30772000000.0,,0.0,0.0,0.0,0.0,21414000000.0,3924000000.0,17490000000.0,8005726731.0,-268000000.0,0.0,-164000000.0,-9000000.0,-142000000.0,-276000000.0,-380000000.0,31000000.0,388000000.0,0.0,150000000.0,150000000.0,150000000.0,0.0,0.0,0.044,1698000000.0,520000000.0,933000000.0,1.0,15.105,2.859,2.961,13499000000.0,0.0,4.53,0.583,0.582,1510000000.0,-42936000000.0,3399000000.0,3399000000.0,0.0,,,,,0.0,1122000000.0,1.0,1767268594.0,1763306000.0,1769165000.0,1.928,21076000000.0,2154000000.0,95000000.0,0.0,11.953,-756000000.0
12,Q1,MRQ,2007-12-31,2007-12-31,2007-12-31,2019-05-23,1303000000.0,22532000000.0,,3573000000.0,18959000000.0,,0.314,-476000000.0,902000000.0,902000000.0,1195000000.0,339000000.0,0.849,39.021,14251000000.0,601000000.0,13650000000.0,14251000000.0,1139000000.0,613000000.0,0.0,0.0,0.0,527000000.0,1140000000.0,0.332,1140000000.0,527000000.0,216000000.0,0.18,0.19,0.18,563000000.0,,563000000.0,26039022348.0,15.0,6.173,424000000.0,0.237,1.0,2240000000.0,0.652,853000000.0,311000000.0,30819000000.0,,0.0,0.0,0.0,0.0,21969000000.0,4209000000.0,17760000000.0,12652022348.0,-217000000.0,0.0,-228000000.0,-272000000.0,0.0,-539000000.0,-578000000.0,-89000000.0,900000000.0,0.0,339000000.0,339000000.0,339000000.0,0.0,0.0,0.099,1716000000.0,524000000.0,1008000000.0,0.0,22.473,4.378,4.465,13671000000.0,0.0,7.01,0.918,0.931,1576000000.0,-43084000000.0,3435000000.0,3435000000.0,0.0,,,,,0.0,1103000000.0,1.0,1804853402.0,1792554000.0,1834212000.0,1.916,21679000000.0,2238000000.0,-123000000.0,0.0,12.094,-636000000.0
13,Q1,MRQ,2007-09-30,2007-09-30,2007-09-30,2019-05-23,1056000000.0,22711000000.0,,3769000000.0,18942000000.0,,0.16,-420000000.0,1119000000.0,1119000000.0,1168000000.0,2065000000.0,0.717,77.045,14506000000.0,1727000000.0,12779000000.0,14506000000.0,1154000000.0,619000000.0,0.0,0.0,0.0,188000000.0,807000000.0,0.235,807000000.0,188000000.0,-84000000.0,1.14,1.08,1.14,291000000.0,,291000000.0,30385225272.0,18.0,7.163,333000000.0,0.183,1.0,2266000000.0,0.66,824000000.0,272000000.0,30019000000.0,,0.0,0.0,0.0,0.0,22420000000.0,5255000000.0,17165000000.0,16743225272.0,250000000.0,0.0,-214000000.0,-11000000.0,0.0,-208000000.0,-295000000.0,121000000.0,753000000.0,0.0,2065000000.0,2065000000.0,2065000000.0,0.0,0.0,0.601,2087000000.0,179000000.0,943000000.0,0.0,57.537,6.1,6.107,13849000000.0,0.0,9.16,1.211,1.204,1586000000.0,-43308000000.0,3434000000.0,3434000000.0,0.0,,,,,0.0,1468000000.0,1.0,1827863021.0,1818683000.0,1916478000.0,1.888,21887000000.0,2354000000.0,-2149000000.0,0.0,12.035,-1486000000.0
14,Q1,MRQ,2007-06-30,2007-06-30,2007-06-30,2019-05-23,1062000000.0,20389000000.0,,3087000000.0,17302000000.0,,-0.845,-426000000.0,869000000.0,869000000.0,1166000000.0,246000000.0,0.71,-14.103,14511000000.0,1304000000.0,13207000000.0,14511000000.0,1119000000.0,615000000.0,0.0,0.0,0.0,520000000.0,1135000000.0,0.328,1135000000.0,520000000.0,246000000.0,0.13,0.13,0.13,-1556000000.0,,-1556000000.0,31937176164.0,16.0,6.992,679000000.0,0.369,1.0,2297000000.0,0.663,817000000.0,274000000.0,28864000000.0,,0.0,240000000.0,240000000.0,0.0,21945000000.0,4350000000.0,17595000000.0,17937176164.0,-18000000.0,0.0,-256000000.0,-391000000.0,0.0,-703000000.0,-420000000.0,1000000.0,1105000000.0,0.0,246000000.0,246000000.0,246000000.0,0.0,0.0,0.071,1763000000.0,534000000.0,918000000.0,0.0,-11.528,20.523,21.087,14076000000.0,0.0,9.7,1.292,1.286,1497000000.0,-45373000000.0,3463000000.0,3463000000.0,0.0,,,,,0.0,1148000000.0,1.0,1849193419.0,1841295000.0,1950056000.0,1.881,19572000000.0,0.0,0.0,0.0,10.629,-1263000000.0
15,Q1,MRQ,2007-03-31,2007-03-31,2007-03-31,2019-05-23,1072000000.0,20701000000.0,,3194000000.0,17507000000.0,,-0.823,-318000000.0,887000000.0,887000000.0,1174000000.0,240000000.0,0.689,-14.495,14887000000.0,1688000000.0,13199000000.0,14887000000.0,1119000000.0,612000000.0,0.0,0.0,0.0,524000000.0,1136000000.0,0.33,1136000000.0,524000000.0,242000000.0,0.13,0.12,0.13,-1534000000.0,,-1534000000.0,30438078387.0,16.0,6.676,-50000000.0,-0.027,1.0,2272000000.0,0.659,812000000.0,282000000.0,29255000000.0,,0.0,242000000.0,242000000.0,0.0,22235000000.0,4634000000.0,17601000000.0,16787078387.0,-354000000.0,0.0,-359000000.0,-9000000.0,0.0,-314000000.0,-308000000.0,6000000.0,268000000.0,0.0,240000000.0,240000000.0,240000000.0,0.0,0.0,0.07,1753000000.0,519000000.0,895000000.0,0.0,-10.943,22.533,23.051,14274000000.0,0.0,8.99,1.208,1.207,1510000000.0,-45619000000.0,3446000000.0,3446000000.0,0.0,,,,,0.0,1141000000.0,1.0,1867305716.0,1864951000.0,1958535000.0,1.848,19889000000.0,0.0,2000000.0,0.0,10.665,-1440000000.0
16,Q1,MRQ,2006-12-31,2006-12-31,2006-12-31,2019-05-23,1083000000.0,21239000000.0,,3654000000.0,17585000000.0,,-0.76,-282000000.0,1241000000.0,1241000000.0,745000000.0,194000000.0,0.708,-15.698,14892000000.0,1686000000.0,13206000000.0,14892000000.0,1127000000.0,695000000.0,0.0,0.0,0.0,469000000.0,1164000000.0,0.334,1164000000.0,469000000.0,185000000.0,0.1,0.1,0.1,-1445000000.0,,-1445000000.0,29974337817.0,17.0,6.667,578000000.0,0.304,1.0,2743000000.0,0.786,818000000.0,284000000.0,28912000000.0,,0.0,248000000.0,248000000.0,0.0,22684000000.0,5160000000.0,17524000000.0,16023337817.0,279000000.0,0.0,-154000000.0,-35000000.0,0.0,-262000000.0,-319000000.0,-30000000.0,860000000.0,0.0,194000000.0,194000000.0,194000000.0,0.0,0.0,0.056,2358000000.0,385000000.0,992000000.0,0.0,-11.089,27.021,27.0,14579000000.0,0.0,8.37,1.151,1.136,1600000000.0,-45907000000.0,3488000000.0,3488000000.0,0.0,,,,,0.0,1663000000.0,1.0,1914377278.0,1901047000.0,1998506000.0,1.835,20421000000.0,187000000.0,-9000000.0,0.0,10.742,-1506000000.0
17,Q1,MRQ,2006-09-30,2006-09-30,2006-09-30,2019-05-23,-7000000.0,21114000000.0,,3575000000.0,17539000000.0,,-1.355,-378000000.0,962000000.0,962000000.0,1382000000.0,194000000.0,0.695,-9.196,14913000000.0,1685000000.0,13228000000.0,14913000000.0,1138000000.0,691000000.0,0.0,0.0,0.0,442000000.0,1133000000.0,0.325,1133000000.0,442000000.0,151000000.0,0.1,0.09,0.1,-2576000000.0,,-2576000000.0,30800621095.0,29.0,7.904,374000000.0,0.197,1.0,2105000000.0,0.604,943000000.0,291000000.0,28978000000.0,,0.0,218000000.0,218000000.0,0.0,23690000000.0,5144000000.0,18546000000.0,16613621095.0,-227000000.0,-107000000.0,48000000.0,-498000000.0,0.0,-487000000.0,-492000000.0,-13000000.0,752000000.0,0.0,194000000.0,194000000.0,194000000.0,0.0,0.0,0.056,1705000000.0,400000000.0,833000000.0,0.0,-6.449,-128.788,-124.571,14828000000.0,0.0,8.72,1.194,1.192,1718000000.0,-46101000000.0,3487000000.0,3487000000.0,0.0,,,,,0.0,1014000000.0,1.0,1905231777.0,1901372000.0,2004502000.0,1.834,20171000000.0,0.0,-43000000.0,0.0,10.609,-1569000000.0
18,Q1,MRQ,2006-06-30,2006-06-30,2006-06-30,2019-05-23,-8000000.0,21292000000.0,,3553000000.0,17739000000.0,,-1.501,-421000000.0,1189000000.0,1189000000.0,1394000000.0,117000000.0,0.583,-8.534,15376000000.0,2683000000.0,12693000000.0,15376000000.0,1117000000.0,693000000.0,0.0,0.0,0.0,433000000.0,1126000000.0,0.324,1126000000.0,433000000.0,135000000.0,0.06,0.06,0.06,-2826000000.0,,-2826000000.0,30085654230.0,35.0,7.978,616000000.0,0.327,1.0,2078000000.0,0.599,929000000.0,298000000.0,28455000000.0,,0.0,205000000.0,205000000.0,0.0,24118000000.0,6095000000.0,18023000000.0,15257654230.0,579000000.0,0.0,45000000.0,-6000000.0,0.0,39000000.0,-497000000.0,-75000000.0,1037000000.0,0.0,117000000.0,117000000.0,117000000.0,0.0,0.0,0.034,1662000000.0,416000000.0,748000000.0,0.0,-5.399,-32.672,-32.36,15016000000.0,0.0,8.09,1.095,1.093,1477000000.0,-46295000000.0,3472000000.0,3472000000.0,0.0,,,,,0.0,969000000.0,1.0,1885989398.0,1882398000.0,1951728000.0,1.844,20363000000.0,0.0,18000000.0,0.0,10.818,-2542000000.0
19,Q1,MRQ,2006-03-31,2006-03-31,2006-03-31,2019-05-23,-5000000.0,21126000000.0,,3024000000.0,18102000000.0,,-1.633,-364000000.0,610000000.0,610000000.0,1418000000.0,88000000.0,0.766,-7.904,15438000000.0,604000000.0,14834000000.0,15438000000.0,1136000000.0,691000000.0,0.0,0.0,0.0,382000000.0,1073000000.0,0.309,1073000000.0,382000000.0,86000000.0,0.05,0.05,0.05,-3060000000.0,,-3060000000.0,27343124126.0,43.0,7.547,-224000000.0,-0.12,1.0,2058000000.0,0.592,971000000.0,296000000.0,31036000000.0,,0.0,130000000.0,130000000.0,0.0,24186000000.0,3947000000.0,20239000000.0,12709124126.0,-236000000.0,0.0,57000000.0,-41000000.0,0.0,16000000.0,-392000000.0,-29000000.0,140000000.0,0.0,88000000.0,88000000.0,88000000.0,0.0,0.0,0.025,1704000000.0,354000000.0,780000000.0,0.0,-4.153,-16.991,-17.0,15273000000.0,0.0,6.8,0.912,0.915,1541000000.0,-46412000000.0,3476000000.0,3476000000.0,0.0,,,,,0.0,1013000000.0,1.0,1868988842.0,1874313000.0,1911376000.0,1.855,20155000000.0,0.0,-2000000.0,0.0,10.753,-923000000.0
20,Q1,MRQ,2005-12-31,2005-12-31,2005-12-31,2019-05-23,-9000000.0,21497000000.0,,3164000000.0,18333000000.0,,-1.728,-501000000.0,846000000.0,846000000.0,1451000000.0,-528000000.0,0.747,-7.682,15480000000.0,512000000.0,14968000000.0,15480000000.0,1155000000.0,758000000.0,0.0,0.0,0.0,-193000000.0,565000000.0,0.162,565000000.0,-193000000.0,-531000000.0,-0.28,-0.28,-0.28,-3217000000.0,,-3217000000.0,25426973095.0,36.0,6.752,224000000.0,0.12,1.0,2029000000.0,0.583,1007000000.0,338000000.0,30889000000.0,,0.0,101000000.0,101000000.0,0.0,24714000000.0,4235000000.0,20479000000.0,10508973095.0,-1465000000.0,0.0,29000000.0,-1673000000.0,0.0,-2173000000.0,-17000000.0,479000000.0,725000000.0,0.0,-528000000.0,-528000000.0,-528000000.0,0.0,0.0,-0.152,1808000000.0,221000000.0,1314000000.0,0.0,-3.267,-13.49,-13.452,15568000000.0,0.0,5.65,0.756,0.746,1525000000.0,-46500000000.0,3480000000.0,3480000000.0,0.0,,,,,0.0,1050000000.0,1.0,1859995238.0,1861685000.0,1861685000.0,1.869,20490000000.0,0.0,-3000000.0,0.0,11.006,-1071000000.0
21,Q1,MRQ,2005-09-30,2005-09-30,2005-09-30,2019-05-23,-6000000.0,23727000000.0,,5054000000.0,18673000000.0,,-1.473,-445000000.0,2311000000.0,2311000000.0,1512000000.0,-144000000.0,1.194,-9.736,17229000000.0,527000000.0,16702000000.0,17229000000.0,1167000000.0,768000000.0,0.0,0.0,0.0,239000000.0,1007000000.0,0.287,1007000000.0,239000000.0,-145000000.0,-0.08,-0.08,-0.08,-2716000000.0,,-2716000000.0,22836380155.0,21.0,5.458,230000000.0,0.125,1.0,1992000000.0,0.568,1035000000.0,384000000.0,33378000000.0,,0.0,580000000.0,580000000.0,0.0,26443000000.0,4232000000.0,22211000000.0,7533380155.0,66000000.0,0.0,3000000.0,-195000000.0,0.0,-223000000.0,-386000000.0,54000000.0,675000000.0,0.0,-144000000.0,-144000000.0,-144000000.0,0.0,0.0,-0.041,1784000000.0,208000000.0,740000000.0,0.0,-2.774,-19.316,-18.636,15812000000.0,0.0,4.1,0.544,0.545,1595000000.0,-45972000000.0,3504000000.0,3504000000.0,0.0,,,,,0.0,1016000000.0,1.0,1837409794.0,1843715000.0,1843715000.0,1.901,22692000000.0,0.0,-1000000.0,0.0,12.308,822000000.0
22,Q1,MRQ,2005-06-30,2005-06-30,2005-06-30,2019-05-23,-7000000.0,24070000000.0,,4898000000.0,19172000000.0,,-1.461,-352000000.0,2245000000.0,2245000000.0,1434000000.0,-164000000.0,1.342,-10.039,17548000000.0,261000000.0,17287000000.0,17548000000.0,1174000000.0,765000000.0,0.0,0.0,0.0,213000000.0,978000000.0,0.282,978000000.0,213000000.0,-167000000.0,-0.09,-0.09,-0.09,-2663000000.0,,-2663000000.0,22629130430.0,35.0,6.046,218000000.0,0.12,1.0,2036000000.0,0.587,1073000000.0,380000000.0,34650000000.0,,0.0,634000000.0,634000000.0,0.0,26733000000.0,3650000000.0,23083000000.0,6743130430.0,839000000.0,0.0,4000000.0,309000000.0,0.0,239000000.0,30000000.0,366000000.0,570000000.0,0.0,-164000000.0,-164000000.0,-164000000.0,0.0,0.0,-0.047,1810000000.0,226000000.0,714000000.0,0.0,-2.532,-8.274,-8.244,16101000000.0,0.0,3.71,0.488,0.49,1566000000.0,-45828000000.0,3470000000.0,3470000000.0,0.0,,,,,0.0,1045000000.0,1.0,1817555372.0,1823338000.0,1823338000.0,1.903,22997000000.0,0.0,-3000000.0,0.0,12.613,1248000000.0
23,Q1,MRQ,2005-03-31,2005-03-31,2005-03-31,2019-05-23,-9000000.0,24129000000.0,,4528000000.0,19601000000.0,,-1.411,105000000.0,1406000000.0,1406000000.0,1439000000.0,57000000.0,1.116,-10.411,17292000000.0,601000000.0,16691000000.0,17292000000.0,1196000000.0,774000000.0,0.0,0.0,0.0,442000000.0,1216000000.0,0.353,1216000000.0,442000000.0,61000000.0,0.03,0.03,0.03,-2564000000.0,,-2564000000.0,22237515519.0,121.0,6.73,448000000.0,0.247,1.0,2010000000.0,0.583,1112000000.0,381000000.0,34844000000.0,,0.0,966000000.0,966000000.0,0.0,26693000000.0,4059000000.0,22634000000.0,6721515519.0,255000000.0,0.0,3000000.0,-5000000.0,0.0,-2000000.0,-86000000.0,-192000000.0,343000000.0,0.0,57000000.0,57000000.0,57000000.0,0.0,0.0,0.017,1825000000.0,185000000.0,705000000.0,0.0,-2.621,-4.71,-4.684,16458000000.0,0.0,3.7,0.488,0.488,1603000000.0,-45664000000.0,3449000000.0,3449000000.0,0.0,,,,,0.0,1036000000.0,1.0,1816625816.0,1816758000.0,1822377000.0,1.898,23017000000.0,0.0,4000000.0,0.0,12.669,469000000.0
24,Q1,MRQ,2004-12-31,2004-12-31,2004-12-31,2019-05-23,0.0,24324000000.0,,4218000000.0,20106000000.0,,-1.438,-339000000.0,1151000000.0,1151000000.0,1401000000.0,-139000000.0,0.984,-10.312,17286000000.0,596000000.0,16690000000.0,17286000000.0,1228000000.0,782000000.0,0.0,0.0,0.0,201000000.0,983000000.0,0.286,983000000.0,201000000.0,-166000000.0,-0.08,-0.08,-0.08,-2612000000.0,,-2612000000.0,23450630854.0,-134.0,7.955,-100000000.0,-0.055,1.0,2036000000.0,0.592,1179000000.0,367000000.0,34994000000.0,,0.0,764000000.0,764000000.0,0.0,26936000000.0,4286000000.0,22650000000.0,8062630854.0,-163000000.0,0.0,5000000.0,85000000.0,0.0,59000000.0,-461000000.0,-110000000.0,239000000.0,0.0,-139000000.0,-139000000.0,-139000000.0,0.0,0.0,-0.04,1890000000.0,146000000.0,731000000.0,0.0,-3.087,-4.494,-4.44,16853000000.0,0.0,4.44,0.584,0.579,1594000000.0,-45721000000.0,3437000000.0,3437000000.0,0.0,,,,,0.0,1072000000.0,1.0,1815907850.0,1815940000.0,1815940000.0,1.893,23145000000.0,0.0,-27000000.0,0.0,12.745,-68000000.0
25,Q1,MRQ,2004-09-30,2004-09-30,2004-09-30,2019-05-23,0.0,24926000000.0,,4246000000.0,20680000000.0,,-1.365,-408000000.0,1809000000.0,1809000000.0,1548000000.0,-569000000.0,0.893,-11.063,17197000000.0,652000000.0,16545000000.0,17197000000.0,1264000000.0,779000000.0,0.0,0.0,0.0,-213000000.0,566000000.0,0.164,566000000.0,-213000000.0,-587000000.0,-0.31,-0.31,-0.31,-2477000000.0,,-2477000000.0,21836226620.0,-48.0,8.133,357000000.0,0.197,1.0,1901000000.0,0.551,1216000000.0,374000000.0,34343000000.0,,0.0,0.0,0.0,0.0,27403000000.0,4755000000.0,22648000000.0,6044226620.0,130000000.0,0.0,1000000.0,-61000000.0,0.0,-65000000.0,-570000000.0,-162000000.0,765000000.0,0.0,-569000000.0,-569000000.0,-569000000.0,0.0,0.0,-0.165,2074000000.0,-173000000.0,863000000.0,0.0,-2.44,-2.931,-2.896,17255000000.0,0.0,3.33,0.436,0.436,1700000000.0,-45582000000.0,3449000000.0,3449000000.0,0.0,,,,,0.0,1261000000.0,1.0,1815083069.0,1815109000.0,1815109000.0,1.9,23710000000.0,0.0,-18000000.0,0.0,13.063,-509000000.0
26,Q1,MRQ,2004-06-30,2004-06-30,2004-06-30,2019-05-23,0.0,25106000000.0,,4086000000.0,21020000000.0,,-1.06,-481000000.0,1451000000.0,1451000000.0,1486000000.0,-776000000.0,0.88,-14.151,17243000000.0,836000000.0,16407000000.0,17243000000.0,1290000000.0,785000000.0,0.0,0.0,0.0,-246000000.0,539000000.0,0.157,539000000.0,-246000000.0,-640000000.0,-0.43,-0.43,-0.43,-1909000000.0,,-1909000000.0,22065802643.0,12.0,4.479,-197000000.0,-0.109,1.0,1956000000.0,0.568,1346000000.0,394000000.0,34911000000.0,,0.0,0.0,0.0,0.0,27015000000.0,4641000000.0,22374000000.0,6405802643.0,-169000000.0,0.0,3000000.0,-176000000.0,0.0,-173000000.0,-280000000.0,192000000.0,284000000.0,0.0,-776000000.0,-776000000.0,-776000000.0,0.0,0.0,-0.225,2313000000.0,-357000000.0,719000000.0,0.0,-3.356,18.952,17.095,17495000000.0,0.0,3.59,0.458,0.462,1742000000.0,-45013000000.0,3442000000.0,3442000000.0,0.0,,,,,0.0,1486000000.0,1.0,1784346140.0,1801302000.0,1801302000.0,1.911,23760000000.0,0.0,136000000.0,0.0,13.19,-555000000.0
27,Q1,MRQ,2004-03-31,2004-03-31,2004-03-31,2019-05-23,0.0,25679000000.0,,4264000000.0,21415000000.0,,-0.705,-455000000.0,1880000000.0,1880000000.0,1454000000.0,-310000000.0,0.937,-21.527,17540000000.0,996000000.0,16544000000.0,17540000000.0,1356000000.0,777000000.0,0.0,0.0,0.0,84000000.0,861000000.0,0.247,861000000.0,84000000.0,-313000000.0,-0.17,-0.17,-0.17,-1251000000.0,,-1251000000.0,23388464150.0,10.0,4.27,105000000.0,0.059,1.0,2027000000.0,0.582,1532000000.0,397000000.0,35254000000.0,,0.0,0.0,0.0,0.0,26930000000.0,4553000000.0,22377000000.0,7636464150.0,-13000000.0,0.0,1000000.0,39000000.0,0.0,21000000.0,-594000000.0,-135000000.0,560000000.0,0.0,-310000000.0,-310000000.0,-310000000.0,0.0,0.0,-0.089,1931000000.0,96000000.0,828000000.0,0.0,-6.104,7.273,7.183,17806000000.0,0.0,4.31,0.54,0.54,1626000000.0,-44237000000.0,3481000000.0,3481000000.0,0.0,,,,,0.0,1154000000.0,1.0,1771801427.0,1773268000.0,1773268000.0,1.963,24147000000.0,0.0,-3000000.0,0.0,13.617,-289000000.0
28,Q1,MRQ,2003-12-31,2003-12-31,2003-12-31,2019-05-23,-17000000.0,26343000000.0,,4543000000.0,21800000000.0,,-0.575,-615000000.0,1756000000.0,1756000000.0,1643000000.0,-407000000.0,0.801,-26.928,17508000000.0,1869000000.0,15639000000.0,17508000000.0,1483000000.0,798000000.0,0.0,0.0,0.0,-79000000.0,719000000.0,0.206,719000000.0,-79000000.0,-515000000.0,-0.24,-0.24,-0.24,-1016000000.0,,-1016000000.0,22801865710.0,8.0,3.854,-318000000.0,-0.18,1.0,1855000000.0,0.53,1549000000.0,436000000.0,34871000000.0,,0.0,0.0,0.0,0.0,27359000000.0,5675000000.0,21684000000.0,7629865710.0,-4723000000.0,0.0,0.0,-3762000000.0,0.0,-3762000000.0,-1258000000.0,-588000000.0,297000000.0,0.0,-407000000.0,-407000000.0,-407000000.0,25000000.0,0.0,-0.116,1805000000.0,50000000.0,810000000.0,0.0,-7.51,5.046,4.966,18149000000.0,0.0,4.32,0.534,0.526,1962000000.0,-43927000000.0,3498000000.0,3498000000.0,0.0,,,,,0.0,1215000000.0,1.0,1766172618.0,1767296000.0,1767296000.0,1.979,24794000000.0,0.0,-108000000.0,0.0,14.029,-1132000000.0
29,Q1,MRQ,2003-09-30,2003-09-30,2003-09-30,2019-05-23,-14000000.0,30462000000.0,,8498000000.0,21964000000.0,,-0.363,-532000000.0,6101000000.0,6101000000.0,1925000000.0,1831000000.0,1.607,-49.047,21273000000.0,1031000000.0,20242000000.0,21273000000.0,1436000000.0,796000000.0,0.0,0.0,0.0,2012000000.0,2808000000.0,0.787,2808000000.0,2012000000.0,1575000000.0,1.05,1.05,1.05,-634000000.0,,-634000000.0,30899481080.0,5.0,3.126,71000000.0,0.041,1.0,1645000000.0,0.461,1536000000.0,437000000.0,38810000000.0,,84000000.0,0.0,0.0,0.0,31096000000.0,5288000000.0,25808000000.0,5701481080.0,-1019000000.0,4290000000.0,0.0,-1106000000.0,0.0,-1106000000.0,-516000000.0,0.0,603000000.0,0.0,1831000000.0,1831000000.0,1831000000.0,-2517000000.0,0.0,0.513,2168000000.0,-523000000.0,802000000.0,0.0,-8.993,1.225,1.219,18363000000.0,0.0,3.4,0.393,0.41,1891000000.0,-43520000000.0,3570000000.0,3570000000.0,0.0,,,,,0.0,1105000000.0,1.0,1676906200.0,1747012000.0,1747012000.0,2.043,28926000000.0,38000000.0,-256000000.0,150000000.0,16.557,3210000000.0
30,Q1,MRQ,2003-06-30,2003-06-30,2003-06-30,2019-05-23,-17000000.0,29224000000.0,,6473000000.0,22751000000.0,,-1.482,-505000000.0,2773000000.0,2773000000.0,1449000000.0,-64000000.0,1.28,-12.376,22477000000.0,1142000000.0,21335000000.0,22477000000.0,1529000000.0,789000000.0,0.0,0.0,0.0,301000000.0,1090000000.0,0.303,1090000000.0,301000000.0,-143000000.0,-0.04,-0.04,-0.04,-2569000000.0,,-2569000000.0,33213611636.0,7.0,4.118,-67000000.0,-0.039,1.0,2147000000.0,0.597,1585000000.0,444000000.0,42284000000.0,,75000000.0,0.0,0.0,0.0,31793000000.0,5059000000.0,26734000000.0,8015611636.0,108000000.0,0.0,0.0,190000000.0,0.0,190000000.0,-520000000.0,0.0,438000000.0,0.0,-64000000.0,-64000000.0,-64000000.0,-61000000.0,0.0,-0.018,1970000000.0,177000000.0,807000000.0,0.0,-3.12,2.969,2.862,18835000000.0,0.0,4.78,0.545,0.564,2048000000.0,-45351000000.0,3596000000.0,3596000000.0,0.0,,,,,0.0,1164000000.0,1.0,1676906200.0,1733922000.0,1733922000.0,2.074,27639000000.0,1227000000.0,-79000000.0,0.0,15.94,1414000000.0
31,Q1,MRQ,2003-03-31,2003-03-31,2003-03-31,2019-05-23,-14000000.0,29210000000.0,,6276000000.0,22934000000.0,,-1.513,-429000000.0,2579000000.0,2579000000.0,1438000000.0,152000000.0,0.94,-12.309,22285000000.0,2635000000.0,19650000000.0,22285000000.0,1668000000.0,784000000.0,0.0,0.0,0.0,516000000.0,1300000000.0,0.359,1300000000.0,516000000.0,76000000.0,0.09,0.09,0.09,-2583000000.0,,-2583000000.0,31050402638.0,-2.0,-2.648,408000000.0,0.239,1.0,2186000000.0,0.603,1585000000.0,440000000.0,40655000000.0,,72000000.0,0.0,0.0,0.0,31793000000.0,6676000000.0,25117000000.0,5852402638.0,223000000.0,0.0,0.0,-178000000.0,0.0,-178000000.0,-436000000.0,0.0,837000000.0,0.0,152000000.0,152000000.0,152000000.0,-66000000.0,0.0,0.042,2003000000.0,183000000.0,830000000.0,0.0,-2.266,-0.399,-0.402,19097000000.0,0.0,3.49,0.39,0.397,2060000000.0,-45287000000.0,3624000000.0,3624000000.0,0.0,,,,,0.0,1206000000.0,1.0,1676906200.0,1706835000.0,1706835000.0,2.123,27625000000.0,1187000000.0,-76000000.0,0.0,16.185,-400000000.0
32,Q1,MRQ,2002-12-31,2002-12-31,2002-12-31,2019-05-23,-15000000.0,29345000000.0,,6420000000.0,22925000000.0,,-1.669,-521000000.0,2279000000.0,2279000000.0,1579000000.0,2735000000.0,0.931,-11.369,22540000000.0,2786000000.0,19754000000.0,22540000000.0,1730000000.0,805000000.0,0.0,0.0,0.0,3881000000.0,4686000000.0,1.265,4686000000.0,3881000000.0,3417000000.0,1.69,1.69,1.69,-2830000000.0,,-2830000000.0,33582531000.0,-1.0,-0.951,203000000.0,0.12,1.0,2126000000.0,0.574,1612000000.0,464000000.0,41099000000.0,,68000000.0,23000000.0,0.0,23000000.0,32175000000.0,6895000000.0,25280000000.0,8384531000.0,-1623000000.0,2754000000.0,-1000000.0,-1807000000.0,0.0,-1808000000.0,-539000000.0,-12000000.0,724000000.0,0.0,2735000000.0,2735000000.0,2735000000.0,-1682000000.0,0.0,0.738,1777000000.0,349000000.0,904000000.0,0.0,-2.963,-0.218,-0.219,18995000000.0,0.0,5.0,0.545,0.547,2325000000.0,-45439000000.0,3705000000.0,3705000000.0,0.0,,,,,0.0,1107000000.0,1.0,1676906200.0,1696042000.0,1696042000.0,2.184,27733000000.0,1296000000.0,682000000.0,0.0,16.352,-475000000.0
33,Q1,MRQ,2002-09-30,2002-09-30,2002-09-30,2019-05-23,,,,,,,,-420000000.0,,,1452000000.0,-123000000.0,,,,,,,,796000000.0,,0.0,0.0,194000000.0,990000000.0,0.262,990000000.0,194000000.0,-257000000.0,-0.07,-0.07,-0.07,,,,29021346136.0,-1.0,-0.764,-132000000.0,-0.078,1.0,2320000000.0,0.615,,451000000.0,,,,,,,,,,3823346136.0,333000000.0,0.0,0.0,-267000000.0,0.0,-267000000.0,312000000.0,-4000000.0,288000000.0,0.0,-123000000.0,-123000000.0,-123000000.0,-115000000.0,0.0,-0.033,2244000000.0,76000000.0,,0.0,,-0.088,-0.088,,0.0,2.28,0.291,0.293,,,3772000000.0,3772000000.0,0.0,,,,,0.0,1313000000.0,1.0,1676906200.0,1687745000.0,1687745000.0,2.235,,,-134000000.0,,,
34,Q1,MRQ,2002-06-30,2002-06-30,2002-06-30,2019-05-23,,,,,,,,-537000000.0,,,1598000000.0,-17430000000.0,,,,,,,,1132000000.0,,0.0,0.0,-19836000000.0,-18704000000.0,-4.782,-18704000000.0,-19836000000.0,-20286000000.0,-10.39,-10.39,-10.39,,,,29893337360.0,-1.0,-0.776,268000000.0,0.16,1.0,2313000000.0,0.591,,450000000.0,,,,,,,,,,4695337360.0,-827000000.0,0.0,7000000.0,-324000000.0,0.0,-317000000.0,-1315000000.0,3000000.0,805000000.0,0.0,-17430000000.0,-17430000000.0,-17430000000.0,-28000000.0,0.0,-4.457,21575000000.0,-19262000000.0,,0.0,,-0.108,-0.108,,0.0,2.8,0.332,0.332,,,3911000000.0,3911000000.0,0.0,,,,,0.0,1466000000.0,1.0,1676906200.0,1677796000.0,1677796000.0,2.331,,,-2856000000.0,,,
35,Q1,MRQ,2002-03-31,2002-03-31,2002-03-31,2019-05-23,-48000000.0,74262000000.0,,6623000000.0,67639000000.0,,21.582,-1171000000.0,1378000000.0,1378000000.0,1469000000.0,-23650000000.0,0.669,1.065,26576000000.0,5149000000.0,21427000000.0,26576000000.0,393000000.0,1114000000.0,0.0,0.006,0.0,-23415000000.0,-22301000000.0,-5.599,-22301000000.0,-23415000000.0,-23839000000.0,-14.19,-14.19,-14.19,35969000000.0,,35969000000.0,38065853860.0,-1.0,-1.67,-600000000.0,-0.36,1.0,2514000000.0,0.631,34529000000.0,424000000.0,55036000000.0,,397000000.0,775000000.0,0.0,775000000.0,38293000000.0,9895000000.0,28398000000.0,13685853860.0,978000000.0,0.0,-4000000.0,1607000000.0,0.0,1603000000.0,-1196000000.0,8000000.0,571000000.0,0.0,-23650000000.0,-23650000000.0,-23650000000.0,-125000000.0,0.0,-5.938,2594000000.0,-80000000.0,1483000000.0,0.0,0.38,-0.469,-0.469,30163000000.0,0.0,8.22,0.885,0.886,4383000000.0,-4792000000.0,3983000000.0,3983000000.0,0.0,,,,,0.0,1449000000.0,1.0,1664945725.0,1666642000.0,1666642000.0,2.39,39733000000.0,0.0,-189000000.0,2172000000.0,23.84,-3272000000.0
36,Q1,MRQ,2001-12-31,2001-12-31,2001-12-31,2019-05-23,-61000000.0,72166000000.0,,4738000000.0,67428000000.0,,21.275,-132000000.0,215000000.0,215000000.0,1187000000.0,-2109000000.0,0.463,1.037,25037000000.0,4807000000.0,20230000000.0,25037000000.0,1860000000.0,5364000000.0,0.0,0.004,0.0,-3329000000.0,2035000000.0,1.37,2035000000.0,-3329000000.0,-3705000000.0,-1.27,-1.27,-1.27,35413000000.0,,35413000000.0,47905683094.0,-9.0,-811.961,-598000000.0,-0.359,1.0,298000000.0,0.201,34624000000.0,376000000.0,52141000000.0,,156000000.0,1233000000.0,0.0,1233000000.0,36737000000.0,10223000000.0,26514000000.0,23525683094.0,-780000000.0,0.0,-10000000.0,-176000000.0,0.0,-80000000.0,-234000000.0,16000000.0,-466000000.0,0.0,-2109000000.0,-2109000000.0,-2109000000.0,-511000000.0,0.0,-1.42,3898000000.0,-3600000000.0,1318000000.0,0.0,0.664,-4.199,-4.193,29479000000.0,0.0,14.13,1.424,1.42,2906000000.0,-6971000000.0,1485000000.0,1485000000.0,0.0,,,,,165000000.0,1711000000.0,1.0,1664945725.0,1664532000.0,1664532000.0,0.892,37542000000.0,417000000.0,-1596000000.0,796000000.0,22.554,-5485000000.0
37,Q1,MRQ,2001-09-30,2001-09-30,2001-09-30,2019-05-23,-29000000.0,74700000000.0,,6052000000.0,68648000000.0,,22.355,-2141000000.0,425000000.0,425000000.0,1697000000.0,-142000000.0,0.625,1.008,24805000000.0,4369000000.0,20436000000.0,24805000000.0,378000000.0,0.0,0.0,0.003,0.0,430000000.0,430000000.0,0.09,430000000.0,430000000.0,50000000.0,-0.09,-0.09,-0.09,37198000000.0,,37198000000.0,50702148716.0,-14.0,57.42,-1092000000.0,-0.656,1.0,3069000000.0,0.644,34791000000.0,380000000.0,54604000000.0,,357000000.0,1533000000.0,0.0,1533000000.0,37502000000.0,9685000000.0,27817000000.0,27784148716.0,-91000000.0,0.0,16000000.0,1201000000.0,0.0,1217000000.0,-2357000000.0,0.0,1049000000.0,0.0,-142000000.0,-142000000.0,-142000000.0,0.0,0.0,-0.03,2615000000.0,454000000.0,1938000000.0,0.0,0.747,-6.084,-5.661,30117000000.0,0.0,16.7,1.579,1.579,4453000000.0,-3523000000.0,4766000000.0,4766000000.0,0.0,,,,,0.0,1304000000.0,1.0,1663721480.0,1664000000.0,1664000000.0,2.864,39909000000.0,0.0,192000000.0,4484000000.0,23.984,-3633000000.0
38,Q1,MRQ,2001-06-30,2001-06-30,2001-06-30,2019-05-23,-60000000.0,73906000000.0,,6417000000.0,67489000000.0,,22.448,-2616000000.0,516000000.0,516000000.0,1850000000.0,-3306000000.0,0.537,0.982,23434000000.0,5859000000.0,17575000000.0,23434000000.0,383000000.0,0.0,0.0,0.002,0.05,-2960000000.0,-2960000000.0,-0.567,-2960000000.0,-2960000000.0,-3303000000.0,-1.99,-1.99,-1.99,37286000000.0,,37286000000.0,74417208578.0,-19.0,146.203,-1642000000.0,-0.989,1.0,3372000000.0,0.646,34688000000.0,343000000.0,50196000000.0,,352000000.0,1571000000.0,0.0,1571000000.0,36620000000.0,11940000000.0,24680000000.0,52944208578.0,210000000.0,0.0,34000000.0,1731000000.0,-83000000.0,1682000000.0,-2446000000.0,0.0,974000000.0,0.0,-3306000000.0,-3306000000.0,-3306000000.0,0.0,0.0,-0.633,3237000000.0,135000000.0,2426000000.0,-0.025,1.42,-11.33,-10.588,29050000000.0,0.0,31.87,3.009,3.009,4842000000.0,-3411000000.0,5222000000.0,5222000000.0,0.0,,,,,0.0,1343000000.0,1.0,1661255368.0,1661000000.0,1661000000.0,3.144,39218000000.0,0.0,3000000.0,4178000000.0,23.611,-5523000000.0
39,Q1,MRQ,2001-03-31,2001-03-31,2001-03-31,2019-05-23,-66000000.0,75774000000.0,,5766000000.0,70008000000.0,,24.551,-2943000000.0,306000000.0,306000000.0,1796000000.0,-46000000.0,0.557,0.864,21779000000.0,4103000000.0,17676000000.0,21779000000.0,379000000.0,1151000000.0,0.0,0.0,0.0,436000000.0,1587000000.0,0.314,1587000000.0,436000000.0,98000000.0,-0.03,-0.03,-0.03,40656000000.0,,40656000000.0,76726651208.0,-76.0,22.029,-1610000000.0,-0.972,1.0,3255000000.0,0.644,32224000000.0,338000000.0,54669000000.0,,302000000.0,8053000000.0,0.0,8053000000.0,35118000000.0,10354000000.0,24764000000.0,57814651208.0,152000000.0,0.0,-754000000.0,2721000000.0,0.0,1841000000.0,-3022000000.0,0.0,1333000000.0,0.0,-46000000.0,-46000000.0,-46000000.0,0.0,0.0,-0.009,2638000000.0,617000000.0,2358000000.0,0.0,1.422,-38.854,-30.216,27700000000.0,0.0,35.05,3.654,3.668,4294000000.0,-22000000.0,5051000000.0,5051000000.0,0.0,,,,,0.0,1258000000.0,1.0,1649490762.0,1656000000.0,1674000000.0,3.05,43550000000.0,39000000.0,144000000.0,4172000000.0,26.298,-4588000000.0
40,Q1,MRQ,2000-12-31,2000-12-31,2000-12-31,2019-05-23,-61000000.0,72816000000.0,,4732000000.0,68084000000.0,,32.676,-2106000000.0,270000000.0,270000000.0,1122000000.0,-1073000000.0,0.488,0.752,19157000000.0,3616000000.0,15541000000.0,19157000000.0,1641000000.0,3340000000.0,0.0,0.008,0.0,-1514000000.0,1826000000.0,0.714,1826000000.0,-1514000000.0,-1825000000.0,-0.84,-0.84,-0.84,41567000000.0,,41567000000.0,85630988378.0,-146.0,31.093,-1148000000.0,-0.902,1.0,1434000000.0,0.561,32016000000.0,311000000.0,49991000000.0,,108000000.0,8147000000.0,0.0,8147000000.0,31249000000.0,9696000000.0,21553000000.0,67692988378.0,-565000000.0,1561000000.0,120000000.0,558000000.0,0.0,678000000.0,-2201000000.0,-1177000000.0,958000000.0,0.0,-1073000000.0,-1073000000.0,-1073000000.0,-446000000.0,0.0,-0.42,3073000000.0,-1639000000.0,1887000000.0,0.0,1.629,-65.278,-49.848,25986000000.0,0.0,40.875,4.785,3.675,3165000000.0,-1285000000.0,2556000000.0,2556000000.0,0.0,,,,,191000000.0,1478000000.0,1.0,1656097575.0,1272088000.0,1272088000.0,2.009,40800000000.0,294000000.0,-752000000.0,1122000000.0,32.073,-4964000000.0
41,Q1,MRQ,2000-09-30,2000-09-30,2000-09-30,2019-05-23,7000000.0,72088000000.0,,5746000000.0,66342000000.0,,24.845,-2304000000.0,417000000.0,417000000.0,1558000000.0,-248000000.0,0.631,0.746,18355000000.0,2795000000.0,15560000000.0,18355000000.0,377000000.0,0.0,0.0,0.006,0.0,56000000.0,56000000.0,0.012,56000000.0,56000000.0,-258000000.0,-0.15,-0.15,-0.15,41292000000.0,,41292000000.0,97088067672.0,71.0,25.994,-1299000000.0,-0.782,1.0,3207000000.0,0.673,39748000000.0,314000000.0,41178000000.0,,252000000.0,0.0,0.0,0.0,30796000000.0,9100000000.0,21696000000.0,79823067672.0,-483000000.0,0.0,200000000.0,6000000.0,0.0,206000000.0,-1694000000.0,448000000.0,1005000000.0,0.0,-248000000.0,-248000000.0,-248000000.0,0.0,0.0,-0.052,3417000000.0,-210000000.0,1842000000.0,0.0,1.933,397.13,133.507,23840000000.0,0.0,48.063,5.292,5.296,4236000000.0,141000000.0,4765000000.0,4765000000.0,0.0,,,,,0.0,1343000000.0,1.0,1660818053.0,1662000000.0,1662000000.0,2.867,32340000000.0,0.0,-10000000.0,2019000000.0,19.458,-3354000000.0
42,Q1,MRQ,2000-06-30,2000-06-30,2000-06-30,2019-05-23,162000000.0,69848000000.0,,5804000000.0,64044000000.0,,46.663,-1425000000.0,900000000.0,900000000.0,830000000.0,-121000000.0,0.598,0.688,18165000000.0,4736000000.0,13429000000.0,18165000000.0,414000000.0,0.0,0.0,0.006,0.0,14000000.0,14000000.0,0.004,14000000.0,14000000.0,-193000000.0,-0.14,-0.14,-0.14,41390000000.0,,41390000000.0,40386718750.0,21.0,9.452,-433000000.0,-0.488,1.0,2620000000.0,0.759,29016000000.0,207000000.0,48386000000.0,,322000000.0,7925000000.0,0.0,7925000000.0,28458000000.0,9711000000.0,18747000000.0,37489218750.0,818000000.0,407000000.0,85000000.0,1363000000.0,-271000000.0,1177000000.0,-1351000000.0,0.0,992000000.0,0.0,-121000000.0,-121000000.0,-121000000.0,0.0,0.0,-0.035,1952000000.0,668000000.0,1820000000.0,0.0,0.906,64.084,74.16,23627000000.0,0.0,49.688,2.754,3.237,3832000000.0,389000000.0,3450000000.0,3450000000.0,0.0,,,,,0.0,1061000000.0,1.0,754500000.0,887000000.0,887000000.0,3.89,40832000000.0,0.0,-72000000.0,1124000000.0,46.034,-3907000000.0
43,Q1,MRQ,2000-03-31,2000-03-31,2000-03-31,2019-05-23,101800000.0,11975200000.0,,1756300000.0,10218900000.0,,8.067,-1277000000.0,40600000.0,40600000.0,986000000.0,404000000.0,0.894,0.693,2938100000.0,547400000.0,2390700000.0,2938100000.0,0.0,0.0,0.0,0.013,0.31,858000000.0,858000000.0,0.254,858000000.0,858000000.0,647000000.0,0.46,0.45,0.46,7075000000.0,,7075000000.0,38163100000.0,14.0,7.518,-470000000.0,-0.536,1.0,2391000000.0,0.708,3263000000.0,211000000.0,9646200000.0,,0.0,571900000.0,0.0,571900000.0,4900200000.0,1963500000.0,2936700000.0,36144000000.0,4000000.0,0.0,30000000.0,-552000000.0,-271000000.0,-793000000.0,-10000000.0,1140000000.0,807000000.0,0.0,404000000.0,404000000.0,404000000.0,0.0,0.0,0.12,1484000000.0,907000000.0,241400000.0,0.674,5.109,32.504,37.5,4934200000.0,0.0,48.0,2.699,3.144,1360000000.0,-404800000.0,3377000000.0,3377000000.0,0.0,,,,,0.0,883000000.0,1.0,753000000.0,877000000.0,889000000.0,3.851,8712200000.0,0.0,243000000.0,0.0,9.934,-207200000.0
44,Q1,MRQ,1999-12-31,1999-12-31,1999-12-31,2019-05-23,222000000.0,23272000000.0,,4192000000.0,19080000000.0,,1.437,-1263000000.0,78000000.0,78000000.0,783000000.0,166000000.0,0.62,17.543,13071000000.0,2882000000.0,10189000000.0,13071000000.0,344000000.0,2367000000.0,0.0,0.014,0.0,440000000.0,2807000000.0,0.804,2807000000.0,440000000.0,223000000.0,0.19,0.18,0.19,1255000000.0,,1255000000.0,33656100000.0,12.0,6.417,331000000.0,0.379,1.0,2708000000.0,0.776,501000000.0,217000000.0,28998000000.0,,272000000.0,1290000000.0,0.0,1290000000.0,22017000000.0,6766000000.0,15251000000.0,32164000000.0,23000000.0,0.0,42000000.0,-51000000.0,-270000000.0,-295000000.0,-1276000000.0,0.0,1594000000.0,0.0,166000000.0,166000000.0,166000000.0,0.0,0.0,0.048,1861000000.0,847000000.0,1700000000.0,0.0,25.629,23.967,27.922,16404000000.0,0.0,43.0,2.44,2.845,3595000000.0,377000000.0,3491000000.0,3491000000.0,0.0,,,,,0.0,1257000000.0,1.0,748000000.0,873236000.0,886012000.0,3.998,22771000000.0,46000000.0,57000000.0,1191000000.0,26.077,-2574000000.0
45,Q1,MRQ,1999-09-30,1999-09-30,1999-09-30,2019-05-23,78000000.0,10147200000.0,,1908900000.0,8238300000.0,,7.396,-1000000000.0,859900000.0,859900000.0,1035000000.0,136000000.0,1.998,0.572,2352000000.0,0.0,2352000000.0,2352000000.0,0.0,0.0,0.0,0.021,0.0,594000000.0,594000000.0,0.18,594000000.0,594000000.0,391000000.0,0.16,0.15,0.16,6456900000.0,,6456900000.0,22943556250.0,4.0,3.099,-117000000.0,-0.134,1.0,2261000000.0,0.686,3282000000.0,203000000.0,7401800000.0,,0.0,0.0,0.0,0.0,3690300000.0,955500000.0,2734800000.0,22044756250.0,-67000000.0,2464000000.0,18000000.0,420000000.0,-379000000.0,59000000.0,-1009000000.0,-2464000000.0,883000000.0,0.0,136000000.0,136000000.0,136000000.0,0.0,0.0,0.041,1389000000.0,872000000.0,84800000.0,0.0,3.414,7.661,7.428,3545300000.0,0.0,29.563,1.197,1.401,801100000.0,-854400000.0,3296000000.0,3296000000.0,0.0,,,,,0.0,801000000.0,1.0,745700000.0,873000000.0,880000000.0,3.775,6865200000.0,0.0,255000000.0,0.0,7.864,953400000.0
46,Q1,MRQ,1999-06-30,1999-06-30,1999-06-30,2019-05-23,122300000.0,9999700000.0,,2341100000.0,7658600000.0,,7.422,-1381200000.0,1437400000.0,1437400000.0,1153000000.0,406000000.0,2.482,0.547,2336200000.0,0.0,2336200000.0,2336200000.0,0.0,0.0,0.0,0.019,0.31,817000000.0,817000000.0,0.253,817000000.0,817000000.0,654000000.0,0.47,0.46,0.47,6464200000.0,,6464200000.0,25331847840.0,5.0,3.701,767400000.0,0.881,1.0,2074000000.0,0.643,3308700000.0,163000000.0,6646400000.0,,0.0,0.0,0.0,0.0,3535500000.0,943400000.0,2592100000.0,23130947840.0,416800000.0,-2448700000.0,-16000000.0,2678800000.0,-538000000.0,2130100000.0,-3861900000.0,0.0,2148600000.0,0.0,406000000.0,406000000.0,406000000.0,0.0,0.0,0.126,1244000000.0,830000000.0,246100000.0,0.66,3.578,8.459,8.624,3159700000.0,0.0,32.856,1.452,1.797,663600000.0,-852600000.0,3227000000.0,3227000000.0,0.0,,,,,0.0,0.0,1.0,704000000.0,871000000.0,879000000.0,3.705,6691000000.0,0.0,248000000.0,0.0,7.682,1397700000.0
47,Q1,MRQ,1999-03-31,1999-03-31,1999-03-31,2019-05-23,58000000.0,8009200000.0,,1096800000.0,6912400000.0,,6.287,-299800000.0,119000000.0,119000000.0,509700000.0,4800000.0,1.091,0.82,2319900000.0,0.0,2319900000.0,2319900000.0,0.0,0.0,0.0,0.009,0.31,56600000.0,56600000.0,0.064,56600000.0,56600000.0,24600000.0,0.01,0.01,0.01,4400900000.0,,4400900000.0,26930732000.0,9.0,5.166,-379400000.0,-0.542,1.0,368700000.0,0.42,3394900000.0,32000000.0,5809900000.0,,0.0,0.0,0.0,0.0,3608300000.0,1005300000.0,2603000000.0,25086432000.0,-343800000.0,-15300000.0,58000000.0,-1800000.0,0.0,50900000.0,-315100000.0,0.0,-79600000.0,0.0,4800000.0,4800000.0,4800000.0,0.0,0.0,0.005,309200000.0,59500000.0,374200000.0,31.0,5.7,16.509,21.46,2827100000.0,0.0,35.838,1.916,1.916,656600000.0,-871100000.0,878400000.0,878400000.0,0.0,,,,,0.0,213300000.0,1.0,700000000.0,700000000.0,,1.255,4614300000.0,0.0,19800000.0,0.0,6.592,91500000.0
48,Q1,MRQ,1998-12-31,1998-12-31,1998-12-31,2019-05-23,2200000.0,8067600000.0,,1439100000.0,6628500000.0,,4.957,-1921000000.0,462800000.0,462800000.0,2674100000.0,2330600000.0,1.163,0.904,2307100000.0,0.0,2307100000.0,2307100000.0,0.0,2199000000.0,0.0,0.0,0.0,3736700000.0,5935700000.0,0.539,5935700000.0,3736700000.0,3256000000.0,3.34,3.33,3.34,4238200000.0,,4238200000.0,11481608166.0,4.0,2.225,1899700000.0,2.222,1.0,8343300000.0,0.757,3973100000.0,480700000.0,4701300000.0,,0.0,0.0,0.0,0.0,3829400000.0,1237500000.0,2591900000.0,10319908166.0,176400000.0,27400000.0,-54400000.0,3799900000.0,-1056000000.0,-1653700000.0,-1990600000.0,0.0,3820700000.0,0.0,2330600000.0,2330600000.0,2330600000.0,0.0,0.0,0.212,4508000000.0,3835300000.0,205100000.0,0.0,2.435,6.843,14.116,2655400000.0,0.0,24.844,0.833,1.714,628100000.0,-875900000.0,11017400000.0,11017400000.0,0.0,,,,,0.0,3241500000.0,1.0,415385006.0,854967000.0,862581000.0,12.886,4094500000.0,0.0,925400000.0,0.0,4.789,201600000.0
49,Q1,MRQ,1998-09-30,1998-09-30,1998-09-30,2019-05-23,0.0,6834000000.0,,1130300000.0,5703700000.0,,5.673,-337600000.0,225400000.0,225400000.0,499800000.0,-6900000.0,0.958,0.821,1387100000.0,0.0,1387100000.0,1387100000.0,0.0,0.0,0.0,0.0,0.0,34800000.0,34800000.0,0.043,34800000.0,34800000.0,5800000.0,-0.01,-0.01,-0.01,3752000000.0,,3752000000.0,7462142385.0,-10.0,-10.287,-332100000.0,-0.502,1.0,307000000.0,0.381,3203700000.0,29000000.0,3612200000.0,,0.0,0.0,0.0,0.0,3082000000.0,1179800000.0,1902200000.0,6462842385.0,-140600000.0,-5000000.0,78900000.0,119400000.0,0.0,196500000.0,-342600000.0,0.0,5500000.0,0.0,-6900000.0,-6900000.0,-6900000.0,0.0,0.0,-0.009,269300000.0,37700000.0,160400000.0,0.0,1.723,-7.977,-9.373,2043900000.0,0.0,15.559,4.08,6.497,293900000.0,-854500000.0,806800000.0,806800000.0,0.0,,,,,0.0,189400000.0,1.0,415385006.0,661400000.0,661400000.0,1.22,3630300000.0,297200000.0,12700000.0,0.0,5.489,-49500000.0
50,Q1,MRQ,1998-06-30,1998-06-30,1998-06-30,2019-05-23,0.0,6548800000.0,,1043400000.0,5505400000.0,,7.573,-271300000.0,366000000.0,366000000.0,261700000.0,-808900000.0,1.015,0.784,1365300000.0,0.0,1365300000.0,1365300000.0,0.0,0.0,0.0,0.0,0.0,-814000000.0,-814000000.0,-2.068,-814000000.0,-814000000.0,-832900000.0,-1.67,-1.67,-1.67,3671200000.0,,3671200000.0,7585354154.0,-10.0,-10.303,-224000000.0,-0.462,1.0,132000000.0,0.335,3315200000.0,18900000.0,3205200000.0,,0.0,0.0,0.0,0.0,2877600000.0,1027700000.0,1849900000.0,7198136154.0,-207200000.0,-22900000.0,15700000.0,26100000.0,0.0,39700000.0,-294200000.0,0.0,47300000.0,0.0,-808900000.0,-808900000.0,-808900000.0,0.0,0.0,-2.055,952400000.0,-820400000.0,185100000.0,0.0,1.961,-9.106,-10.697,1742800000.0,0.0,17.329,7.45,8.695,216500000.0,-847600000.0,393700000.0,393700000.0,0.0,,,,,0.0,107900000.0,1.0,415385006.0,484800000.0,484800000.0,0.812,3233600000.0,193200000.0,-24000000.0,0.0,6.67,15700000.0
51,Q1,MRQ,1998-03-31,1998-03-31,1998-03-31,2019-05-23,0.0,1779568000.0,,912324000.0,867244000.0,,0.98,-142100000.0,573161000.0,573161000.0,128200000.0,-6600000.0,2.656,3.371,960379000.0,1109000.0,959270000.0,960379000.0,26205000.0,0.0,0.0,0.0,0.0,4600000.0,4600000.0,0.026,4600000.0,4600000.0,-9800000.0,-0.015,-0.015,-0.015,407162000.0,,407162000.0,8286420468.0,155.0,112.74,-88600000.0,-0.213,1.0,48900000.0,0.276,88507000.0,14400000.0,1734808000.0,,0.0,0.0,0.0,0.0,1372406000.0,343471000.0,1028935000.0,8023730468.0,193400000.0,500000.0,1800000.0,280600000.0,0.0,281500000.0,-141600000.0,0.0,53500000.0,0.0,-6600000.0,-6600000.0,-6600000.0,0.0,0.0,-0.037,52400000.0,-3500000.0,308843000.0,0.0,19.706,626.854,551.896,772594000.0,0.0,19.316,10.015,10.015,327035000.0,-38576000.0,177100000.0,177100000.0,0.0,,,,,0.0,44400000.0,1.0,415385006.0,415385006.0,,0.426,1691061000.0,6143000.0,-3200000.0,5340000.0,4.071,568853000.0
52,Q1,MRQ,1997-12-31,1997-12-31,1997-12-31,2019-05-23,0.0,1398100000.0,,724000000.0,674100000.0,,0.924,-140500000.0,379800000.0,379800000.0,140500000.0,12200000.0,2.296,2.662,630500000.0,0.0,630500000.0,630500000.0,0.0,20200000.0,0.0,0.0,0.0,29000000.0,49200000.0,0.238,49200000.0,29000000.0,19100000.0,0.035,0.035,0.035,381800000.0,,381800000.0,,,,-116900000.0,-0.283,1.0,65900000.0,0.319,59500000.0,9900000.0,1274000000.0,,0.0,0.0,0.0,0.0,1016300000.0,315300000.0,701000000.0,,193100000.0,-9000000.0,-2300000.0,335800000.0,0.0,330000000.0,-160500000.0,-11000000.0,23600000.0,0.0,12200000.0,12200000.0,12200000.0,0.0,0.0,0.059,42600000.0,23300000.0,150200000.0,0.0,,,369.558,614600000.0,0.0,14.782,,8.084,58300000.0,-31900000.0,206400000.0,206400000.0,0.0,,,,,0.0,35500000.0,1.0,,413400000.0,418400000.0,0.499,1338600000.0,0.0,6900000.0,0.0,3.238,408700000.0
53,Q1,MRQ,1997-09-30,1997-09-30,1997-09-30,2019-05-23,,,,,,,,-84900000.0,,,132500000.0,12800000.0,,,,,,,,0.0,,0.0,0.0,24000000.0,24000000.0,0.127,24000000.0,24000000.0,19800000.0,0.03,0.03,0.03,,,,,,,-145800000.0,-0.353,1.0,56500000.0,0.299,,4200000.0,,,,,,,,,,,-127700000.0,9000000.0,-400000.0,18100000.0,0.0,9100000.0,-75900000.0,0.0,-60900000.0,0.0,12800000.0,12800000.0,12800000.0,0.0,0.0,0.068,36500000.0,20000000.0,,0.0,,,,,0.0,11.459,,,,,189000000.0,189000000.0,0.0,,,,,0.0,31400000.0,1.0,,413200000.0,423200000.0,0.457,,,7000000.0,,,
54,Q1,MRQ,1997-06-30,1997-06-30,1997-06-30,2019-05-23,,,,,,,,-63478000.0,,,163000000.0,-5600000.0,,,,,,,,0.0,,0.0,0.0,-4300000.0,-4300000.0,-0.019,-4300000.0,-4300000.0,-8000000.0,-0.015,-0.015,-0.015,,,,,,,-95937000.0,-0.273,1.0,65700000.0,0.287,,3700000.0,,,,,,,,,,,153736000.0,0.0,322200000.0,-44613000.0,0.0,249673000.0,-63478000.0,0.0,-32459000.0,0.0,-5600000.0,-5600000.0,-5600000.0,0.0,0.0,-0.024,72800000.0,-7100000.0,,0.0,,,,,0.0,6.77,,,,,228700000.0,228700000.0,0.0,,,,,0.0,68700000.0,1.0,,351400000.0,351400000.0,0.651,,,-2400000.0,,,
55,Q1,MRQ,1997-03-31,1997-03-31,1997-03-31,2019-05-23,,,,,,,,-56922000.0,,,54328000.0,-4776000.0,,,,,,,,0.0,,,0.0,-6250000.0,-6250000.0,-0.303,-6250000.0,-6250000.0,-7234000.0,-0.015,-0.015,-0.015,,,,,,,-23563000.0,,1.0,-33718000.0,-1.636,,984000.0,,,,,,,,,,,153764000.0,0.0,0.0,168513000.0,0.0,177327000.0,-56922000.0,0.0,33359000.0,0.0,-4776000.0,-4776000.0,-4776000.0,0.0,0.0,-0.232,31009000.0,-64727000.0,,0.0,,,,,0.0,,,,,,20610000.0,20610000.0,0.0,,,,,0.0,13947000.0,1.0,,,,,,,-2458000.0,,,
56,Q1,MRQ,1996-12-31,1996-12-31,1996-12-31,2019-05-23,0.0,262551000.0,,56404000.0,206147000.0,,0.027,,6905000.0,6905000.0,,,0.427,26.807,134461000.0,25193000.0,109268000.0,134461000.0,7683000.0,,0.0,,0.0,,,,,,,,,,9442000.0,,9442000.0,,,,,,1.0,,,3967000.0,,253997000.0,,0.0,0.0,0.0,0.0,253109000.0,132143000.0,120966000.0,,,,,,,,,,,,,,,,,,,,80129000.0,,,,,186535000.0,,,,,60223000.0,-46450000.0,,,,,,,,,,1.0,,346000000.0,,,258584000.0,4593000.0,,0.0,0.747,-75739000.0
0,Q1,MRT,2010-12-31,2010-12-31,2010-12-31,2019-05-23,-376000000.0,17220000000.0,18625000000.0,2222000000.0,14998000000.0,0.63,-0.959,-1488000000.0,372000000.0,372000000.0,3804000000.0,-55000000.0,0.574,-11.405,11947000000.0,1089000000.0,10858000000.0,11947000000.0,1010000000.0,2200000000.0,0.0,0.042,0.32,1489000000.0,3689000000.0,0.314,3689000000.0,1489000000.0,450000000.0,-0.03,-0.03,-0.03,-1655000000.0,-1360250000.0,-1655000000.0,24274069658.0,16.0,6.58,1879000000.0,1.089,1.0,7926000000.0,0.676,947000000.0,1039000000.0,23977000000.0,24922500000.0,0.0,0.0,0.0,0.0,18875000000.0,3871000000.0,15004000000.0,13262069658.0,-2034000000.0,0.0,-69000000.0,-2645000000.0,-555000000.0,-3913000000.0,-1488000000.0,-1000000.0,3367000000.0,0.0,-55000000.0,-55000000.0,-55000000.0,0.0,0.0,-0.005,5925000000.0,2001000000.0,801000000.0,-10.667,-8.013,-241.129,-253.667,11794000000.0,0.0,7.61,1.131,1.12,1264000000.0,-43425000000.0,11730000000.0,11730000000.0,0.0,-0.003,0.04,0.06,0.127,93000000.0,3725000000.0,1.0,1742716118.0,1726085000.0,1726085000.0,6.796,16273000000.0,1920000000.0,505000000.0,0.0,9.428,-1649000000.0
1,Q1,MRT,2010-09-30,2010-09-30,2010-09-30,2019-05-23,-475000000.0,18959000000.0,19415000000.0,4085000000.0,14874000000.0,0.609,-0.825,-1476000000.0,1967000000.0,1967000000.0,3878000000.0,214000000.0,0.778,-14.305,12979000000.0,2191000000.0,10788000000.0,12979000000.0,1009000000.0,2224000000.0,0.0,0.051,0.32,1786000000.0,4010000000.0,0.339,4010000000.0,1786000000.0,708000000.0,0.12,0.12,0.12,-1425000000.0,-1241000000.0,-1425000000.0,22870194666.0,13.0,5.703,1964000000.0,1.137,1.0,7947000000.0,0.672,923000000.0,1078000000.0,23800000000.0,25469750000.0,0.0,0.0,0.0,0.0,20384000000.0,5248000000.0,15136000000.0,10905194666.0,-107000000.0,0.0,50000000.0,-1470000000.0,-555000000.0,-2067000000.0,-1480000000.0,4000000.0,3440000000.0,0.0,214000000.0,214000000.0,214000000.0,0.0,0.0,0.018,5923000000.0,2024000000.0,759000000.0,2.667,-7.653,50.959,52.25,11830000000.0,0.0,6.27,0.922,0.916,1259000000.0,-43125000000.0,11825000000.0,11825000000.0,0.0,0.011,-0.172,0.07,0.151,40000000.0,3699000000.0,1.0,1739265497.0,1726768000.0,1726768000.0,6.848,18036000000.0,2073000000.0,494000000.0,0.0,10.445,-1163000000.0
2,Q1,MRT,2010-06-30,2010-06-30,2010-06-30,2019-05-23,-481000000.0,18959000000.0,19731500000.0,3880000000.0,15079000000.0,0.605,-0.72,-1444000000.0,1118000000.0,1118000000.0,3927000000.0,440000000.0,0.901,-16.277,13083000000.0,1554000000.0,11529000000.0,13083000000.0,1006000000.0,2253000000.0,0.0,0.061,0.32,1998000000.0,4251000000.0,0.356,4251000000.0,1998000000.0,901000000.0,0.25,0.25,0.25,-1241000000.0,-1142500000.0,-1241000000.0,21465202623.0,11.0,5.049,1842000000.0,1.069,1.0,8017000000.0,0.671,917000000.0,1097000000.0,25703000000.0,26474000000.0,0.0,661000000.0,661000000.0,0.0,20200000000.0,4304000000.0,15896000000.0,9115202623.0,-678000000.0,0.0,37000000.0,-1277000000.0,-554000000.0,-1863000000.0,-2101000000.0,-649000000.0,3286000000.0,0.0,440000000.0,440000000.0,440000000.0,0.0,0.0,0.037,6005000000.0,2012000000.0,686000000.0,1.28,-7.345,20.716,21.0,11929000000.0,0.0,5.25,0.763,0.757,1247000000.0,-42896000000.0,11944000000.0,11944000000.0,0.0,0.022,-0.385,0.075,0.167,40000000.0,3752000000.0,1.0,1736229071.0,1723274000.0,1761489000.0,6.931,18042000000.0,2196000000.0,461000000.0,0.0,10.47,-424000000.0
3,Q1,MRT,2010-03-31,2010-03-31,2010-03-31,2019-05-23,-487000000.0,19362000000.0,20048250000.0,4005000000.0,15357000000.0,0.604,-0.651,-1462000000.0,1196000000.0,1196000000.0,4015000000.0,494000000.0,0.873,-18.288,13546000000.0,2046000000.0,11500000000.0,13546000000.0,1017000000.0,2283000000.0,0.0,0.061,0.32,1960000000.0,4243000000.0,0.351,4243000000.0,1960000000.0,852000000.0,0.28,0.28,0.28,-1120000000.0,-1095000000.0,-1120000000.0,20825621491.0,11.0,4.908,1910000000.0,1.111,1.0,8089000000.0,0.668,912000000.0,1108000000.0,26210000000.0,27018250000.0,0.0,656000000.0,656000000.0,0.0,20482000000.0,4590000000.0,15892000000.0,9031621491.0,655000000.0,0.0,49000000.0,-38000000.0,-552000000.0,-604000000.0,-2113000000.0,-645000000.0,3372000000.0,0.0,494000000.0,494000000.0,494000000.0,0.0,0.0,0.041,6095000000.0,1994000000.0,658000000.0,1.143,-8.064,18.283,18.643,12078000000.0,0.0,5.22,0.746,0.741,1245000000.0,-42915000000.0,12104000000.0,12104000000.0,0.0,0.025,-0.451,0.073,0.162,40000000.0,3812000000.0,1.0,1730195688.0,1719148000.0,1739405000.0,7.041,18450000000.0,2299000000.0,358000000.0,0.0,10.732,-585000000.0
4,Q1,MRT,2009-12-31,2009-12-31,2009-12-31,2019-05-23,-489000000.0,20380000000.0,20135500000.0,4614000000.0,15766000000.0,0.611,-0.689,-1409000000.0,2406000000.0,2406000000.0,4088000000.0,662000000.0,0.905,-18.301,14200000000.0,2196000000.0,12004000000.0,14200000000.0,1042000000.0,2311000000.0,0.0,0.076,0.32,1992000000.0,4303000000.0,0.35,4303000000.0,1992000000.0,903000000.0,0.38,0.38,0.38,-1178000000.0,-1106000000.0,-1178000000.0,19330087722.0,10.0,4.492,1898000000.0,1.11,1.0,8223000000.0,0.668,911000000.0,1089000000.0,26166000000.0,27571000000.0,0.0,0.0,0.0,0.0,21558000000.0,5097000000.0,16461000000.0,7269087722.0,1841000000.0,0.0,54000000.0,443000000.0,-551000000.0,-60000000.0,-1406000000.0,18000000.0,3307000000.0,0.0,662000000.0,662000000.0,662000000.0,0.0,0.0,0.054,6248000000.0,1975000000.0,765000000.0,0.842,-6.171,10.98,11.079,12299000000.0,0.0,4.21,0.59,0.585,1302000000.0,-42953000000.0,12311000000.0,12311000000.0,0.0,0.033,-0.599,0.072,0.162,40000000.0,3937000000.0,1.0,1726624162.0,1709346000.0,1713498000.0,7.202,19469000000.0,2509000000.0,241000000.0,0.0,11.39,-483000000.0
5,Q1,MRT,2009-09-30,2009-09-30,2009-09-30,2019-05-23,-487000000.0,20225000000.0,20075750000.0,4347000000.0,15878000000.0,0.629,-0.602,-1384000000.0,2074000000.0,2074000000.0,4465000000.0,731000000.0,1.214,-20.617,14135000000.0,925000000.0,13210000000.0,14135000000.0,1049000000.0,2333000000.0,0.0,0.084,0.32,2090000000.0,4423000000.0,0.35,4423000000.0,2090000000.0,1016000000.0,0.43,0.42,0.43,-1031000000.0,-1158000000.0,-1031000000.0,18894663046.0,9.0,4.272,1955000000.0,1.142,1.0,8167000000.0,0.647,888000000.0,1074000000.0,27817000000.0,28130250000.0,0.0,0.0,0.0,0.0,21256000000.0,3581000000.0,17675000000.0,6567663046.0,1488000000.0,0.0,54000000.0,25000000.0,-548000000.0,-485000000.0,-1366000000.0,22000000.0,3339000000.0,0.0,731000000.0,731000000.0,731000000.0,0.0,0.0,0.058,6083000000.0,2084000000.0,754000000.0,0.744,-6.37,8.984,8.86,12399000000.0,0.0,3.81,0.52,0.516,1343000000.0,-42784000000.0,12632000000.0,12632000000.0,0.0,0.036,-0.631,0.074,0.165,47000000.0,3750000000.0,1.0,1723796075.0,1711954000.0,1719502000.0,7.379,19337000000.0,2572000000.0,285000000.0,0.0,11.295,766000000.0
6,Q1,MRT,2009-06-30,2009-06-30,2009-06-30,2019-05-23,-485000000.0,20226000000.0,20329250000.0,4048000000.0,16178000000.0,0.637,-0.615,-1509000000.0,1796000000.0,1796000000.0,4668000000.0,740000000.0,1.069,-20.245,14123000000.0,1085000000.0,13038000000.0,14123000000.0,1060000000.0,2351000000.0,0.0,0.077,0.32,2086000000.0,4437000000.0,0.342,4437000000.0,2086000000.0,1023000000.0,0.43,0.42,0.43,-1051000000.0,-813750000.0,-1051000000.0,19939799398.0,10.0,4.494,1787000000.0,1.046,1.0,8289000000.0,0.64,885000000.0,1063000000.0,27880000000.0,28592750000.0,0.0,0.0,0.0,0.0,21277000000.0,3788000000.0,17489000000.0,7138799398.0,1041000000.0,0.0,-117000000.0,-118000000.0,-548000000.0,-779000000.0,-1476000000.0,28000000.0,3296000000.0,0.0,740000000.0,740000000.0,740000000.0,0.0,0.0,0.057,6236000000.0,2053000000.0,767000000.0,0.744,-6.792,9.647,9.651,12622000000.0,0.0,4.15,0.551,0.547,1331000000.0,-42783000000.0,12957000000.0,12957000000.0,0.0,0.036,-0.909,0.073,0.161,47000000.0,3885000000.0,1.0,1720192626.0,1707928000.0,1722770000.0,7.586,19341000000.0,2639000000.0,283000000.0,0.0,11.324,260000000.0
7,Q1,MRT,2009-03-31,2009-03-31,2009-03-31,2019-05-23,-492000000.0,19711000000.0,20746250000.0,2867000000.0,16844000000.0,0.639,-0.684,-1695000000.0,541000000.0,541000000.0,4789000000.0,708000000.0,0.893,-17.934,13342000000.0,587000000.0,12755000000.0,13342000000.0,1080000000.0,2351000000.0,0.0,0.094,0.32,2161000000.0,4512000000.0,0.341,4512000000.0,2161000000.0,1104000000.0,0.41,0.4,0.41,-1164000000.0,-425250000.0,-1164000000.0,18938152174.0,9.0,4.197,1505000000.0,0.884,1.0,8460000000.0,0.639,880000000.0,1057000000.0,28421000000.0,29264000000.0,0.0,0.0,0.0,0.0,20875000000.0,3211000000.0,17664000000.0,5844152174.0,-93000000.0,0.0,-212000000.0,-861000000.0,-551000000.0,-1644000000.0,-1649000000.0,40000000.0,3200000000.0,0.0,708000000.0,708000000.0,708000000.0,0.0,0.0,0.053,6334000000.0,2126000000.0,791000000.0,0.78,-5.021,8.254,8.341,12816000000.0,0.0,3.42,0.441,0.439,1360000000.0,-42857000000.0,13249000000.0,13249000000.0,0.0,0.034,-1.665,0.074,0.163,47000000.0,3983000000.0,1.0,1708816425.0,1702069000.0,1706822000.0,7.784,18831000000.0,2640000000.0,396000000.0,0.0,11.064,-344000000.0
8,Q1,MRT,2008-12-31,2008-12-31,2008-12-31,2019-05-23,-487000000.0,20141000000.0,21304500000.0,2970000000.0,17171000000.0,0.632,-0.802,-1777000000.0,565000000.0,565000000.0,4956000000.0,652000000.0,0.771,-15.532,13555000000.0,820000000.0,12735000000.0,13555000000.0,1091000000.0,2354000000.0,0.0,0.088,0.32,2120000000.0,4474000000.0,0.332,4474000000.0,2120000000.0,1051000000.0,0.38,0.37,0.38,-1386000000.0,-1750000.0,-1386000000.0,19669475361.0,9.0,4.396,1154000000.0,0.668,1.0,8519000000.0,0.632,875000000.0,1069000000.0,28403000000.0,29851750000.0,0.0,0.0,0.0,0.0,21527000000.0,3853000000.0,17674000000.0,6200475361.0,-337000000.0,0.0,-392000000.0,-631000000.0,-556000000.0,-1575000000.0,-1693000000.0,65000000.0,2931000000.0,0.0,652000000.0,652000000.0,652000000.0,0.0,0.0,0.048,6422000000.0,2097000000.0,820000000.0,0.842,-4.474,9.51,9.579,13045000000.0,0.0,3.64,0.46,0.467,1465000000.0,-43063000000.0,13475000000.0,13475000000.0,0.0,0.031,-372.571,0.071,0.157,47000000.0,4068000000.0,1.0,1703427297.0,1728731000.0,1730206000.0,7.795,19266000000.0,2740000000.0,399000000.0,0.0,11.145,-883000000.0
9,Q1,MRT,2008-09-30,2008-09-30,2008-09-30,2019-05-23,1248000000.0,21239000000.0,21902250000.0,2966000000.0,18273000000.0,0.621,0.202,-1892000000.0,586000000.0,586000000.0,4757000000.0,814000000.0,0.71,60.384,14055000000.0,1240000000.0,12815000000.0,14055000000.0,1115000000.0,2366000000.0,0.0,0.074,0.24,2093000000.0,4459000000.0,0.328,4459000000.0,2093000000.0,977000000.0,0.44,0.45,0.44,346000000.0,485500000.0,346000000.0,19040802156.0,9.0,4.27,1031000000.0,0.602,1.0,8838000000.0,0.65,864000000.0,1116000000.0,29667000000.0,30455750000.0,0.0,0.0,0.0,0.0,20893000000.0,4177000000.0,16716000000.0,5574802156.0,-533000000.0,0.0,-629000000.0,-477000000.0,-420000000.0,-1535000000.0,-1921000000.0,-33000000.0,2923000000.0,0.0,814000000.0,814000000.0,814000000.0,0.0,0.0,0.06,6776000000.0,2062000000.0,933000000.0,0.545,16.112,6.849,7.341,13301000000.0,0.0,3.23,0.41,0.407,1454000000.0,-42874000000.0,13595000000.0,13595000000.0,0.0,0.037,1.677,0.069,0.154,0.0,4410000000.0,1.0,1725944940.0,1713127000.0,1713745000.0,7.936,20375000000.0,1813000000.0,163000000.0,0.0,11.893,-1211000000.0
10,Q1,MRT,2008-06-30,2008-06-30,2008-06-30,2019-05-23,1272000000.0,21894000000.0,22270250000.0,3258000000.0,18636000000.0,0.613,0.289,-1846000000.0,755000000.0,755000000.0,4693000000.0,2734000000.0,0.828,42.527,14221000000.0,851000000.0,13370000000.0,14221000000.0,1122000000.0,2386000000.0,0.0,0.041,0.16,1800000000.0,4186000000.0,0.307,4186000000.0,1800000000.0,675000000.0,1.5,1.45,1.5,503000000.0,471750000.0,503000000.0,20493150826.0,11.0,4.896,1104000000.0,0.634,1.0,8957000000.0,0.656,862000000.0,1125000000.0,30565000000.0,30543750000.0,0.0,0.0,0.0,0.0,21391000000.0,3933000000.0,17458000000.0,6873150826.0,-114000000.0,0.0,-683000000.0,-306000000.0,-282000000.0,-1290000000.0,-1774000000.0,74000000.0,2950000000.0,0.0,2734000000.0,2734000000.0,2734000000.0,0.0,0.0,0.2,7170000000.0,1787000000.0,930000000.0,0.107,13.664,2.514,2.62,13450000000.0,0.0,3.93,0.504,0.502,1561000000.0,-42888000000.0,13650000000.0,13650000000.0,0.0,0.123,5.795,0.059,0.132,0.0,4784000000.0,1.0,1748893340.0,1742294000.0,1744961000.0,7.834,21032000000.0,2035000000.0,-2059000000.0,0.0,12.071,-675000000.0
11,Q1,MRT,2008-03-31,2008-03-31,2008-03-31,2019-05-23,1283000000.0,21944000000.0,21894000000.0,3168000000.0,18776000000.0,0.627,0.301,-1738000000.0,634000000.0,634000000.0,4710000000.0,2800000000.0,0.807,40.404,14254000000.0,852000000.0,13402000000.0,14254000000.0,1130000000.0,2423000000.0,0.0,0.018,0.08,1752000000.0,4175000000.0,0.304,4175000000.0,1752000000.0,623000000.0,1.53,1.48,1.53,530000000.0,-43000000.0,530000000.0,21354726731.0,12.0,5.115,1408000000.0,0.799,1.0,9021000000.0,0.657,868000000.0,1129000000.0,30772000000.0,30118500000.0,0.0,0.0,0.0,0.0,21414000000.0,3924000000.0,17490000000.0,8005726731.0,-253000000.0,0.0,-862000000.0,-683000000.0,-142000000.0,-1726000000.0,-1673000000.0,64000000.0,3146000000.0,0.0,2800000000.0,2800000000.0,2800000000.0,0.0,0.0,0.204,7264000000.0,1757000000.0,933000000.0,0.052,15.105,2.859,2.961,13499000000.0,0.0,4.53,0.583,0.582,1510000000.0,-42936000000.0,13731000000.0,13731000000.0,0.0,0.128,-65.116,0.058,0.128,0.0,4841000000.0,1.0,1767268594.0,1763306000.0,1769165000.0,7.787,21076000000.0,2154000000.0,-2177000000.0,0.0,11.953,-756000000.0
12,Q1,MRT,2007-12-31,2007-12-31,2007-12-31,2019-05-23,1303000000.0,22532000000.0,21583250000.0,3573000000.0,18959000000.0,0.638,0.308,-1640000000.0,902000000.0,902000000.0,4703000000.0,2890000000.0,0.849,39.021,14251000000.0,601000000.0,13650000000.0,14251000000.0,1139000000.0,2459000000.0,0.0,0.0,0.0,1759000000.0,4218000000.0,0.306,4218000000.0,1759000000.0,620000000.0,1.57,1.5,1.57,563000000.0,-559000000.0,563000000.0,26039022348.0,15.0,6.173,1386000000.0,0.758,1.0,9075000000.0,0.659,853000000.0,1139000000.0,30819000000.0,29739250000.0,0.0,0.0,0.0,0.0,21969000000.0,4209000000.0,17760000000.0,12652022348.0,-339000000.0,0.0,-1057000000.0,-683000000.0,0.0,-1764000000.0,-1601000000.0,39000000.0,3026000000.0,0.0,2890000000.0,2890000000.0,2890000000.0,0.0,0.0,0.21,7319000000.0,1756000000.0,1008000000.0,0.0,22.473,4.378,4.465,13671000000.0,0.0,7.01,0.918,0.931,1576000000.0,-43084000000.0,13778000000.0,13778000000.0,0.0,0.134,-5.17,0.059,0.128,0.0,4860000000.0,1.0,1804853402.0,1829244000.0,1915167000.0,7.532,21679000000.0,2238000000.0,-2270000000.0,0.0,11.851,-636000000.0
13,Q1,MRT,2007-09-30,2007-09-30,2007-09-30,2019-05-23,1056000000.0,22711000000.0,21260000000.0,3769000000.0,18942000000.0,0.651,0.16,-1446000000.0,1119000000.0,1119000000.0,4253000000.0,2745000000.0,0.717,77.045,14506000000.0,1727000000.0,12779000000.0,14506000000.0,1154000000.0,2541000000.0,0.0,0.0,0.0,1701000000.0,4242000000.0,0.307,4242000000.0,1701000000.0,589000000.0,1.5,1.43,1.5,291000000.0,-1061000000.0,291000000.0,30385225272.0,18.0,7.163,1540000000.0,0.847,1.0,9578000000.0,0.693,824000000.0,1112000000.0,30019000000.0,29262500000.0,0.0,0.0,0.0,0.0,22420000000.0,5255000000.0,17165000000.0,16743225272.0,157000000.0,0.0,-983000000.0,-446000000.0,0.0,-1487000000.0,-1342000000.0,98000000.0,2986000000.0,0.0,2745000000.0,2745000000.0,2745000000.0,0.0,0.0,0.198,7961000000.0,1617000000.0,943000000.0,0.0,57.537,6.1,6.107,13849000000.0,0.0,9.16,1.211,1.204,1586000000.0,-43308000000.0,13831000000.0,13831000000.0,0.0,0.129,-2.587,0.058,0.123,0.0,5420000000.0,1.0,1827863021.0,1818683000.0,1916478000.0,7.605,21887000000.0,2354000000.0,-2156000000.0,0.0,12.035,-1486000000.0
14,Q1,MRT,2007-06-30,2007-06-30,2007-06-30,2019-05-23,1062000000.0,20389000000.0,20860750000.0,3087000000.0,17302000000.0,0.666,-0.845,-1404000000.0,869000000.0,869000000.0,4467000000.0,874000000.0,0.71,-14.103,14511000000.0,1304000000.0,13207000000.0,14511000000.0,1119000000.0,2613000000.0,0.0,0.0,0.0,1955000000.0,4568000000.0,0.329,4568000000.0,1955000000.0,824000000.0,0.46,0.44,0.46,-1556000000.0,-1777750000.0,-1556000000.0,31937176164.0,16.0,6.992,1581000000.0,0.859,1.0,9417000000.0,0.678,817000000.0,1131000000.0,28864000000.0,29002250000.0,0.0,240000000.0,240000000.0,0.0,21945000000.0,4350000000.0,17595000000.0,17937176164.0,-320000000.0,-107000000.0,-721000000.0,-933000000.0,0.0,-1766000000.0,-1539000000.0,-36000000.0,2985000000.0,0.0,874000000.0,874000000.0,874000000.0,0.0,0.0,0.063,7579000000.0,1838000000.0,918000000.0,0.0,-11.528,20.523,21.087,14076000000.0,0.0,9.7,1.292,1.286,1497000000.0,-45373000000.0,13884000000.0,13884000000.0,0.0,0.042,-0.492,0.067,0.141,0.0,4966000000.0,1.0,1849193419.0,1841295000.0,1950056000.0,7.54,19572000000.0,0.0,-50000000.0,0.0,10.629,-1263000000.0
15,Q1,MRT,2007-03-31,2007-03-31,2007-03-31,2019-05-23,1072000000.0,20701000000.0,21086500000.0,3194000000.0,17507000000.0,0.659,-0.823,-1399000000.0,887000000.0,887000000.0,4695000000.0,745000000.0,0.689,-14.495,14887000000.0,1688000000.0,13199000000.0,14887000000.0,1119000000.0,2691000000.0,0.0,0.0,0.0,1868000000.0,4559000000.0,0.328,4559000000.0,1868000000.0,713000000.0,0.39,0.37,0.39,-1534000000.0,-2095250000.0,-1534000000.0,30438078387.0,16.0,6.676,1518000000.0,0.814,1.0,9198000000.0,0.662,812000000.0,1155000000.0,29255000000.0,28900000000.0,0.0,242000000.0,242000000.0,0.0,22235000000.0,4634000000.0,17601000000.0,16787078387.0,277000000.0,-107000000.0,-420000000.0,-548000000.0,0.0,-1024000000.0,-1616000000.0,-112000000.0,2917000000.0,0.0,745000000.0,745000000.0,745000000.0,0.0,0.0,0.054,7478000000.0,1720000000.0,895000000.0,0.0,-10.943,22.533,23.051,14274000000.0,0.0,8.99,1.208,1.207,1510000000.0,-45619000000.0,13893000000.0,13893000000.0,0.0,0.035,-0.356,0.065,0.134,0.0,4787000000.0,1.0,1867305716.0,1864951000.0,1958535000.0,7.45,19889000000.0,0.0,-32000000.0,0.0,10.665,-1440000000.0
16,Q1,MRT,2006-12-31,2006-12-31,2006-12-31,2019-05-23,1083000000.0,21239000000.0,21192750000.0,3654000000.0,17585000000.0,0.657,-0.765,-1445000000.0,1241000000.0,1241000000.0,4939000000.0,593000000.0,0.708,-15.698,14892000000.0,1686000000.0,13206000000.0,14892000000.0,1127000000.0,2770000000.0,0.0,0.0,0.0,1726000000.0,4496000000.0,0.323,4496000000.0,1726000000.0,557000000.0,0.31,0.3,0.31,-1445000000.0,-2476750000.0,-1445000000.0,29974337817.0,17.0,6.667,1344000000.0,0.711,1.0,8984000000.0,0.645,818000000.0,1169000000.0,28912000000.0,29345250000.0,0.0,248000000.0,248000000.0,0.0,22684000000.0,5160000000.0,17524000000.0,16023337817.0,395000000.0,-107000000.0,-4000000.0,-580000000.0,0.0,-694000000.0,-1700000000.0,-147000000.0,2789000000.0,0.0,593000000.0,593000000.0,593000000.0,0.0,0.0,0.043,7429000000.0,1555000000.0,992000000.0,0.0,-11.089,27.021,27.0,14579000000.0,0.0,8.37,1.151,1.136,1600000000.0,-45907000000.0,13923000000.0,13923000000.0,0.0,0.028,-0.239,0.059,0.124,0.0,4659000000.0,1.0,1914377278.0,1889857000.0,1971545000.0,7.367,20421000000.0,187000000.0,-36000000.0,0.0,10.806,-1506000000.0
17,Q1,MRT,2006-09-30,2006-09-30,2006-09-30,2019-05-23,-7000000.0,21114000000.0,21257250000.0,3575000000.0,17539000000.0,0.655,-1.355,-1664000000.0,962000000.0,962000000.0,5645000000.0,-129000000.0,0.695,-9.196,14913000000.0,1685000000.0,13228000000.0,14913000000.0,1138000000.0,2833000000.0,0.0,0.0,0.0,1064000000.0,3897000000.0,0.28,3897000000.0,1064000000.0,-159000000.0,-0.07,-0.08,-0.07,-2576000000.0,-2919750000.0,-2576000000.0,30800621095.0,29.0,7.904,990000000.0,0.521,1.0,8270000000.0,0.594,943000000.0,1223000000.0,28978000000.0,29839500000.0,0.0,218000000.0,218000000.0,0.0,23690000000.0,5144000000.0,18546000000.0,16613621095.0,-1349000000.0,-107000000.0,179000000.0,-2218000000.0,0.0,-2605000000.0,-1398000000.0,362000000.0,2654000000.0,0.0,-129000000.0,-129000000.0,-129000000.0,0.0,0.0,-0.009,6879000000.0,1391000000.0,833000000.0,0.0,-6.449,-128.788,-124.571,14828000000.0,0.0,8.72,1.194,1.192,1718000000.0,-46101000000.0,13915000000.0,13915000000.0,0.0,-0.006,0.044,0.036,0.076,0.0,4046000000.0,1.0,1905231777.0,1901372000.0,2004502000.0,7.318,20171000000.0,0.0,-30000000.0,0.0,10.609,-1569000000.0
18,Q1,MRT,2006-06-30,2006-06-30,2006-06-30,2019-05-23,-8000000.0,21292000000.0,21910500000.0,3553000000.0,17739000000.0,0.636,-1.501,-1731000000.0,1189000000.0,1189000000.0,5775000000.0,-467000000.0,0.583,-8.534,15376000000.0,2683000000.0,12693000000.0,15376000000.0,1117000000.0,2910000000.0,0.0,0.0,0.0,861000000.0,3771000000.0,0.271,3771000000.0,861000000.0,-455000000.0,-0.25,-0.25,-0.25,-2826000000.0,-2954750000.0,-2826000000.0,30085654230.0,35.0,7.978,846000000.0,0.449,1.0,8157000000.0,0.585,929000000.0,1316000000.0,28455000000.0,30939500000.0,0.0,205000000.0,205000000.0,0.0,24118000000.0,6095000000.0,18023000000.0,15257654230.0,-1056000000.0,0.0,134000000.0,-1915000000.0,0.0,-2341000000.0,-1292000000.0,429000000.0,2577000000.0,0.0,-467000000.0,-467000000.0,-467000000.0,0.0,0.0,-0.034,6958000000.0,1199000000.0,748000000.0,0.0,-5.399,-32.672,-32.36,15016000000.0,0.0,8.09,1.095,1.093,1477000000.0,-46295000000.0,13932000000.0,13932000000.0,0.0,-0.021,0.158,0.028,0.062,0.0,4048000000.0,1.0,1885989398.0,1882398000.0,1951728000.0,7.401,20363000000.0,0.0,12000000.0,0.0,10.818,-2542000000.0
19,Q1,MRT,2006-03-31,2006-03-31,2006-03-31,2019-05-23,-5000000.0,21126000000.0,22605000000.0,3024000000.0,18102000000.0,0.616,-1.633,-1662000000.0,610000000.0,610000000.0,5815000000.0,-748000000.0,0.766,-7.904,15438000000.0,604000000.0,14834000000.0,15438000000.0,1136000000.0,2982000000.0,0.0,0.0,0.0,641000000.0,3623000000.0,0.26,3623000000.0,641000000.0,-757000000.0,-0.4,-0.4,-0.4,-3060000000.0,-2914000000.0,-3060000000.0,27343124126.0,43.0,7.547,448000000.0,0.239,1.0,8115000000.0,0.583,971000000.0,1398000000.0,31036000000.0,32488250000.0,0.0,130000000.0,130000000.0,0.0,24186000000.0,3947000000.0,20239000000.0,12709124126.0,-796000000.0,0.0,93000000.0,-1600000000.0,0.0,-2141000000.0,-765000000.0,870000000.0,2110000000.0,0.0,-748000000.0,-748000000.0,-748000000.0,0.0,0.0,-0.054,7106000000.0,1009000000.0,780000000.0,0.0,-4.153,-16.991,-17.0,15273000000.0,0.0,6.8,0.912,0.915,1541000000.0,-46412000000.0,13930000000.0,13930000000.0,0.0,-0.033,0.257,0.02,0.046,0.0,4124000000.0,1.0,1868988842.0,1874313000.0,1911376000.0,7.432,20155000000.0,0.0,-9000000.0,0.0,10.753,-923000000.0
20,Q1,MRT,2005-12-31,2005-12-31,2005-12-31,2019-05-23,-9000000.0,21497000000.0,23355750000.0,3164000000.0,18333000000.0,0.595,-1.752,-1193000000.0,846000000.0,846000000.0,5836000000.0,-779000000.0,0.747,-7.682,15480000000.0,512000000.0,14968000000.0,15480000000.0,1155000000.0,3065000000.0,0.0,0.0,0.0,701000000.0,3766000000.0,0.271,3766000000.0,701000000.0,-782000000.0,-0.42,-0.42,-0.42,-3217000000.0,-2790000000.0,-3217000000.0,25426973095.0,36.0,6.752,1120000000.0,0.61,1.0,8067000000.0,0.58,1007000000.0,1483000000.0,30889000000.0,33440250000.0,0.0,101000000.0,101000000.0,0.0,24714000000.0,4235000000.0,20479000000.0,10508973095.0,-305000000.0,0.0,39000000.0,-1564000000.0,0.0,-2159000000.0,-459000000.0,707000000.0,2313000000.0,0.0,-779000000.0,-779000000.0,-779000000.0,0.0,0.0,-0.056,7212000000.0,855000000.0,1314000000.0,0.0,-3.267,-13.49,-13.452,15568000000.0,0.0,5.65,0.756,0.746,1525000000.0,-46500000000.0,13903000000.0,13903000000.0,0.0,-0.033,0.279,0.021,0.05,0.0,4147000000.0,1.0,1859995238.0,1836374000.0,1836374000.0,7.571,20490000000.0,0.0,-3000000.0,0.0,11.158,-1071000000.0
21,Q1,MRT,2005-09-30,2005-09-30,2005-09-30,2019-05-23,-6000000.0,23727000000.0,24062500000.0,5054000000.0,18673000000.0,0.576,-1.473,-1031000000.0,2311000000.0,2311000000.0,5786000000.0,-390000000.0,1.194,-9.736,17229000000.0,527000000.0,16702000000.0,17229000000.0,1167000000.0,3089000000.0,0.0,0.0,0.0,1095000000.0,4184000000.0,0.302,4184000000.0,1095000000.0,-417000000.0,-0.22,-0.22,-0.22,-2716000000.0,-2638750000.0,-2716000000.0,22836380155.0,21.0,5.458,796000000.0,0.432,1.0,8074000000.0,0.583,1035000000.0,1512000000.0,33378000000.0,34466500000.0,0.0,580000000.0,580000000.0,0.0,26443000000.0,4232000000.0,22211000000.0,7533380155.0,997000000.0,0.0,15000000.0,194000000.0,0.0,73000000.0,-903000000.0,118000000.0,1827000000.0,0.0,-390000000.0,-390000000.0,-390000000.0,0.0,0.0,-0.028,7309000000.0,765000000.0,740000000.0,0.0,-2.774,-19.316,-18.636,15812000000.0,0.0,4.1,0.544,0.545,1595000000.0,-45972000000.0,13860000000.0,13860000000.0,0.0,-0.016,0.148,0.032,0.079,0.0,4169000000.0,1.0,1837409794.0,1843715000.0,1843715000.0,7.517,22692000000.0,0.0,-27000000.0,0.0,12.308,822000000.0
22,Q1,MRT,2005-06-30,2005-06-30,2005-06-30,2019-05-23,-7000000.0,24070000000.0,24362250000.0,4898000000.0,19172000000.0,0.567,-1.461,-994000000.0,2245000000.0,2245000000.0,5822000000.0,-815000000.0,1.342,-10.039,17548000000.0,261000000.0,17287000000.0,17548000000.0,1174000000.0,3100000000.0,0.0,0.0,0.0,643000000.0,3743000000.0,0.271,3743000000.0,643000000.0,-859000000.0,-0.45,-0.45,-0.45,-2663000000.0,-2579000000.0,-2663000000.0,22629130430.0,35.0,6.046,923000000.0,0.506,1.0,7983000000.0,0.578,1073000000.0,1502000000.0,34650000000.0,34707750000.0,0.0,634000000.0,634000000.0,0.0,26733000000.0,3650000000.0,23083000000.0,6743130430.0,1061000000.0,0.0,13000000.0,328000000.0,0.0,231000000.0,-1087000000.0,-98000000.0,1917000000.0,0.0,-815000000.0,-815000000.0,-815000000.0,0.0,0.0,-0.059,7599000000.0,384000000.0,714000000.0,0.0,-2.532,-8.274,-8.244,16101000000.0,0.0,3.71,0.488,0.49,1566000000.0,-45828000000.0,13805000000.0,13805000000.0,0.0,-0.033,0.316,0.019,0.047,0.0,4414000000.0,1.0,1817555372.0,1823338000.0,1823338000.0,7.571,22997000000.0,0.0,-44000000.0,0.0,12.613,1248000000.0
23,Q1,MRT,2005-03-31,2005-03-31,2005-03-31,2019-05-23,-9000000.0,24129000000.0,24621250000.0,4528000000.0,19601000000.0,0.56,-1.411,-1123000000.0,1406000000.0,1406000000.0,5874000000.0,-1427000000.0,1.116,-10.411,17292000000.0,601000000.0,16691000000.0,17292000000.0,1196000000.0,3120000000.0,0.0,0.0,0.0,184000000.0,3304000000.0,0.24,3304000000.0,184000000.0,-1332000000.0,-0.79,-0.79,-0.79,-2564000000.0,-2390500000.0,-2564000000.0,22237515519.0,121.0,6.73,508000000.0,0.28,1.0,7903000000.0,0.574,1112000000.0,1516000000.0,34844000000.0,34773000000.0,0.0,966000000.0,966000000.0,0.0,26693000000.0,4059000000.0,22634000000.0,6721515519.0,53000000.0,0.0,12000000.0,-157000000.0,0.0,-181000000.0,-1397000000.0,-272000000.0,1631000000.0,0.0,-1427000000.0,-1427000000.0,-1427000000.0,0.0,0.0,-0.104,8102000000.0,-199000000.0,705000000.0,0.0,-2.621,-4.71,-4.684,16458000000.0,0.0,3.7,0.488,0.488,1603000000.0,-45664000000.0,13777000000.0,13777000000.0,0.0,-0.058,0.597,0.005,0.013,0.0,4855000000.0,1.0,1816625816.0,1816758000.0,1822377000.0,7.583,23017000000.0,0.0,95000000.0,0.0,12.669,469000000.0
24,Q1,MRT,2004-12-31,2004-12-31,2004-12-31,2019-05-23,0.0,24324000000.0,25008750000.0,4218000000.0,20106000000.0,0.552,-1.45,-1683000000.0,1151000000.0,1151000000.0,5890000000.0,-1794000000.0,0.984,-10.312,17286000000.0,596000000.0,16690000000.0,17286000000.0,1228000000.0,3123000000.0,0.0,0.0,0.0,-175000000.0,2948000000.0,0.213,2948000000.0,-175000000.0,-1706000000.0,-1.0,-1.0,-1.0,-2612000000.0,-2062250000.0,-2612000000.0,23450630854.0,-134.0,7.955,165000000.0,0.092,1.0,7919000000.0,0.573,1179000000.0,1531000000.0,34994000000.0,34875500000.0,0.0,764000000.0,764000000.0,0.0,26936000000.0,4286000000.0,22650000000.0,8062630854.0,-215000000.0,0.0,10000000.0,-113000000.0,0.0,-158000000.0,-1905000000.0,-215000000.0,1848000000.0,0.0,-1794000000.0,-1794000000.0,-1794000000.0,0.0,0.0,-0.13,8207000000.0,-288000000.0,731000000.0,0.0,-3.087,-4.494,-4.44,16853000000.0,0.0,4.44,0.584,0.579,1594000000.0,-45721000000.0,13809000000.0,13809000000.0,0.0,-0.072,0.87,-0.005,-0.013,0.0,4971000000.0,1.0,1815907850.0,1801405000.0,1801405000.0,7.666,23145000000.0,0.0,88000000.0,0.0,12.848,-68000000.0
25,Q1,MRT,2004-09-30,2004-09-30,2004-09-30,2019-05-23,0.0,24926000000.0,25513500000.0,4246000000.0,20680000000.0,0.544,-1.365,-1959000000.0,1809000000.0,1809000000.0,6131000000.0,-2062000000.0,0.893,-11.063,17197000000.0,652000000.0,16545000000.0,17197000000.0,1264000000.0,3139000000.0,0.0,0.0,0.0,-454000000.0,2685000000.0,0.194,2685000000.0,-454000000.0,-2055000000.0,-1.15,-1.15,-1.15,-2477000000.0,-1663250000.0,-2477000000.0,21836226620.0,-48.0,8.133,-53000000.0,-0.029,1.0,7739000000.0,0.558,1216000000.0,1601000000.0,34343000000.0,34844750000.0,0.0,0.0,0.0,0.0,27403000000.0,4755000000.0,22648000000.0,6044226620.0,-4775000000.0,0.0,5000000.0,-3960000000.0,0.0,-3979000000.0,-2702000000.0,-693000000.0,1906000000.0,0.0,-2062000000.0,-2062000000.0,-2062000000.0,25000000.0,0.0,-0.149,8123000000.0,-384000000.0,863000000.0,0.0,-2.44,-2.931,-2.896,17255000000.0,0.0,3.33,0.436,0.436,1700000000.0,-45582000000.0,13870000000.0,13870000000.0,0.0,-0.081,1.24,-0.013,-0.033,0.0,5116000000.0,1.0,1815083069.0,1815109000.0,1815109000.0,7.641,23710000000.0,0.0,7000000.0,0.0,13.063,-509000000.0
26,Q1,MRT,2004-06-30,2004-06-30,2004-06-30,2019-05-23,0.0,25106000000.0,26897500000.0,4086000000.0,21020000000.0,0.52,-1.06,-2083000000.0,1451000000.0,1451000000.0,6508000000.0,338000000.0,0.88,-14.151,17243000000.0,836000000.0,16407000000.0,17243000000.0,1290000000.0,3156000000.0,0.0,0.0,0.0,1771000000.0,4927000000.0,0.352,4927000000.0,1771000000.0,107000000.0,0.21,0.21,0.21,-1909000000.0,-1202500000.0,-1909000000.0,22065802643.0,12.0,4.479,-339000000.0,-0.188,1.0,7483000000.0,0.535,1346000000.0,1664000000.0,34911000000.0,35961500000.0,0.0,0.0,0.0,0.0,27015000000.0,4641000000.0,22374000000.0,6405802643.0,-5924000000.0,4290000000.0,4000000.0,-5005000000.0,0.0,-5020000000.0,-2648000000.0,-531000000.0,1744000000.0,0.0,338000000.0,338000000.0,338000000.0,-2492000000.0,0.0,0.024,8217000000.0,-734000000.0,719000000.0,0.0,-3.356,18.952,17.095,17495000000.0,0.0,3.59,0.458,0.462,1742000000.0,-45013000000.0,13991000000.0,13991000000.0,0.0,0.013,-0.281,0.049,0.127,0.0,4960000000.0,1.0,1784346140.0,1801302000.0,1801302000.0,7.767,23760000000.0,0.0,-231000000.0,0.0,13.19,-555000000.0
27,Q1,MRT,2004-03-31,2004-03-31,2004-03-31,2019-05-23,0.0,25679000000.0,27927000000.0,4264000000.0,21415000000.0,0.506,-0.705,-2107000000.0,1880000000.0,1880000000.0,6471000000.0,1050000000.0,0.937,-21.527,17540000000.0,996000000.0,16544000000.0,17540000000.0,1356000000.0,3160000000.0,0.0,0.0,0.0,2318000000.0,5478000000.0,0.387,5478000000.0,2318000000.0,604000000.0,0.6,0.6,0.6,-1251000000.0,-1367500000.0,-1251000000.0,23388464150.0,10.0,4.27,-209000000.0,-0.118,1.0,7674000000.0,0.543,1532000000.0,1714000000.0,35254000000.0,37804750000.0,0.0,0.0,0.0,0.0,26930000000.0,4553000000.0,22377000000.0,7636464150.0,-5647000000.0,4290000000.0,1000000.0,-4639000000.0,0.0,-4657000000.0,-2888000000.0,-723000000.0,1898000000.0,0.0,1050000000.0,1050000000.0,1050000000.0,-2553000000.0,0.0,0.074,7874000000.0,-200000000.0,828000000.0,0.0,-6.104,7.273,7.183,17806000000.0,0.0,4.31,0.54,0.54,1626000000.0,-44237000000.0,14145000000.0,14145000000.0,0.0,0.038,-0.768,0.061,0.164,0.0,4638000000.0,1.0,1771801427.0,1773268000.0,1773268000.0,7.977,24147000000.0,0.0,-446000000.0,0.0,13.617,-289000000.0
28,Q1,MRT,2003-12-31,2003-12-31,2003-12-31,2019-05-23,-17000000.0,26343000000.0,28809750000.0,4543000000.0,21800000000.0,0.496,-0.584,-2081000000.0,1756000000.0,1756000000.0,6455000000.0,1512000000.0,0.801,-26.928,17508000000.0,1869000000.0,15639000000.0,17508000000.0,1483000000.0,3167000000.0,0.0,0.0,0.0,2750000000.0,5917000000.0,0.414,5917000000.0,2750000000.0,993000000.0,0.87,0.87,0.87,-1016000000.0,-1700500000.0,-1016000000.0,22801865710.0,8.0,3.854,94000000.0,0.054,1.0,7833000000.0,0.548,1549000000.0,1757000000.0,34871000000.0,39155000000.0,0.0,0.0,0.0,0.0,27359000000.0,5675000000.0,21684000000.0,7629865710.0,-5411000000.0,4290000000.0,0.0,-4856000000.0,0.0,-4856000000.0,-2730000000.0,-588000000.0,2175000000.0,0.0,1512000000.0,1512000000.0,1512000000.0,-2619000000.0,0.0,0.106,7946000000.0,-113000000.0,810000000.0,0.0,-7.51,5.046,4.966,18149000000.0,0.0,4.32,0.534,0.526,1962000000.0,-43927000000.0,14288000000.0,14288000000.0,0.0,0.052,-0.889,0.07,0.192,0.0,4690000000.0,1.0,1766172618.0,1738766000.0,1738766000.0,8.217,24794000000.0,0.0,-519000000.0,0.0,14.26,-1132000000.0
29,Q1,MRT,2003-09-30,2003-09-30,2003-09-30,2019-05-23,-14000000.0,30462000000.0,29560250000.0,8498000000.0,21964000000.0,0.49,-0.363,-1987000000.0,6101000000.0,6101000000.0,6391000000.0,4654000000.0,1.607,-49.047,21273000000.0,1031000000.0,20242000000.0,21273000000.0,1436000000.0,3174000000.0,0.0,0.0,0.0,6710000000.0,9884000000.0,0.682,9884000000.0,6710000000.0,4925000000.0,2.79,2.79,2.79,-634000000.0,-2154000000.0,-634000000.0,30899481080.0,5.0,3.126,615000000.0,0.352,1.0,8104000000.0,0.559,1536000000.0,1785000000.0,38810000000.0,40712000000.0,84000000.0,0.0,0.0,0.0,31096000000.0,5288000000.0,25808000000.0,5701481080.0,-2311000000.0,7044000000.0,-1000000.0,-2901000000.0,0.0,-2902000000.0,-2011000000.0,-12000000.0,2602000000.0,0.0,4654000000.0,4654000000.0,4654000000.0,-4326000000.0,0.0,0.321,7918000000.0,186000000.0,802000000.0,0.0,-8.993,1.225,1.219,18363000000.0,0.0,3.4,0.393,0.41,1891000000.0,-43520000000.0,14495000000.0,14495000000.0,0.0,0.157,-2.161,0.165,0.463,0.0,4582000000.0,1.0,1676906200.0,1747012000.0,1747012000.0,8.297,28926000000.0,38000000.0,271000000.0,150000000.0,16.557,3210000000.0
30,Q1,MRT,2003-06-30,2003-06-30,2003-06-30,2019-05-23,-17000000.0,29224000000.0,,6473000000.0,22751000000.0,,-1.482,-1875000000.0,2773000000.0,2773000000.0,5918000000.0,2700000000.0,1.28,-12.376,22477000000.0,1142000000.0,21335000000.0,22477000000.0,1529000000.0,3174000000.0,0.0,0.0,0.0,4892000000.0,8066000000.0,0.549,8066000000.0,4892000000.0,3093000000.0,1.67,1.67,1.67,-2569000000.0,,-2569000000.0,33213611636.0,7.0,4.118,412000000.0,0.238,1.0,8779000000.0,0.597,1585000000.0,1799000000.0,42284000000.0,,75000000.0,0.0,0.0,0.0,31793000000.0,5059000000.0,26734000000.0,8015611636.0,-959000000.0,2754000000.0,-1000000.0,-2062000000.0,0.0,-2063000000.0,-1183000000.0,-16000000.0,2287000000.0,0.0,2700000000.0,2700000000.0,2700000000.0,-1924000000.0,0.0,0.184,7994000000.0,785000000.0,807000000.0,0.0,-3.12,2.969,2.862,18835000000.0,0.0,4.78,0.545,0.564,2048000000.0,-45351000000.0,14697000000.0,14697000000.0,0.0,,,,0.333,0.0,4790000000.0,1.0,1676906200.0,1733922000.0,1733922000.0,8.476,27639000000.0,1227000000.0,393000000.0,0.0,15.94,1414000000.0
31,Q1,MRT,2003-03-31,2003-03-31,2003-03-31,2019-05-23,-14000000.0,29210000000.0,51736000000.0,6276000000.0,22934000000.0,0.29,-1.513,-1907000000.0,2579000000.0,2579000000.0,6067000000.0,-14666000000.0,0.94,-12.309,22285000000.0,2635000000.0,19650000000.0,22285000000.0,1668000000.0,3517000000.0,0.0,0.0,0.0,-15245000000.0,-11728000000.0,-0.781,-11728000000.0,-15245000000.0,-17050000000.0,-8.68,-8.68,-8.68,-2583000000.0,16693000000.0,-2583000000.0,31050402638.0,-2.0,-2.648,747000000.0,0.438,1.0,8945000000.0,0.596,1585000000.0,1805000000.0,40655000000.0,47845500000.0,72000000.0,0.0,0.0,0.0,31793000000.0,6676000000.0,25117000000.0,5852402638.0,-1894000000.0,2754000000.0,6000000.0,-2576000000.0,0.0,-2570000000.0,-1978000000.0,-13000000.0,2654000000.0,0.0,-14666000000.0,-14666000000.0,-14666000000.0,-1891000000.0,0.0,-0.977,27599000000.0,-18654000000.0,830000000.0,0.0,-2.266,-0.399,-0.402,19097000000.0,0.0,3.49,0.39,0.397,2060000000.0,-45287000000.0,15012000000.0,15012000000.0,0.0,-0.283,-0.879,-0.319,-1.016,0.0,5092000000.0,1.0,1676906200.0,1706835000.0,1706835000.0,8.795,27625000000.0,1187000000.0,-2384000000.0,0.0,16.185,-400000000.0
32,Q1,MRT,2002-12-31,2002-12-31,2002-12-31,2019-05-23,-15000000.0,29345000000.0,50755500000.0,6420000000.0,22925000000.0,0.303,-1.682,-2649000000.0,2279000000.0,2279000000.0,6098000000.0,-38468000000.0,0.931,-11.369,22540000000.0,2786000000.0,19754000000.0,22540000000.0,1730000000.0,3847000000.0,0.0,0.0,0.0,-39176000000.0,-35329000000.0,-2.298,-35329000000.0,-39176000000.0,-40965000000.0,-22.87,-22.87,-22.87,-2830000000.0,16291500000.0,-2830000000.0,33582531000.0,-1.0,-0.951,-261000000.0,-0.155,1.0,9273000000.0,0.603,1612000000.0,1789000000.0,41099000000.0,46620000000.0,68000000.0,23000000.0,0.0,23000000.0,32175000000.0,6895000000.0,25280000000.0,8384531000.0,-1139000000.0,2754000000.0,2000000.0,-791000000.0,0.0,-789000000.0,-2738000000.0,-5000000.0,2388000000.0,0.0,-38468000000.0,-38468000000.0,-38468000000.0,-1950000000.0,0.0,-2.503,28190000000.0,-18917000000.0,904000000.0,0.0,-2.963,-0.218,-0.219,18995000000.0,0.0,5.0,0.545,0.547,2325000000.0,-45439000000.0,15371000000.0,15371000000.0,0.0,-0.758,-2.361,-0.84,-2.549,0.0,5335000000.0,1.0,1676906200.0,1682056000.0,1682056000.0,9.138,27733000000.0,1296000000.0,-2497000000.0,0.0,16.488,-475000000.0
33,Q1,MRT,2002-09-30,2002-09-30,2002-09-30,2019-05-23,,,,,,,,-2260000000.0,,,5706000000.0,-43312000000.0,,,,,,,,8406000000.0,,0.0,0.0,-46386000000.0,-37980000000.0,-2.888,-37980000000.0,-46386000000.0,-48087000000.0,-25.92,-25.92,-25.92,,,,29021346136.0,-1.0,-0.764,-1062000000.0,-0.629,1.0,7445000000.0,0.566,,1701000000.0,,,,,,,,,,3823346136.0,-296000000.0,0.0,-7000000.0,840000000.0,0.0,939000000.0,-2433000000.0,23000000.0,1198000000.0,0.0,-43312000000.0,-43312000000.0,-43312000000.0,-779000000.0,0.0,-3.293,30311000000.0,-22866000000.0,,0.0,,-0.088,-0.088,,0.0,2.28,0.291,0.293,,,13151000000.0,13151000000.0,0.0,,,,-3.527,165000000.0,5939000000.0,1.0,1676906200.0,1687745000.0,1687745000.0,7.792,,,-4775000000.0,,,
34,Q1,MRT,2002-06-30,2002-06-30,2002-06-30,2019-05-23,,,,,,,,-3981000000.0,,,5951000000.0,-43331000000.0,,,,,,,,7610000000.0,,0.0,0.0,-46150000000.0,-38540000000.0,-2.725,-38540000000.0,-46150000000.0,-47780000000.0,-25.94,-25.94,-25.94,,,,29893337360.0,-1.0,-0.776,-2022000000.0,-1.205,1.0,8194000000.0,0.579,,1630000000.0,,,,,,,,,,4695337360.0,-720000000.0,0.0,9000000.0,2308000000.0,0.0,2423000000.0,-5102000000.0,27000000.0,1959000000.0,0.0,-43331000000.0,-43331000000.0,-43331000000.0,-664000000.0,0.0,-3.063,30682000000.0,-22488000000.0,,0.0,,-0.108,-0.108,,0.0,2.8,0.332,0.332,,,14145000000.0,14145000000.0,0.0,,,,-3.263,165000000.0,5930000000.0,1.0,1676906200.0,1677796000.0,1677796000.0,8.431,,,-4449000000.0,,,
35,Q1,MRT,2002-03-31,2002-03-31,2002-03-31,2019-05-23,-48000000.0,74262000000.0,73758500000.0,6623000000.0,67639000000.0,0.21,21.582,-6060000000.0,1378000000.0,1378000000.0,6203000000.0,-29207000000.0,0.669,1.065,26576000000.0,5149000000.0,21427000000.0,26576000000.0,393000000.0,6478000000.0,0.0,0.006,0.05,-29274000000.0,-22796000000.0,-1.475,-22796000000.0,-29274000000.0,-30797000000.0,-17.54,-17.54,-17.54,35969000000.0,36466500000.0,35969000000.0,38065853860.0,-1.0,-1.67,-3932000000.0,-2.359,1.0,9253000000.0,0.599,34529000000.0,1523000000.0,55036000000.0,52994250000.0,397000000.0,775000000.0,0.0,775000000.0,38293000000.0,9895000000.0,28398000000.0,13685853860.0,317000000.0,0.0,36000000.0,4363000000.0,-83000000.0,4422000000.0,-6233000000.0,24000000.0,2128000000.0,0.0,-29207000000.0,-29207000000.0,-29207000000.0,-636000000.0,0.0,-1.89,12344000000.0,-3091000000.0,1483000000.0,-0.003,0.38,-0.469,-0.469,30163000000.0,0.0,8.22,0.885,0.886,4383000000.0,-4792000000.0,15456000000.0,15456000000.0,0.0,-0.396,-0.801,-0.552,-1.894,165000000.0,5807000000.0,1.0,1664945725.0,1666642000.0,1666642000.0,9.274,39733000000.0,0.0,-1590000000.0,2172000000.0,23.84,-3272000000.0
36,Q1,MRT,2001-12-31,2001-12-31,2001-12-31,2019-05-23,-61000000.0,72166000000.0,74136500000.0,4738000000.0,67428000000.0,0.223,21.319,-7832000000.0,215000000.0,215000000.0,6530000000.0,-5603000000.0,0.463,1.037,25037000000.0,4807000000.0,20230000000.0,25037000000.0,1860000000.0,5364000000.0,0.0,0.004,0.05,-5423000000.0,-59000000.0,-0.004,-59000000.0,-5423000000.0,-6860000000.0,-3.37,-3.37,-3.37,35413000000.0,37638250000.0,35413000000.0,47905683094.0,-9.0,-811.961,-4942000000.0,-2.975,1.0,9994000000.0,0.605,34624000000.0,1437000000.0,52141000000.0,52902500000.0,156000000.0,1233000000.0,0.0,1233000000.0,36737000000.0,10223000000.0,26514000000.0,23525683094.0,-509000000.0,0.0,-714000000.0,5457000000.0,-83000000.0,4660000000.0,-8059000000.0,16000000.0,2890000000.0,0.0,-5603000000.0,-5603000000.0,-5603000000.0,-511000000.0,0.0,-0.339,12368000000.0,-2374000000.0,1318000000.0,-0.015,0.664,-4.199,-4.193,29479000000.0,0.0,14.13,1.424,1.42,2906000000.0,-6971000000.0,16524000000.0,16524000000.0,0.0,-0.076,-0.149,-0.103,-0.328,165000000.0,5616000000.0,1.0,1664945725.0,1661133000.0,1661133000.0,9.947,37542000000.0,417000000.0,-1257000000.0,796000000.0,22.6,-5485000000.0
37,Q1,MRT,2001-09-30,2001-09-30,2001-09-30,2019-05-23,-29000000.0,74700000000.0,74299000000.0,6052000000.0,68648000000.0,0.237,22.355,-9806000000.0,425000000.0,425000000.0,6465000000.0,-4567000000.0,0.625,1.008,24805000000.0,4369000000.0,20436000000.0,24805000000.0,378000000.0,4491000000.0,0.0,0.003,0.05,-3608000000.0,883000000.0,0.05,883000000.0,-3608000000.0,-4980000000.0,-2.95,-2.95,-2.95,37198000000.0,39176750000.0,37198000000.0,50702148716.0,-14.0,57.42,-5492000000.0,-3.3,1.0,11130000000.0,0.633,34791000000.0,1372000000.0,54604000000.0,52365000000.0,357000000.0,1533000000.0,0.0,1533000000.0,37502000000.0,9685000000.0,27817000000.0,27784148716.0,-294000000.0,1561000000.0,-584000000.0,6211000000.0,-83000000.0,5418000000.0,-10026000000.0,-1177000000.0,4314000000.0,0.0,-4567000000.0,-4567000000.0,-4567000000.0,-446000000.0,0.0,-0.26,11563000000.0,-433000000.0,1938000000.0,-0.017,0.747,-6.084,-5.661,30117000000.0,0.0,16.7,1.579,1.579,4453000000.0,-3523000000.0,17595000000.0,17595000000.0,0.0,-0.061,-0.117,-0.069,-0.205,191000000.0,5383000000.0,1.0,1663721480.0,1664000000.0,1664000000.0,10.574,39909000000.0,0.0,-413000000.0,4484000000.0,23.984,-3633000000.0
38,Q1,MRT,2001-06-30,2001-06-30,2001-06-30,2019-05-23,-60000000.0,73906000000.0,73646000000.0,6417000000.0,67489000000.0,0.239,22.448,-9969000000.0,516000000.0,516000000.0,6326000000.0,-4673000000.0,0.537,0.982,23434000000.0,5859000000.0,17575000000.0,23434000000.0,383000000.0,4491000000.0,0.0,0.002,0.05,-3982000000.0,509000000.0,0.029,509000000.0,-3982000000.0,-5288000000.0,-3.01,-3.01,-3.01,37286000000.0,40200250000.0,37286000000.0,74417208578.0,-19.0,146.203,-5699000000.0,-3.431,1.0,11268000000.0,0.64,34688000000.0,1306000000.0,50196000000.0,49008500000.0,352000000.0,1571000000.0,0.0,1571000000.0,36620000000.0,11940000000.0,24680000000.0,52944208578.0,-686000000.0,1561000000.0,-400000000.0,5016000000.0,-83000000.0,4407000000.0,-9363000000.0,-729000000.0,4270000000.0,0.0,-4673000000.0,-4673000000.0,-4673000000.0,-446000000.0,0.0,-0.266,12365000000.0,-1097000000.0,2426000000.0,-0.017,1.42,-11.33,-10.588,29050000000.0,0.0,31.87,3.009,3.009,4842000000.0,-3411000000.0,17594000000.0,17594000000.0,0.0,-0.063,-0.116,-0.081,-0.226,191000000.0,5422000000.0,1.0,1661255368.0,1661000000.0,1661000000.0,10.592,39218000000.0,0.0,-615000000.0,4178000000.0,23.611,-5523000000.0
39,Q1,MRT,2001-03-31,2001-03-31,2001-03-31,2019-05-23,-66000000.0,75774000000.0,72631500000.0,5766000000.0,70008000000.0,0.218,24.551,-8778000000.0,306000000.0,306000000.0,5306000000.0,-1488000000.0,0.557,0.864,21779000000.0,4103000000.0,17676000000.0,21779000000.0,379000000.0,4491000000.0,0.0,0.0,0.0,-1008000000.0,3483000000.0,0.22,3483000000.0,-1008000000.0,-2178000000.0,-1.16,-1.16,-1.16,40656000000.0,41226250000.0,40656000000.0,76726651208.0,-76.0,22.029,-4490000000.0,-2.711,1.0,10516000000.0,0.665,32224000000.0,1170000000.0,54669000000.0,48556000000.0,302000000.0,8053000000.0,0.0,8053000000.0,35118000000.0,10354000000.0,24764000000.0,57814651208.0,-78000000.0,1968000000.0,-349000000.0,4648000000.0,-271000000.0,3902000000.0,-8268000000.0,-729000000.0,4288000000.0,0.0,-1488000000.0,-1488000000.0,-1488000000.0,-446000000.0,0.0,-0.094,11080000000.0,-564000000.0,2358000000.0,0.0,1.422,-38.854,-30.216,27700000000.0,0.0,35.05,3.654,3.668,4294000000.0,-22000000.0,15822000000.0,15822000000.0,0.0,-0.02,-0.036,-0.021,-0.064,191000000.0,5140000000.0,1.0,1649490762.0,1656000000.0,1674000000.0,9.554,43550000000.0,39000000.0,-690000000.0,4172000000.0,26.298,-4588000000.0
40,Q1,MRT,2000-12-31,2000-12-31,2000-12-31,2019-05-23,-61000000.0,72816000000.0,56681800000.0,4732000000.0,68084000000.0,0.25,32.676,-7112000000.0,270000000.0,270000000.0,4375000000.0,-1037000000.0,0.488,0.752,19157000000.0,3616000000.0,15541000000.0,19157000000.0,1641000000.0,3340000000.0,0.0,0.008,0.31,-586000000.0,2754000000.0,0.195,2754000000.0,-586000000.0,-1629000000.0,-0.82,-0.82,-0.82,41567000000.0,32831000000.0,41567000000.0,85630988378.0,-146.0,31.093,-3350000000.0,-2.633,1.0,9773000000.0,0.691,32016000000.0,1043000000.0,49991000000.0,37300300000.0,108000000.0,8147000000.0,0.0,8147000000.0,31249000000.0,9696000000.0,21553000000.0,67692988378.0,-226000000.0,1968000000.0,435000000.0,1375000000.0,-542000000.0,1268000000.0,-5256000000.0,411000000.0,3762000000.0,0.0,-1037000000.0,-1037000000.0,-1037000000.0,-446000000.0,0.0,-0.073,10047000000.0,-274000000.0,1887000000.0,-0.378,1.629,-65.278,-49.848,25986000000.0,0.0,40.875,4.785,3.675,3165000000.0,-1285000000.0,14148000000.0,14148000000.0,0.0,-0.018,-0.032,-0.016,-0.041,191000000.0,4886000000.0,1.0,1656097575.0,1272088000.0,1272088000.0,11.122,40800000000.0,294000000.0,-592000000.0,1122000000.0,32.073,-4964000000.0
41,Q1,MRT,2000-09-30,2000-09-30,2000-09-30,2019-05-23,7000000.0,72088000000.0,44295800000.0,5746000000.0,66342000000.0,0.341,24.845,-6269000000.0,417000000.0,417000000.0,4157000000.0,201000000.0,0.631,0.746,18355000000.0,2795000000.0,15560000000.0,18355000000.0,377000000.0,2367000000.0,0.0,0.006,0.31,1368000000.0,3735000000.0,0.248,3735000000.0,1368000000.0,419000000.0,0.36,0.34,0.36,41292000000.0,22753000000.0,41292000000.0,97088067672.0,71.0,25.994,-1871000000.0,-1.126,1.0,10926000000.0,0.724,39748000000.0,949000000.0,41178000000.0,32052050000.0,252000000.0,0.0,0.0,0.0,30796000000.0,9100000000.0,21696000000.0,79823067672.0,362000000.0,407000000.0,357000000.0,766000000.0,-812000000.0,295000000.0,-4331000000.0,1588000000.0,4398000000.0,0.0,201000000.0,201000000.0,201000000.0,0.0,0.0,0.013,8714000000.0,2212000000.0,1842000000.0,0.861,1.933,397.13,133.507,23840000000.0,0.0,48.063,5.292,5.296,4236000000.0,141000000.0,15083000000.0,15083000000.0,0.0,0.005,0.009,0.043,0.091,0.0,4544000000.0,1.0,1660818053.0,1662000000.0,1662000000.0,9.075,32340000000.0,0.0,218000000.0,2019000000.0,19.458,-3354000000.0
42,Q1,MRT,2000-06-30,2000-06-30,2000-06-30,2019-05-23,162000000.0,69848000000.0,28810600000.0,5804000000.0,64044000000.0,0.473,46.663,-4965000000.0,900000000.0,900000000.0,3634000000.0,585000000.0,0.598,0.688,18165000000.0,4736000000.0,13429000000.0,18165000000.0,414000000.0,2367000000.0,0.0,0.006,0.31,1906000000.0,4273000000.0,0.314,4273000000.0,1906000000.0,1068000000.0,0.67,0.64,0.67,41390000000.0,14044225000.0,41390000000.0,40386718750.0,21.0,9.452,-689000000.0,-0.777,1.0,9980000000.0,0.733,29016000000.0,838000000.0,48386000000.0,23608000000.0,322000000.0,7925000000.0,0.0,7925000000.0,28458000000.0,9711000000.0,18747000000.0,37489218750.0,778000000.0,2871000000.0,175000000.0,1180000000.0,-1191000000.0,148000000.0,-3646000000.0,-1324000000.0,4276000000.0,0.0,585000000.0,585000000.0,585000000.0,0.0,0.0,0.043,6686000000.0,3294000000.0,1820000000.0,0.463,0.906,64.084,74.16,23627000000.0,0.0,49.688,2.754,3.237,3832000000.0,389000000.0,13614000000.0,13614000000.0,0.0,0.02,0.042,0.081,0.14,0.0,4002000000.0,1.0,754500000.0,887000000.0,887000000.0,15.348,40832000000.0,0.0,483000000.0,1124000000.0,46.034,-3907000000.0
43,Q1,MRT,2000-03-31,2000-03-31,2000-03-31,2019-05-23,101800000.0,11975200000.0,13848525000.0,1756300000.0,10218900000.0,0.967,8.067,-4921200000.0,40600000.0,40600000.0,3957000000.0,1112000000.0,0.894,0.693,2938100000.0,547400000.0,2390700000.0,2938100000.0,0.0,2367000000.0,0.0,0.013,0.62,2709000000.0,5076000000.0,0.379,5076000000.0,2709000000.0,1915000000.0,1.28,1.24,1.28,7075000000.0,5312775000.0,7075000000.0,38163100000.0,14.0,7.518,511400000.0,0.583,1.0,9434000000.0,0.705,3263000000.0,794000000.0,9646200000.0,13173100000.0,0.0,571900000.0,0.0,571900000.0,4900200000.0,1963500000.0,2936700000.0,36144000000.0,376800000.0,15300000.0,74000000.0,2495800000.0,-1458000000.0,1101100000.0,-6156900000.0,-1324000000.0,5432600000.0,0.0,1112000000.0,1112000000.0,1112000000.0,0.0,0.0,0.083,5978000000.0,3456000000.0,241400000.0,0.484,5.109,32.504,37.5,4934200000.0,0.0,48.0,2.699,3.144,1360000000.0,-404800000.0,13391000000.0,13391000000.0,0.0,0.08,0.209,0.206,0.202,0.0,2941000000.0,1.0,753000000.0,877000000.0,889000000.0,15.269,8712200000.0,0.0,803000000.0,0.0,9.934,-207200000.0
44,Q1,MRT,1999-12-31,1999-12-31,1999-12-31,2019-05-23,222000000.0,23272000000.0,12857025000.0,4192000000.0,19080000000.0,1.025,1.439,-3944000000.0,78000000.0,78000000.0,3725000000.0,1342000000.0,0.62,17.543,13071000000.0,2882000000.0,10189000000.0,13071000000.0,344000000.0,2367000000.0,0.0,0.014,0.62,2878000000.0,5245000000.0,0.398,5245000000.0,2878000000.0,2142000000.0,1.54,1.52,1.54,1255000000.0,4644250000.0,1255000000.0,33656100000.0,12.0,6.417,602000000.0,0.69,1.0,9457000000.0,0.717,501000000.0,736000000.0,28998000000.0,12214025000.0,272000000.0,1290000000.0,0.0,1290000000.0,22017000000.0,6766000000.0,15251000000.0,32164000000.0,29000000.0,0.0,102000000.0,3046000000.0,-1187000000.0,1945000000.0,-6462000000.0,-2464000000.0,4546000000.0,0.0,1342000000.0,1342000000.0,1342000000.0,0.0,0.0,0.102,6120000000.0,3337000000.0,1700000000.0,0.403,25.629,23.967,27.922,16404000000.0,0.0,43.0,2.44,2.845,3595000000.0,377000000.0,13182000000.0,13182000000.0,0.0,0.104,0.289,0.236,0.218,0.0,3753000000.0,1.0,748000000.0,872309000.0,880753000.0,15.112,22771000000.0,46000000.0,800000000.0,1191000000.0,26.104,-2574000000.0
45,Q1,MRT,1999-09-30,1999-09-30,1999-09-30,2019-05-23,78000000.0,10147200000.0,9055925000.0,1908900000.0,8238300000.0,2.034,7.396,-4602000000.0,859900000.0,859900000.0,5371800000.0,2877400000.0,1.998,0.572,2352000000.0,0.0,2352000000.0,2352000000.0,0.0,2199000000.0,0.0,0.021,0.62,5204300000.0,7403300000.0,0.402,7403300000.0,5204300000.0,4325600000.0,3.98,3.95,3.98,6456900000.0,5390050000.0,6456900000.0,22943556250.0,4.0,3.099,2170700000.0,2.486,1.0,13047000000.0,0.708,3282000000.0,878700000.0,7401800000.0,6139850000.0,0.0,0.0,0.0,0.0,3690300000.0,955500000.0,2734800000.0,22044756250.0,182400000.0,27400000.0,5600000.0,6896900000.0,-1973000000.0,586300000.0,-7176600000.0,-2464000000.0,6772700000.0,0.0,2877400000.0,2877400000.0,2877400000.0,0.0,0.0,0.156,7450200000.0,5596800000.0,84800000.0,0.156,3.414,7.661,7.428,3545300000.0,0.0,29.563,1.197,1.401,801100000.0,-854400000.0,18418800000.0,18418800000.0,0.0,0.318,0.534,0.848,0.283,0.0,4255800000.0,1.0,745700000.0,873000000.0,,21.098,6865200000.0,0.0,1448200000.0,0.0,7.864,953400000.0
46,Q1,MRT,1999-06-30,1999-06-30,1999-06-30,2019-05-23,122300000.0,9999700000.0,8227625000.0,2341100000.0,7658600000.0,1.936,7.422,-3939600000.0,1437400000.0,1437400000.0,4836600000.0,2734500000.0,2.482,0.547,2336200000.0,0.0,2336200000.0,2336200000.0,0.0,2199000000.0,0.0,0.019,0.62,4645100000.0,6844100000.0,0.43,6844100000.0,4645100000.0,3940400000.0,3.81,3.79,3.81,6464200000.0,4713825000.0,6464200000.0,25331847840.0,5.0,3.701,1955600000.0,2.245,1.0,11093000000.0,0.696,3308700000.0,704700000.0,6646400000.0,5192450000.0,0.0,0.0,0.0,0.0,3535500000.0,943400000.0,2592100000.0,23130947840.0,108800000.0,-2441600000.0,66500000.0,6596300000.0,-1594000000.0,723800000.0,-6510200000.0,0.0,5895200000.0,0.0,2734500000.0,2734500000.0,2734500000.0,0.0,0.0,0.172,6330500000.0,4762500000.0,246100000.0,0.163,3.578,8.459,8.624,3159700000.0,0.0,32.856,1.452,1.797,663600000.0,-852600000.0,15929600000.0,15929600000.0,0.0,0.332,0.58,0.895,0.292,0.0,3644200000.0,1.0,704000000.0,871000000.0,,18.289,6691000000.0,0.0,1205900000.0,0.0,7.682,1397700000.0
47,Q1,MRT,1999-03-31,1999-03-31,1999-03-31,2019-05-23,58000000.0,8009200000.0,7364900000.0,1096800000.0,6912400000.0,1.778,6.287,-2829700000.0,119000000.0,119000000.0,3945300000.0,1519600000.0,1.091,0.82,2319900000.0,0.0,2319900000.0,2319900000.0,0.0,2199000000.0,0.0,0.009,0.31,3014100000.0,5213100000.0,0.398,5213100000.0,3014100000.0,2453500000.0,1.67,1.66,1.67,4400900000.0,4015575000.0,4400900000.0,26930732000.0,9.0,5.166,964200000.0,1.377,1.0,9151000000.0,0.699,3394900000.0,560600000.0,5809900000.0,4332150000.0,0.0,0.0,0.0,0.0,3608300000.0,1005300000.0,2603000000.0,25086432000.0,-515200000.0,-15800000.0,98200000.0,3943600000.0,-1056000000.0,-1366600000.0,-2942500000.0,0.0,3793900000.0,0.0,1519600000.0,1519600000.0,1519600000.0,0.0,0.0,0.116,6038900000.0,3112100000.0,374200000.0,0.186,5.7,16.509,21.46,2827100000.0,0.0,35.838,1.916,1.916,656600000.0,-871100000.0,13096300000.0,13096300000.0,0.0,0.206,0.378,0.696,0.23,0.0,3752100000.0,1.0,700000000.0,700000000.0,,18.709,4614300000.0,0.0,933900000.0,0.0,6.592,91500000.0
48,Q1,MRT,1998-12-31,1998-12-31,1998-12-31,2019-05-23,2200000.0,8067600000.0,5807492000.0,1439100000.0,6628500000.0,2.134,4.957,-2672000000.0,462800000.0,462800000.0,3564000000.0,1508000000.0,1.163,0.904,2307100000.0,0.0,2307100000.0,2307100000.0,0.0,2199000000.0,0.0,0.0,0.0,2962000000.0,5161000000.0,0.416,5161000000.0,2962000000.0,2419000000.0,1.76,1.75,1.76,4238200000.0,3017140500.0,4238200000.0,11481608166.0,4.0,2.225,1255000000.0,1.468,1.0,8831000000.0,0.712,3973100000.0,543000000.0,4701300000.0,3313377000.0,0.0,0.0,0.0,0.0,3829400000.0,1237500000.0,2591900000.0,10319908166.0,22000000.0,0.0,42000000.0,4226000000.0,-1056000000.0,-1136000000.0,-2769000000.0,0.0,3927000000.0,0.0,1508000000.0,1508000000.0,1508000000.0,0.0,0.0,0.122,5782000000.0,3049000000.0,205100000.0,0.0,2.435,6.843,14.116,2655400000.0,0.0,24.844,0.833,1.714,628100000.0,-875900000.0,12395000000.0,12395000000.0,0.0,0.26,0.5,0.894,0.239,0.0,3583000000.0,1.0,415385006.0,854967000.0,862581000.0,14.498,4094500000.0,0.0,911000000.0,0.0,4.789,201600000.0
49,Q1,MRT,1998-09-30,1998-09-30,1998-09-30,2019-05-23,0.0,6834000000.0,4140117000.0,1130300000.0,5703700000.0,0.383,5.673,-891500000.0,225400000.0,225400000.0,1030200000.0,-810200000.0,0.958,0.821,1387100000.0,0.0,1387100000.0,1387100000.0,0.0,20200000.0,0.0,0.0,0.0,-745600000.0,-725400000.0,-0.458,-725400000.0,-745600000.0,-817800000.0,-1.66,-1.66,-1.66,3752000000.0,2053040500.0,3752000000.0,7462142385.0,-10.0,-10.287,-761600000.0,-1.151,1.0,553800000.0,0.35,3203700000.0,72200000.0,3612200000.0,2456552000.0,0.0,0.0,0.0,0.0,3082000000.0,1179800000.0,1902200000.0,6462842385.0,38700000.0,-36400000.0,94100000.0,761900000.0,0.0,847700000.0,-938900000.0,-11000000.0,129900000.0,0.0,-810200000.0,-810200000.0,-810200000.0,0.0,0.0,-0.511,1316700000.0,-762900000.0,160400000.0,0.0,1.723,-7.977,-9.373,2043900000.0,0.0,15.559,4.08,6.497,293900000.0,-854500000.0,1584000000.0,1584000000.0,0.0,-0.196,-0.395,-0.304,-0.471,0.0,377200000.0,1.0,415385006.0,661400000.0,,2.395,3630300000.0,297200000.0,-7600000.0,0.0,5.489,-49500000.0
50,Q1,MRT,1998-06-30,1998-06-30,1998-06-30,2019-05-23,0.0,6548800000.0,,1043400000.0,5505400000.0,,7.573,-638800000.0,366000000.0,366000000.0,662900000.0,-790500000.0,1.015,0.784,1365300000.0,0.0,1365300000.0,1365300000.0,0.0,20200000.0,0.0,0.0,0.0,-756400000.0,-736200000.0,-0.762,-736200000.0,-756400000.0,-803800000.0,-1.62,-1.62,-1.62,3671200000.0,,3671200000.0,7585354154.0,-10.0,-10.303,-575300000.0,-1.187,1.0,303300000.0,0.314,3315200000.0,47400000.0,3205200000.0,,0.0,0.0,0.0,0.0,2877600000.0,1027700000.0,1849900000.0,7198136154.0,51600000.0,-22400000.0,14800000.0,660600000.0,0.0,660300000.0,-672200000.0,-11000000.0,63500000.0,0.0,-790500000.0,-790500000.0,-790500000.0,0.0,0.0,-0.818,1083900000.0,-780600000.0,185100000.0,0.0,1.961,-9.106,-10.697,1742800000.0,0.0,17.329,7.45,8.695,216500000.0,-847600000.0,966200000.0,966200000.0,0.0,,,,-0.783,0.0,219200000.0,1.0,415385006.0,484800000.0,,1.993,3233600000.0,193200000.0,-13300000.0,0.0,6.67,15700000.0
51,Q1,MRT,1998-03-31,1998-03-31,1998-03-31,2019-05-23,0.0,1779568000.0,,912324000.0,867244000.0,,0.98,-430978000.0,573161000.0,573161000.0,564200000.0,12800000.0,2.656,3.371,960379000.0,1109000.0,959270000.0,960379000.0,26205000.0,20200000.0,0.0,0.0,0.0,53300000.0,73500000.0,0.092,73500000.0,53300000.0,21100000.0,0.035,0.035,0.035,407162000.0,,407162000.0,8286420468.0,155.0,112.74,-447237000.0,-1.077,1.0,237000000.0,0.296,88507000.0,32200000.0,1734808000.0,,0.0,0.0,0.0,0.0,1372406000.0,343471000.0,1028935000.0,8023730468.0,412536000.0,500000.0,321300000.0,589887000.0,0.0,870273000.0,-441478000.0,-11000000.0,-16259000.0,0.0,12800000.0,12800000.0,12800000.0,0.0,0.0,0.016,204300000.0,32700000.0,308843000.0,0.0,19.706,626.854,551.896,772594000.0,0.0,19.316,10.015,10.015,327035000.0,-38576000.0,801200000.0,801200000.0,0.0,,,,0.067,0.0,180000000.0,1.0,415385006.0,415385006.0,,1.929,1691061000.0,6143000.0,8300000.0,5340000.0,4.071,568853000.0
52,Q1,MRT,1997-12-31,1997-12-31,1997-12-31,2019-05-23,0.0,1398100000.0,830325500.0,724000000.0,674100000.0,0.839,1.002,-345800000.0,379800000.0,379800000.0,494300000.0,14500000.0,2.296,2.662,630500000.0,0.0,630500000.0,630500000.0,0.0,20200000.0,0.0,0.0,0.0,42400000.0,62600000.0,0.09,62600000.0,42400000.0,23600000.0,0.04,0.04,0.04,381800000.0,195621000.0,381800000.0,,,,-382200000.0,-1.003,1.0,202400000.0,0.291,59500000.0,18800000.0,1274000000.0,763998500.0,0.0,0.0,0.0,0.0,1016300000.0,315300000.0,701000000.0,,372900000.0,0.0,319500000.0,477800000.0,0.0,766100000.0,-356800000.0,-11000000.0,-36400000.0,0.0,14500000.0,14500000.0,14500000.0,0.0,0.0,0.021,178900000.0,23500000.0,150200000.0,0.0,,,369.558,614600000.0,0.0,14.782,,8.084,58300000.0,-31900000.0,696700000.0,696700000.0,0.0,0.017,0.074,0.055,0.061,0.0,158700000.0,1.0,,381000000.0,388100000.0,1.829,1338600000.0,0.0,9100000.0,0.0,3.513,408700000.0
53,Q1,MRT,1997-09-30,1997-09-30,1997-09-30,2019-05-23,,,,,,,,,,,,,,,,,,,,,,0.0,0.0,,,,,,,,,,,,,,,,,,1.0,,,,,,,,,,,,,,,,,,,,,,,,,,,,,,,,,,,,,,,,11.459,,,,,,,,,,,,,,1.0,,413200000.0,,,,,,,,
54,Q1,MRT,1997-06-30,1997-06-30,1997-06-30,2019-05-23,,,,,,,,,,,,,,,,,,,,,,0.0,0.0,,,,,,,,,,,,,,,,,,1.0,,,,,,,,,,,,,,,,,,,,,,,,,,,,,,,,,,,,,,,,6.77,,,,,,,,,,,,,,1.0,,351400000.0,,,,,,,,
55,Q1,MRT,1997-03-31,1997-03-31,1997-03-31,2019-05-23,,,,,,,,,,,,,,,,,,,,,,,0.0,,,,,,,,,,,,,,,,,,1.0,,,,,,,,,,,,,,,,,,,,,,,,,,,,,,,,,,,,,,,,,,,,,,,,,,,,,,1.0,,,,,,,,,,
56,Q1,MRT,1996-12-31,1996-12-31,1996-12-31,2019-05-23,0.0,262551000.0,,56404000.0,206147000.0,,0.027,-57100000.0,6905000.0,6905000.0,169900000.0,-6900000.0,0.427,26.807,134461000.0,25193000.0,109268000.0,134461000.0,7683000.0,16200000.0,0.0,,0.0,-3300000.0,12900000.0,0.056,12900000.0,-3300000.0,-10100000.0,-0.02,-0.02,-0.02,9442000.0,,9442000.0,,,,-24600000.0,-0.071,1.0,61100000.0,0.265,3967000.0,6800000.0,253997000.0,,0.0,0.0,0.0,0.0,253109000.0,132143000.0,120966000.0,,5400000.0,4500000.0,-18200000.0,43700000.0,0.0,25500000.0,-52600000.0,0.0,32500000.0,0.0,-6900000.0,-6900000.0,-6900000.0,0.0,0.0,-0.03,73100000.0,-12000000.0,80129000.0,0.0,,,,186535000.0,0.0,,,,60223000.0,-46450000.0,231000000.0,231000000.0,0.0,,,,-0.014,0.0,56900000.0,1.0,,346000000.0,346000000.0,0.668,258584000.0,4593000.0,-3200000.0,0.0,0.747,-75739000.0
57,Q1,MRT,1995-12-31,1995-12-31,1995-12-31,2019-05-23,,,,,,,,-46313000.0,,,113969000.0,-25131000.0,,,,,,,,9994000.0,,,0.0,-34219000.0,-24225000.0,-0.275,-24225000.0,-34219000.0,-38467000.0,-0.075,-0.075,-0.075,,,,,,,-102948000.0,,1.0,-25768000.0,-0.292,,4248000.0,,,,,,,,,,,-1553000.0,-12545000.0,0.0,59684000.0,0.0,113940000.0,-58858000.0,0.0,-56635000.0,0.0,-25131000.0,-25131000.0,-25131000.0,0.0,0.0,-0.285,47189000.0,-72957000.0,,0.0,,,,,0.0,,,,,,88201000.0,88201000.0,0.0,,,,-0.388,0.0,37195000.0,,,,,,,,-13336000.0,,,
