None,ticker,dimension,calendardate,datekey,reportperiod,lastupdated,accoci,assets,assetsavg,assetsc,assetsnc,assetturnover,bvps,capex,cashneq,cashnequsd,cor,consolinc,currentratio,de,debt,debtc,debtnc,debtusd,deferredrev,depamor,deposits,divyield,dps,ebit,ebitda,ebitdamargin,ebitdausd,ebitusd,ebt,eps,epsdil,epsusd,equity,equityavg,equityusd,ev,evebit,evebitda,fcf,fcfps,fxusd,gp,grossmargin,intangibles,intexp,invcap,invcapavg,inventory,investments,investmentsc,investmentsnc,liabilities,liabilitiesc,liabilitiesnc,marketcap,ncf,ncfbus,ncfcommon,ncfdebt,ncfdiv,ncff,ncfi,ncfinv,ncfo,ncfx,netinc,netinccmn,netinccmnusd,netincdis,netincnci,netmargin,opex,opinc,payables,payoutratio,pb,pe,pe1,ppnenet,prefdivis,price,ps,ps1,receivables,retearn,revenue,revenueusd,rnd,roa,roe,roic,ros,sbcomp,sgna,sharefactor,sharesbas,shareswa,shareswadil,sps,tangibles,taxassets,taxexp,taxliabilities,tbvps,workingcapital
0,PFG,MRY,2020-12-31,2020-12-31,2020-12-31,2021-07-29,2383100000.0,296627700000.0,273331450000.0,,,0.054,60.274,-108800000.0,2849800000.0,2849800000.0,8401700000.0,1428500000.0,,16.895,4363900000.0,,,4363900000.0,0.0,251900000.0,43237700000.0,0.045,2.24,1660800000.0,1912700000.0,0.13,1912700000.0,1660800000.0,1660800000.0,5.08,5.05,5.08,16558900000.0,15090100000.0,16558900000.0,14428162728.0,9.0,7.543,3629800000.0,13.212,1.0,6340000000.0,0.43,3434000000.0,0.0,294707800000.0,270888775000.0,0.0,106306900000.0,,,279754800000.0,,,13629262728.0,333900000.0,0.0,-264200000.0,530500000.0,-614500000.0,1621100000.0,-5025800000.0,-4852900000.0,3738600000.0,0.0,1395800000.0,1395800000.0,1395800000.0,0.0,32700000.0,0.095,4646500000.0,1693500000.0,0.0,0.441,0.823,9.764,9.766,1019000000.0,0.0,49.61,0.925,0.925,1723800000.0,11838000000.0,14741700000.0,14741700000.0,0.0,0.005,0.092,0.006,0.113,87600000.0,4646500000.0,1.0,274728134.0,274728134.0,,53.659,293193700000.0,0.0,265000000.0,2353100000.0,1067.214,
1,PFG,MRY,2019-12-31,2019-12-31,2019-12-31,2021-07-29,1037900000.0,276087800000.0,268416025000.0,,,0.06,52.645,-132400000.0,2515900000.0,2515900000.0,10024900000.0,1444100000.0,,17.864,3827500000.0,,,3827500000.0,0.0,226800000.0,41367500000.0,0.04,2.227,1643400000.0,1870200000.0,0.115,1870200000.0,1643400000.0,1643400000.0,5.0,4.96,5.0,14618000000.0,14037825000.0,14618000000.0,15933956370.0,10.0,8.52,5360800000.0,19.306,1.0,6197200000.0,0.382,3480500000.0,0.0,273918900000.0,266351400000.0,0.0,96351400000.0,,,261137100000.0,,,15271956370.0,-461600000.0,-1208500000.0,-243300000.0,530200000.0,-606000000.0,1733700000.0,-7688500000.0,-5954800000.0,5493200000.0,0.0,1394200000.0,1394200000.0,1394200000.0,0.0,49900000.0,0.086,4503900000.0,1693300000.0,0.0,0.445,1.045,10.954,11.0,967700000.0,0.0,55.0,0.941,0.941,1740300000.0,11074300000.0,16222100000.0,16222100000.0,0.0,0.005,0.099,0.006,0.101,82600000.0,4503900000.0,1.0,277671934.0,277671934.0,,58.422,272607300000.0,0.0,249200000.0,1812800000.0,981.76,
2,PFG,MRY,2018-12-31,2018-12-31,2018-12-31,2021-07-29,-1565100000.0,243036100000.0,251883725000.0,,,0.057,40.24,-92300000.0,2977500000.0,2977500000.0,8316100000.0,1553700000.0,,20.298,3302500000.0,,,3302500000.0,0.0,205100000.0,39699700000.0,0.048,2.1,1777200000.0,1982300000.0,0.139,1982300000.0,1777200000.0,1777200000.0,5.41,5.36,5.41,11390000000.0,11729250000.0,11390000000.0,12857151406.0,7.0,6.486,5064200000.0,17.892,1.0,5921100000.0,0.416,2415100000.0,0.0,240946000000.0,250062700000.0,0.0,84766600000.0,,,231188900000.0,,,12502251406.0,506700000.0,-184700000.0,-607600000.0,88000000.0,-598600000.0,1052700000.0,-5702500000.0,-5186300000.0,5156500000.0,0.0,1546500000.0,1546500000.0,1546500000.0,0.0,7200000.0,0.109,4136700000.0,1784400000.0,0.0,0.388,1.098,8.084,8.165,767300000.0,0.0,44.17,0.878,0.878,1413100000.0,10290200000.0,14237200000.0,14237200000.0,0.0,0.006,0.132,0.007,0.125,77400000.0,4136700000.0,1.0,283048481.0,283048481.0,,50.3,240621000000.0,0.0,230700000.0,983700000.0,850.105,
3,PFG,MRY,2017-12-31,2017-12-31,2017-12-31,2021-07-29,165500000.0,253941200000.0,244381175000.0,,,0.058,44.499,-164800000.0,2470800000.0,2470800000.0,7947200000.0,2324500000.0,,18.75,3217900000.0,,,3217900000.0,0.0,195700000.0,38082500000.0,0.027,1.87,2238100000.0,2433800000.0,0.173,2433800000.0,2238100000.0,2238100000.0,8.0,7.88,8.0,12849300000.0,11657475000.0,12849300000.0,20813730856.0,9.0,8.552,4023200000.0,13.933,1.0,6146000000.0,0.436,2383500000.0,0.0,252304800000.0,243017725000.0,0.0,82102700000.0,,,240918000000.0,,,20374530856.0,-248800000.0,0.0,-57900000.0,-69200000.0,-540000000.0,-384000000.0,-4052800000.0,-4299100000.0,4188000000.0,0.0,2310400000.0,2310400000.0,2310400000.0,0.0,14100000.0,0.164,3893800000.0,2252200000.0,0.0,0.234,1.586,8.819,8.82,759500000.0,0.0,70.56,1.446,1.446,1469800000.0,9482900000.0,14093200000.0,14093200000.0,0.0,0.009,0.198,0.009,0.159,82700000.0,3893800000.0,1.0,288754689.0,288754689.0,,48.807,251557700000.0,0.0,-72300000.0,1109200000.0,871.181,
4,PFG,MRY,2016-12-31,2016-12-31,2016-12-31,2021-07-29,-675200000.0,228014300000.0,224756525000.0,,,0.055,35.551,-154900000.0,2719600000.0,2719600000.0,7069800000.0,1361800000.0,,21.279,3177100000.0,,,3177100000.0,0.0,186600000.0,37953600000.0,0.028,1.61,1546400000.0,1733000000.0,0.14,1733000000.0,1546400000.0,1546400000.0,4.55,4.5,4.55,10227300000.0,10390800000.0,10227300000.0,17745109121.0,11.0,10.24,3702900000.0,12.872,1.0,5324300000.0,0.43,2346100000.0,0.0,226125700000.0,223335400000.0,0.0,75835500000.0,,,217623000000.0,,,16645209121.0,154800000.0,0.0,-239500000.0,-274600000.0,-464900000.0,1450900000.0,-5153900000.0,-5060500000.0,3857800000.0,0.0,1316500000.0,1316500000.0,1316500000.0,0.0,45300000.0,0.106,3732600000.0,1591700000.0,0.0,0.354,1.628,12.644,12.716,699000000.0,0.0,57.86,1.343,1.343,1361900000.0,7720400000.0,12394100000.0,12394100000.0,0.0,0.006,0.127,0.007,0.125,84400000.0,3732600000.0,1.0,287680766.0,287680766.0,,43.083,225668200000.0,0.0,229900000.0,985300000.0,784.44,
5,PFG,MRY,2015-12-31,2015-12-31,2015-12-31,2021-07-29,-882500000.0,218660300000.0,219697825000.0,,,0.054,31.807,-136400000.0,2564800000.0,2564800000.0,6861200000.0,1253200000.0,,22.466,3446300000.0,,,3446300000.0,0.0,193000000.0,35716100000.0,0.033,1.5,1411600000.0,1604600000.0,0.134,1604600000.0,1411600000.0,1411600000.0,4.11,4.06,4.11,9311600000.0,9761975000.0,9311600000.0,14161446277.0,10.0,8.826,4240700000.0,14.486,1.0,5103200000.0,0.427,2368200000.0,0.0,217173600000.0,218387550000.0,0.0,69820500000.0,,,209197200000.0,,,13167946277.0,700900000.0,-291200000.0,-224500000.0,909300000.0,-441000000.0,-508600000.0,-3167600000.0,-2641200000.0,4377100000.0,0.0,1234000000.0,1209300000.0,1209300000.0,0.0,19200000.0,0.101,3672400000.0,1430800000.0,0.0,0.365,1.414,10.889,10.944,633800000.0,24700000.0,44.98,1.101,1.101,1429300000.0,6875900000.0,11964400000.0,11964400000.0,0.0,0.006,0.124,0.006,0.118,84500000.0,3672400000.0,1.0,292751140.0,292751140.0,,40.869,216292100000.0,0.0,177600000.0,715600000.0,738.826,
6,PFG,MRY,2014-12-31,2014-12-31,2014-12-31,2021-07-29,50400000.0,219087000000.0,216256500000.0,,,0.048,34.679,-136000000.0,1863900000.0,1863900000.0,5408400000.0,1176400000.0,,20.502,2559200000.0,,,2559200000.0,0.0,169500000.0,34726700000.0,0.025,1.28,1462600000.0,1632100000.0,0.156,1632100000.0,1462600000.0,1462600000.0,3.7,3.65,3.7,10184000000.0,10222525000.0,10184000000.0,16637767460.0,11.0,10.194,2966900000.0,10.103,1.0,5069200000.0,0.484,2330900000.0,0.0,217451400000.0,214896475000.0,0.0,68433800000.0,,,208797000000.0,,,15253067460.0,-507900000.0,0.0,-145200000.0,-180100000.0,-376600000.0,-2438100000.0,-1172700000.0,-955000000.0,3102900000.0,0.0,1144100000.0,1111100000.0,1111100000.0,0.0,32300000.0,0.106,3574300000.0,1494900000.0,0.0,0.346,1.498,13.728,14.038,590200000.0,33000000.0,51.94,1.456,1.456,1213000000.0,6114100000.0,10477600000.0,10477600000.0,0.0,0.005,0.109,0.007,0.14,75300000.0,3574300000.0,1.0,293667067.0,293667067.0,,35.678,216756100000.0,0.0,318500000.0,1046800000.0,738.101,
7,PFG,MRY,2013-12-31,2013-12-31,2013-12-31,2021-07-29,183200000.0,208191400000.0,201788600000.0,,,0.046,32.898,-59400000.0,2371800000.0,2371800000.0,4872600000.0,936100000.0,,20.463,2752000000.0,,,2752000000.0,0.0,153900000.0,35958300000.0,0.02,0.98,1100600000.0,1254500000.0,0.135,1254500000.0,1100600000.0,1100600000.0,2.99,2.95,2.99,9684200000.0,9497400000.0,9684200000.0,15577099000.0,14.0,12.417,2161800000.0,7.344,1.0,4416900000.0,0.475,2559300000.0,0.0,206012300000.0,200196950000.0,0.0,66756900000.0,,,198167200000.0,,,14515399000.0,-1805400000.0,-1268300000.0,-27800000.0,-72000000.0,-288400000.0,-2800300000.0,-1226300000.0,69700000.0,2221200000.0,0.0,912700000.0,879700000.0,879700000.0,0.0,23400000.0,0.095,3292900000.0,1124000000.0,0.0,0.328,1.499,16.5,16.492,500700000.0,33000000.0,49.31,1.563,1.563,1241000000.0,5405400000.0,9289500000.0,9289500000.0,0.0,0.004,0.093,0.005,0.118,68500000.0,3292900000.0,1.0,294370290.0,294370290.0,,31.557,205632100000.0,0.0,187900000.0,829200000.0,698.549,
8,PFG,MRY,2012-12-31,2012-12-31,2012-12-31,2021-07-29,640300000.0,161830200000.0,156703100000.0,,,0.059,32.983,-38900000.0,4177200000.0,4177200000.0,5321600000.0,825400000.0,,15.704,2712100000.0,,,2712100000.0,0.0,132100000.0,37786500000.0,0.027,0.78,941200000.0,1073300000.0,0.116,1073300000.0,941200000.0,941200000.0,2.6,2.58,2.6,9683400000.0,9574625000.0,9683400000.0,8302599643.0,9.0,7.736,3041900000.0,10.361,1.0,3893500000.0,0.423,1458100000.0,0.0,158907000000.0,154923550000.0,0.0,68811300000.0,,,152066400000.0,,,8373099643.0,1343300000.0,-80400000.0,-243800000.0,974000000.0,-231300000.0,-126200000.0,-1611300000.0,-1334900000.0,3080800000.0,0.0,806600000.0,773600000.0,773600000.0,0.0,18800000.0,0.084,2933500000.0,960000000.0,0.0,0.3,0.865,10.824,10.969,464200000.0,33000000.0,28.52,0.909,0.909,1084400000.0,4862000000.0,9215100000.0,9215100000.0,0.0,0.005,0.081,0.006,0.102,63800000.0,2933500000.0,1.0,293586944.0,293586944.0,,31.388,160372100000.0,0.0,134600000.0,615300000.0,546.251,
9,PFG,MRY,2011-12-31,2011-12-31,2011-12-31,2021-07-29,258000000.0,147361700000.0,146873025000.0,,,0.059,29.552,-56900000.0,2833900000.0,2833900000.0,4826800000.0,674500000.0,,15.299,1670000000.0,,,1670000000.0,0.0,119900000.0,37676400000.0,0.028,0.7,836600000.0,956500000.0,0.11,956500000.0,836600000.0,836600000.0,1.92,1.91,1.92,9017900000.0,9897000000.0,9017900000.0,7716820109.0,9.0,8.068,2656400000.0,8.705,1.0,3843900000.0,0.443,1372900000.0,0.0,144824900000.0,145188650000.0,0.0,66151300000.0,,,137967800000.0,,,7506820109.0,956500000.0,-270500000.0,-530500000.0,-9000000.0,-213700000.0,-1554700000.0,-202100000.0,177400000.0,2713300000.0,0.0,638300000.0,605300000.0,605300000.0,0.0,36200000.0,0.07,2971100000.0,872800000.0,0.0,0.365,0.832,12.402,12.812,457200000.0,33000000.0,24.6,0.866,0.866,1196500000.0,4402300000.0,8670700000.0,8670700000.0,0.0,0.004,0.061,0.006,0.096,43400000.0,2971100000.0,1.0,305155289.0,305155289.0,,28.414,145988800000.0,0.0,198300000.0,211800000.0,478.408,
10,PFG,MRY,2010-12-31,2010-12-31,2010-12-31,2021-07-29,272400000.0,145631100000.0,141630225000.0,,,0.065,30.366,-21500000.0,1877400000.0,1877400000.0,5424200000.0,680800000.0,,13.954,1691600000.0,,,1691600000.0,0.0,164700000.0,37301100000.0,0.017,0.55,767800000.0,932500000.0,0.101,932500000.0,767800000.0,767800000.0,1.97,1.95,1.97,9727800000.0,9277100000.0,9727800000.0,9876098499.0,13.0,10.591,2770200000.0,8.647,1.0,3774000000.0,0.41,1180000000.0,0.0,144265300000.0,140226450000.0,0.0,65977500000.0,,,135746100000.0,,,10430698499.0,-363000000.0,0.0,18000000.0,-7100000.0,-176200000.0,-3182200000.0,27500000.0,130200000.0,2791700000.0,0.0,662900000.0,629900000.0,629900000.0,0.0,17900000.0,0.068,2988300000.0,785700000.0,0.0,0.279,1.072,16.559,16.528,458700000.0,33000000.0,32.56,1.134,1.134,1063000000.0,4612300000.0,9198200000.0,9198200000.0,0.0,0.004,0.068,0.005,0.083,47600000.0,2988300000.0,1.0,320353148.0,320353148.0,,28.713,144451100000.0,0.0,104900000.0,416100000.0,450.912,
11,PFG,MRY,2009-12-31,2009-12-31,2009-12-31,2021-07-29,-1042000000.0,137759400000.0,132270075000.0,,,0.067,24.749,-26200000.0,2240400000.0,2240400000.0,5576700000.0,645700000.0,,16.437,1686200000.0,,,1686200000.0,0.0,138500000.0,39801900000.0,0.021,0.5,722800000.0,861300000.0,0.097,861300000.0,722800000.0,722800000.0,1.98,1.97,1.98,7893500000.0,5931500000.0,7893500000.0,6119409216.0,8.0,7.105,2216800000.0,6.95,1.0,3272400000.0,0.37,1238100000.0,0.0,135967100000.0,129739475000.0,0.0,63936500000.0,,,129743000000.0,,,7667409216.0,-367600000.0,-45700000.0,1118900000.0,-128200000.0,-159500000.0,-3637400000.0,1026800000.0,1130300000.0,2243000000.0,0.0,622700000.0,589700000.0,589700000.0,0.0,23000000.0,0.067,2526600000.0,745800000.0,0.0,0.253,0.971,13.002,12.141,489300000.0,33000000.0,24.04,0.866,0.866,1065400000.0,4160700000.0,8849100000.0,8849100000.0,0.0,0.004,0.099,0.006,0.082,37200000.0,2526600000.0,1.0,318943811.0,318943811.0,,27.745,136521300000.0,0.0,100100000.0,123000000.0,428.042,
12,PFG,MRY,2008-12-31,2008-12-31,2008-12-31,2021-07-29,-4911600000.0,128182400000.0,143780050000.0,,,0.069,9.535,-105000000.0,2608000000.0,2608000000.0,6487200000.0,465800000.0,,50.798,1791400000.0,,,1791400000.0,0.0,145000000.0,43086600000.0,0.02,0.45,453600000.0,598600000.0,0.06,598600000.0,453600000.0,453600000.0,1.64,1.63,1.64,2472800000.0,5386850000.0,2472800000.0,5313001430.0,12.0,8.876,2119800000.0,8.174,1.0,3448700000.0,0.347,1300800000.0,0.0,126065000000.0,142219850000.0,0.0,59107300000.0,,,125613100000.0,,,5853301430.0,1263600000.0,-20300000.0,30000000.0,142000000.0,-116700000.0,1956000000.0,-2917200000.0,-2670600000.0,2224800000.0,0.0,458100000.0,425100000.0,425100000.0,0.0,7700000.0,0.043,2987400000.0,461300000.0,0.0,0.274,2.367,13.769,13.762,518200000.0,33000000.0,22.57,0.589,0.589,988100000.0,3722500000.0,9935900000.0,9935900000.0,0.0,0.003,0.079,0.003,0.046,31500000.0,2987400000.0,1.0,259339895.0,259339895.0,,38.312,126881600000.0,0.0,-4500000.0,104700000.0,489.248,
13,PFG,MRY,2007-12-31,2007-12-31,2007-12-31,2021-07-29,420200000.0,154520200000.0,151878450000.0,,,0.072,28.371,-98400000.0,1344400000.0,1344400000.0,6729100000.0,884500000.0,,19.82,1689600000.0,,,1689600000.0,0.0,130200000.0,40288900000.0,0.013,0.9,1068400000.0,1198600000.0,0.11,1198600000.0,1068400000.0,1068400000.0,3.12,3.09,3.12,7421700000.0,7845925000.0,7421700000.0,17029545923.0,16.0,14.208,2861600000.0,10.939,1.0,4177400000.0,0.383,1381600000.0,0.0,153483800000.0,150334875000.0,0.0,64365000000.0,,,147098500000.0,,,18008245923.0,-246400000.0,-76100000.0,-682700000.0,89100000.0,-235600000.0,1292100000.0,-4499200000.0,-4129500000.0,2960000000.0,0.0,860300000.0,827300000.0,827300000.0,-20200000.0,24200000.0,0.076,3105000000.0,1072400000.0,0.0,0.288,2.426,21.767,22.064,469000000.0,33000000.0,68.84,1.651,1.651,951200000.0,3414300000.0,10906500000.0,10906500000.0,0.0,0.005,0.105,0.007,0.098,72800000.0,3105000000.0,1.0,261595670.0,261595670.0,,41.692,153138600000.0,0.0,208100000.0,617900000.0,585.402,
14,PFG,MRY,2006-12-31,2006-12-31,2006-12-31,2021-07-29,846900000.0,143658100000.0,135806900000.0,,,0.073,29.14,-50500000.0,1591500000.0,1591500000.0,5983100000.0,1064300000.0,,17.275,1595400000.0,,,1595400000.0,0.0,101300000.0,36799000000.0,0.014,0.8,1360200000.0,1461500000.0,0.148,1461500000.0,1360200000.0,1360200000.0,3.78,3.74,3.78,7860800000.0,7498075000.0,7860800000.0,15426701752.0,11.0,10.555,2225000000.0,8.248,1.0,3890000000.0,0.394,1342900000.0,0.0,142319100000.0,134932975000.0,0.0,60313400000.0,,,135797300000.0,,,15835001752.0,-50500000.0,-769200000.0,-689600000.0,190800000.0,-214700000.0,1586500000.0,-3910400000.0,-3254900000.0,2275500000.0,0.0,1064300000.0,1031300000.0,1031300000.0,-28900000.0,0.0,0.104,2558700000.0,1331300000.0,0.0,0.212,2.014,15.354,15.529,422500000.0,33000000.0,58.7,1.604,1.604,1252300000.0,2824100000.0,9873100000.0,9873100000.0,0.0,0.008,0.138,0.01,0.138,71800000.0,2558700000.0,1.0,269761529.0,269761529.0,,36.599,142315200000.0,0.0,295900000.0,921400000.0,527.559,
15,PFG,MRY,2005-12-31,2005-12-31,2005-12-31,2021-07-29,994800000.0,127035400000.0,119715650000.0,,,0.076,27.868,-44400000.0,1639300000.0,1639300000.0,5575900000.0,919000000.0,,15.272,1375200000.0,,,1375200000.0,0.0,98400000.0,33612100000.0,0.014,0.65,1150400000.0,1248800000.0,0.138,1248800000.0,1150400000.0,1150400000.0,3.13,3.11,3.13,7807200000.0,7700625000.0,7807200000.0,13357080997.0,12.0,10.696,2080900000.0,7.428,1.0,3463700000.0,0.383,484900000.0,0.0,126286400000.0,119477050000.0,0.0,57370700000.0,,,119228200000.0,,,13287580997.0,1188800000.0,-58100000.0,-808500000.0,264500000.0,-182200000.0,546700000.0,-1481700000.0,-1622600000.0,2125300000.0,0.0,919000000.0,901300000.0,901300000.0,-28800000.0,0.0,0.1,2342100000.0,1121600000.0,0.0,0.208,1.702,14.743,15.153,419800000.0,17700000.0,47.43,1.47,1.47,592700000.0,2008600000.0,9039600000.0,9039600000.0,0.0,0.008,0.117,0.01,0.127,48800000.0,2342100000.0,1.0,280151402.0,280151402.0,,32.267,126550500000.0,0.0,231400000.0,974800000.0,451.722,
16,PFG,MRY,2004-12-31,2004-12-31,2004-12-31,2021-07-29,1313300000.0,113798100000.0,111440050000.0,,,0.075,24.577,-47500000.0,450600000.0,450600000.0,5256200000.0,825600000.0,,14.084,1125200000.0,,,1125200000.0,0.0,105700000.0,32183300000.0,0.013,0.55,1003800000.0,1109500000.0,0.133,1109500000.0,1003800000.0,1003800000.0,2.64,2.62,2.64,7544300000.0,7591200000.0,7544300000.0,11657051284.0,12.0,10.507,1984000000.0,6.463,1.0,3064700000.0,0.368,429400000.0,0.0,114043300000.0,111515650000.0,0.0,56843100000.0,,,106253800000.0,,,12566951284.0,-1240400000.0,566600000.0,-731400000.0,-726500000.0,-166500000.0,414100000.0,-3184600000.0,-4165800000.0,2031500000.0,0.0,825600000.0,825600000.0,825600000.0,-130400000.0,0.0,0.099,2185600000.0,879100000.0,0.0,0.208,1.666,15.222,15.508,429400000.0,0.0,40.94,1.51,1.51,628500000.0,1289500000.0,8320900000.0,8320900000.0,0.0,0.007,0.109,0.009,0.121,43400000.0,2185600000.0,1.0,306960217.0,306960217.0,,27.107,113368700000.0,0.0,178200000.0,1408700000.0,369.327,
17,PFG,MRY,2003-12-31,2003-12-31,2003-12-31,2021-07-29,1171300000.0,107754400000.0,100482800000.0,,,0.079,22.911,-28600000.0,1192500000.0,1192500000.0,5163700000.0,746300000.0,,13.562,2077100000.0,,,2077100000.0,0.0,114200000.0,28896400000.0,0.014,0.45,921900000.0,1036100000.0,0.13,1036100000.0,921900000.0,921900000.0,2.29,2.28,2.29,7399600000.0,7302925000.0,7399600000.0,15229254108.0,17.0,14.699,2979400000.0,9.225,1.0,2819000000.0,0.353,296800000.0,0.0,108342200000.0,101977275000.0,0.0,53214400000.0,,,100354800000.0,,,10680554108.0,654300000.0,-95300000.0,-434700000.0,100700000.0,-145300000.0,959900000.0,-3505600000.0,-3655400000.0,3008000000.0,0.0,746300000.0,746300000.0,746300000.0,-105000000.0,0.0,0.093,1998700000.0,820300000.0,0.0,0.197,1.443,14.311,14.441,445200000.0,0.0,33.07,1.338,1.338,714900000.0,630400000.0,7982700000.0,7982700000.0,0.0,0.007,0.102,0.009,0.115,22600000.0,1998700000.0,1.0,322968071.0,322968071.0,,24.717,107457600000.0,0.0,175600000.0,1312800000.0,332.719,
18,PFG,MRY,2002-12-31,2002-12-31,2002-12-31,2021-07-29,635800000.0,89861300000.0,89271025000.0,,,0.085,19.761,-59000000.0,1038600000.0,1038600000.0,5514100000.0,142300000.0,,12.498,1897300000.0,,,1897300000.0,0.0,104900000.0,26315000000.0,0.008,0.25,67400000.0,172300000.0,0.023,172300000.0,67400000.0,67400000.0,0.41,0.41,0.41,6657200000.0,6639825000.0,6657200000.0,11297062317.0,168.0,65.566,3839600000.0,11.397,1.0,2113100000.0,0.277,195300000.0,0.0,90524700000.0,89731275000.0,0.0,48995600000.0,,,83204100000.0,,,10150562317.0,172400000.0,446300000.0,-720400000.0,7300000.0,-83800000.0,-721200000.0,-3005000000.0,-4044000000.0,3898600000.0,0.0,142300000.0,142300000.0,142300000.0,23200000.0,0.0,0.019,1741600000.0,371500000.0,0.0,0.61,1.525,71.332,73.488,482500000.0,0.0,30.13,1.331,1.331,459700000.0,29400000.0,7627200000.0,7627200000.0,0.0,0.002,0.021,0.001,0.009,10500000.0,1741600000.0,1.0,336892211.0,336892211.0,,22.64,89666000000.0,0.0,-74900000.0,1177700000.0,266.156,
19,PFG,MRY,2001-12-31,2001-12-31,2001-12-31,2021-07-29,147500000.0,88350500000.0,86377700000.0,,,0.099,18.172,-59100000.0,561200000.0,561200000.0,5795800000.0,358800000.0,,11.954,1890000000.0,,,1890000000.0,0.0,103400000.0,24684400000.0,0.0,0.0,442200000.0,545600000.0,0.063,545600000.0,442200000.0,442200000.0,0.99,0.99,0.99,6820300000.0,6536400000.0,6820300000.0,10873745048.0,25.0,19.93,3853500000.0,10.267,1.0,2796800000.0,0.325,165500000.0,0.0,89513800000.0,86706100000.0,0.0,44779000000.0,,,81530200000.0,,,9007545048.0,-229800000.0,-19000000.0,1651600000.0,-3100000.0,0.0,-404400000.0,-3738000000.0,-3272900000.0,3912600000.0,0.0,358800000.0,358800000.0,358800000.0,11200000.0,0.0,0.042,2332700000.0,464100000.0,0.0,0.0,1.321,25.105,24.242,494200000.0,0.0,24.0,1.048,1.048,489000000.0,-29100000.0,8592600000.0,8592600000.0,0.0,0.004,0.055,0.005,0.051,0.0,2332700000.0,1.0,375314377.0,375314377.0,,22.894,88185000000.0,0.0,83400000.0,888700000.0,234.963,
20,PFG,MRY,2000-12-31,2000-12-31,2000-12-31,2021-07-29,-60000000.0,84404900000.0,,,,,,-19100000.0,926600000.0,926600000.0,5545000000.0,620200000.0,,12.499,1796000000.0,,,1796000000.0,0.0,99800000.0,24300200000.0,,0.0,848700000.0,948500000.0,0.11,948500000.0,848700000.0,848700000.0,,,,6252500000.0,,6252500000.0,,,,2773100000.0,,1.0,3049200000.0,0.355,1375900000.0,0.0,83898400000.0,,0.0,42090600000.0,,,78152400000.0,,,,391900000.0,-27400000.0,0.0,21800000.0,0.0,-1006900000.0,-1393400000.0,-1814800000.0,2792200000.0,0.0,620200000.0,620200000.0,620200000.0,-8500000.0,0.0,0.072,2209000000.0,840200000.0,0.0,,,,,507000000.0,0.0,,,,505700000.0,6312500000.0,8594200000.0,8594200000.0,0.0,,,,0.099,0.0,2209000000.0,1.0,,,,,83029000000.0,0.0,228500000.0,595800000.0,,
21,PFG,MRY,1999-12-31,1999-12-31,1999-12-31,2021-07-29,,,,,,,,-32000000.0,,,5565500000.0,742100000.0,,,,,,,,117100000.0,,,0.0,1065600000.0,1182700000.0,0.136,1182700000.0,1065600000.0,1065600000.0,,,,,,,,,,2074000000.0,,1.0,3135900000.0,0.36,,0.0,,,,,,,,,,,108700000.0,-1112900000.0,0.0,1100200000.0,0.0,1343900000.0,-3341200000.0,-2562800000.0,2106000000.0,0.0,742100000.0,742100000.0,742100000.0,0.0,0.0,0.085,2070300000.0,1065600000.0,,,,,,,0.0,,,,,,8701400000.0,8701400000.0,0.0,,,,0.122,0.0,2070300000.0,1.0,,,,,,,323500000.0,,,
0,PFG,MRQ,2021-06-30,2021-06-30,2021-06-30,2021-07-29,1803800000.0,302165500000.0,,,,,59.678,-22900000.0,2417400000.0,2417400000.0,1841700000.0,371600000.0,,17.59,4362200000.0,,,4362200000.0,0.0,0.0,42871300000.0,0.036,0.61,422800000.0,422800000.0,0.119,422800000.0,422800000.0,422800000.0,1.34,1.32,1.34,16233100000.0,,16233100000.0,19548365515.0,10.0,9.146,969900000.0,3.566,1.0,1697700000.0,0.48,3377100000.0,0.0,300733200000.0,,0.0,105975000000.0,,,285543400000.0,,,17188465515.0,413900000.0,0.0,-240500000.0,-700000.0,-165200000.0,-655300000.0,76400000.0,78800000.0,992800000.0,0.0,361800000.0,361800000.0,361800000.0,0.0,9800000.0,0.102,1265100000.0,432600000.0,0.0,0.455,1.059,10.827,10.876,1030700000.0,0.0,63.19,1.243,1.243,1675700000.0,12395000000.0,3539400000.0,3539400000.0,0.0,,,,,0.0,1265100000.0,1.0,272012431.0,272012431.0,,13.012,298788400000.0,0.0,61000000.0,2331500000.0,1098.437,
1,PFG,MRQ,2021-03-31,2021-03-31,2021-03-31,2021-07-29,953800000.0,295634600000.0,,,,,56.51,-22900000.0,2003500000.0,2003500000.0,1392900000.0,516300000.0,,18.169,4363400000.0,,,4363400000.0,0.0,0.0,43082100000.0,0.037,0.56,614700000.0,614700000.0,0.192,614700000.0,614700000.0,614700000.0,1.89,1.87,1.89,15405500000.0,,15405500000.0,17860016433.0,9.0,8.136,117900000.0,0.432,1.0,1815600000.0,0.566,3399300000.0,0.0,294595200000.0,,0.0,104761900000.0,,,279908800000.0,,,16345916433.0,-846300000.0,0.0,-98200000.0,-200000.0,-152200000.0,32100000.0,-1019200000.0,-964900000.0,140800000.0,0.0,517100000.0,517100000.0,517100000.0,0.0,-800000.0,0.161,1201700000.0,613900000.0,0.0,0.296,1.061,10.065,10.128,1043700000.0,0.0,59.96,1.22,1.22,1708300000.0,12199200000.0,3208500000.0,3208500000.0,0.0,,,,,0.0,1201700000.0,1.0,272613683.0,272613683.0,,11.769,292235300000.0,0.0,97600000.0,2092000000.0,1071.976,
2,PFG,MRQ,2020-12-31,2020-12-31,2020-12-31,2021-07-29,2383100000.0,296627700000.0,,,,,60.274,-25900000.0,2849800000.0,2849800000.0,2011700000.0,491500000.0,,16.895,4363900000.0,,,4363900000.0,0.0,251900000.0,43237700000.0,0.045,0.56,572700000.0,824600000.0,0.219,824600000.0,572700000.0,572700000.0,1.72,1.71,1.72,16558900000.0,,16558900000.0,14428162728.0,9.0,7.543,602300000.0,2.192,1.0,1753400000.0,0.466,3434000000.0,0.0,294707800000.0,,0.0,106306900000.0,,,279754800000.0,,,13629262728.0,-706900000.0,0.0,-66800000.0,-700000.0,-153700000.0,50800000.0,-1385900000.0,-1135500000.0,628200000.0,0.0,472600000.0,472600000.0,472600000.0,0.0,18900000.0,0.126,1161800000.0,591600000.0,0.0,0.326,0.823,9.764,9.766,1019000000.0,0.0,49.61,0.925,0.925,1723800000.0,11838000000.0,3765100000.0,3765100000.0,0.0,,,,,87600000.0,1161800000.0,1.0,274728134.0,274728134.0,,13.705,293193700000.0,0.0,100100000.0,2353100000.0,1067.214,
3,PFG,MRQ,2020-09-30,2020-09-30,2020-09-30,2021-07-29,1747100000.0,278484800000.0,,,,,57.012,-36500000.0,3556700000.0,3556700000.0,1869700000.0,235900000.0,,16.771,4355600000.0,,,4355600000.0,0.0,0.0,42947100000.0,0.055,0.56,275200000.0,275200000.0,0.083,275200000.0,275200000.0,275200000.0,0.86,0.85,0.86,15650900000.0,,15650900000.0,12144167968.0,8.0,7.264,1027800000.0,3.744,1.0,1441000000.0,0.435,3358800000.0,0.0,275924900000.0,,0.0,103033800000.0,,,262485200000.0,,,11054867968.0,406300000.0,0.0,11300000.0,112300000.0,-153700000.0,760800000.0,-1418800000.0,-1553800000.0,1064300000.0,0.0,236000000.0,236000000.0,236000000.0,0.0,-100000.0,0.071,1165900000.0,275100000.0,0.0,0.651,0.706,9.031,9.07,998800000.0,0.0,40.27,0.736,0.736,1530200000.0,11521400000.0,3310700000.0,3310700000.0,0.0,,,,,0.0,1165900000.0,1.0,274518698.0,274518698.0,,12.06,275126000000.0,0.0,39200000.0,2122600000.0,1002.212,
4,PFG,MRQ,2020-06-30,2020-06-30,2020-06-30,2021-07-29,1450700000.0,271309400000.0,,,,,55.659,-28400000.0,3150400000.0,3150400000.0,1632700000.0,416100000.0,,16.776,4239700000.0,,,4239700000.0,0.0,0.0,42308400000.0,0.053,0.56,480800000.0,480800000.0,0.154,480800000.0,480800000.0,480800000.0,1.45,1.45,1.45,15243100000.0,,15243100000.0,11669467166.0,8.0,6.727,428600000.0,1.565,1.0,1481900000.0,0.476,3340200000.0,0.0,269058500000.0,,0.0,100558600000.0,,,255725700000.0,,,11376467166.0,-332300000.0,0.0,14100000.0,458800000.0,-153500000.0,519100000.0,-1308400000.0,-1254700000.0,457000000.0,0.0,398300000.0,398300000.0,398300000.0,0.0,17800000.0,0.128,983300000.0,498600000.0,0.0,0.386,0.746,8.992,9.09,993100000.0,0.0,41.54,0.703,0.703,1760000000.0,11441400000.0,3114600000.0,3114600000.0,0.0,,,,,0.0,983300000.0,1.0,273867770.0,273867770.0,,11.373,267969200000.0,0.0,82500000.0,2077800000.0,978.462,
5,PFG,MRQ,2020-03-31,2020-03-31,2020-03-31,2021-07-29,-599200000.0,246903900000.0,,,,,46.99,-18000000.0,3482700000.0,3482700000.0,2887600000.0,285000000.0,,18.105,3775700000.0,,,3775700000.0,0.0,0.0,42126600000.0,0.072,0.56,332100000.0,332100000.0,0.073,332100000.0,332100000.0,332100000.0,1.05,1.04,1.05,12907500000.0,,12907500000.0,9920320416.0,7.0,5.841,1571100000.0,5.72,1.0,1663700000.0,0.366,3333000000.0,0.0,243863900000.0,,0.0,94775300000.0,,,233691600000.0,,,8608720416.0,966800000.0,0.0,-222800000.0,-39900000.0,-153600000.0,290400000.0,-912700000.0,-908900000.0,1589100000.0,0.0,288900000.0,288900000.0,288900000.0,0.0,-3900000.0,0.063,1335500000.0,328200000.0,0.0,0.533,0.667,6.869,6.964,973800000.0,0.0,31.34,0.506,0.506,1691000000.0,11198800000.0,4551300000.0,4551300000.0,0.0,,,,,0.0,1335500000.0,1.0,274687952.0,274687952.0,,16.569,243570900000.0,0.0,43200000.0,1465000000.0,886.719,
6,PFG,MRQ,2019-12-31,2019-12-31,2019-12-31,2021-07-29,1037900000.0,276087800000.0,,,,,52.645,-34300000.0,2515900000.0,2515900000.0,2453300000.0,315300000.0,,17.864,3827500000.0,,,3827500000.0,0.0,226800000.0,41367500000.0,0.04,0.55,356900000.0,583700000.0,0.144,583700000.0,356900000.0,356900000.0,1.08,1.07,1.08,14618000000.0,,14618000000.0,15933956370.0,10.0,8.52,994100000.0,3.58,1.0,1593900000.0,0.394,3480500000.0,0.0,273918900000.0,,0.0,96351400000.0,,,261137100000.0,,,15271956370.0,-682100000.0,1100000.0,-76700000.0,-31400000.0,-152400000.0,1051800000.0,-2762300000.0,-2563500000.0,1028400000.0,0.0,300900000.0,300900000.0,300900000.0,0.0,14400000.0,0.074,1222600000.0,371300000.0,0.0,0.509,1.045,10.954,11.0,967700000.0,0.0,55.0,0.941,0.941,1740300000.0,11074300000.0,4047200000.0,4047200000.0,0.0,,,,,82600000.0,1222600000.0,1.0,277671934.0,277671934.0,,14.575,272607300000.0,0.0,56000000.0,1812800000.0,981.76,
7,PFG,MRQ,2019-09-30,2019-09-30,2019-09-30,2021-07-29,1307100000.0,270238400000.0,,,,,53.1,-32700000.0,3198000000.0,3198000000.0,2870400000.0,284600000.0,,17.225,3860000000.0,,,3860000000.0,0.0,0.0,40300000000.0,0.039,0.55,338200000.0,338200000.0,0.076,338200000.0,338200000.0,338200000.0,0.99,0.98,0.99,14804200000.0,,14804200000.0,16453724182.0,11.0,10.365,1753700000.0,6.29,1.0,1588000000.0,0.356,3492400000.0,0.0,267408000000.0,,0.0,94412400000.0,,,254996300000.0,,,15930424182.0,-117900000.0,-1209600000.0,-35000000.0,26500000.0,-153000000.0,677900000.0,-2582200000.0,-1309500000.0,1786400000.0,0.0,277100000.0,277100000.0,277100000.0,0.0,7500000.0,0.062,1242300000.0,345700000.0,0.0,0.556,1.076,11.98,12.029,961700000.0,0.0,57.14,0.999,0.999,1635700000.0,10927800000.0,4458400000.0,4458400000.0,0.0,,,,,0.0,1242300000.0,1.0,278796363.0,278796363.0,,15.992,266746000000.0,0.0,61100000.0,1949700000.0,956.777,
8,PFG,MRQ,2019-06-30,2019-06-30,2019-06-30,2021-07-29,647700000.0,267918000000.0,,,,,50.385,-36000000.0,3315900000.0,3315900000.0,2476000000.0,392100000.0,,18.063,3839200000.0,,,3839200000.0,0.0,0.0,39658800000.0,0.038,0.587,444500000.0,444500000.0,0.112,444500000.0,444500000.0,444500000.0,1.38,1.37,1.38,14034700000.0,,14034700000.0,17184107979.0,10.0,9.213,1466000000.0,5.263,1.0,1496600000.0,0.377,2412200000.0,0.0,266029100000.0,,0.0,91195200000.0,,,253511500000.0,,,16133507979.0,1056200000.0,0.0,16200000.0,528600000.0,-150400000.0,407100000.0,-852900000.0,-833400000.0,1502000000.0,0.0,386300000.0,386300000.0,386300000.0,0.0,5800000.0,0.097,1046300000.0,450300000.0,0.0,0.425,1.15,10.692,10.806,959500000.0,0.0,57.92,1.019,1.019,1549200000.0,10805800000.0,3972600000.0,3972600000.0,0.0,,,,,0.0,1046300000.0,1.0,278548135.0,278548135.0,,14.262,265505800000.0,0.0,58200000.0,1707300000.0,953.177,
9,PFG,MRQ,2019-03-31,2019-03-31,2019-03-31,2021-07-29,-418900000.0,259419900000.0,,,,,45.612,-29400000.0,2259700000.0,2259700000.0,2225200000.0,452100000.0,,19.388,3310300000.0,,,3310300000.0,0.0,0.0,39649300000.0,0.042,0.54,503800000.0,503800000.0,0.135,503800000.0,503800000.0,503800000.0,1.54,1.53,1.54,12694400000.0,,12694400000.0,14293563900.0,8.0,7.205,1147000000.0,4.121,1.0,1518700000.0,0.406,2420900000.0,0.0,258049600000.0,,0.0,88543900000.0,,,246120000000.0,,,13968563900.0,-717800000.0,0.0,-147800000.0,6500000.0,-150200000.0,-403100000.0,-1491100000.0,-1248400000.0,1176400000.0,0.0,429900000.0,429900000.0,429900000.0,0.0,22200000.0,0.115,992700000.0,526000000.0,0.0,0.351,1.1,8.845,9.011,933200000.0,0.0,50.19,0.925,0.925,1641100000.0,10571900000.0,3743900000.0,3743900000.0,0.0,,,,,0.0,992700000.0,1.0,278313686.0,278313686.0,,13.452,256999000000.0,0.0,73900000.0,1341000000.0,923.415,
10,PFG,MRQ,2018-12-31,2018-12-31,2018-12-31,2021-07-29,-1565100000.0,243036100000.0,,,,,40.24,-18900000.0,2977500000.0,2977500000.0,2471100000.0,231700000.0,,20.298,3302500000.0,,,3302500000.0,0.0,53200000.0,39699700000.0,0.048,0.54,247700000.0,300900000.0,0.08,300900000.0,247700000.0,247700000.0,0.84,0.84,0.84,11390000000.0,,11390000000.0,12857151406.0,7.0,6.486,1423700000.0,5.03,1.0,1299500000.0,0.345,2415100000.0,0.0,240946000000.0,,0.0,84766600000.0,,,231188900000.0,,,12502251406.0,50800000.0,0.0,-198500000.0,23000000.0,-152100000.0,-98000000.0,-1293800000.0,-964400000.0,1442600000.0,0.0,236500000.0,236500000.0,236500000.0,0.0,-4800000.0,0.063,1056600000.0,242900000.0,0.0,0.643,1.098,8.084,8.165,767300000.0,0.0,44.17,0.878,0.878,1413100000.0,10290200000.0,3770600000.0,3770600000.0,0.0,,,,,17100000.0,1056600000.0,1.0,283048481.0,283048481.0,,13.321,240621000000.0,0.0,11200000.0,983700000.0,850.105,
11,PFG,MRQ,2018-09-30,2018-09-30,2018-09-30,2021-07-29,-1347600000.0,258758300000.0,,,,,41.092,-29800000.0,2926700000.0,2926700000.0,2674000000.0,460000000.0,,21.096,3281600000.0,,,3281600000.0,0.0,50700000.0,39813200000.0,0.035,0.53,565400000.0,616100000.0,0.142,616100000.0,565400000.0,565400000.0,1.6,1.59,1.6,11700800000.0,,11700800000.0,17625829907.0,10.0,8.615,2045900000.0,7.185,1.0,1674100000.0,0.385,2482600000.0,0.0,256630600000.0,,0.0,84007200000.0,,,246841100000.0,,,16683429907.0,584700000.0,-43200000.0,-57200000.0,-3200000.0,-150700000.0,576200000.0,-2067200000.0,-2003000000.0,2075700000.0,0.0,456300000.0,456300000.0,456300000.0,0.0,3700000.0,0.105,1105000000.0,569100000.0,0.0,0.331,1.426,7.753,7.833,770600000.0,0.0,58.59,1.217,1.217,1514400000.0,10207900000.0,4348100000.0,4348100000.0,0.0,,,,,19500000.0,1105000000.0,1.0,284748761.0,284748761.0,,15.27,256275700000.0,0.0,109100000.0,940700000.0,900.006,
12,PFG,MRQ,2018-06-30,2018-06-30,2018-06-30,2021-07-29,-1137900000.0,252104000000.0,,,,,40.642,-17600000.0,2342000000.0,2342000000.0,1729400000.0,459500000.0,,20.642,3284400000.0,,,3284400000.0,0.0,50600000.0,39128700000.0,0.038,0.52,512500000.0,563100000.0,0.174,563100000.0,512500000.0,512500000.0,1.59,1.58,1.59,11639300000.0,,11639300000.0,16103150878.0,7.0,6.114,874100000.0,3.052,1.0,1505500000.0,0.465,2458600000.0,0.0,250587800000.0,,0.0,82404800000.0,,,240258600000.0,,,15164150878.0,6300000.0,-27600000.0,-184800000.0,12500000.0,-148500000.0,476200000.0,-1361600000.0,-1390700000.0,891700000.0,0.0,456600000.0,456600000.0,456600000.0,0.0,2900000.0,0.141,990100000.0,515400000.0,0.0,0.327,1.303,6.052,6.1,762900000.0,0.0,52.95,1.084,1.084,1455600000.0,9904300000.0,3234900000.0,3234900000.0,0.0,,,,,19200000.0,990100000.0,1.0,286386230.0,286386230.0,,11.296,249645400000.0,0.0,55900000.0,907700000.0,871.709,
13,PFG,MRQ,2018-03-31,2018-03-31,2018-03-31,2021-07-29,-469300000.0,253636500000.0,,,,,42.074,-26000000.0,2335700000.0,2335700000.0,1441600000.0,402500000.0,,19.796,3274700000.0,,,3274700000.0,0.0,50600000.0,38319700000.0,0.032,0.51,451600000.0,502200000.0,0.174,502200000.0,451600000.0,451600000.0,1.37,1.36,1.37,12186900000.0,,12186900000.0,18390095871.0,8.0,7.42,720500000.0,2.487,1.0,1442000000.0,0.5,2489100000.0,0.0,252086400000.0,,0.0,81952800000.0,,,241252900000.0,,,17642995871.0,-135100000.0,-113900000.0,-167100000.0,55700000.0,-147300000.0,98300000.0,-979900000.0,-828200000.0,746500000.0,0.0,397100000.0,397100000.0,397100000.0,0.0,5400000.0,0.138,985000000.0,457000000.0,0.0,0.372,1.448,7.48,7.464,775200000.0,0.0,60.91,1.267,1.267,1638400000.0,9598300000.0,2883600000.0,2883600000.0,0.0,,,,,21600000.0,985000000.0,1.0,289656803.0,289656803.0,,9.955,251147400000.0,0.0,54500000.0,926600000.0,867.052,
14,PFG,MRQ,2017-12-31,2017-12-31,2017-12-31,2021-07-29,165500000.0,253941200000.0,,,,,44.499,-31500000.0,2470800000.0,2470800000.0,1833800000.0,842900000.0,,18.75,3217900000.0,,,3217900000.0,0.0,50900000.0,38082500000.0,0.027,0.49,313700000.0,364600000.0,0.113,364600000.0,313700000.0,313700000.0,2.92,2.86,2.92,12849300000.0,,12849300000.0,20813730856.0,9.0,8.552,527800000.0,1.828,1.0,1403900000.0,0.434,2383500000.0,0.0,252304800000.0,,0.0,82102700000.0,,,240918000000.0,,,20374530856.0,-324200000.0,0.0,17100000.0,-17900000.0,-141500000.0,-148400000.0,-735100000.0,-609100000.0,559300000.0,0.0,841800000.0,841800000.0,841800000.0,0.0,1100000.0,0.26,1089100000.0,314800000.0,0.0,0.168,1.586,8.819,8.82,759500000.0,0.0,70.56,1.446,1.446,1469800000.0,9482900000.0,3237700000.0,3237700000.0,0.0,,,,,20500000.0,1089100000.0,1.0,288754689.0,288754689.0,,11.213,251557700000.0,0.0,-528100000.0,1109200000.0,871.181,
15,PFG,MRQ,2017-09-30,2017-09-30,2017-09-30,2021-07-29,47000000.0,247933600000.0,,,,,41.516,-29200000.0,2795000000.0,2795000000.0,2537200000.0,813200000.0,,19.651,3234200000.0,,,3234200000.0,0.0,49300000.0,38208600000.0,0.028,0.47,1154800000.0,1204100000.0,0.26,1204100000.0,1154800000.0,1154800000.0,2.8,2.76,2.8,11996400000.0,,11996400000.0,19754129765.0,9.0,7.974,1770400000.0,6.127,1.0,2090600000.0,0.452,2369900000.0,0.0,246002900000.0,,0.0,81203400000.0,,,235737200000.0,,,18591729765.0,788600000.0,0.0,-19100000.0,-41500000.0,-135800000.0,-197600000.0,-813400000.0,-1308900000.0,1799600000.0,0.0,810200000.0,810200000.0,810200000.0,0.0,3000000.0,0.175,932800000.0,1157800000.0,0.0,0.168,1.55,10.406,10.411,754600000.0,0.0,64.34,1.294,1.294,1516600000.0,8784600000.0,4627800000.0,4627800000.0,0.0,,,,,18200000.0,932800000.0,1.0,288960674.0,288960674.0,,16.015,245563700000.0,0.0,344600000.0,1568900000.0,849.817,
16,PFG,MRQ,2017-06-30,2017-06-30,2017-06-30,2021-07-29,-116100000.0,240153900000.0,,,,,38.749,-60300000.0,2006400000.0,2006400000.0,1884000000.0,314800000.0,,20.489,3168800000.0,,,3168800000.0,0.0,47400000.0,38199800000.0,0.027,0.46,360300000.0,407700000.0,0.128,407700000.0,360300000.0,360300000.0,1.07,1.06,1.07,11168100000.0,,11168100000.0,20117133667.0,14.0,12.038,1245900000.0,4.323,1.0,1294300000.0,0.407,2344600000.0,0.0,238971700000.0,,0.0,79050500000.0,,,228820800000.0,,,18466133667.0,471700000.0,0.0,16100000.0,-17400000.0,-132700000.0,-161200000.0,-673300000.0,-633300000.0,1306200000.0,0.0,309500000.0,309500000.0,309500000.0,0.0,5300000.0,0.097,928700000.0,365600000.0,0.0,0.43,1.653,14.375,14.398,750300000.0,0.0,64.07,1.47,1.47,1381400000.0,8112200000.0,3178300000.0,3178300000.0,0.0,,,,,21900000.0,928700000.0,1.0,288218100.0,288218100.0,,11.027,237809300000.0,0.0,50800000.0,1298300000.0,825.102,
17,PFG,MRQ,2017-03-31,2017-03-31,2017-03-31,2021-07-29,-455100000.0,235496000000.0,,,,,36.929,-43800000.0,1534700000.0,1534700000.0,1692200000.0,353600000.0,,21.167,3185700000.0,,,3185700000.0,0.0,48100000.0,38074100000.0,0.027,0.45,409300000.0,457400000.0,0.15,457400000.0,409300000.0,409300000.0,1.21,1.19,1.21,10616100000.0,,10616100000.0,18600162173.0,12.0,10.903,479100000.0,1.667,1.0,1357200000.0,0.445,2355500000.0,0.0,234791500000.0,,0.0,77812000000.0,,,224716000000.0,,,18142662173.0,-1184900000.0,0.0,-72000000.0,7600000.0,-130000000.0,123200000.0,-1831000000.0,-1747800000.0,522900000.0,0.0,348900000.0,348900000.0,348900000.0,0.0,4700000.0,0.114,943200000.0,414000000.0,0.0,0.372,1.709,13.984,14.056,718800000.0,0.0,63.11,1.462,1.462,1447000000.0,7937400000.0,3049400000.0,3049400000.0,0.0,,,,,22100000.0,943200000.0,1.0,287476821.0,287476821.0,,10.607,233140500000.0,0.0,60400000.0,1063100000.0,810.989,
18,PFG,MRQ,2016-12-31,2016-12-31,2016-12-31,2021-07-29,-675200000.0,228014300000.0,,,,,35.551,-45800000.0,2719600000.0,2719600000.0,2146900000.0,338200000.0,,21.279,3177100000.0,,,3177100000.0,0.0,47000000.0,37953600000.0,0.028,0.43,361100000.0,408100000.0,0.116,408100000.0,361100000.0,361100000.0,1.1,1.09,1.1,10227300000.0,,10227300000.0,17745109121.0,11.0,10.24,884700000.0,3.075,1.0,1366900000.0,0.389,2346100000.0,0.0,226125700000.0,,0.0,75835500000.0,,,217623000000.0,,,16645209121.0,501400000.0,0.0,-20000000.0,-142200000.0,-123800000.0,227200000.0,-656300000.0,-678900000.0,930500000.0,0.0,318000000.0,318000000.0,318000000.0,0.0,20200000.0,0.091,985600000.0,381300000.0,0.0,0.391,1.628,12.644,12.716,699000000.0,0.0,57.86,1.343,1.343,1361900000.0,7720400000.0,3513800000.0,3513800000.0,0.0,,,,,25700000.0,985600000.0,1.0,287680766.0,287680766.0,,12.214,225668200000.0,0.0,43100000.0,985300000.0,784.44,
19,PFG,MRQ,2016-09-30,2016-09-30,2016-09-30,2021-07-29,91800000.0,230367600000.0,,,,,37.534,-34400000.0,2218200000.0,2218200000.0,1527700000.0,327400000.0,,20.317,3318100000.0,,,3318100000.0,0.0,46400000.0,37688000000.0,0.03,0.41,351500000.0,397900000.0,0.141,397900000.0,351500000.0,351500000.0,1.07,1.06,1.07,10794600000.0,,10794600000.0,15854638558.0,11.0,9.477,767300000.0,2.668,1.0,1290300000.0,0.458,2381100000.0,0.0,229086400000.0,,0.0,77758500000.0,,,219313900000.0,,,14813938558.0,-37200000.0,0.0,-21000000.0,20800000.0,-117900000.0,-15300000.0,-823600000.0,-776000000.0,801700000.0,0.0,308200000.0,308200000.0,308200000.0,0.0,19200000.0,0.109,919600000.0,370700000.0,0.0,0.383,1.372,11.831,11.951,674500000.0,0.0,51.51,1.268,1.268,1382800000.0,7528100000.0,2818000000.0,2818000000.0,0.0,,,,,18600000.0,919600000.0,1.0,287593449.0,287593449.0,,9.799,227986500000.0,0.0,43300000.0,1241500000.0,792.739,
20,PFG,MRQ,2016-06-30,2016-06-30,2016-06-30,2021-07-29,-19300000.0,223074200000.0,,,,,36.224,-30500000.0,2255400000.0,2255400000.0,1697900000.0,327000000.0,,20.207,3296100000.0,,,3296100000.0,0.0,47400000.0,37781000000.0,0.037,0.39,395200000.0,442600000.0,0.146,442600000.0,395200000.0,395200000.0,1.11,1.1,1.11,10499700000.0,,10499700000.0,13164644785.0,9.0,7.7,1199600000.0,4.139,1.0,1327800000.0,0.439,2395700000.0,0.0,221719200000.0,,0.0,76687400000.0,,,212169400000.0,,,11915844785.0,112500000.0,0.0,-102900000.0,-96500000.0,-112800000.0,703100000.0,-1820700000.0,-1827400000.0,1230100000.0,0.0,322300000.0,322300000.0,322300000.0,0.0,4700000.0,0.107,927900000.0,399900000.0,0.0,0.351,1.135,9.576,9.65,667900000.0,0.0,41.11,0.984,0.984,1504800000.0,7339600000.0,3025700000.0,3025700000.0,0.0,,,,,17800000.0,927900000.0,1.0,289852707.0,289852707.0,,10.439,220678500000.0,0.0,72900000.0,1244900000.0,761.347,
21,PFG,MRQ,2016-03-31,2016-03-31,2016-03-31,2021-07-29,-356100000.0,217570000000.0,,,,,34.433,-44200000.0,2142900000.0,2142900000.0,1697300000.0,369200000.0,,20.634,3391700000.0,,,3391700000.0,0.0,45800000.0,36660500000.0,0.039,0.38,438600000.0,484400000.0,0.16,484400000.0,438600000.0,438600000.0,1.26,1.25,1.26,10041600000.0,,10041600000.0,12411730117.0,9.0,7.777,851300000.0,2.919,1.0,1339300000.0,0.441,2408500000.0,0.0,216410300000.0,,0.0,73807500000.0,,,207199500000.0,,,11504630117.0,-421900000.0,0.0,-95600000.0,-56700000.0,-110400000.0,535900000.0,-1853300000.0,-1778200000.0,895500000.0,0.0,368000000.0,368000000.0,368000000.0,0.0,1200000.0,0.121,899500000.0,439800000.0,0.0,0.302,1.146,9.891,9.937,657300000.0,0.0,39.45,0.932,0.932,1309500000.0,7131800000.0,3036600000.0,3036600000.0,0.0,,,,,22300000.0,899500000.0,1.0,291625605.0,291625605.0,,10.413,215161500000.0,0.0,70600000.0,1060900000.0,737.8,
22,PFG,MRQ,2015-12-31,2015-12-31,2015-12-31,2021-07-29,-882500000.0,218660300000.0,,,,,31.807,-40100000.0,2564800000.0,2564800000.0,1577200000.0,258300000.0,,22.466,3446300000.0,,,3446300000.0,0.0,43700000.0,35716100000.0,0.033,0.38,304300000.0,348000000.0,0.124,348000000.0,304300000.0,304300000.0,0.87,0.86,0.87,9311600000.0,,9311600000.0,14161446277.0,10.0,8.826,1014000000.0,3.464,1.0,1229800000.0,0.438,2368200000.0,0.0,217173600000.0,,0.0,69820500000.0,,,209197200000.0,,,13167946277.0,50600000.0,2500000.0,-107800000.0,-35700000.0,-110800000.0,397300000.0,-1400800000.0,-1281400000.0,1054100000.0,0.0,253600000.0,253600000.0,253600000.0,0.0,4700000.0,0.09,920800000.0,309000000.0,0.0,0.437,1.414,10.889,10.944,633800000.0,0.0,44.98,1.101,1.101,1429300000.0,6875900000.0,2807000000.0,2807000000.0,0.0,,,,,17800000.0,920800000.0,1.0,292751140.0,292751140.0,,9.588,216292100000.0,0.0,50700000.0,715600000.0,738.826,
23,PFG,MRQ,2015-09-30,2015-09-30,2015-09-30,2021-07-29,-524400000.0,215365400000.0,,,,,32.639,-29000000.0,2514200000.0,2514200000.0,1910300000.0,300900000.0,,21.372,3507700000.0,,,3507700000.0,0.0,66000000.0,35115200000.0,0.031,0.38,368700000.0,434700000.0,0.134,434700000.0,368700000.0,368700000.0,1.02,1.01,1.02,9620300000.0,,9620300000.0,15031311920.0,11.0,9.285,1176600000.0,3.992,1.0,1330600000.0,0.411,2404100000.0,0.0,213954800000.0,,0.0,69565500000.0,,,205601600000.0,,,13953211920.0,249800000.0,-293700000.0,-70700000.0,167400000.0,-111900000.0,-126100000.0,-829700000.0,-664600000.0,1205600000.0,0.0,300400000.0,300400000.0,300400000.0,0.0,500000.0,0.093,961400000.0,369200000.0,0.0,0.373,1.45,11.38,11.353,611600000.0,0.0,47.34,1.156,1.156,1401600000.0,6734700000.0,3240900000.0,3240900000.0,0.0,,,,,16400000.0,961400000.0,1.0,294744654.0,294744654.0,,10.996,212961300000.0,0.0,68300000.0,895500000.0,722.528,
24,PFG,MRQ,2015-06-30,2015-06-30,2015-06-30,2021-07-29,-326600000.0,222270700000.0,,,,,32.928,-34500000.0,2264400000.0,2264400000.0,2095700000.0,264900000.0,,21.916,3342500000.0,,,3342500000.0,0.0,41700000.0,34041800000.0,0.028,0.38,287200000.0,328900000.0,0.101,328900000.0,287200000.0,287200000.0,0.82,0.81,0.82,9693400000.0,,9693400000.0,16188852042.0,11.0,10.022,1452000000.0,4.932,1.0,1163500000.0,0.357,2239500000.0,0.0,221109300000.0,,0.0,68176600000.0,,,212436500000.0,,,15099052042.0,812400000.0,0.0,11500000.0,794400000.0,-112000000.0,33500000.0,-707600000.0,-546600000.0,1486500000.0,0.0,257600000.0,241100000.0,241100000.0,0.0,7300000.0,0.074,869000000.0,294500000.0,0.0,0.463,1.558,12.945,13.051,601900000.0,16500000.0,51.29,1.335,1.335,1282700000.0,6547900000.0,3259200000.0,3259200000.0,0.0,,,,,18500000.0,869000000.0,1.0,294385885.0,294385885.0,,11.071,220031200000.0,0.0,29600000.0,835700000.0,747.424,
25,PFG,MRQ,2015-03-31,2015-03-31,2015-03-31,2021-07-29,28000000.0,222494900000.0,,,,,35.438,-32800000.0,1452000000.0,1452000000.0,1278000000.0,429100000.0,,20.334,2541800000.0,,,2541800000.0,0.0,41600000.0,34173800000.0,0.026,0.36,451400000.0,493000000.0,0.186,493000000.0,451400000.0,451400000.0,1.41,1.39,1.41,10422600000.0,,10422600000.0,15803743440.0,10.0,9.133,598100000.0,2.034,1.0,1379300000.0,0.519,2272200000.0,0.0,221312500000.0,,0.0,68862500000.0,,,211937800000.0,,,15108443440.0,-411900000.0,0.0,-57500000.0,-16800000.0,-106300000.0,-813300000.0,-229500000.0,-148600000.0,630900000.0,0.0,422400000.0,414200000.0,414200000.0,0.0,6700000.0,0.156,921200000.0,458100000.0,0.0,0.255,1.45,12.267,12.378,607400000.0,8200000.0,51.37,1.418,1.418,1230000000.0,6420400000.0,2657300000.0,2657300000.0,0.0,,,,,31800000.0,921200000.0,1.0,294110248.0,294110248.0,,9.035,220222700000.0,0.0,29000000.0,980500000.0,748.776,
26,PFG,MRQ,2014-12-31,2014-12-31,2014-12-31,2021-07-29,50400000.0,219087000000.0,,,,,34.679,-18500000.0,1863900000.0,1863900000.0,1664200000.0,280300000.0,,20.502,2559200000.0,,,2559200000.0,0.0,46700000.0,34726700000.0,0.025,0.34,315600000.0,362300000.0,0.125,362300000.0,315600000.0,315600000.0,0.92,0.9,0.92,10184000000.0,,10184000000.0,16637767460.0,11.0,10.194,886800000.0,3.02,1.0,1243800000.0,0.428,2330900000.0,0.0,217451400000.0,,0.0,68433800000.0,,,208797000000.0,,,15253067460.0,593100000.0,0.0,7700000.0,-95800000.0,-99900000.0,33200000.0,-345400000.0,-188600000.0,905300000.0,0.0,278700000.0,270400000.0,270400000.0,0.0,1600000.0,0.093,926600000.0,317200000.0,0.0,0.37,1.498,13.728,14.038,590200000.0,8300000.0,51.94,1.456,1.456,1213000000.0,6114100000.0,2908000000.0,2908000000.0,0.0,,,,,16900000.0,926600000.0,1.0,293667067.0,293667067.0,,9.902,216756100000.0,0.0,36900000.0,1046800000.0,738.101,
27,PFG,MRQ,2014-09-30,2014-09-30,2014-09-30,2021-07-29,380100000.0,216422800000.0,,,,,35.101,-24200000.0,1270800000.0,1270800000.0,1158000000.0,252800000.0,,19.968,2655500000.0,,,2655500000.0,0.0,41300000.0,34680800000.0,0.023,0.34,389900000.0,431200000.0,0.174,431200000.0,389900000.0,389900000.0,0.78,0.77,0.78,10316400000.0,,10316400000.0,16356949184.0,11.0,10.157,796100000.0,2.709,1.0,1326300000.0,0.534,2395800000.0,0.0,215411700000.0,,0.0,68094900000.0,,,205997700000.0,,,15421249184.0,-471500000.0,0.0,-29200000.0,-11300000.0,-99900000.0,-961100000.0,-330700000.0,-239300000.0,820300000.0,0.0,248900000.0,240700000.0,240700000.0,0.0,3900000.0,0.097,932500000.0,393800000.0,0.0,0.436,1.495,14.357,14.697,590100000.0,8200000.0,52.47,1.506,1.506,1189300000.0,5945200000.0,2484300000.0,2484300000.0,0.0,,,,,19100000.0,932500000.0,1.0,293906026.0,293906026.0,,8.453,214027000000.0,0.0,141000000.0,1168700000.0,728.216,
28,PFG,MRQ,2014-06-30,2014-06-30,2014-06-30,2021-07-29,599400000.0,218322300000.0,,,,,35.352,-43500000.0,1742300000.0,1742300000.0,1313000000.0,319200000.0,,19.956,2678000000.0,,,2678000000.0,0.0,41000000.0,35188400000.0,0.022,0.32,402900000.0,443900000.0,0.17,443900000.0,402900000.0,402900000.0,1.04,1.03,1.04,10401800000.0,,10401800000.0,16124483959.0,12.0,10.514,742500000.0,2.524,1.0,1293700000.0,0.496,2503800000.0,0.0,216754200000.0,,0.0,68614400000.0,,,207580600000.0,,,14852783959.0,349200000.0,0.0,-50800000.0,13400000.0,-94100000.0,-775500000.0,338700000.0,327600000.0,786000000.0,0.0,314600000.0,306300000.0,306300000.0,0.0,4600000.0,0.118,886200000.0,407500000.0,0.0,0.308,1.428,13.764,13.945,574000000.0,8300000.0,50.48,1.486,1.486,1232300000.0,5816300000.0,2606700000.0,2606700000.0,0.0,,,,,17700000.0,886200000.0,1.0,294231061.0,294231061.0,,8.859,215818500000.0,0.0,88300000.0,1089700000.0,733.5,
29,PFG,MRQ,2014-03-31,2014-03-31,2014-03-31,2021-07-29,361800000.0,211193900000.0,,,,,33.798,-49800000.0,1393100000.0,1393100000.0,1273200000.0,324100000.0,,20.11,2664800000.0,,,2664800000.0,0.0,40500000.0,35736300000.0,0.022,0.28,354200000.0,394700000.0,0.159,394700000.0,354200000.0,354200000.0,0.96,0.95,0.96,9987900000.0,,9987900000.0,13971248916.0,11.0,10.054,541500000.0,1.832,1.0,1205400000.0,0.486,2497000000.0,0.0,209968600000.0,,0.0,68107100000.0,,,200855800000.0,,,13591048916.0,-978700000.0,0.0,-72900000.0,-86400000.0,-82700000.0,-734700000.0,-835300000.0,-854700000.0,591300000.0,0.0,301900000.0,293700000.0,293700000.0,0.0,22200000.0,0.118,829000000.0,376400000.0,0.0,0.292,1.361,13.658,13.769,546000000.0,8200000.0,45.99,1.416,1.416,1199300000.0,5605300000.0,2478600000.0,2478600000.0,0.0,,,,,21600000.0,829000000.0,1.0,295521829.0,295521829.0,,8.387,208696900000.0,0.0,52300000.0,896100000.0,706.198,
30,PFG,MRQ,2013-12-31,2013-12-31,2013-12-31,2021-07-29,183200000.0,208191400000.0,,,,,32.898,-36700000.0,2371800000.0,2371800000.0,1441900000.0,250400000.0,,20.463,2752000000.0,,,2752000000.0,0.0,39400000.0,35958300000.0,0.02,0.26,301200000.0,340600000.0,0.127,340600000.0,301200000.0,301200000.0,0.79,0.78,0.79,9684200000.0,,9684200000.0,15577099000.0,14.0,12.417,786600000.0,2.672,1.0,1230700000.0,0.46,2559300000.0,0.0,206012300000.0,,0.0,66756900000.0,,,198167200000.0,,,14515399000.0,664700000.0,0.0,45400000.0,-15500000.0,-76700000.0,-365100000.0,206500000.0,180300000.0,823300000.0,0.0,241700000.0,233400000.0,233400000.0,0.0,8700000.0,0.087,920800000.0,309900000.0,0.0,0.329,1.499,16.5,16.492,500700000.0,8300000.0,49.31,1.563,1.563,1241000000.0,5405400000.0,2672600000.0,2672600000.0,0.0,,,,,16800000.0,920800000.0,1.0,294370290.0,294370290.0,,9.079,205632100000.0,0.0,59500000.0,829200000.0,698.549,
31,PFG,MRQ,2013-09-30,2013-09-30,2013-09-30,2021-07-29,-17700000.0,201687400000.0,,,,,31.522,-10800000.0,1707100000.0,1707100000.0,1144700000.0,259100000.0,,20.702,2768800000.0,,,2768800000.0,0.0,39300000.0,36402700000.0,0.022,0.26,315100000.0,354400000.0,0.158,354400000.0,315100000.0,315100000.0,0.83,0.82,0.83,9278400000.0,,9278400000.0,14247439638.0,13.0,11.83,603500000.0,2.05,1.0,1094900000.0,0.489,2624900000.0,0.0,200124200000.0,,0.0,67268300000.0,,,192079500000.0,,,12604039638.0,596600000.0,0.0,-19600000.0,14600000.0,-76500000.0,-507500000.0,489800000.0,501600000.0,614300000.0,0.0,253900000.0,245700000.0,245700000.0,0.0,5200000.0,0.11,774600000.0,320300000.0,0.0,0.313,1.358,14.635,14.614,479100000.0,8200000.0,42.82,1.414,1.414,1160700000.0,5249900000.0,2239600000.0,2239600000.0,0.0,,,,,15500000.0,774600000.0,1.0,294349361.0,294349361.0,,7.609,199062500000.0,0.0,61200000.0,642500000.0,676.28,
32,PFG,MRQ,2013-06-30,2013-06-30,2013-06-30,2021-07-29,-500000.0,196512700000.0,,,,,31.707,-18600000.0,1110500000.0,1110500000.0,1143200000.0,236600000.0,,20.106,2753900000.0,,,2753900000.0,0.0,40300000.0,36269700000.0,0.023,0.23,259600000.0,299900000.0,0.136,299900000.0,259600000.0,259600000.0,0.76,0.75,0.76,9303400000.0,,9303400000.0,12164386902.0,13.0,11.358,169100000.0,0.576,1.0,1067400000.0,0.483,2655800000.0,0.0,195500300000.0,,0.0,67781500000.0,,,187050200000.0,,,10988586902.0,-550700000.0,0.0,17000000.0,-74200000.0,-67600000.0,-341200000.0,-397200000.0,-380600000.0,187700000.0,0.0,230600000.0,222300000.0,222300000.0,0.0,6000000.0,0.101,801800000.0,265600000.0,0.0,0.303,1.181,13.69,13.668,476400000.0,8300000.0,37.45,1.172,1.172,1219000000.0,5125200000.0,2210600000.0,2210600000.0,0.0,,,,,16800000.0,801800000.0,1.0,293420211.0,293420211.0,,7.534,193856900000.0,0.0,29000000.0,585900000.0,660.68,
33,PFG,MRQ,2013-03-31,2013-03-31,2013-03-31,2021-07-29,621000000.0,200762900000.0,,,,,33.141,6700000.0,1661200000.0,1661200000.0,1142800000.0,190000000.0,,19.63,2837000000.0,,,2837000000.0,0.0,34900000.0,36701600000.0,0.024,0.23,224700000.0,259600000.0,0.12,259600000.0,224700000.0,224700000.0,0.61,0.61,0.61,9723600000.0,,9723600000.0,8519378431.0,9.0,8.261,602600000.0,2.054,1.0,1023900000.0,0.473,2787700000.0,0.0,199151000000.0,,0.0,69425800000.0,,,190877400000.0,,,9984478431.0,-2516000000.0,-1268300000.0,-70600000.0,3100000.0,-67600000.0,-1586500000.0,-1525400000.0,-231600000.0,595900000.0,0.0,186500000.0,178300000.0,178300000.0,0.0,3500000.0,0.082,795700000.0,228200000.0,0.0,0.377,1.027,13.348,13.398,472600000.0,8200000.0,34.03,1.075,1.075,1175200000.0,4971700000.0,2166700000.0,2166700000.0,0.0,,,,,19400000.0,795700000.0,1.0,293402246.0,293402246.0,,7.385,197975200000.0,0.0,38200000.0,801200000.0,674.757,
34,PFG,MRQ,2012-12-31,2012-12-31,2012-12-31,2021-07-29,640300000.0,161830200000.0,,,,,32.983,-3300000.0,4177200000.0,4177200000.0,1202600000.0,226700000.0,,15.704,2712100000.0,,,2712100000.0,0.0,33000000.0,37786500000.0,0.027,0.21,257400000.0,290400000.0,0.126,290400000.0,257400000.0,257400000.0,0.73,0.73,0.73,9683400000.0,,9683400000.0,8302599643.0,9.0,7.736,703800000.0,2.397,1.0,1093300000.0,0.476,1458100000.0,0.0,158907000000.0,,0.0,68811300000.0,,,152066400000.0,,,8373099643.0,1898200000.0,-17900000.0,4200000.0,454200000.0,-61700000.0,1083200000.0,107900000.0,243300000.0,707100000.0,0.0,223200000.0,214900000.0,214900000.0,0.0,3500000.0,0.094,832400000.0,260900000.0,0.0,0.288,0.865,10.824,10.969,464200000.0,8300000.0,28.52,0.909,0.909,1084400000.0,4862000000.0,2295900000.0,2295900000.0,0.0,,,,,13600000.0,832400000.0,1.0,293586944.0,293586944.0,,7.82,160372100000.0,0.0,34200000.0,615300000.0,546.251,
35,PFG,MRQ,2012-09-30,2012-09-30,2012-09-30,2021-07-29,880800000.0,159193300000.0,,,,,33.3,-10900000.0,2279000000.0,2279000000.0,1696700000.0,198800000.0,,15.191,2208500000.0,,,2208500000.0,0.0,32900000.0,37312200000.0,0.047,0.21,188200000.0,221100000.0,0.082,221100000.0,188200000.0,188200000.0,0.64,0.63,0.64,9827500000.0,,9827500000.0,8143719114.0,10.0,8.432,860800000.0,2.917,1.0,1008000000.0,0.373,1476300000.0,0.0,157646500000.0,,0.0,69268300000.0,,,149286400000.0,,,7950519114.0,632400000.0,0.0,-56500000.0,356700000.0,-61600000.0,653100000.0,-892400000.0,-929100000.0,871700000.0,0.0,195400000.0,187200000.0,187200000.0,0.0,3400000.0,0.069,816400000.0,191600000.0,0.0,0.328,0.809,11.476,11.612,468400000.0,8200000.0,26.94,0.886,0.886,1192200000.0,4784300000.0,2704700000.0,2704700000.0,0.0,,,,,12700000.0,816400000.0,1.0,295119492.0,295119492.0,,9.165,157717000000.0,0.0,-7200000.0,958100000.0,534.417,
36,PFG,MRQ,2012-06-30,2012-06-30,2012-06-30,2021-07-29,550500000.0,152050700000.0,,,,,31.394,-7400000.0,1646600000.0,1646600000.0,1159500000.0,178600000.0,,15.129,1839800000.0,,,1839800000.0,0.0,33400000.0,36727500000.0,0.04,0.18,226800000.0,260200000.0,0.123,260200000.0,226800000.0,226800000.0,0.56,0.56,0.56,9422700000.0,,9422700000.0,7892752528.0,10.0,8.491,592900000.0,1.975,1.0,959100000.0,0.453,1476900000.0,0.0,150767000000.0,,0.0,67230700000.0,,,142555300000.0,,,7872652528.0,-5300000.0,-62500000.0,-136400000.0,170400000.0,-53700000.0,-469300000.0,-136300000.0,-49700000.0,600300000.0,0.0,175900000.0,167600000.0,167600000.0,0.0,2700000.0,0.079,729600000.0,229500000.0,0.0,0.321,0.835,13.632,13.733,469700000.0,8300000.0,26.23,0.941,0.941,1097000000.0,4667100000.0,2118600000.0,2118600000.0,0.0,,,,,12400000.0,729600000.0,1.0,300139250.0,300139250.0,,7.059,150573800000.0,0.0,50900000.0,571100000.0,501.68,
37,PFG,MRQ,2012-03-31,2012-03-31,2012-03-31,2021-07-29,488100000.0,153738200000.0,,,,,31.066,-17300000.0,1651900000.0,1651900000.0,1262800000.0,221300000.0,,15.375,1672000000.0,,,1672000000.0,0.0,32800000.0,36922500000.0,0.03,0.18,268800000.0,301600000.0,0.144,301600000.0,268800000.0,268800000.0,0.68,0.68,0.68,9364900000.0,,9364900000.0,7732011494.0,9.0,7.859,884400000.0,2.934,1.0,833100000.0,0.397,1384600000.0,0.0,152373700000.0,,0.0,67292000000.0,,,143986300000.0,,,8895911494.0,-1182000000.0,0.0,-55100000.0,-7300000.0,-54300000.0,-1393200000.0,-690500000.0,-599400000.0,901700000.0,0.0,212100000.0,203900000.0,203900000.0,0.0,9200000.0,0.097,555100000.0,278000000.0,0.0,0.265,0.95,14.184,14.537,476700000.0,8200000.0,29.51,1.041,1.041,1118800000.0,4548500000.0,2095900000.0,2095900000.0,0.0,,,,,25100000.0,555100000.0,1.0,301454134.0,301454134.0,,6.953,152353600000.0,0.0,56700000.0,495700000.0,505.396,
38,PFG,MRQ,2011-12-31,2011-12-31,2011-12-31,2021-07-29,258000000.0,147361700000.0,,,,,29.552,-24300000.0,2833900000.0,2833900000.0,1170400000.0,142000000.0,,15.299,1670000000.0,,,1670000000.0,0.0,32500000.0,37676400000.0,0.028,0.7,150400000.0,182900000.0,0.089,182900000.0,150400000.0,150400000.0,0.44,0.44,0.44,9017900000.0,,9017900000.0,7716820109.0,9.0,8.068,803600000.0,2.633,1.0,888400000.0,0.432,1372900000.0,0.0,144824900000.0,,0.0,66151300000.0,,,137967800000.0,,,7506820109.0,1399700000.0,-270500000.0,-97300000.0,23400000.0,-213700000.0,684800000.0,-113000000.0,5500000.0,827900000.0,0.0,142400000.0,134100000.0,134100000.0,0.0,-400000.0,0.065,738400000.0,150000000.0,0.0,1.591,0.832,12.402,12.812,457200000.0,8300000.0,24.6,0.866,0.866,1196500000.0,4402300000.0,2058800000.0,2058800000.0,0.0,,,,,10900000.0,738400000.0,1.0,305155289.0,305155289.0,,6.747,145988800000.0,0.0,8000000.0,211800000.0,478.408,
39,PFG,MRQ,2011-09-30,2011-09-30,2011-09-30,2021-07-29,409200000.0,143302300000.0,,,,,31.838,-14100000.0,1434200000.0,1434200000.0,1167100000.0,74500000.0,,13.328,1644200000.0,,,1644200000.0,0.0,28100000.0,36875000000.0,0.024,0.0,156700000.0,184800000.0,0.088,184800000.0,156700000.0,156700000.0,0.23,0.23,0.23,9980300000.0,,9980300000.0,6626897860.0,7.0,6.596,85800000.0,0.274,1.0,926500000.0,0.443,1286700000.0,0.0,142225600000.0,,0.0,66788800000.0,,,133012900000.0,,,7106497860.0,-735400000.0,0.0,-207800000.0,-31300000.0,0.0,47700000.0,-883000000.0,-624600000.0,99900000.0,0.0,80100000.0,71900000.0,71900000.0,0.0,-5600000.0,0.034,775400000.0,151100000.0,0.0,0.0,0.712,11.207,11.392,448200000.0,8200000.0,22.67,0.788,0.788,1237400000.0,5130300000.0,2093600000.0,2093600000.0,0.0,,,,,11500000.0,775400000.0,1.0,313475865.0,313475865.0,,6.679,142015600000.0,0.0,76600000.0,710700000.0,453.035,
40,PFG,MRQ,2011-06-30,2011-06-30,2011-06-30,2021-07-29,698800000.0,149278400000.0,,,,,32.373,-14400000.0,2169600000.0,2169600000.0,1246800000.0,249200000.0,,13.325,1690000000.0,,,1690000000.0,0.0,27900000.0,36624600000.0,0.018,0.0,286600000.0,314500000.0,0.137,314500000.0,286600000.0,286600000.0,0.68,0.67,0.68,10402200000.0,,10402200000.0,9476919417.0,11.0,8.988,575600000.0,1.791,1.0,1049600000.0,0.457,1173000000.0,0.0,147625800000.0,,0.0,65955900000.0,,,138610800000.0,,,9774519417.0,185400000.0,0.0,-228600000.0,-200000.0,0.0,-482600000.0,78000000.0,8100000.0,590000000.0,0.0,225600000.0,217300000.0,217300000.0,0.0,23600000.0,0.095,739400000.0,310200000.0,0.0,0.0,0.94,13.876,13.827,448500000.0,8300000.0,30.42,1.06,1.06,1361700000.0,5066600000.0,2296400000.0,2296400000.0,0.0,,,,,11800000.0,739400000.0,1.0,321318850.0,321318850.0,,7.147,148105400000.0,0.0,61000000.0,782300000.0,460.93,
41,PFG,MRQ,2011-03-31,2011-03-31,2011-03-31,2021-07-29,525500000.0,147549700000.0,,,,,31.756,-4100000.0,1984200000.0,1984200000.0,1242500000.0,208800000.0,,13.465,1686600000.0,,,1686600000.0,0.0,31400000.0,36609300000.0,0.017,0.0,242900000.0,274300000.0,0.123,274300000.0,242900000.0,242900000.0,0.57,0.56,0.57,10187600000.0,,10187600000.0,10115525499.0,13.0,10.933,1191400000.0,3.714,1.0,979400000.0,0.441,1173800000.0,0.0,146078300000.0,,0.0,65356700000.0,,,137176900000.0,,,10301325499.0,106800000.0,0.0,3200000.0,-900000.0,0.0,-1804600000.0,715900000.0,788400000.0,1195500000.0,0.0,190200000.0,182000000.0,182000000.0,0.0,18600000.0,0.082,717900000.0,261500000.0,0.0,0.0,1.011,16.586,16.552,448700000.0,8200000.0,32.11,1.125,1.125,1309900000.0,4808600000.0,2221900000.0,2221900000.0,0.0,,,,,9200000.0,717900000.0,1.0,320813625.0,320813625.0,,6.926,146375900000.0,0.0,52700000.0,546300000.0,456.265,
42,PFG,MRQ,2010-12-31,2010-12-31,2010-12-31,2021-07-29,272400000.0,145631100000.0,,,,,30.366,-10100000.0,1877400000.0,1877400000.0,1326900000.0,181700000.0,,13.954,1691600000.0,,,1691600000.0,0.0,33500000.0,37301100000.0,0.017,0.55,197600000.0,231100000.0,0.096,231100000.0,197600000.0,197600000.0,0.51,0.5,0.51,9727800000.0,,9727800000.0,9876098499.0,13.0,10.591,852100000.0,2.66,1.0,1085200000.0,0.45,1180000000.0,0.0,144265300000.0,,0.0,65977500000.0,,,135746100000.0,,,10430698499.0,-391400000.0,0.0,300000.0,-27000000.0,-176200000.0,-975200000.0,-278400000.0,-178300000.0,862200000.0,0.0,171200000.0,162900000.0,162900000.0,0.0,10500000.0,0.068,877100000.0,208100000.0,0.0,1.078,1.072,16.559,16.528,458700000.0,8300000.0,32.56,1.134,1.134,1063000000.0,4612300000.0,2412100000.0,2412100000.0,0.0,,,,,13500000.0,877100000.0,1.0,320353148.0,320353148.0,,7.53,144451100000.0,0.0,26400000.0,416100000.0,450.912,
43,PFG,MRQ,2010-09-30,2010-09-30,2010-09-30,2021-07-29,476800000.0,143456600000.0,,,,,30.893,-2800000.0,2268800000.0,2268800000.0,1373500000.0,151300000.0,,13.483,1714200000.0,,,1714200000.0,0.0,71900000.0,38549500000.0,0.019,0.0,162600000.0,234500000.0,0.102,234500000.0,162600000.0,162600000.0,0.44,0.44,0.44,9895500000.0,,9895500000.0,8174047538.0,11.0,9.079,442400000.0,1.381,1.0,915000000.0,0.4,1185900000.0,0.0,141716100000.0,,0.0,67294600000.0,,,133422300000.0,,,8302447538.0,441500000.0,0.0,10600000.0,-2800000.0,0.0,-742600000.0,738900000.0,711800000.0,445200000.0,0.0,150400000.0,142200000.0,142200000.0,0.0,900000.0,0.062,751500000.0,163500000.0,0.0,0.0,0.839,13.635,13.642,461100000.0,8200000.0,25.92,0.921,0.921,1294700000.0,4591600000.0,2288500000.0,2288500000.0,0.0,,,,,10800000.0,751500000.0,1.0,320310476.0,320310476.0,,7.145,142270700000.0,0.0,12200000.0,562300000.0,444.165,
44,PFG,MRQ,2010-06-30,2010-06-30,2010-06-30,2021-07-29,-351000000.0,136596500000.0,,,,,27.928,-4400000.0,1827300000.0,1827300000.0,1392000000.0,144200000.0,,14.281,1698900000.0,,,1698900000.0,0.0,29400000.0,38849400000.0,0.021,0.0,155900000.0,185300000.0,0.083,185300000.0,155900000.0,155900000.0,0.42,0.42,0.42,8929500000.0,,8929500000.0,7574631961.0,9.0,8.072,826700000.0,2.586,1.0,841600000.0,0.377,1224700000.0,0.0,135243400000.0,,0.0,65897100000.0,,,127524800000.0,,,7494431961.0,197600000.0,0.0,500000.0,-5300000.0,0.0,-662500000.0,29000000.0,66800000.0,831100000.0,0.0,142300000.0,134000000.0,134000000.0,0.0,1900000.0,0.06,683800000.0,157800000.0,0.0,0.0,0.839,11.505,11.49,471700000.0,8300000.0,23.44,0.833,0.833,1232600000.0,4474800000.0,2233600000.0,2233600000.0,0.0,,,,,12600000.0,683800000.0,1.0,319728326.0,319728326.0,,6.986,135371800000.0,0.0,13600000.0,199800000.0,423.396,
45,PFG,MRQ,2010-03-31,2010-03-31,2010-03-31,2021-07-29,-577900000.0,140836700000.0,,,,,26.781,-4200000.0,1629700000.0,1629700000.0,1331800000.0,203600000.0,,15.446,1709900000.0,,,1709900000.0,0.0,29900000.0,39367100000.0,0.017,0.0,251700000.0,281600000.0,0.124,281600000.0,251700000.0,251700000.0,0.6,0.59,0.6,8555600000.0,,8555600000.0,8777380011.0,10.0,8.946,649000000.0,2.032,1.0,932200000.0,0.412,1235900000.0,0.0,139681000000.0,,0.0,65524800000.0,,,132148500000.0,,,9331580011.0,-610700000.0,0.0,6600000.0,28000000.0,0.0,-801900000.0,-462000000.0,-470100000.0,653200000.0,0.0,199000000.0,190800000.0,190800000.0,0.0,4600000.0,0.084,675900000.0,256300000.0,0.0,0.0,1.091,13.976,13.65,480500000.0,8200000.0,29.21,1.046,1.046,1190700000.0,4340800000.0,2264000000.0,2264000000.0,0.0,,,,,10700000.0,675900000.0,1.0,319465252.0,319465252.0,,7.087,139600800000.0,0.0,52700000.0,129000000.0,436.983,
46,PFG,MRQ,2009-12-31,2009-12-31,2009-12-31,2021-07-29,-1042000000.0,137759400000.0,,,,,24.749,-5600000.0,2240400000.0,2240400000.0,1430400000.0,154900000.0,,16.437,1686200000.0,,,1686200000.0,0.0,34100000.0,39801900000.0,0.021,0.5,164800000.0,198900000.0,0.089,198900000.0,164800000.0,164800000.0,0.44,0.43,0.44,7893500000.0,,7893500000.0,6119409216.0,8.0,7.105,443000000.0,1.389,1.0,802000000.0,0.359,1238100000.0,0.0,135967100000.0,,0.0,63936500000.0,,,129743000000.0,,,7667409216.0,-1000800000.0,0.0,0.0,-10000000.0,-159500000.0,-1320000000.0,-129400000.0,-110700000.0,448600000.0,0.0,150200000.0,141900000.0,141900000.0,0.0,4700000.0,0.064,632500000.0,169500000.0,0.0,1.136,0.971,13.002,12.141,489300000.0,8300000.0,24.04,0.866,0.866,1065400000.0,4160700000.0,2232400000.0,2232400000.0,0.0,,,,,10300000.0,632500000.0,1.0,318943811.0,318943811.0,,6.999,136521300000.0,0.0,14600000.0,123000000.0,428.042,
47,PFG,MRQ,2009-09-30,2009-09-30,2009-09-30,2021-07-29,-1434100000.0,137379500000.0,,,,,23.543,-4100000.0,3241200000.0,3241200000.0,1379000000.0,204200000.0,,17.283,1693200000.0,,,1693200000.0,0.0,35600000.0,40951700000.0,0.016,0.0,237000000.0,272600000.0,0.12,272600000.0,237000000.0,237000000.0,0.58,0.57,0.58,7508700000.0,,7508700000.0,6599951014.0,13.0,10.288,375400000.0,1.177,1.0,891300000.0,0.393,1247500000.0,0.0,134584000000.0,,0.0,63607000000.0,,,129772800000.0,,,8735651014.0,-1087300000.0,0.0,-31800000.0,-500800000.0,0.0,-1390200000.0,-76600000.0,-103300000.0,379500000.0,0.0,192900000.0,184700000.0,184700000.0,0.0,11300000.0,0.081,643000000.0,248300000.0,0.0,0.0,1.163,19.84,18.26,496800000.0,8200000.0,27.39,0.982,0.982,1135800000.0,4180200000.0,2270300000.0,2270300000.0,0.0,,,,,10400000.0,643000000.0,1.0,318935780.0,318935780.0,,7.118,136132000000.0,0.0,44100000.0,118100000.0,426.832,
48,PFG,MRQ,2009-06-30,2009-06-30,2009-06-30,2021-07-29,-3042400000.0,130706600000.0,,,,,21.905,-3300000.0,4328500000.0,4328500000.0,1397200000.0,164000000.0,,21.936,2192800000.0,,,2192800000.0,0.0,35500000.0,41449800000.0,0.024,0.0,192500000.0,228000000.0,0.106,228000000.0,192500000.0,192500000.0,0.52,0.52,0.52,5695200000.0,,5695200000.0,4022184888.0,11.0,8.035,461700000.0,1.776,1.0,760600000.0,0.352,1262500000.0,0.0,127308400000.0,,0.0,60252700000.0,,,124930100000.0,,,4898284888.0,1628900000.0,-11500000.0,1149700000.0,359800000.0,0.0,-55500000.0,1219400000.0,1270800000.0,465000000.0,0.0,158600000.0,150300000.0,150300000.0,0.0,5400000.0,0.07,562700000.0,197900000.0,0.0,0.0,0.86,14.169,14.835,506100000.0,8300000.0,18.84,0.537,0.537,1046500000.0,3995500000.0,2157800000.0,2157800000.0,0.0,,,,,11200000.0,562700000.0,1.0,259993890.0,259993890.0,,8.299,129444100000.0,0.0,33900000.0,119500000.0,497.874,
49,PFG,MRQ,2009-03-31,2009-03-31,2009-03-31,2021-07-29,-4841100000.0,123234800000.0,,,,,10.127,-13200000.0,2699600000.0,2699600000.0,1370100000.0,122600000.0,,45.852,1823500000.0,,,1823500000.0,0.0,33300000.0,42568300000.0,0.055,0.0,128500000.0,161800000.0,0.074,161800000.0,128500000.0,128500000.0,0.43,0.43,0.43,2628600000.0,,2628600000.0,1306608669.0,4.0,2.539,936700000.0,3.609,1.0,818500000.0,0.374,1260300000.0,0.0,121098400000.0,,0.0,58473400000.0,,,120525900000.0,,,2123208669.0,91600000.0,-34200000.0,1000000.0,22800000.0,0.0,-871700000.0,13400000.0,73500000.0,949900000.0,0.0,121000000.0,112800000.0,112800000.0,0.0,1600000.0,0.052,688400000.0,130100000.0,0.0,0.0,0.808,5.838,5.843,517200000.0,8200000.0,8.18,0.221,0.221,1183000000.0,3845200000.0,2188600000.0,2188600000.0,0.0,,,,,5300000.0,688400000.0,1.0,259560962.0,259560962.0,,8.432,121974500000.0,0.0,7500000.0,108600000.0,469.926,
50,PFG,MRQ,2008-12-31,2008-12-31,2008-12-31,2021-07-29,-4911600000.0,128182400000.0,,,,,9.535,-21700000.0,2608000000.0,2608000000.0,1573800000.0,-3600000.0,,50.798,1791400000.0,,,1791400000.0,0.0,39600000.0,43086600000.0,0.02,0.45,-60500000.0,-20900000.0,-0.009,-20900000.0,-60500000.0,-60500000.0,-0.03,-0.03,-0.03,2472800000.0,,2472800000.0,5313001430.0,12.0,8.876,335900000.0,1.295,1.0,705500000.0,0.31,1300800000.0,0.0,126065000000.0,,0.0,59107300000.0,,,125613100000.0,,,5853301430.0,339000000.0,0.0,4900000.0,89000000.0,-116700000.0,-1119700000.0,1101100000.0,1187900000.0,357600000.0,0.0,800000.0,-7500000.0,-7500000.0,0.0,-4400000.0,-0.003,770400000.0,-64900000.0,0.0,-15.0,2.367,13.769,13.762,518200000.0,8300000.0,22.57,0.589,0.589,988100000.0,3722500000.0,2279300000.0,2279300000.0,0.0,,,,,-1300000.0,770400000.0,1.0,259339895.0,259339895.0,,8.789,126881600000.0,0.0,-61300000.0,104700000.0,489.248,
51,PFG,MRQ,2008-09-30,2008-09-30,2008-09-30,2021-07-29,-1887300000.0,143409700000.0,,,,,21.657,-33800000.0,2269000000.0,2269000000.0,1667600000.0,108700000.0,,24.551,1728700000.0,,,1728700000.0,0.0,35600000.0,44238400000.0,0.021,0.0,96100000.0,131700000.0,0.053,131700000.0,96100000.0,96100000.0,0.35,0.35,0.35,5612600000.0,,5612600000.0,11345390901.0,22.0,17.356,760300000.0,2.934,1.0,830200000.0,0.332,1358400000.0,0.0,141511000000.0,,0.0,63080700000.0,,,137797100000.0,,,11270790901.0,744500000.0,0.0,7600000.0,135300000.0,0.0,1642000000.0,-1691600000.0,-1580900000.0,794100000.0,0.0,98300000.0,90100000.0,90100000.0,0.0,10400000.0,0.036,723700000.0,106500000.0,0.0,0.0,2.008,24.15,23.896,510800000.0,8200000.0,43.49,1.103,1.103,1598400000.0,3847800000.0,2497800000.0,2497800000.0,0.0,,,,,6400000.0,723700000.0,1.0,259158218.0,259158218.0,,9.638,142051300000.0,0.0,-2200000.0,192100000.0,548.126,
52,PFG,MRQ,2008-06-30,2008-06-30,2008-06-30,2021-07-29,-773900000.0,151526900000.0,,,,,25.57,-23400000.0,1524500000.0,1524500000.0,1703000000.0,183100000.0,,21.89,1599100000.0,,,1599100000.0,0.0,36000000.0,42942100000.0,0.021,0.0,206000000.0,242000000.0,0.091,242000000.0,206000000.0,206000000.0,0.65,0.64,0.65,6619900000.0,,6619900000.0,11326907552.0,15.0,12.957,51900000.0,0.2,1.0,955100000.0,0.359,1380800000.0,0.0,150220700000.0,,0.0,65128900000.0,,,144907000000.0,,,10865907552.0,403800000.0,-18000000.0,14300000.0,43100000.0,0.0,1686400000.0,-1357900000.0,-1385100000.0,75300000.0,0.0,176600000.0,168300000.0,168300000.0,0.0,6500000.0,0.063,742600000.0,212500000.0,0.0,0.0,1.641,17.845,17.86,490900000.0,8300000.0,41.97,1.028,1.028,892100000.0,3757700000.0,2658100000.0,2658100000.0,0.0,,,,,9200000.0,742600000.0,1.0,258897011.0,258897011.0,,10.267,150146100000.0,0.0,29400000.0,217800000.0,579.945,
53,PFG,MRQ,2008-03-31,2008-03-31,2008-03-31,2021-07-29,-359100000.0,152001200000.0,,,,,26.483,-26100000.0,1120700000.0,1120700000.0,1542800000.0,177600000.0,,21.216,1581700000.0,,,1581700000.0,0.0,33800000.0,40994600000.0,0.016,0.0,212000000.0,245800000.0,0.098,245800000.0,212000000.0,212000000.0,0.67,0.67,0.67,6842100000.0,,6842100000.0,14740978692.0,16.0,13.679,971700000.0,3.761,1.0,957900000.0,0.383,1379500000.0,0.0,151082700000.0,,0.0,64899400000.0,,,145159100000.0,,,14395778692.0,-223700000.0,-2300000.0,3200000.0,-125400000.0,0.0,-252700000.0,-968800000.0,-892500000.0,997800000.0,0.0,182400000.0,174200000.0,174200000.0,0.0,-4800000.0,0.07,750700000.0,207200000.0,0.0,0.0,2.104,19.339,19.62,481500000.0,8200000.0,55.72,1.34,1.34,940400000.0,3589400000.0,2500700000.0,2500700000.0,0.0,,,,,17200000.0,750700000.0,1.0,258359273.0,258359273.0,,9.679,150621700000.0,0.0,29600000.0,247400000.0,582.993,
54,PFG,MRQ,2007-12-31,2007-12-31,2007-12-31,2021-07-29,420200000.0,154520200000.0,,,,,28.371,-34200000.0,1344400000.0,1344400000.0,1781300000.0,66600000.0,,19.82,1689600000.0,,,1689600000.0,0.0,44000000.0,40288900000.0,0.013,0.9,-9800000.0,34200000.0,0.013,34200000.0,-9800000.0,-9800000.0,0.15,0.15,0.15,7421700000.0,,7421700000.0,17029545923.0,16.0,14.208,-117300000.0,-0.448,1.0,782800000.0,0.305,1381600000.0,0.0,153483800000.0,,0.0,64365000000.0,,,147098500000.0,,,18008245923.0,-1214300000.0,-7000000.0,-296000000.0,152300000.0,-235600000.0,535900000.0,-1667300000.0,-1531300000.0,-83100000.0,0.0,42400000.0,34100000.0,34100000.0,-20600000.0,24200000.0,0.013,789000000.0,-6200000.0,0.0,6.0,2.426,21.767,22.064,469000000.0,8300000.0,68.84,1.651,1.651,951200000.0,3414300000.0,2564100000.0,2564100000.0,0.0,,,,,20300000.0,789000000.0,1.0,261595670.0,261595670.0,,9.802,153138600000.0,0.0,-52200000.0,617900000.0,585.402,
55,PFG,MRQ,2007-09-30,2007-09-30,2007-09-30,2021-07-29,388400000.0,155617900000.0,,,,,29.623,-18100000.0,2558700000.0,2558700000.0,1717100000.0,240500000.0,,18.778,1580000000.0,,,1580000000.0,0.0,20800000.0,39086300000.0,0.013,0.0,331400000.0,352200000.0,0.124,352200000.0,331400000.0,331400000.0,0.88,0.87,0.88,7868300000.0,,7868300000.0,16494286374.0,11.0,10.678,1104500000.0,4.158,1.0,1132500000.0,0.397,1384200000.0,0.0,153255000000.0,,0.0,62901200000.0,,,147749600000.0,,,16757686374.0,700700000.0,-69100000.0,-201200000.0,-23100000.0,0.0,1372000000.0,-1794400000.0,-1618000000.0,1122600000.0,0.0,240500000.0,232300000.0,232300000.0,200000.0,0.0,0.082,800900000.0,331600000.0,0.0,0.0,2.13,15.555,15.655,450800000.0,8200000.0,63.09,1.537,1.537,904700000.0,3617300000.0,2849600000.0,2849600000.0,0.0,,,,,15200000.0,800900000.0,1.0,265615571.0,265615571.0,,10.728,154233700000.0,0.0,90900000.0,689700000.0,580.665,
56,PFG,MRQ,2007-06-30,2007-06-30,2007-06-30,2021-07-29,554000000.0,150758300000.0,,,,,29.825,-32700000.0,1858000000.0,1858000000.0,1658700000.0,312100000.0,,17.876,1594600000.0,,,1594600000.0,0.0,32900000.0,37476800000.0,0.014,0.0,412500000.0,445400000.0,0.157,445400000.0,412500000.0,412500000.0,1.14,1.12,1.14,7986700000.0,,7986700000.0,15738751820.0,11.0,10.113,662900000.0,2.475,1.0,1173100000.0,0.414,1313900000.0,0.0,149181000000.0,,0.0,61036700000.0,,,142771600000.0,,,15609451820.0,381500000.0,0.0,-97400000.0,-9300000.0,0.0,24900000.0,-339000000.0,-362200000.0,695600000.0,0.0,312100000.0,303800000.0,303800000.0,200000.0,0.0,0.107,760400000.0,412700000.0,0.0,0.0,1.954,14.242,14.287,443400000.0,8300000.0,58.29,1.486,1.486,936100000.0,3385000000.0,2831800000.0,2831800000.0,0.0,,,,,13300000.0,760400000.0,1.0,267789532.0,267789532.0,,10.575,149444400000.0,0.0,100400000.0,756100000.0,558.067,
57,PFG,MRQ,2007-03-31,2007-03-31,2007-03-31,2021-07-29,897700000.0,146617400000.0,,,,,30.264,-13400000.0,1476500000.0,1476500000.0,1572000000.0,265300000.0,,17.085,1605800000.0,,,1605800000.0,0.0,32500000.0,37041000000.0,0.013,0.0,334300000.0,366800000.0,0.138,366800000.0,334300000.0,334300000.0,0.96,0.95,0.96,8107000000.0,,8107000000.0,16084976575.0,12.0,11.229,1211500000.0,4.523,1.0,1089000000.0,0.409,1327000000.0,0.0,145419700000.0,,0.0,61180000000.0,,,138510400000.0,,,16037876575.0,-114300000.0,0.0,-88100000.0,-30800000.0,0.0,-640700000.0,-698500000.0,-618000000.0,1224900000.0,0.0,265300000.0,257100000.0,257100000.0,0.0,0.0,0.097,754700000.0,334300000.0,0.0,0.0,1.978,15.995,16.137,423200000.0,8200000.0,59.87,1.583,1.583,843500000.0,3081200000.0,2661000000.0,2661000000.0,0.0,,,,,24000000.0,754700000.0,1.0,267878346.0,267878346.0,,9.934,145290400000.0,0.0,69000000.0,866600000.0,542.375,
58,PFG,MRQ,2006-12-31,2006-12-31,2006-12-31,2021-07-29,846900000.0,143658100000.0,,,,,29.14,-16100000.0,1591500000.0,1591500000.0,1538100000.0,292400000.0,,17.275,1595400000.0,,,1595400000.0,0.0,21400000.0,36799000000.0,0.014,0.8,358900000.0,380300000.0,0.148,380300000.0,358900000.0,358900000.0,1.05,1.04,1.05,7860800000.0,,7860800000.0,15426701752.0,11.0,10.555,209500000.0,0.777,1.0,1023400000.0,0.4,1342900000.0,0.0,142319100000.0,,0.0,60313400000.0,,,135797300000.0,,,15835001752.0,194200000.0,-732000000.0,14500000.0,569400000.0,-214700000.0,1087600000.0,-1116400000.0,-493500000.0,225600000.0,0.0,292400000.0,284100000.0,284100000.0,-28400000.0,0.0,0.111,692900000.0,330500000.0,0.0,0.762,2.014,15.354,15.529,422500000.0,8300000.0,58.7,1.604,1.604,1252300000.0,2824100000.0,2561500000.0,2561500000.0,0.0,,,,,19200000.0,692900000.0,1.0,269761529.0,269761529.0,,9.495,142315200000.0,0.0,66500000.0,921400000.0,527.559,
59,PFG,MRQ,2006-09-30,2006-09-30,2006-09-30,2021-07-29,777600000.0,136165600000.0,,,,,28.55,-11200000.0,1396600000.0,1396600000.0,1499200000.0,259200000.0,,16.711,988300000.0,,,988300000.0,0.0,32500000.0,36207200000.0,0.012,0.0,331300000.0,363800000.0,0.149,363800000.0,331300000.0,331300000.0,0.93,0.92,0.93,7688100000.0,,7688100000.0,14718578982.0,11.0,10.58,799600000.0,2.969,1.0,950400000.0,0.388,526300000.0,0.0,135231000000.0,,0.0,59714200000.0,,,128477500000.0,,,14616878982.0,179700000.0,-31700000.0,8800000.0,-331400000.0,0.0,95900000.0,-726600000.0,-627000000.0,810800000.0,0.0,259200000.0,251000000.0,251000000.0,-400000.0,0.0,0.102,619500000.0,330900000.0,0.0,0.0,1.901,14.704,15.078,419000000.0,8200000.0,54.28,1.493,1.493,682900000.0,2755800000.0,2449600000.0,2449600000.0,0.0,,,,,23700000.0,619500000.0,1.0,269286643.0,269286643.0,,9.097,135639300000.0,0.0,72100000.0,893800000.0,503.699,
60,PFG,MRQ,2006-06-30,2006-06-30,2006-06-30,2021-07-29,218500000.0,131429400000.0,,,,,24.712,-10700000.0,1216900000.0,1216900000.0,1532100000.0,218800000.0,,18.202,1318600000.0,,,1318600000.0,0.0,25100000.0,35512600000.0,0.012,0.0,296500000.0,321600000.0,0.131,321600000.0,296500000.0,296500000.0,0.77,0.76,0.77,6844700000.0,,6844700000.0,15095478005.0,12.0,11.262,698300000.0,2.521,1.0,927700000.0,0.377,497100000.0,0.0,131034000000.0,,0.0,58124000000.0,,,124584700000.0,,,15413678005.0,-391300000.0,0.0,-561100000.0,32000000.0,0.0,-20700000.0,-1080300000.0,-1067600000.0,709000000.0,0.0,218800000.0,210500000.0,210500000.0,100000.0,0.0,0.086,631100000.0,296600000.0,0.0,0.0,2.252,16.172,16.272,420200000.0,8300000.0,55.65,1.613,1.613,626800000.0,2504800000.0,2459800000.0,2459800000.0,0.0,,,,,16600000.0,631100000.0,1.0,276975346.0,276975346.0,,8.881,130932300000.0,0.0,77700000.0,611400000.0,472.722,
61,PFG,MRQ,2006-03-31,2006-03-31,2006-03-31,2021-07-29,639300000.0,131974500000.0,,,,,27.187,-12500000.0,1608200000.0,1608200000.0,1413700000.0,293900000.0,,16.368,1290000000.0,,,1290000000.0,0.0,22300000.0,34552300000.0,0.013,0.0,373500000.0,395800000.0,0.165,395800000.0,373500000.0,373500000.0,1.02,1.01,1.02,7598700000.0,,7598700000.0,13373485409.0,11.0,9.987,517600000.0,1.852,1.0,988500000.0,0.411,508500000.0,0.0,131147800000.0,,0.0,57874500000.0,,,124375800000.0,,,13639585409.0,-33100000.0,-5500000.0,-151800000.0,-79200000.0,0.0,423700000.0,-987100000.0,-1066800000.0,530100000.0,0.0,293900000.0,285700000.0,285700000.0,-200000.0,0.0,0.119,615200000.0,373300000.0,0.0,0.0,1.795,13.897,14.023,420600000.0,8200000.0,48.8,1.467,1.467,673600000.0,2294300000.0,2402200000.0,2402200000.0,0.0,,,,,12300000.0,615200000.0,1.0,279499701.0,279499701.0,,8.595,131466000000.0,0.0,79600000.0,712100000.0,470.362,
62,PFG,MRQ,2005-12-31,2005-12-31,2005-12-31,2021-07-29,994800000.0,127035400000.0,,,,,27.868,-15700000.0,1639300000.0,1639300000.0,1576800000.0,255200000.0,,15.272,1375200000.0,,,1375200000.0,0.0,24500000.0,33612100000.0,0.014,0.65,285500000.0,310000000.0,0.125,310000000.0,285500000.0,285500000.0,0.88,0.88,0.88,7807200000.0,,7807200000.0,13357080997.0,12.0,10.696,745400000.0,2.661,1.0,900300000.0,0.363,484900000.0,0.0,126286400000.0,,0.0,57370700000.0,,,119228200000.0,,,13287580997.0,524700000.0,0.0,19300000.0,193800000.0,-182200000.0,234100000.0,-470900000.0,-469900000.0,761100000.0,0.0,255200000.0,246900000.0,246900000.0,-12800000.0,0.0,0.1,627600000.0,272700000.0,0.0,0.739,1.702,14.743,15.153,419800000.0,8300000.0,47.43,1.47,1.47,592700000.0,2008600000.0,2477100000.0,2477100000.0,0.0,,,,,12700000.0,627600000.0,1.0,280151402.0,280151402.0,,8.842,126550500000.0,0.0,30300000.0,974800000.0,451.722,
63,PFG,MRQ,2005-09-30,2005-09-30,2005-09-30,2021-07-29,1164500000.0,121105500000.0,,,,,27.887,-10600000.0,1116600000.0,1116600000.0,1355200000.0,219400000.0,,14.526,1186100000.0,,,1186100000.0,0.0,26500000.0,33085600000.0,0.012,0.0,286500000.0,313000000.0,0.141,313000000.0,286500000.0,286500000.0,0.75,0.74,0.75,7800100000.0,,7800100000.0,13373653186.0,12.0,10.797,547200000.0,1.956,1.0,863200000.0,0.389,489700000.0,0.0,120685300000.0,,0.0,57011600000.0,,,113305400000.0,,,13249453186.0,-55000000.0,-3700000.0,14800000.0,-102400000.0,0.0,-363100000.0,-248000000.0,-236400000.0,557800000.0,0.0,219400000.0,210000000.0,210000000.0,-100000.0,0.0,0.095,576800000.0,286400000.0,0.0,0.0,1.699,15.266,15.896,416900000.0,9400000.0,47.37,1.502,1.502,1109700000.0,1943900000.0,2218400000.0,2218400000.0,0.0,,,,,13200000.0,576800000.0,1.0,279701355.0,279701355.0,,7.931,120615800000.0,0.0,67100000.0,1026100000.0,431.231,
64,PFG,MRQ,2005-06-30,2005-06-30,2005-06-30,2021-07-29,1453900000.0,117192600000.0,,,,,26.729,3500000.0,1171600000.0,1171600000.0,1336700000.0,238900000.0,,13.925,1295800000.0,,,1295800000.0,0.0,22100000.0,33322900000.0,0.013,0.0,298200000.0,320300000.0,0.146,320300000.0,298200000.0,298200000.0,0.83,0.82,0.83,7852100000.0,,7852100000.0,13370338923.0,11.0,10.357,888100000.0,3.023,1.0,863700000.0,0.393,487200000.0,0.0,116829600000.0,,0.0,57709000000.0,,,109340500000.0,,,12309038923.0,623100000.0,-1500000.0,-691700000.0,-310900000.0,0.0,203800000.0,-463400000.0,-630600000.0,884600000.0,0.0,238900000.0,238900000.0,238900000.0,-15300000.0,0.0,0.109,580800000.0,282900000.0,0.0,0.0,1.568,12.866,13.135,419300000.0,0.0,41.9,1.416,1.416,719600000.0,1733900000.0,2200400000.0,2200400000.0,0.0,,,,,11700000.0,580800000.0,1.0,293771812.0,293771812.0,,7.49,116705400000.0,0.0,59300000.0,1197300000.0,397.265,
65,PFG,MRQ,2005-03-31,2005-03-31,2005-03-31,2021-07-29,1046400000.0,113529100000.0,,,,,24.515,-21600000.0,548500000.0,548500000.0,1307200000.0,205500000.0,,14.461,1609800000.0,,,1609800000.0,0.0,25300000.0,32488700000.0,0.014,0.0,280200000.0,305500000.0,0.143,305500000.0,280200000.0,280200000.0,0.69,0.68,0.69,7343100000.0,,7343100000.0,12201643225.0,12.0,10.606,-99800000.0,-0.333,1.0,836500000.0,0.39,483500000.0,0.0,114106900000.0,,0.0,56533500000.0,,,106186000000.0,,,11528943225.0,96000000.0,-52900000.0,-150900000.0,484000000.0,0.0,471900000.0,-299400000.0,-285700000.0,-78200000.0,0.0,205500000.0,205500000.0,205500000.0,-600000.0,0.0,0.096,556900000.0,279600000.0,0.0,0.0,1.57,13.766,14.047,436500000.0,0.0,38.49,1.361,1.361,573800000.0,1495000000.0,2143700000.0,2143700000.0,0.0,,,,,11200000.0,556900000.0,1.0,299530871.0,299530871.0,,7.157,113045600000.0,0.0,74700000.0,992100000.0,377.409,
66,PFG,MRQ,2004-12-31,2004-12-31,2004-12-31,2021-07-29,1313300000.0,113798100000.0,,,,,24.577,-12500000.0,450600000.0,450600000.0,1391300000.0,213500000.0,,14.084,1125200000.0,,,1125200000.0,0.0,26900000.0,32183300000.0,0.013,0.55,272900000.0,299800000.0,0.133,299800000.0,272900000.0,272900000.0,0.71,0.7,0.71,7544300000.0,,7544300000.0,11657051284.0,12.0,10.507,24800000.0,0.081,1.0,866100000.0,0.384,429400000.0,0.0,114043300000.0,,0.0,56843100000.0,,,106253800000.0,,,12566951284.0,-1949500000.0,-146900000.0,-247700000.0,137400000.0,-166500000.0,-93700000.0,-1391700000.0,-1453500000.0,37300000.0,0.0,213500000.0,213500000.0,213500000.0,1500000.0,0.0,0.095,591700000.0,274400000.0,0.0,0.775,1.666,15.222,15.508,429400000.0,0.0,40.94,1.51,1.51,628500000.0,1289500000.0,2257400000.0,2257400000.0,0.0,,,,,12500000.0,591700000.0,1.0,306960217.0,306960217.0,,7.354,113368700000.0,0.0,59400000.0,1408700000.0,369.327,
67,PFG,MRQ,2004-09-30,2004-09-30,2004-09-30,2021-07-29,1282200000.0,109776400000.0,,,,,24.551,-10600000.0,1902500000.0,1902500000.0,1310000000.0,298800000.0,,13.267,992600000.0,,,992600000.0,0.0,25900000.0,31547200000.0,0.013,0.0,339500000.0,365400000.0,0.175,365400000.0,339500000.0,339500000.0,0.96,0.95,0.96,7694400000.0,,7694400000.0,11493364606.0,12.0,10.56,1054000000.0,3.363,1.0,778700000.0,0.373,390600000.0,0.0,108475900000.0,,0.0,55235300000.0,,,102082000000.0,,,11273364606.0,424500000.0,804800000.0,-275500000.0,-700200000.0,0.0,-26400000.0,-613700000.0,-1582600000.0,1064600000.0,0.0,298800000.0,298800000.0,298800000.0,-104100000.0,0.0,0.143,543300000.0,235400000.0,0.0,0.0,1.465,13.815,13.996,431500000.0,0.0,35.97,1.369,1.369,874900000.0,1242500000.0,2088700000.0,2088700000.0,0.0,,,,,10000000.0,543300000.0,1.0,313410192.0,313410192.0,,6.664,109385800000.0,0.0,40700000.0,1849300000.0,349.018,
68,PFG,MRQ,2004-06-30,2004-06-30,2004-06-30,2021-07-29,761100000.0,111372900000.0,,,,,22.365,-15100000.0,1475900000.0,1475900000.0,1295500000.0,119700000.0,,14.6,1695900000.0,,,1695900000.0,0.0,25900000.0,30130200000.0,0.013,0.0,153900000.0,179800000.0,0.091,179800000.0,153900000.0,153900000.0,0.38,0.37,0.38,7139100000.0,,7139100000.0,13034630744.0,15.0,13.157,402600000.0,1.261,1.0,684200000.0,0.346,388600000.0,0.0,111204300000.0,,0.0,52701500000.0,,,104233800000.0,,,11101830744.0,763400000.0,14900000.0,-211300000.0,169100000.0,0.0,1050900000.0,-705200000.0,-706400000.0,417700000.0,0.0,119700000.0,119700000.0,119700000.0,9200000.0,0.0,0.06,521100000.0,163100000.0,0.0,0.0,1.555,15.821,15.954,436400000.0,0.0,34.78,1.368,1.368,594300000.0,943700000.0,1979700000.0,1979700000.0,0.0,,,,,12700000.0,521100000.0,1.0,319201574.0,319201574.0,,6.202,110984300000.0,0.0,34200000.0,1074500000.0,347.693,
69,PFG,MRQ,2004-03-31,2004-03-31,2004-03-31,2021-07-29,1539600000.0,110812800000.0,,,,,24.898,-9300000.0,1608600000.0,1608600000.0,1259400000.0,193600000.0,,12.874,3541400000.0,,,3541400000.0,0.0,27000000.0,28913700000.0,0.013,0.0,238000000.0,265000000.0,0.133,265000000.0,238000000.0,238000000.0,0.6,0.6,0.6,7987000000.0,,7987000000.0,14121682078.0,15.0,12.959,502600000.0,1.567,1.0,737300000.0,0.369,406500000.0,0.0,112339100000.0,,0.0,55992500000.0,,,102825800000.0,,,11429482078.0,-478800000.0,-106200000.0,3100000.0,-332800000.0,0.0,-516700000.0,-474000000.0,-423300000.0,511900000.0,0.0,193600000.0,193600000.0,193600000.0,-35900000.0,0.0,0.097,529500000.0,207800000.0,0.0,0.0,1.431,14.575,14.723,443300000.0,0.0,35.63,1.413,1.413,543700000.0,824000000.0,1996700000.0,1996700000.0,0.0,,,,,8200000.0,529500000.0,1.0,320782545.0,320782545.0,,6.224,110406300000.0,0.0,44400000.0,1995800000.0,344.178,
70,PFG,MRQ,2003-12-31,2003-12-31,2003-12-31,2021-07-29,1171300000.0,107754400000.0,,,,,22.911,-13000000.0,1192500000.0,1192500000.0,1376700000.0,203900000.0,,13.562,2077100000.0,,,2077100000.0,0.0,35600000.0,28896400000.0,0.014,0.45,242600000.0,278200000.0,0.128,278200000.0,242600000.0,242600000.0,0.63,0.62,0.63,7399600000.0,,7399600000.0,15229254108.0,17.0,14.699,870700000.0,2.696,1.0,792600000.0,0.365,296800000.0,0.0,108342200000.0,,0.0,53214400000.0,,,100354800000.0,,,10680554108.0,765500000.0,-33500000.0,-71600000.0,189700000.0,-145300000.0,456800000.0,-767000000.0,-910200000.0,883700000.0,0.0,203900000.0,203900000.0,203900000.0,21400000.0,0.0,0.094,528600000.0,264000000.0,0.0,0.714,1.443,14.311,14.441,445200000.0,0.0,33.07,1.338,1.338,714900000.0,630400000.0,2169300000.0,2169300000.0,0.0,,,,,6400000.0,528600000.0,1.0,322968071.0,322968071.0,,6.717,107457600000.0,0.0,38700000.0,1312800000.0,332.719,
71,PFG,MRQ,2003-09-30,2003-09-30,2003-09-30,2021-07-29,1202400000.0,103714600000.0,,,,,22.975,-7100000.0,1008000000.0,1008000000.0,1253100000.0,184500000.0,,12.947,5556700000.0,,,5556700000.0,0.0,27400000.0,28086100000.0,0.008,0.0,240300000.0,267700000.0,0.136,267700000.0,240300000.0,240300000.0,0.57,0.57,0.57,7436300000.0,,7436300000.0,10531050194.0,15.0,12.797,258400000.0,0.798,1.0,719000000.0,0.365,277700000.0,0.0,107985600000.0,,0.0,56376200000.0,,,96278300000.0,,,10030650194.0,-574900000.0,-7300000.0,-74800000.0,-90300000.0,0.0,-331400000.0,-509000000.0,-614200000.0,265500000.0,0.0,184500000.0,184500000.0,184500000.0,-19200000.0,0.0,0.094,494500000.0,224500000.0,0.0,0.0,1.349,13.237,13.592,450400000.0,0.0,30.99,1.376,1.376,792200000.0,571800000.0,1972100000.0,1972100000.0,0.0,,,,,5700000.0,494500000.0,1.0,323673772.0,323673772.0,,6.093,103436900000.0,0.0,55800000.0,1716400000.0,319.571,
72,PFG,MRQ,2003-06-30,2003-06-30,2003-06-30,2021-07-29,1420600000.0,98621700000.0,,,,,23.034,-5900000.0,1525200000.0,1525200000.0,1259100000.0,202200000.0,,12.082,2025600000.0,,,2025600000.0,0.0,26600000.0,28179400000.0,0.008,0.0,252200000.0,278800000.0,0.143,278800000.0,252200000.0,252200000.0,0.62,0.62,0.62,7539000000.0,,7539000000.0,11682818783.0,37.0,27.573,1105800000.0,3.379,1.0,692400000.0,0.355,276000000.0,0.0,98846100000.0,,0.0,53143900000.0,,,91082700000.0,,,10555518783.0,535400000.0,3700000.0,-101200000.0,-194600000.0,0.0,155600000.0,-731900000.0,-981500000.0,1111700000.0,0.0,202200000.0,202200000.0,202200000.0,-50100000.0,0.0,0.104,490300000.0,202100000.0,0.0,0.0,1.4,25.441,25.8,459000000.0,0.0,32.25,1.444,1.444,438800000.0,387300000.0,1951500000.0,1951500000.0,0.0,,,,,7000000.0,490300000.0,1.0,327302908.0,327302908.0,,5.962,98345700000.0,0.0,50000000.0,1822200000.0,300.473,
73,PFG,MRQ,2003-03-31,2003-03-31,2003-03-31,2021-07-29,841500000.0,91840500000.0,,,,,21.347,-2600000.0,966900000.0,966900000.0,1275300000.0,155700000.0,,12.433,2094200000.0,,,2094200000.0,0.0,24600000.0,27366800000.0,0.009,0.0,221500000.0,246100000.0,0.107,246100000.0,221500000.0,221500000.0,0.47,0.47,0.47,6836800000.0,,6836800000.0,9550825846.0,44.0,29.661,744500000.0,2.325,1.0,1021500000.0,0.445,232600000.0,0.0,92735200000.0,,0.0,50639600000.0,,,85003700000.0,,,8692125846.0,-71700000.0,-58200000.0,-187100000.0,195900000.0,0.0,678900000.0,-1497700000.0,-1149500000.0,747100000.0,0.0,155700000.0,155700000.0,155700000.0,700000.0,0.0,0.068,799300000.0,222200000.0,0.0,0.0,1.271,26.11,27.979,470500000.0,0.0,27.14,1.129,1.129,543700000.0,185100000.0,2296800000.0,2296800000.0,0.0,,,,,3500000.0,799300000.0,1.0,320269928.0,320269928.0,,7.171,91607900000.0,0.0,65800000.0,1390700000.0,286.033,
74,PFG,MRQ,2002-12-31,2002-12-31,2002-12-31,2021-07-29,635800000.0,89861300000.0,,,,,19.761,-23600000.0,1038600000.0,1038600000.0,1330400000.0,215400000.0,,12.498,1897300000.0,,,1897300000.0,0.0,30400000.0,26315000000.0,0.008,0.25,-100000.0,30300000.0,0.028,30300000.0,-100000.0,-100000.0,0.62,0.62,0.62,6657200000.0,,6657200000.0,11297062317.0,168.0,65.566,354900000.0,1.053,1.0,-262400000.0,-0.246,195300000.0,0.0,90524700000.0,,0.0,48995600000.0,,,83204100000.0,,,10150562317.0,102100000.0,492900000.0,-239400000.0,119300000.0,-83800000.0,-702900000.0,426500000.0,-858500000.0,378500000.0,0.0,215400000.0,215400000.0,215400000.0,-171700000.0,0.0,0.202,-90600000.0,-171800000.0,0.0,0.403,1.525,71.332,73.488,482500000.0,0.0,30.13,1.331,1.331,459700000.0,29400000.0,1068000000.0,1068000000.0,0.0,,,,,3100000.0,-90600000.0,1.0,336892211.0,336892211.0,,3.17,89666000000.0,0.0,-215500000.0,1177700000.0,266.156,
75,PFG,MRQ,2002-09-30,2002-09-30,2002-09-30,2021-07-29,507900000.0,88270700000.0,,,,,19.125,-6900000.0,631500000.0,631500000.0,1310700000.0,-158400000.0,,12.306,1778000000.0,,,1778000000.0,0.0,24500000.0,26470500000.0,0.0,0.0,-156000000.0,-131500000.0,-0.066,-131500000.0,-156000000.0,-156000000.0,-0.46,-0.45,-0.46,6634000000.0,,6634000000.0,9562685159.0,122.0,51.165,1575500000.0,4.542,1.0,685200000.0,0.343,181800000.0,0.0,89235400000.0,,0.0,47916200000.0,,,81636700000.0,,,9081385159.0,-534600000.0,1000000.0,-230000000.0,35600000.0,0.0,-47600000.0,-2069400000.0,-1758700000.0,1582400000.0,0.0,-158400000.0,-158400000.0,-158400000.0,201000000.0,0.0,-0.079,640200000.0,45000000.0,0.0,0.0,1.369,-166.631,-154.0,484200000.0,0.0,26.18,1.062,1.062,786600000.0,-102200000.0,1995900000.0,1995900000.0,0.0,,,,,7400000.0,640200000.0,1.0,346882550.0,346882550.0,,5.754,88088900000.0,0.0,2400000.0,1226500000.0,253.944,
76,PFG,MRQ,2002-06-30,2002-06-30,2002-06-30,2021-07-29,163000000.0,90193400000.0,,,,,18.6,-16000000.0,1261100000.0,1261100000.0,1587400000.0,120200000.0,,12.522,1742400000.0,,,1742400000.0,0.0,25000000.0,26013400000.0,0.0,0.0,152100000.0,177100000.0,0.076,177100000.0,152100000.0,152100000.0,0.34,1.1,0.34,6670100000.0,,6670100000.0,12596047411.0,33.0,27.141,1427200000.0,3.98,1.0,748100000.0,0.32,895400000.0,0.0,89779300000.0,,0.0,46170200000.0,,,83523300000.0,,,11116847411.0,677100000.0,-47600000.0,-238700000.0,-294300000.0,0.0,-308200000.0,-457900000.0,-406600000.0,1443200000.0,0.0,120200000.0,120200000.0,120200000.0,-3800000.0,0.0,0.051,599800000.0,148300000.0,0.0,0.0,1.667,50.6,50.82,514900000.0,0.0,31.0,1.241,1.241,1092400000.0,56200000.0,2335500000.0,2335500000.0,0.0,,,,,0.0,599800000.0,1.0,358607981.0,358607981.0,,6.513,89298000000.0,0.0,31900000.0,969600000.0,249.013,
77,PFG,MRQ,2002-03-31,2002-03-31,2002-03-31,2021-07-29,-27600000.0,88758700000.0,,,,,18.286,-12500000.0,557500000.0,557500000.0,1285600000.0,-34900000.0,,12.452,2036700000.0,,,2036700000.0,0.0,25000000.0,25115600000.0,0.0,0.0,71400000.0,96400000.0,0.043,96400000.0,71400000.0,71400000.0,-0.1,-0.1,-0.1,6598000000.0,,6598000000.0,10395106200.0,27.0,21.94,482000000.0,1.336,1.0,942200000.0,0.423,852200000.0,0.0,89385700000.0,,0.0,45451100000.0,,,82160700000.0,,,9128906200.0,-72200000.0,0.0,-12300000.0,146700000.0,0.0,337500000.0,-904200000.0,-1020200000.0,494500000.0,0.0,-34900000.0,-34900000.0,-34900000.0,-2300000.0,0.0,-0.016,592200000.0,350000000.0,0.0,0.0,1.384,41.761,,515600000.0,0.0,25.3,1.048,1.048,494700000.0,-64000000.0,2227800000.0,2227800000.0,0.0,,,,,0.0,592200000.0,1.0,360826332.0,360826332.0,,6.174,87906500000.0,0.0,106300000.0,757600000.0,243.626,
78,PFG,MRQ,2001-12-31,2001-12-31,2001-12-31,2021-07-29,147500000.0,88350500000.0,,,,,18.172,-30100000.0,561200000.0,561200000.0,1318100000.0,18600000.0,,11.954,1890000000.0,,,1890000000.0,0.0,33700000.0,24684400000.0,0.0,0.0,11200000.0,44900000.0,0.023,44900000.0,11200000.0,11200000.0,0.05,0.05,0.05,6820300000.0,,6820300000.0,10873745048.0,25.0,19.93,1011300000.0,2.695,1.0,673600000.0,0.338,165500000.0,0.0,89513800000.0,,0.0,44779000000.0,,,81530200000.0,,,9007545048.0,443400000.0,-6900000.0,1651600000.0,-304400000.0,0.0,-591300000.0,-6700000.0,79400000.0,1041400000.0,0.0,18600000.0,18600000.0,18600000.0,3000000.0,0.0,0.009,659400000.0,14200000.0,0.0,0.0,1.321,25.105,24.242,494200000.0,0.0,24.0,1.048,1.048,489000000.0,-29100000.0,1991700000.0,1991700000.0,0.0,,,,,0.0,659400000.0,1.0,375314377.0,375314377.0,,5.307,88185000000.0,0.0,-7400000.0,888700000.0,234.963,
79,PFG,MRQ,2001-09-30,2001-09-30,2001-09-30,2021-07-29,166300000.0,83955200000.0,,,,,18.942,-13000000.0,231100000.0,231100000.0,1676400000.0,115800000.0,,11.312,2097300000.0,,,2097300000.0,0.0,-4600000.0,25009600000.0,,0.0,150300000.0,145700000.0,0.061,145700000.0,150300000.0,150300000.0,0.32,0.32,0.32,6819000000.0,,6819000000.0,,,,1044200000.0,2.901,1.0,728600000.0,0.303,1200800000.0,0.0,84620600000.0,,0.0,45520400000.0,,,77136200000.0,,,,-118500000.0,5600000.0,0.0,30800000.0,0.0,-506300000.0,-669400000.0,-559200000.0,1057200000.0,0.0,115800000.0,115800000.0,115800000.0,4100000.0,0.0,0.048,574200000.0,154400000.0,0.0,0.0,,,,508400000.0,0.0,,,,553800000.0,6652700000.0,2405000000.0,2405000000.0,0.0,,,,,0.0,574200000.0,1.0,360000000.0,360000000.0,,6.681,82754400000.0,0.0,34500000.0,920000000.0,229.873,
80,PFG,MRQ,2001-06-30,2001-06-30,2001-06-30,2021-07-29,-8500000.0,85229700000.0,,,,,18.134,-27800000.0,371900000.0,371900000.0,1328400000.0,119100000.0,,12.055,2066500000.0,,,2066500000.0,0.0,36000000.0,25073100000.0,,0.0,150800000.0,186800000.0,0.09,186800000.0,150800000.0,150800000.0,,,,6528400000.0,,6528400000.0,,,,1103900000.0,3.066,1.0,756300000.0,0.363,1252900000.0,0.0,85671400000.0,,0.0,44403200000.0,,,78701300000.0,,,,-153700000.0,0.0,0.0,222100000.0,0.0,12100000.0,-1297500000.0,-867000000.0,1131700000.0,0.0,119100000.0,119100000.0,119100000.0,0.0,0.0,0.057,605500000.0,150800000.0,0.0,,,,,513400000.0,0.0,,,,572300000.0,6536900000.0,2084700000.0,2084700000.0,0.0,,,,,0.0,605500000.0,1.0,360000000.0,360000000.0,,5.791,83976800000.0,0.0,31700000.0,743700000.0,233.269,
81,PFG,MRQ,2001-03-31,2001-03-31,2001-03-31,2021-07-29,,,,,,,,11800000.0,,,1472900000.0,105300000.0,,,,,,,,38300000.0,,,0.0,129700000.0,168000000.0,0.075,168000000.0,129700000.0,129700000.0,,,,,,,,,,694100000.0,,1.0,763100000.0,0.341,,0.0,,,,,,,,,,,-401000000.0,-17700000.0,0.0,48400000.0,0.0,681100000.0,-1764400000.0,-1926100000.0,682300000.0,0.0,105300000.0,105300000.0,105300000.0,0.0,0.0,0.047,622700000.0,140400000.0,,,,,,,0.0,,,,,,2236000000.0,2236000000.0,0.0,,,,,0.0,622700000.0,1.0,,,,,,,24400000.0,,,
82,PFG,MRQ,2000-12-31,2000-12-31,2000-12-31,2021-07-29,-60000000.0,84404900000.0,,,,,,14200000.0,926600000.0,926600000.0,1488600000.0,201000000.0,,12.499,1796000000.0,,,1796000000.0,0.0,-13700000.0,24300200000.0,,0.0,269000000.0,255300000.0,0.121,255300000.0,269000000.0,269000000.0,,,,6252500000.0,,6252500000.0,,,,1484000000.0,,1.0,616300000.0,0.293,1375900000.0,0.0,83898400000.0,,0.0,42090600000.0,,,78152400000.0,,,,113100000.0,10000000.0,0.0,-91800000.0,0.0,-226400000.0,-1130300000.0,-1181700000.0,1469800000.0,0.0,201000000.0,201000000.0,201000000.0,-8500000.0,0.0,0.095,355800000.0,260500000.0,0.0,,,,,507000000.0,0.0,,,,505700000.0,6312500000.0,2104900000.0,2104900000.0,0.0,,,,,0.0,355800000.0,1.0,,,,,83029000000.0,0.0,68000000.0,595800000.0,,
83,PFG,MRQ,2000-09-30,2000-09-30,2000-09-30,2021-07-29,,,,,,,,-23200000.0,,,1269500000.0,173900000.0,,,,,,,,39300000.0,,,0.0,229100000.0,268400000.0,0.126,268400000.0,229100000.0,229100000.0,,,,,,,,,,483900000.0,,1.0,854300000.0,0.402,,0.0,,,,,,,,,,,262600000.0,-11700000.0,0.0,230900000.0,0.0,328600000.0,-573100000.0,-784400000.0,507100000.0,0.0,173900000.0,173900000.0,173900000.0,0.0,0.0,0.082,625200000.0,229100000.0,,,,,,,0.0,,,,,,2123800000.0,2123800000.0,0.0,,,,,0.0,625200000.0,1.0,,,,,,,55200000.0,,,
0,PFG,MRT,2021-06-30,2021-06-30,2021-06-30,2021-07-29,1803800000.0,302165500000.0,293228150000.0,,,0.047,59.678,-108200000.0,2417400000.0,2417400000.0,7116000000.0,1615300000.0,,17.59,4362200000.0,,,4362200000.0,0.0,251900000.0,42871300000.0,0.036,2.29,1885400000.0,2137300000.0,0.155,2137300000.0,1885400000.0,1885400000.0,5.81,5.75,5.81,16233100000.0,15962100000.0,16233100000.0,19548365515.0,10.0,9.146,2717900000.0,9.992,1.0,6707700000.0,0.485,3377100000.0,0.0,300733200000.0,291490275000.0,0.0,105975000000.0,,,285543400000.0,,,17188465515.0,-733000000.0,0.0,-394200000.0,110700000.0,-624800000.0,188400000.0,-3747500000.0,-3575400000.0,2826100000.0,0.0,1587500000.0,1587500000.0,1587500000.0,0.0,27800000.0,0.115,4794500000.0,1913200000.0,0.0,0.394,1.059,10.827,10.876,1030700000.0,0.0,63.19,1.243,1.243,1675700000.0,12395000000.0,13823700000.0,13823700000.0,0.0,0.005,0.099,0.006,0.136,87600000.0,4794500000.0,1.0,272012431.0,272012431.0,,50.82,298788400000.0,0.0,297900000.0,2331500000.0,1098.437,
1,PFG,MRT,2021-03-31,2021-03-31,2021-03-31,2021-07-29,953800000.0,295634600000.0,285514125000.0,,,0.047,56.51,-113700000.0,2003500000.0,2003500000.0,6907000000.0,1659800000.0,,18.169,4363400000.0,,,4363400000.0,0.0,251900000.0,43082100000.0,0.037,2.24,1943400000.0,2195300000.0,0.164,2195300000.0,1943400000.0,1943400000.0,5.92,5.88,5.92,15405500000.0,15714600000.0,15405500000.0,17860016433.0,9.0,8.136,2176600000.0,7.984,1.0,6491900000.0,0.485,3399300000.0,0.0,294595200000.0,283571600000.0,0.0,104761900000.0,,,279908800000.0,,,16345916433.0,-1479200000.0,0.0,-139600000.0,570200000.0,-613100000.0,1362800000.0,-5132300000.0,-4908900000.0,2290300000.0,0.0,1624000000.0,1624000000.0,1624000000.0,0.0,35800000.0,0.121,4512700000.0,1979200000.0,0.0,0.378,1.061,10.065,10.128,1043700000.0,0.0,59.96,1.22,1.22,1708300000.0,12199200000.0,13398900000.0,13398900000.0,0.0,0.006,0.103,0.007,0.145,87600000.0,4512700000.0,1.0,272613683.0,272613683.0,,49.15,292235300000.0,0.0,319400000.0,2092000000.0,1071.976,
2,PFG,MRT,2020-12-31,2020-12-31,2020-12-31,2021-07-29,2383100000.0,296627700000.0,273331450000.0,,,0.054,60.274,-108800000.0,2849800000.0,2849800000.0,8401700000.0,1428500000.0,,16.895,4363900000.0,,,4363900000.0,0.0,251900000.0,43237700000.0,0.045,2.24,1660800000.0,1912700000.0,0.13,1912700000.0,1660800000.0,1660800000.0,5.08,5.05,5.08,16558900000.0,15090100000.0,16558900000.0,14428162728.0,9.0,7.543,3629800000.0,13.212,1.0,6340000000.0,0.43,3434000000.0,0.0,294707800000.0,270888775000.0,0.0,106306900000.0,,,279754800000.0,,,13629262728.0,333900000.0,0.0,-264200000.0,530500000.0,-614500000.0,1621100000.0,-5025800000.0,-4852900000.0,3738600000.0,0.0,1395800000.0,1395800000.0,1395800000.0,0.0,32700000.0,0.095,4646500000.0,1693500000.0,0.0,0.441,0.823,9.764,9.766,1019000000.0,0.0,49.61,0.925,0.925,1723800000.0,11838000000.0,14741700000.0,14741700000.0,0.0,0.005,0.092,0.006,0.113,87600000.0,4646500000.0,1.0,274728134.0,274728134.0,,53.659,293193700000.0,0.0,265000000.0,2353100000.0,1067.214,
3,PFG,MRT,2020-09-30,2020-09-30,2020-09-30,2021-07-29,1747100000.0,278484800000.0,268196475000.0,,,0.056,57.012,-117200000.0,3556700000.0,3556700000.0,8843300000.0,1252300000.0,,16.771,4355600000.0,,,4355600000.0,0.0,226800000.0,42947100000.0,0.055,2.23,1445000000.0,1671800000.0,0.111,1671800000.0,1445000000.0,1445000000.0,4.44,4.41,4.44,15650900000.0,14604875000.0,15650900000.0,12144167968.0,8.0,7.264,4021600000.0,14.65,1.0,6180500000.0,0.411,3358800000.0,0.0,275924900000.0,265691550000.0,0.0,103033800000.0,,,262485200000.0,,,11054867968.0,358700000.0,1100000.0,-274100000.0,499800000.0,-613200000.0,2622100000.0,-6402200000.0,-6280900000.0,4138800000.0,0.0,1224100000.0,1224100000.0,1224100000.0,0.0,28200000.0,0.081,4707300000.0,1473200000.0,0.0,0.502,0.706,9.031,9.07,998800000.0,0.0,40.27,0.736,0.736,1530200000.0,11521400000.0,15023800000.0,15023800000.0,0.0,0.005,0.084,0.005,0.096,82600000.0,4707300000.0,1.0,274518698.0,274518698.0,,54.728,275126000000.0,0.0,220900000.0,2122600000.0,1002.212,
4,PFG,MRT,2020-06-30,2020-06-30,2020-06-30,2021-07-29,1450700000.0,271309400000.0,266134875000.0,,,0.061,55.659,-113400000.0,3150400000.0,3150400000.0,9844000000.0,1301000000.0,,16.776,4239700000.0,,,4239700000.0,0.0,226800000.0,42308400000.0,0.053,2.22,1508000000.0,1734800000.0,0.107,1734800000.0,1508000000.0,1508000000.0,4.57,4.54,4.57,15243100000.0,14393200000.0,15243100000.0,11669467166.0,8.0,6.727,4747500000.0,17.335,1.0,6327500000.0,0.391,3340200000.0,0.0,269058500000.0,263562325000.0,0.0,100558600000.0,,,255725700000.0,,,11376467166.0,-165500000.0,-1208500000.0,-320400000.0,414000000.0,-612500000.0,2539200000.0,-7565600000.0,-6036600000.0,4860900000.0,0.0,1265200000.0,1265200000.0,1265200000.0,0.0,35800000.0,0.078,4783700000.0,1543800000.0,0.0,0.486,0.746,8.992,9.09,993100000.0,0.0,41.54,0.703,0.703,1760000000.0,11441400000.0,16171500000.0,16171500000.0,0.0,0.005,0.088,0.006,0.093,82600000.0,4783700000.0,1.0,273867770.0,273867770.0,,59.049,267969200000.0,0.0,242800000.0,2077800000.0,978.462,
5,PFG,MRT,2020-03-31,2020-03-31,2020-03-31,2021-07-29,-599200000.0,246903900000.0,265287025000.0,,,0.064,46.99,-121000000.0,3482700000.0,3482700000.0,10687300000.0,1277000000.0,,18.105,3775700000.0,,,3775700000.0,0.0,226800000.0,42126600000.0,0.072,2.247,1471700000.0,1698500000.0,0.1,1698500000.0,1471700000.0,1471700000.0,4.5,4.46,4.5,12907500000.0,14091100000.0,12907500000.0,9920320416.0,7.0,5.841,5784900000.0,21.06,1.0,6342200000.0,0.372,3333000000.0,0.0,243863900000.0,262804975000.0,0.0,94775300000.0,,,233691600000.0,,,8608720416.0,1223000000.0,-1208500000.0,-318300000.0,483800000.0,-609400000.0,2427200000.0,-7110100000.0,-5615300000.0,5905900000.0,0.0,1253200000.0,1253200000.0,1253200000.0,0.0,23800000.0,0.074,4846700000.0,1495500000.0,0.0,0.499,0.667,6.869,6.964,973800000.0,0.0,31.34,0.506,0.506,1691000000.0,11198800000.0,17029500000.0,17029500000.0,0.0,0.005,0.089,0.006,0.086,82600000.0,4846700000.0,1.0,274687952.0,274687952.0,,61.996,243570900000.0,0.0,218500000.0,1465000000.0,886.719,
6,PFG,MRT,2019-12-31,2019-12-31,2019-12-31,2021-07-29,1037900000.0,276087800000.0,268416025000.0,,,0.06,52.645,-132400000.0,2515900000.0,2515900000.0,10024900000.0,1444100000.0,,17.864,3827500000.0,,,3827500000.0,0.0,226800000.0,41367500000.0,0.04,2.227,1643400000.0,1870200000.0,0.115,1870200000.0,1643400000.0,1643400000.0,5.0,4.96,5.0,14618000000.0,14037825000.0,14618000000.0,15933956370.0,10.0,8.52,5360800000.0,19.306,1.0,6197200000.0,0.382,3480500000.0,0.0,273918900000.0,266351400000.0,0.0,96351400000.0,,,261137100000.0,,,15271956370.0,-461600000.0,-1208500000.0,-243300000.0,530200000.0,-606000000.0,1733700000.0,-7688500000.0,-5954800000.0,5493200000.0,0.0,1394200000.0,1394200000.0,1394200000.0,0.0,49900000.0,0.086,4503900000.0,1693300000.0,0.0,0.445,1.045,10.954,11.0,967700000.0,0.0,55.0,0.941,0.941,1740300000.0,11074300000.0,16222100000.0,16222100000.0,0.0,0.005,0.099,0.006,0.101,82600000.0,4503900000.0,1.0,277671934.0,277671934.0,,58.422,272607300000.0,0.0,249200000.0,1812800000.0,981.76,
7,PFG,MRT,2019-09-30,2019-09-30,2019-09-30,2021-07-29,1307100000.0,270238400000.0,260153100000.0,,,0.061,53.1,-117000000.0,3198000000.0,3198000000.0,10042700000.0,1360500000.0,,17.225,3860000000.0,,,3860000000.0,0.0,53200000.0,40300000000.0,0.039,2.217,1534200000.0,1587400000.0,0.1,1587400000.0,1534200000.0,1534200000.0,4.75,4.72,4.75,14804200000.0,13230825000.0,14804200000.0,16453724182.0,11.0,10.365,5790400000.0,20.769,1.0,5902800000.0,0.37,3492400000.0,0.0,267408000000.0,258108175000.0,0.0,94412400000.0,,,254996300000.0,,,15930424182.0,271300000.0,-1209600000.0,-365100000.0,584600000.0,-605700000.0,583900000.0,-6220000000.0,-4355700000.0,5907400000.0,0.0,1329800000.0,1329800000.0,1329800000.0,0.0,30700000.0,0.083,4337900000.0,1564900000.0,0.0,0.467,1.076,11.98,12.029,961700000.0,0.0,57.14,0.999,0.999,1635700000.0,10927800000.0,15945500000.0,15945500000.0,0.0,0.005,0.101,0.006,0.096,17100000.0,4337900000.0,1.0,278796363.0,278796363.0,,57.194,266746000000.0,0.0,204400000.0,1949700000.0,956.777,
8,PFG,MRT,2019-06-30,2019-06-30,2019-06-30,2021-07-29,647700000.0,267918000000.0,257283075000.0,,,0.062,50.385,-114100000.0,3315900000.0,3315900000.0,9846300000.0,1535900000.0,,18.063,3839200000.0,,,3839200000.0,0.0,103900000.0,39658800000.0,0.038,2.197,1761400000.0,1865300000.0,0.118,1865300000.0,1761400000.0,1761400000.0,5.36,5.33,5.36,14034700000.0,12454975000.0,14034700000.0,17184107979.0,10.0,9.213,6082600000.0,21.837,1.0,5988900000.0,0.378,2412200000.0,0.0,266029100000.0,255413825000.0,0.0,91195200000.0,,,253511500000.0,,,16133507979.0,973900000.0,-43200000.0,-387300000.0,554900000.0,-603400000.0,482200000.0,-5705000000.0,-5049200000.0,6196700000.0,0.0,1509000000.0,1509000000.0,1509000000.0,0.0,26900000.0,0.095,4200600000.0,1788300000.0,0.0,0.41,1.15,10.692,10.806,959500000.0,0.0,57.92,1.019,1.019,1549200000.0,10805800000.0,15835200000.0,15835200000.0,0.0,0.006,0.121,0.007,0.111,36600000.0,4200600000.0,1.0,278548135.0,278548135.0,,56.849,265505800000.0,0.0,252400000.0,1707300000.0,953.177,
9,PFG,MRT,2019-03-31,2019-03-31,2019-03-31,2021-07-29,-418900000.0,259419900000.0,253329575000.0,,,0.06,45.612,-95700000.0,2259700000.0,2259700000.0,9099700000.0,1603300000.0,,19.388,3310300000.0,,,3310300000.0,0.0,154500000.0,39649300000.0,0.042,2.13,1829400000.0,1983900000.0,0.131,1983900000.0,1829400000.0,1829400000.0,5.57,5.54,5.57,12694400000.0,11856125000.0,12694400000.0,14293563900.0,8.0,7.205,5490700000.0,19.728,1.0,5997800000.0,0.397,2420900000.0,0.0,258049600000.0,251553500000.0,0.0,88543900000.0,,,246120000000.0,,,13968563900.0,-76000000.0,-70800000.0,-588300000.0,38800000.0,-601500000.0,551300000.0,-6213700000.0,-5606500000.0,5586400000.0,0.0,1579300000.0,1579300000.0,1579300000.0,0.0,24000000.0,0.105,4144400000.0,1853400000.0,0.0,0.382,1.1,8.845,9.011,933200000.0,0.0,50.19,0.925,0.925,1641100000.0,10571900000.0,15097500000.0,15097500000.0,0.0,0.006,0.133,0.007,0.121,55800000.0,4144400000.0,1.0,278313686.0,278313686.0,,54.246,256999000000.0,0.0,250100000.0,1341000000.0,923.415,
10,PFG,MRT,2018-12-31,2018-12-31,2018-12-31,2021-07-29,-1565100000.0,243036100000.0,251883725000.0,,,0.057,40.24,-92300000.0,2977500000.0,2977500000.0,8316100000.0,1553700000.0,,20.298,3302500000.0,,,3302500000.0,0.0,205100000.0,39699700000.0,0.048,2.1,1777200000.0,1982300000.0,0.139,1982300000.0,1777200000.0,1777200000.0,5.41,5.36,5.41,11390000000.0,11729250000.0,11390000000.0,12857151406.0,7.0,6.486,5064200000.0,17.892,1.0,5921100000.0,0.416,2415100000.0,0.0,240946000000.0,250062700000.0,0.0,84766600000.0,,,231188900000.0,,,12502251406.0,506700000.0,-184700000.0,-607600000.0,88000000.0,-598600000.0,1052700000.0,-5702500000.0,-5186300000.0,5156500000.0,0.0,1546500000.0,1546500000.0,1546500000.0,0.0,7200000.0,0.109,4136700000.0,1784400000.0,0.0,0.388,1.098,8.084,8.165,767300000.0,0.0,44.17,0.878,0.878,1413100000.0,10290200000.0,14237200000.0,14237200000.0,0.0,0.006,0.132,0.007,0.125,77400000.0,4136700000.0,1.0,283048481.0,283048481.0,,50.3,240621000000.0,0.0,230700000.0,983700000.0,850.105,
11,PFG,MRT,2018-09-30,2018-09-30,2018-09-30,2021-07-29,-1347600000.0,258758300000.0,254610000000.0,,,0.054,41.092,-104900000.0,2926700000.0,2926700000.0,7678800000.0,2164900000.0,,21.096,3281600000.0,,,3281600000.0,0.0,202800000.0,39813200000.0,0.035,2.05,1843200000.0,2046000000.0,0.149,2046000000.0,1843200000.0,1843200000.0,7.48,7.39,7.48,11700800000.0,12094075000.0,11700800000.0,17625829907.0,10.0,8.615,4168300000.0,14.639,1.0,6025500000.0,0.44,2482600000.0,0.0,256630600000.0,252902400000.0,0.0,84007200000.0,,,246841100000.0,,,16683429907.0,131700000.0,-184700000.0,-392000000.0,47100000.0,-588000000.0,1002300000.0,-5143800000.0,-4831000000.0,4273200000.0,0.0,2151800000.0,2151800000.0,2151800000.0,0.0,13100000.0,0.157,4169200000.0,1856300000.0,0.0,0.274,1.426,7.753,7.833,770600000.0,0.0,58.59,1.217,1.217,1514400000.0,10207900000.0,13704300000.0,13704300000.0,0.0,0.008,0.178,0.007,0.134,80800000.0,4169200000.0,1.0,284748761.0,284748761.0,,48.128,256275700000.0,0.0,-308600000.0,940700000.0,900.006,
12,PFG,MRT,2018-06-30,2018-06-30,2018-06-30,2021-07-29,-1137900000.0,252104000000.0,251903825000.0,,,0.056,40.642,-104300000.0,2342000000.0,2342000000.0,7542000000.0,2518100000.0,,20.642,3284400000.0,,,3284400000.0,0.0,201400000.0,39128700000.0,0.038,1.99,2432600000.0,2634000000.0,0.188,2634000000.0,2432600000.0,2432600000.0,8.68,8.56,8.68,11639300000.0,12167975000.0,11639300000.0,16103150878.0,7.0,6.114,3892800000.0,13.593,1.0,6442000000.0,0.461,2458600000.0,0.0,250587800000.0,250245475000.0,0.0,82404800000.0,,,240258600000.0,,,15164150878.0,335600000.0,-141500000.0,-353900000.0,8800000.0,-573100000.0,228500000.0,-3890000000.0,-4136900000.0,3997100000.0,0.0,2505700000.0,2505700000.0,2505700000.0,0.0,12400000.0,0.179,3997000000.0,2445000000.0,0.0,0.229,1.303,6.052,6.1,762900000.0,0.0,52.95,1.084,1.084,1455600000.0,9904300000.0,13984000000.0,13984000000.0,0.0,0.01,0.206,0.01,0.174,79500000.0,3997000000.0,1.0,286386230.0,286386230.0,,48.829,249645400000.0,0.0,-73100000.0,907700000.0,871.709,
13,PFG,MRT,2018-03-31,2018-03-31,2018-03-31,2021-07-29,-469300000.0,253636500000.0,248916300000.0,,,0.056,42.074,-147000000.0,2335700000.0,2335700000.0,7696600000.0,2373400000.0,,19.796,3274700000.0,,,3274700000.0,0.0,198200000.0,38319700000.0,0.032,1.93,2280400000.0,2478600000.0,0.178,2478600000.0,2280400000.0,2280400000.0,8.16,8.04,8.16,12186900000.0,12050175000.0,12186900000.0,18390095871.0,8.0,7.42,4264600000.0,14.723,1.0,6230800000.0,0.447,2489100000.0,0.0,252086400000.0,247341450000.0,0.0,81952800000.0,,,241252900000.0,,,17642995871.0,801000000.0,-113900000.0,-153000000.0,-21100000.0,-557300000.0,-408900000.0,-3201700000.0,-3379500000.0,4411600000.0,0.0,2358600000.0,2358600000.0,2358600000.0,0.0,14800000.0,0.169,3935600000.0,2295200000.0,0.0,0.237,1.448,7.48,7.464,775200000.0,0.0,60.91,1.267,1.267,1638400000.0,9598300000.0,13927400000.0,13927400000.0,0.0,0.009,0.196,0.009,0.164,82200000.0,3935600000.0,1.0,289656803.0,289656803.0,,48.082,251147400000.0,0.0,-78200000.0,926600000.0,867.052,
14,PFG,MRT,2017-12-31,2017-12-31,2017-12-31,2021-07-29,165500000.0,253941200000.0,244381175000.0,,,0.058,44.499,-164800000.0,2470800000.0,2470800000.0,7947200000.0,2324500000.0,,18.75,3217900000.0,,,3217900000.0,0.0,195700000.0,38082500000.0,0.027,1.87,2238100000.0,2433800000.0,0.173,2433800000.0,2238100000.0,2238100000.0,8.0,7.88,8.0,12849300000.0,11657475000.0,12849300000.0,20813730856.0,9.0,8.552,4023200000.0,13.933,1.0,6146000000.0,0.436,2383500000.0,0.0,252304800000.0,243017725000.0,0.0,82102700000.0,,,240918000000.0,,,20374530856.0,-248800000.0,0.0,-57900000.0,-69200000.0,-540000000.0,-384000000.0,-4052800000.0,-4299100000.0,4188000000.0,0.0,2310400000.0,2310400000.0,2310400000.0,0.0,14100000.0,0.164,3893800000.0,2252200000.0,0.0,0.234,1.586,8.819,8.82,759500000.0,0.0,70.56,1.446,1.446,1469800000.0,9482900000.0,14093200000.0,14093200000.0,0.0,0.009,0.198,0.009,0.159,82700000.0,3893800000.0,1.0,288754689.0,288754689.0,,48.807,251557700000.0,0.0,-72300000.0,1109200000.0,871.181,
15,PFG,MRT,2017-09-30,2017-09-30,2017-09-30,2021-07-29,47000000.0,247933600000.0,237899450000.0,,,0.06,41.516,-179100000.0,2795000000.0,2795000000.0,8260300000.0,1819800000.0,,19.651,3234200000.0,,,3234200000.0,0.0,191800000.0,38208600000.0,0.028,1.81,2285500000.0,2477300000.0,0.172,2477300000.0,2285500000.0,2285500000.0,6.18,6.1,6.18,11996400000.0,11001975000.0,11996400000.0,19754129765.0,9.0,7.974,4380100000.0,15.158,1.0,6109000000.0,0.425,2369900000.0,0.0,246002900000.0,236472950000.0,0.0,81203400000.0,,,235737200000.0,,,18591729765.0,576800000.0,0.0,-95000000.0,-193500000.0,-522300000.0,-8400000.0,-3974000000.0,-4368900000.0,4559200000.0,0.0,1786600000.0,1786600000.0,1786600000.0,0.0,33200000.0,0.124,3790300000.0,2318700000.0,0.0,0.293,1.55,10.406,10.411,754600000.0,0.0,64.34,1.294,1.294,1516600000.0,8784600000.0,14369300000.0,14369300000.0,0.0,0.008,0.162,0.01,0.159,87900000.0,3790300000.0,1.0,288960674.0,288960674.0,,49.728,245563700000.0,0.0,498900000.0,1568900000.0,849.817,
16,PFG,MRT,2017-06-30,2017-06-30,2017-06-30,2021-07-29,-116100000.0,240153900000.0,233507950000.0,,,0.054,38.749,-184300000.0,2006400000.0,2006400000.0,7250800000.0,1334000000.0,,20.489,3168800000.0,,,3168800000.0,0.0,188900000.0,38199800000.0,0.027,1.75,1482200000.0,1671100000.0,0.133,1671100000.0,1482200000.0,1482200000.0,4.45,4.4,4.45,11168100000.0,10701525000.0,11168100000.0,20117133667.0,14.0,12.038,3377000000.0,11.717,1.0,5308700000.0,0.423,2344600000.0,0.0,238971700000.0,232243825000.0,0.0,79050500000.0,,,228820800000.0,,,18466133667.0,-249000000.0,0.0,-96900000.0,-131200000.0,-504400000.0,173900000.0,-3984200000.0,-3836000000.0,3561300000.0,0.0,1284600000.0,1284600000.0,1284600000.0,0.0,49400000.0,0.102,3777100000.0,1531600000.0,0.0,0.393,1.653,14.375,14.398,750300000.0,0.0,64.07,1.47,1.47,1381400000.0,8112200000.0,12559500000.0,12559500000.0,0.0,0.006,0.12,0.006,0.118,88300000.0,3777100000.0,1.0,288218100.0,288218100.0,,43.576,237809300000.0,0.0,197600000.0,1298300000.0,825.102,
17,PFG,MRT,2017-03-31,2017-03-31,2017-03-31,2021-07-29,-455100000.0,235496000000.0,229238025000.0,,,0.054,36.929,-154500000.0,1534700000.0,1534700000.0,7064700000.0,1346200000.0,,21.167,3185700000.0,,,3185700000.0,0.0,188900000.0,38074100000.0,0.027,1.68,1517100000.0,1706000000.0,0.138,1706000000.0,1517100000.0,1517100000.0,4.49,4.44,4.49,10616100000.0,10534425000.0,10616100000.0,18600162173.0,12.0,10.903,3330700000.0,11.586,1.0,5342200000.0,0.431,2355500000.0,0.0,234791500000.0,227930700000.0,0.0,77812000000.0,,,224716000000.0,,,18142662173.0,-608200000.0,0.0,-215900000.0,-210300000.0,-484500000.0,1038200000.0,-5131600000.0,-5030100000.0,3485200000.0,0.0,1297400000.0,1297400000.0,1297400000.0,0.0,48800000.0,0.105,3776300000.0,1565900000.0,0.0,0.374,1.709,13.984,14.056,718800000.0,0.0,63.11,1.462,1.462,1447000000.0,7937400000.0,12406900000.0,12406900000.0,0.0,0.006,0.123,0.007,0.122,84200000.0,3776300000.0,1.0,287476821.0,287476821.0,,43.158,233140500000.0,0.0,219700000.0,1063100000.0,810.989,
18,PFG,MRT,2016-12-31,2016-12-31,2016-12-31,2021-07-29,-675200000.0,228014300000.0,224756525000.0,,,0.055,35.551,-154900000.0,2719600000.0,2719600000.0,7069800000.0,1361800000.0,,21.279,3177100000.0,,,3177100000.0,0.0,186600000.0,37953600000.0,0.028,1.61,1546400000.0,1733000000.0,0.14,1733000000.0,1546400000.0,1546400000.0,4.55,4.5,4.55,10227300000.0,10390800000.0,10227300000.0,17745109121.0,11.0,10.24,3702900000.0,12.872,1.0,5324300000.0,0.43,2346100000.0,0.0,226125700000.0,223335400000.0,0.0,75835500000.0,,,217623000000.0,,,16645209121.0,154800000.0,0.0,-239500000.0,-274600000.0,-464900000.0,1450900000.0,-5153900000.0,-5060500000.0,3857800000.0,0.0,1316500000.0,1316500000.0,1316500000.0,0.0,45300000.0,0.106,3732600000.0,1591700000.0,0.0,0.354,1.628,12.644,12.716,699000000.0,0.0,57.86,1.343,1.343,1361900000.0,7720400000.0,12394100000.0,12394100000.0,0.0,0.006,0.127,0.007,0.125,84400000.0,3732600000.0,1.0,287680766.0,287680766.0,,43.083,225668200000.0,0.0,229900000.0,985300000.0,784.44,
19,PFG,MRT,2016-09-30,2016-09-30,2016-09-30,2021-07-29,91800000.0,230367600000.0,222418025000.0,,,0.053,37.534,-149200000.0,2218200000.0,2218200000.0,6500100000.0,1281900000.0,,20.317,3318100000.0,,,3318100000.0,0.0,183300000.0,37688000000.0,0.03,1.56,1489600000.0,1672900000.0,0.143,1672900000.0,1489600000.0,1489600000.0,4.31,4.27,4.31,10794600000.0,10161875000.0,10794600000.0,15854638558.0,11.0,9.477,3832200000.0,13.325,1.0,5187200000.0,0.444,2381100000.0,0.0,229086400000.0,221097375000.0,0.0,77758500000.0,,,219313900000.0,,,14813938558.0,-296000000.0,2500000.0,-327300000.0,-168100000.0,-451900000.0,1621000000.0,-5898400000.0,-5663000000.0,3981400000.0,0.0,1252100000.0,1252100000.0,1252100000.0,0.0,29800000.0,0.107,3667800000.0,1519400000.0,0.0,0.362,1.372,11.831,11.951,674500000.0,0.0,51.51,1.268,1.268,1382800000.0,7528100000.0,11687300000.0,11687300000.0,0.0,0.006,0.123,0.007,0.127,76500000.0,3667800000.0,1.0,287593449.0,287593449.0,,40.638,227986500000.0,0.0,237500000.0,1241500000.0,792.739,
20,PFG,MRT,2016-06-30,2016-06-30,2016-06-30,2021-07-29,-19300000.0,223074200000.0,218667475000.0,,,0.055,36.224,-143800000.0,2255400000.0,2255400000.0,6882700000.0,1255400000.0,,20.207,3296100000.0,,,3296100000.0,0.0,202900000.0,37781000000.0,0.037,1.53,1506800000.0,1709700000.0,0.141,1709700000.0,1506800000.0,1506800000.0,4.26,4.22,4.26,10499700000.0,9868300000.0,10499700000.0,13164644785.0,9.0,7.7,4241500000.0,14.633,1.0,5227500000.0,0.432,2395700000.0,0.0,221719200000.0,217314475000.0,0.0,76687400000.0,,,212169400000.0,,,11915844785.0,-9000000.0,-291200000.0,-377000000.0,-21500000.0,-445900000.0,1510200000.0,-5904500000.0,-5551600000.0,4385300000.0,0.0,1244300000.0,1244300000.0,1244300000.0,0.0,11100000.0,0.103,3709600000.0,1517900000.0,0.0,0.359,1.135,9.576,9.65,667900000.0,0.0,41.11,0.984,0.984,1504800000.0,7339600000.0,12110200000.0,12110200000.0,0.0,0.006,0.126,0.007,0.124,74300000.0,3709600000.0,1.0,289852707.0,289852707.0,,41.781,220678500000.0,0.0,262500000.0,1244900000.0,761.347,
21,PFG,MRT,2016-03-31,2016-03-31,2016-03-31,2021-07-29,-356100000.0,217570000000.0,218466600000.0,,,0.057,34.433,-147800000.0,2142900000.0,2142900000.0,7280500000.0,1193300000.0,,20.634,3391700000.0,,,3391700000.0,0.0,197200000.0,36660500000.0,0.039,1.52,1398800000.0,1596000000.0,0.129,1596000000.0,1398800000.0,1398800000.0,3.97,3.93,3.97,10041600000.0,9666725000.0,10041600000.0,12411730117.0,9.0,7.777,4493900000.0,15.41,1.0,5063200000.0,0.41,2408500000.0,0.0,216410300000.0,217162000000.0,0.0,73807500000.0,,,207199500000.0,,,11504630117.0,690900000.0,-291200000.0,-262600000.0,869400000.0,-445100000.0,840600000.0,-4791400000.0,-4270800000.0,4641700000.0,0.0,1179600000.0,1163100000.0,1163100000.0,0.0,13700000.0,0.094,3650700000.0,1412500000.0,0.0,0.383,1.146,9.891,9.937,657300000.0,16500000.0,39.45,0.932,0.932,1309500000.0,7131800000.0,12343700000.0,12343700000.0,0.0,0.005,0.12,0.006,0.113,75000000.0,3650700000.0,1.0,291625605.0,291625605.0,,42.327,215161500000.0,0.0,219200000.0,1060900000.0,737.8,
22,PFG,MRT,2015-12-31,2015-12-31,2015-12-31,2021-07-29,-882500000.0,218660300000.0,219697825000.0,,,0.054,31.807,-136400000.0,2564800000.0,2564800000.0,6861200000.0,1253200000.0,,22.466,3446300000.0,,,3446300000.0,0.0,193000000.0,35716100000.0,0.033,1.5,1411600000.0,1604600000.0,0.134,1604600000.0,1411600000.0,1411600000.0,4.11,4.06,4.11,9311600000.0,9761975000.0,9311600000.0,14161446277.0,10.0,8.826,4240700000.0,14.486,1.0,5103200000.0,0.427,2368200000.0,0.0,217173600000.0,218387550000.0,0.0,69820500000.0,,,209197200000.0,,,13167946277.0,700900000.0,-291200000.0,-224500000.0,909300000.0,-441000000.0,-508600000.0,-3167600000.0,-2641200000.0,4377100000.0,0.0,1234000000.0,1209300000.0,1209300000.0,0.0,19200000.0,0.101,3672400000.0,1430800000.0,0.0,0.365,1.414,10.889,10.944,633800000.0,24700000.0,44.98,1.101,1.101,1429300000.0,6875900000.0,11964400000.0,11964400000.0,0.0,0.006,0.124,0.006,0.118,84500000.0,3672400000.0,1.0,292751140.0,292751140.0,,40.869,216292100000.0,0.0,177600000.0,715600000.0,738.826,
23,PFG,MRT,2015-09-30,2015-09-30,2015-09-30,2021-07-29,-524400000.0,215365400000.0,219804500000.0,,,0.055,32.639,-114800000.0,2514200000.0,2514200000.0,6948200000.0,1275200000.0,,21.372,3507700000.0,,,3507700000.0,0.0,196000000.0,35115200000.0,0.031,1.46,1422900000.0,1618900000.0,0.134,1618900000.0,1422900000.0,1422900000.0,4.17,4.11,4.17,9620300000.0,9980075000.0,9620300000.0,15031311920.0,11.0,9.285,4113500000.0,13.956,1.0,5117200000.0,0.424,2404100000.0,0.0,213954800000.0,218457000000.0,0.0,69565500000.0,,,205601600000.0,,,13953211920.0,1243400000.0,-293700000.0,-109000000.0,849200000.0,-430100000.0,-872700000.0,-2112200000.0,-1548400000.0,4228300000.0,0.0,1259100000.0,1226100000.0,1226100000.0,0.0,16100000.0,0.102,3678200000.0,1439000000.0,0.0,0.35,1.45,11.38,11.353,611600000.0,33000000.0,47.34,1.156,1.156,1401600000.0,6734700000.0,12065400000.0,12065400000.0,0.0,0.006,0.123,0.007,0.118,83600000.0,3678200000.0,1.0,294744654.0,294744654.0,,40.935,212961300000.0,0.0,163800000.0,895500000.0,722.528,
24,PFG,MRT,2015-06-30,2015-06-30,2015-06-30,2021-07-29,-326600000.0,222270700000.0,220068850000.0,,,0.051,32.928,-110000000.0,2264400000.0,2264400000.0,6195900000.0,1227100000.0,,21.916,3342500000.0,,,3342500000.0,0.0,171300000.0,34041800000.0,0.028,1.42,1444100000.0,1615400000.0,0.143,1615400000.0,1444100000.0,1444100000.0,3.93,3.87,3.93,9693400000.0,10154100000.0,9693400000.0,16188852042.0,11.0,10.022,3733000000.0,12.681,1.0,5112900000.0,0.452,2239500000.0,0.0,221109300000.0,218821225000.0,0.0,68176600000.0,,,212436500000.0,,,15099052042.0,522100000.0,0.0,-67500000.0,670500000.0,-418100000.0,-1707700000.0,-1613200000.0,-1123100000.0,3843000000.0,0.0,1207600000.0,1166400000.0,1166400000.0,0.0,19500000.0,0.103,3649300000.0,1463600000.0,0.0,0.361,1.558,12.945,13.051,601900000.0,41200000.0,51.29,1.335,1.335,1282700000.0,6547900000.0,11308800000.0,11308800000.0,0.0,0.005,0.115,0.007,0.128,86300000.0,3649300000.0,1.0,294385885.0,294385885.0,,38.415,220031200000.0,0.0,236500000.0,835700000.0,747.424,
25,PFG,MRT,2015-03-31,2015-03-31,2015-03-31,2021-07-29,28000000.0,222494900000.0,219081750000.0,,,0.049,35.438,-119000000.0,1452000000.0,1452000000.0,5413200000.0,1281400000.0,,20.334,2541800000.0,,,2541800000.0,0.0,170600000.0,34173800000.0,0.026,1.36,1559800000.0,1730400000.0,0.162,1730400000.0,1559800000.0,1559800000.0,4.15,4.09,4.15,10422600000.0,10331200000.0,10422600000.0,15803743440.0,10.0,9.133,3023500000.0,10.28,1.0,5243100000.0,0.492,2272200000.0,0.0,221312500000.0,217732450000.0,0.0,68862500000.0,,,211937800000.0,,,15108443440.0,58900000.0,0.0,-129800000.0,-110500000.0,-400200000.0,-2516700000.0,-566900000.0,-248900000.0,3142500000.0,0.0,1264600000.0,1231600000.0,1231600000.0,0.0,16800000.0,0.116,3666500000.0,1576600000.0,0.0,0.328,1.45,12.267,12.378,607400000.0,33000000.0,51.37,1.418,1.418,1230000000.0,6420400000.0,10656300000.0,10656300000.0,0.0,0.006,0.119,0.007,0.146,85500000.0,3666500000.0,1.0,294110248.0,294110248.0,,36.232,220222700000.0,0.0,295200000.0,980500000.0,748.776,
26,PFG,MRT,2014-12-31,2014-12-31,2014-12-31,2021-07-29,50400000.0,219087000000.0,216256500000.0,,,0.048,34.679,-136000000.0,1863900000.0,1863900000.0,5408400000.0,1176400000.0,,20.502,2559200000.0,,,2559200000.0,0.0,169500000.0,34726700000.0,0.025,1.28,1462600000.0,1632100000.0,0.156,1632100000.0,1462600000.0,1462600000.0,3.7,3.65,3.7,10184000000.0,10222525000.0,10184000000.0,16637767460.0,11.0,10.194,2966900000.0,10.103,1.0,5069200000.0,0.484,2330900000.0,0.0,217451400000.0,214896475000.0,0.0,68433800000.0,,,208797000000.0,,,15253067460.0,-507900000.0,0.0,-145200000.0,-180100000.0,-376600000.0,-2438100000.0,-1172700000.0,-955000000.0,3102900000.0,0.0,1144100000.0,1111100000.0,1111100000.0,0.0,32300000.0,0.106,3574300000.0,1494900000.0,0.0,0.346,1.498,13.728,14.038,590200000.0,33000000.0,51.94,1.456,1.456,1213000000.0,6114100000.0,10477600000.0,10477600000.0,0.0,0.005,0.109,0.007,0.14,75300000.0,3574300000.0,1.0,293667067.0,293667067.0,,35.678,216756100000.0,0.0,318500000.0,1046800000.0,738.101,
27,PFG,MRT,2014-09-30,2014-09-30,2014-09-30,2021-07-29,380100000.0,216422800000.0,213532600000.0,,,0.048,35.101,-154200000.0,1270800000.0,1270800000.0,5186100000.0,1146500000.0,,19.968,2655500000.0,,,2655500000.0,0.0,162200000.0,34680800000.0,0.023,1.2,1448200000.0,1610400000.0,0.157,1610400000.0,1448200000.0,1448200000.0,3.57,3.53,3.57,10316400000.0,10097575000.0,10316400000.0,16356949184.0,11.0,10.157,2866700000.0,9.754,1.0,5056100000.0,0.494,2395800000.0,0.0,215411700000.0,212036700000.0,0.0,68094900000.0,,,205997700000.0,,,15421249184.0,-436300000.0,0.0,-107500000.0,-99800000.0,-353400000.0,-2836400000.0,-620800000.0,-586100000.0,3020900000.0,0.0,1107100000.0,1074100000.0,1074100000.0,0.0,39400000.0,0.105,3568500000.0,1487600000.0,0.0,0.336,1.495,14.357,14.697,590100000.0,33000000.0,52.47,1.506,1.506,1189300000.0,5945200000.0,10242200000.0,10242200000.0,0.0,0.005,0.106,0.007,0.141,75200000.0,3568500000.0,1.0,293906026.0,293906026.0,,34.849,214027000000.0,0.0,341100000.0,1168700000.0,728.216,
28,PFG,MRT,2014-06-30,2014-06-30,2014-06-30,2021-07-29,599400000.0,218322300000.0,209848750000.0,,,0.048,35.352,-140800000.0,1742300000.0,1742300000.0,5172800000.0,1152800000.0,,19.956,2678000000.0,,,2678000000.0,0.0,160200000.0,35188400000.0,0.022,1.12,1373400000.0,1533600000.0,0.153,1533600000.0,1373400000.0,1373400000.0,3.62,3.58,3.62,10401800000.0,9838075000.0,10401800000.0,16124483959.0,12.0,10.514,2674100000.0,9.088,1.0,4824700000.0,0.483,2503800000.0,0.0,216754200000.0,208214825000.0,0.0,68614400000.0,,,207580600000.0,,,14852783959.0,631800000.0,0.0,-97900000.0,-73900000.0,-330000000.0,-2382800000.0,199700000.0,154800000.0,2814900000.0,0.0,1112100000.0,1079100000.0,1079100000.0,0.0,40700000.0,0.108,3410600000.0,1414100000.0,0.0,0.309,1.428,13.764,13.945,574000000.0,33000000.0,50.48,1.486,1.486,1232300000.0,5816300000.0,9997500000.0,9997500000.0,0.0,0.005,0.11,0.007,0.137,71600000.0,3410600000.0,1.0,294231061.0,294231061.0,,33.978,215818500000.0,0.0,261300000.0,1089700000.0,733.5,
29,PFG,MRT,2014-03-31,2014-03-31,2014-03-31,2021-07-29,361800000.0,211193900000.0,204396350000.0,,,0.047,33.798,-115900000.0,1393100000.0,1393100000.0,5003000000.0,1070200000.0,,20.11,2664800000.0,,,2664800000.0,0.0,159500000.0,35736300000.0,0.022,1.03,1230100000.0,1389600000.0,0.145,1389600000.0,1230100000.0,1230100000.0,3.34,3.3,3.34,9987900000.0,9563475000.0,9987900000.0,13971248916.0,11.0,10.054,2100700000.0,7.108,1.0,4598400000.0,0.479,2497000000.0,0.0,209968600000.0,202901350000.0,0.0,68107100000.0,,,200855800000.0,,,13591048916.0,-268100000.0,0.0,-30100000.0,-161500000.0,-303500000.0,-1948500000.0,-536200000.0,-553400000.0,2216600000.0,0.0,1028100000.0,995100000.0,995100000.0,0.0,42100000.0,0.104,3326200000.0,1272200000.0,0.0,0.308,1.361,13.658,13.769,546000000.0,33000000.0,45.99,1.416,1.416,1199300000.0,5605300000.0,9601400000.0,9601400000.0,0.0,0.005,0.104,0.006,0.128,70700000.0,3326200000.0,1.0,295521829.0,295521829.0,,32.49,208696900000.0,0.0,202000000.0,896100000.0,706.198,
30,PFG,MRT,2013-12-31,2013-12-31,2013-12-31,2021-07-29,183200000.0,208191400000.0,201788600000.0,,,0.046,32.898,-59400000.0,2371800000.0,2371800000.0,4872600000.0,936100000.0,,20.463,2752000000.0,,,2752000000.0,0.0,153900000.0,35958300000.0,0.02,0.98,1100600000.0,1254500000.0,0.135,1254500000.0,1100600000.0,1100600000.0,2.99,2.95,2.99,9684200000.0,9497400000.0,9684200000.0,15577099000.0,14.0,12.417,2161800000.0,7.344,1.0,4416900000.0,0.475,2559300000.0,0.0,206012300000.0,200196950000.0,0.0,66756900000.0,,,198167200000.0,,,14515399000.0,-1805400000.0,-1268300000.0,-27800000.0,-72000000.0,-288400000.0,-2800300000.0,-1226300000.0,69700000.0,2221200000.0,0.0,912700000.0,879700000.0,879700000.0,0.0,23400000.0,0.095,3292900000.0,1124000000.0,0.0,0.328,1.499,16.5,16.492,500700000.0,33000000.0,49.31,1.563,1.563,1241000000.0,5405400000.0,9289500000.0,9289500000.0,0.0,0.004,0.093,0.005,0.118,68500000.0,3292900000.0,1.0,294370290.0,294370290.0,,31.557,205632100000.0,0.0,187900000.0,829200000.0,698.549,
31,PFG,MRT,2013-09-30,2013-09-30,2013-09-30,2021-07-29,-17700000.0,201687400000.0,190198300000.0,,,0.047,31.522,-26000000.0,1707100000.0,1707100000.0,4633300000.0,912400000.0,,20.702,2768800000.0,,,2768800000.0,0.0,147500000.0,36402700000.0,0.022,0.93,1056800000.0,1204300000.0,0.135,1204300000.0,1056800000.0,1056800000.0,2.93,2.91,2.93,9278400000.0,9497200000.0,9278400000.0,14247439638.0,13.0,11.83,2079000000.0,7.063,1.0,4279500000.0,0.48,2624900000.0,0.0,200124200000.0,188420625000.0,0.0,67268300000.0,,,192079500000.0,,,12604039638.0,-571900000.0,-1286200000.0,-69000000.0,397700000.0,-273400000.0,-1352000000.0,-1324900000.0,132700000.0,2105000000.0,0.0,894200000.0,861200000.0,861200000.0,0.0,18200000.0,0.097,3204500000.0,1075000000.0,0.0,0.317,1.358,14.635,14.614,479100000.0,33000000.0,42.82,1.414,1.414,1160700000.0,5249900000.0,8912800000.0,8912800000.0,0.0,0.005,0.091,0.006,0.119,65300000.0,3204500000.0,1.0,294349361.0,294349361.0,,30.28,199062500000.0,0.0,162600000.0,642500000.0,676.28,
32,PFG,MRT,2013-06-30,2013-06-30,2013-06-30,2021-07-29,-500000.0,196512700000.0,179574775000.0,,,0.052,31.707,-26100000.0,1110500000.0,1110500000.0,5185300000.0,852100000.0,,20.106,2753900000.0,,,2753900000.0,0.0,141100000.0,36269700000.0,0.023,0.88,929900000.0,1071000000.0,0.114,1071000000.0,929900000.0,929900000.0,2.74,2.72,2.74,9303400000.0,9634475000.0,9303400000.0,12164386902.0,13.0,11.358,2336300000.0,7.962,1.0,4192600000.0,0.447,2655800000.0,0.0,195500300000.0,177801200000.0,0.0,67781500000.0,,,187050200000.0,,,10988586902.0,-536100000.0,-1286200000.0,-105900000.0,739800000.0,-258500000.0,-191400000.0,-2707100000.0,-1298000000.0,2362400000.0,0.0,835700000.0,802700000.0,802700000.0,0.0,16400000.0,0.086,3246300000.0,946300000.0,0.0,0.321,1.181,13.69,13.668,476400000.0,33000000.0,37.45,1.172,1.172,1219000000.0,5125200000.0,9377900000.0,9377900000.0,0.0,0.004,0.083,0.005,0.099,62500000.0,3246300000.0,1.0,293420211.0,293420211.0,,31.961,193856900000.0,0.0,94200000.0,585900000.0,660.68,
33,PFG,MRT,2013-03-31,2013-03-31,2013-03-31,2021-07-29,621000000.0,200762900000.0,168459275000.0,,,0.055,33.141,-14900000.0,1661200000.0,1661200000.0,5201600000.0,794100000.0,,19.63,2837000000.0,,,2837000000.0,0.0,134200000.0,36701600000.0,0.024,0.83,897100000.0,1031300000.0,0.111,1031300000.0,897100000.0,897100000.0,2.54,2.53,2.54,9723600000.0,9664300000.0,9723600000.0,8519378431.0,9.0,8.261,2760100000.0,9.407,1.0,4084300000.0,0.44,2787700000.0,0.0,199151000000.0,166617875000.0,0.0,69425800000.0,,,190877400000.0,,,9984478431.0,9300000.0,-1348700000.0,-259300000.0,984400000.0,-244600000.0,-319500000.0,-2446200000.0,-967100000.0,2775000000.0,0.0,781000000.0,748000000.0,748000000.0,0.0,13100000.0,0.081,3174100000.0,910200000.0,0.0,0.327,1.027,13.348,13.398,472600000.0,33000000.0,34.03,1.075,1.075,1175200000.0,4971700000.0,9285900000.0,9285900000.0,0.0,0.004,0.077,0.005,0.097,58100000.0,3174100000.0,1.0,293402246.0,293402246.0,,31.649,197975200000.0,0.0,116100000.0,801200000.0,674.757,
34,PFG,MRT,2012-12-31,2012-12-31,2012-12-31,2021-07-29,640300000.0,161830200000.0,156703100000.0,,,0.059,32.983,-38900000.0,4177200000.0,4177200000.0,5321600000.0,825400000.0,,15.704,2712100000.0,,,2712100000.0,0.0,132100000.0,37786500000.0,0.027,0.78,941200000.0,1073300000.0,0.116,1073300000.0,941200000.0,941200000.0,2.6,2.58,2.6,9683400000.0,9574625000.0,9683400000.0,8302599643.0,9.0,7.736,3041900000.0,10.361,1.0,3893500000.0,0.423,1458100000.0,0.0,158907000000.0,154923550000.0,0.0,68811300000.0,,,152066400000.0,,,8373099643.0,1343300000.0,-80400000.0,-243800000.0,974000000.0,-231300000.0,-126200000.0,-1611300000.0,-1334900000.0,3080800000.0,0.0,806600000.0,773600000.0,773600000.0,0.0,18800000.0,0.084,2933500000.0,960000000.0,0.0,0.3,0.865,10.824,10.969,464200000.0,33000000.0,28.52,0.909,0.909,1084400000.0,4862000000.0,9215100000.0,9215100000.0,0.0,0.005,0.081,0.006,0.102,63800000.0,2933500000.0,1.0,293586944.0,293586944.0,,31.388,160372100000.0,0.0,134600000.0,615300000.0,546.251,
35,PFG,MRT,2012-09-30,2012-09-30,2012-09-30,2021-07-29,880800000.0,159193300000.0,153085975000.0,,,0.059,33.3,-59900000.0,2279000000.0,2279000000.0,5289400000.0,740700000.0,,15.191,2208500000.0,,,2208500000.0,0.0,131600000.0,37312200000.0,0.047,1.27,834200000.0,965800000.0,0.108,965800000.0,834200000.0,834200000.0,2.32,2.31,2.32,9827500000.0,9408250000.0,9827500000.0,8143719114.0,10.0,8.432,3141700000.0,10.646,1.0,3688600000.0,0.411,1476300000.0,0.0,157646500000.0,151403025000.0,0.0,69268300000.0,,,149286400000.0,,,7950519114.0,844800000.0,-333000000.0,-345300000.0,543200000.0,-383300000.0,-524600000.0,-1832200000.0,-1572700000.0,3201600000.0,0.0,725800000.0,692800000.0,692800000.0,0.0,14900000.0,0.077,2839500000.0,849100000.0,0.0,0.547,0.809,11.476,11.612,468400000.0,33000000.0,26.94,0.886,0.886,1192200000.0,4784300000.0,8978000000.0,8978000000.0,0.0,0.005,0.074,0.006,0.093,61100000.0,2839500000.0,1.0,295119492.0,295119492.0,,30.422,157717000000.0,0.0,108400000.0,958100000.0,534.417,
36,PFG,MRT,2012-06-30,2012-06-30,2012-06-30,2021-07-29,550500000.0,152050700000.0,149113225000.0,,,0.056,31.394,-63100000.0,1646600000.0,1646600000.0,4759800000.0,616400000.0,,15.129,1839800000.0,,,1839800000.0,0.0,126800000.0,36727500000.0,0.04,1.06,802700000.0,929500000.0,0.111,929500000.0,802700000.0,802700000.0,1.91,1.91,1.91,9422700000.0,9446450000.0,9422700000.0,7892752528.0,10.0,8.491,2366700000.0,7.885,1.0,3607100000.0,0.431,1476900000.0,0.0,150767000000.0,147547800000.0,0.0,67230700000.0,,,142555300000.0,,,7872652528.0,-523000000.0,-333000000.0,-496600000.0,155200000.0,-321700000.0,-1130000000.0,-1822800000.0,-1268200000.0,2429800000.0,0.0,610500000.0,577500000.0,577500000.0,0.0,5900000.0,0.069,2798500000.0,808600000.0,0.0,0.555,0.835,13.632,13.733,469700000.0,33000000.0,26.23,0.941,0.941,1097000000.0,4667100000.0,8366900000.0,8366900000.0,0.0,0.004,0.061,0.005,0.096,59900000.0,2798500000.0,1.0,300139250.0,300139250.0,,27.877,150573800000.0,0.0,192200000.0,571100000.0,501.68,
37,PFG,MRT,2012-03-31,2012-03-31,2012-03-31,2021-07-29,488100000.0,153738200000.0,148420150000.0,,,0.058,31.066,-70100000.0,1651900000.0,1651900000.0,4847100000.0,687000000.0,,15.375,1672000000.0,,,1672000000.0,0.0,121300000.0,36922500000.0,0.03,0.88,862500000.0,983800000.0,0.115,983800000.0,862500000.0,862500000.0,2.03,2.02,2.03,9364900000.0,9691325000.0,9364900000.0,7732011494.0,9.0,7.859,2349400000.0,7.794,1.0,3697600000.0,0.433,1384600000.0,0.0,152373700000.0,146762500000.0,0.0,67292000000.0,,,143986300000.0,,,8895911494.0,-332300000.0,-270500000.0,-588800000.0,-15400000.0,-268000000.0,-1143300000.0,-1608500000.0,-1210400000.0,2419500000.0,0.0,660200000.0,627200000.0,627200000.0,0.0,26800000.0,0.073,2808300000.0,889300000.0,0.0,0.433,0.95,14.184,14.537,476700000.0,33000000.0,29.51,1.041,1.041,1118800000.0,4548500000.0,8544700000.0,8544700000.0,0.0,0.004,0.065,0.006,0.101,59300000.0,2808300000.0,1.0,301454134.0,301454134.0,,28.345,152353600000.0,0.0,202300000.0,495700000.0,505.396,
38,PFG,MRT,2011-12-31,2011-12-31,2011-12-31,2021-07-29,258000000.0,147361700000.0,146873025000.0,,,0.059,29.552,-56900000.0,2833900000.0,2833900000.0,4826800000.0,674500000.0,,15.299,1670000000.0,,,1670000000.0,0.0,119900000.0,37676400000.0,0.028,0.7,836600000.0,956500000.0,0.11,956500000.0,836600000.0,836600000.0,1.92,1.91,1.92,9017900000.0,9897000000.0,9017900000.0,7716820109.0,9.0,8.068,2656400000.0,8.705,1.0,3843900000.0,0.443,1372900000.0,0.0,144824900000.0,145188650000.0,0.0,66151300000.0,,,137967800000.0,,,7506820109.0,956500000.0,-270500000.0,-530500000.0,-9000000.0,-213700000.0,-1554700000.0,-202100000.0,177400000.0,2713300000.0,0.0,638300000.0,605300000.0,605300000.0,0.0,36200000.0,0.07,2971100000.0,872800000.0,0.0,0.365,0.832,12.402,12.812,457200000.0,33000000.0,24.6,0.866,0.866,1196500000.0,4402300000.0,8670700000.0,8670700000.0,0.0,0.004,0.061,0.006,0.096,43400000.0,2971100000.0,1.0,305155289.0,305155289.0,,28.414,145988800000.0,0.0,198300000.0,211800000.0,478.408,
39,PFG,MRT,2011-09-30,2011-09-30,2011-09-30,2021-07-29,409200000.0,143302300000.0,146440375000.0,,,0.062,31.838,-42700000.0,1434200000.0,1434200000.0,4983300000.0,714200000.0,,13.328,1644200000.0,,,1644200000.0,0.0,120900000.0,36875000000.0,0.024,0.55,883800000.0,1004700000.0,0.111,1004700000.0,883800000.0,883800000.0,1.99,1.96,1.99,9980300000.0,10074475000.0,9980300000.0,6626897860.0,7.0,6.596,2704900000.0,8.629,1.0,4040700000.0,0.448,1286700000.0,0.0,142225600000.0,145048750000.0,0.0,66788800000.0,,,133012900000.0,,,7106497860.0,-834600000.0,0.0,-432900000.0,-59400000.0,-176200000.0,-3214700000.0,-367500000.0,-6400000.0,2747600000.0,0.0,667100000.0,634100000.0,634100000.0,0.0,47100000.0,0.07,3109800000.0,930900000.0,0.0,0.276,0.712,11.207,11.392,448200000.0,33000000.0,22.67,0.788,0.788,1237400000.0,5130300000.0,9024000000.0,9024000000.0,0.0,0.004,0.063,0.006,0.098,46000000.0,3109800000.0,1.0,313475865.0,313475865.0,,28.787,142015600000.0,0.0,216700000.0,710700000.0,453.035,
40,PFG,MRT,2011-06-30,2011-06-30,2011-06-30,2021-07-29,698800000.0,149278400000.0,146478950000.0,,,0.063,32.373,-31400000.0,2169600000.0,2169600000.0,5189700000.0,791000000.0,,13.325,1690000000.0,,,1690000000.0,0.0,164700000.0,36624600000.0,0.018,0.55,889700000.0,1054400000.0,0.114,1054400000.0,889700000.0,889700000.0,2.2,2.17,2.2,10402200000.0,10053275000.0,10402200000.0,9476919417.0,11.0,8.988,3061500000.0,9.528,1.0,4029200000.0,0.437,1173000000.0,0.0,147625800000.0,144921375000.0,0.0,65955900000.0,,,138610800000.0,,,9774519417.0,342300000.0,0.0,-214500000.0,-30900000.0,-176200000.0,-4005000000.0,1254400000.0,1330000000.0,3092900000.0,0.0,737400000.0,704400000.0,704400000.0,0.0,53600000.0,0.076,3085900000.0,943300000.0,0.0,0.25,0.94,13.876,13.827,448500000.0,33000000.0,30.42,1.06,1.06,1361700000.0,5066600000.0,9218900000.0,9218900000.0,0.0,0.005,0.07,0.006,0.097,45300000.0,3085900000.0,1.0,321318850.0,321318850.0,,28.691,148105400000.0,0.0,152300000.0,782300000.0,460.93,
41,PFG,MRT,2011-03-31,2011-03-31,2011-03-31,2021-07-29,525500000.0,147549700000.0,143308475000.0,,,0.064,31.756,-21400000.0,1984200000.0,1984200000.0,5334900000.0,686000000.0,,13.465,1686600000.0,,,1686600000.0,0.0,166200000.0,36609300000.0,0.017,0.55,759000000.0,925200000.0,0.101,925200000.0,759000000.0,759000000.0,1.94,1.92,1.94,10187600000.0,9685100000.0,10187600000.0,10115525499.0,13.0,10.933,3312600000.0,10.326,1.0,3821200000.0,0.417,1173800000.0,0.0,146078300000.0,141825775000.0,0.0,65356700000.0,,,137176900000.0,,,10301325499.0,354500000.0,0.0,14600000.0,-36000000.0,-176200000.0,-4184900000.0,1205400000.0,1388700000.0,3334000000.0,0.0,654100000.0,621100000.0,621100000.0,0.0,31900000.0,0.068,3030300000.0,790900000.0,0.0,0.284,1.011,16.586,16.552,448700000.0,33000000.0,32.11,1.125,1.125,1309900000.0,4808600000.0,9156100000.0,9156100000.0,0.0,0.004,0.064,0.005,0.083,46100000.0,3030300000.0,1.0,320813625.0,320813625.0,,28.54,146375900000.0,0.0,104900000.0,546300000.0,456.265,
42,PFG,MRT,2010-12-31,2010-12-31,2010-12-31,2021-07-29,272400000.0,145631100000.0,141630225000.0,,,0.065,30.366,-21500000.0,1877400000.0,1877400000.0,5424200000.0,680800000.0,,13.954,1691600000.0,,,1691600000.0,0.0,164700000.0,37301100000.0,0.017,0.55,767800000.0,932500000.0,0.101,932500000.0,767800000.0,767800000.0,1.97,1.95,1.97,9727800000.0,9277100000.0,9727800000.0,9876098499.0,13.0,10.591,2770200000.0,8.647,1.0,3774000000.0,0.41,1180000000.0,0.0,144265300000.0,140226450000.0,0.0,65977500000.0,,,135746100000.0,,,10430698499.0,-363000000.0,0.0,18000000.0,-7100000.0,-176200000.0,-3182200000.0,27500000.0,130200000.0,2791700000.0,0.0,662900000.0,629900000.0,629900000.0,0.0,17900000.0,0.068,2988300000.0,785700000.0,0.0,0.279,1.072,16.559,16.528,458700000.0,33000000.0,32.56,1.134,1.134,1063000000.0,4612300000.0,9198200000.0,9198200000.0,0.0,0.004,0.068,0.005,0.083,47600000.0,2988300000.0,1.0,320353148.0,320353148.0,,28.713,144451100000.0,0.0,104900000.0,416100000.0,450.912,
43,PFG,MRT,2010-09-30,2010-09-30,2010-09-30,2021-07-29,476800000.0,143456600000.0,139662300000.0,,,0.065,30.893,-17000000.0,2268800000.0,2268800000.0,5527700000.0,654000000.0,,13.483,1714200000.0,,,1714200000.0,0.0,165300000.0,38549500000.0,0.019,0.5,735000000.0,900300000.0,0.1,900300000.0,735000000.0,735000000.0,1.9,1.88,1.9,9895500000.0,8818525000.0,9895500000.0,8174047538.0,11.0,9.079,2361100000.0,7.371,1.0,3490800000.0,0.387,1185900000.0,0.0,141716100000.0,138151900000.0,0.0,67294600000.0,,,133422300000.0,,,8302447538.0,-972400000.0,0.0,17700000.0,9900000.0,-159500000.0,-3527000000.0,176500000.0,197800000.0,2378100000.0,0.0,641900000.0,608900000.0,608900000.0,0.0,12100000.0,0.068,2743700000.0,747100000.0,0.0,0.263,0.839,13.635,13.642,461100000.0,33000000.0,25.92,0.921,0.921,1294700000.0,4591600000.0,9018500000.0,9018500000.0,0.0,0.004,0.069,0.005,0.081,44400000.0,2743700000.0,1.0,320310476.0,320310476.0,,28.155,142270700000.0,0.0,93100000.0,562300000.0,444.165,
44,PFG,MRT,2010-06-30,2010-06-30,2010-06-30,2021-07-29,-351000000.0,136596500000.0,138143025000.0,,,0.065,27.928,-18300000.0,1827300000.0,1827300000.0,5533200000.0,706900000.0,,14.281,1698900000.0,,,1698900000.0,0.0,129000000.0,38849400000.0,0.021,0.5,809400000.0,938400000.0,0.104,938400000.0,809400000.0,809400000.0,2.04,2.01,2.04,8929500000.0,8221825000.0,8929500000.0,7574631961.0,9.0,8.072,2294100000.0,7.175,1.0,3467100000.0,0.385,1224700000.0,0.0,135243400000.0,136368875000.0,0.0,65897100000.0,,,127524800000.0,,,7494431961.0,-2501200000.0,0.0,-24700000.0,-488100000.0,-159500000.0,-4174600000.0,-639000000.0,-617300000.0,2312400000.0,0.0,684400000.0,651400000.0,651400000.0,0.0,22500000.0,0.072,2635200000.0,831900000.0,0.0,0.245,0.839,11.505,11.49,471700000.0,33000000.0,23.44,0.833,0.833,1232600000.0,4474800000.0,9000300000.0,9000300000.0,0.0,0.005,0.079,0.006,0.09,44000000.0,2635200000.0,1.0,319728326.0,319728326.0,,28.15,135371800000.0,0.0,125000000.0,199800000.0,423.396,
45,PFG,MRT,2010-03-31,2010-03-31,2010-03-31,2021-07-29,-577900000.0,140836700000.0,136670550000.0,,,0.065,26.781,-17200000.0,1629700000.0,1629700000.0,5538400000.0,726700000.0,,15.446,1709900000.0,,,1709900000.0,0.0,135100000.0,39367100000.0,0.017,0.5,846000000.0,981100000.0,0.11,981100000.0,846000000.0,846000000.0,2.14,2.11,2.14,8555600000.0,7413250000.0,8555600000.0,8777380011.0,10.0,8.946,1929100000.0,6.039,1.0,3386100000.0,0.379,1235900000.0,0.0,139681000000.0,134385125000.0,0.0,65524800000.0,,,132148500000.0,,,9331580011.0,-1069900000.0,-11500000.0,1124500000.0,-123000000.0,-159500000.0,-3567600000.0,551400000.0,586700000.0,1946300000.0,0.0,700700000.0,667700000.0,667700000.0,0.0,26000000.0,0.075,2514100000.0,872000000.0,0.0,0.234,1.091,13.976,13.65,480500000.0,33000000.0,29.21,1.046,1.046,1190700000.0,4340800000.0,8924500000.0,8924500000.0,0.0,0.005,0.09,0.006,0.095,42600000.0,2514100000.0,1.0,319465252.0,319465252.0,,27.936,139600800000.0,0.0,145300000.0,129000000.0,436.983,
46,PFG,MRT,2009-12-31,2009-12-31,2009-12-31,2021-07-29,-1042000000.0,137759400000.0,132270075000.0,,,0.067,24.749,-26200000.0,2240400000.0,2240400000.0,5576700000.0,645700000.0,,16.437,1686200000.0,,,1686200000.0,0.0,138500000.0,39801900000.0,0.021,0.5,722800000.0,861300000.0,0.097,861300000.0,722800000.0,722800000.0,1.98,1.97,1.98,7893500000.0,5931500000.0,7893500000.0,6119409216.0,8.0,7.105,2216800000.0,6.95,1.0,3272400000.0,0.37,1238100000.0,0.0,135967100000.0,129739475000.0,0.0,63936500000.0,,,129743000000.0,,,7667409216.0,-367600000.0,-45700000.0,1118900000.0,-128200000.0,-159500000.0,-3637400000.0,1026800000.0,1130300000.0,2243000000.0,0.0,622700000.0,589700000.0,589700000.0,0.0,23000000.0,0.067,2526600000.0,745800000.0,0.0,0.253,0.971,13.002,12.141,489300000.0,33000000.0,24.04,0.866,0.866,1065400000.0,4160700000.0,8849100000.0,8849100000.0,0.0,0.004,0.099,0.006,0.082,37200000.0,2526600000.0,1.0,318943811.0,318943811.0,,27.745,136521300000.0,0.0,100100000.0,123000000.0,428.042,
47,PFG,MRT,2009-09-30,2009-09-30,2009-09-30,2021-07-29,-1434100000.0,137379500000.0,129875825000.0,,,0.068,23.543,-42300000.0,3241200000.0,3241200000.0,5720100000.0,487200000.0,,17.283,1693200000.0,,,1693200000.0,0.0,144000000.0,40951700000.0,0.016,0.45,497500000.0,641500000.0,0.072,641500000.0,497500000.0,497500000.0,1.5,1.49,1.5,7508700000.0,4576325000.0,7508700000.0,6599951014.0,13.0,10.288,2109700000.0,6.615,1.0,3175900000.0,0.357,1247500000.0,0.0,134584000000.0,127263950000.0,0.0,63607000000.0,,,129772800000.0,,,8735651014.0,972200000.0,-45700000.0,1123800000.0,-29200000.0,-116700000.0,-3437100000.0,2257300000.0,2428900000.0,2152000000.0,0.0,473300000.0,440300000.0,440300000.0,0.0,13900000.0,0.049,2664500000.0,511400000.0,0.0,0.3,1.163,19.84,18.26,496800000.0,33000000.0,27.39,0.982,0.982,1135800000.0,4180200000.0,8896000000.0,8896000000.0,0.0,0.003,0.096,0.004,0.056,25600000.0,2664500000.0,1.0,318935780.0,318935780.0,,27.893,136132000000.0,0.0,24200000.0,118100000.0,426.832,
48,PFG,MRT,2009-06-30,2009-06-30,2009-06-30,2021-07-29,-3042400000.0,130706600000.0,131383375000.0,,,0.069,21.905,-72000000.0,4328500000.0,4328500000.0,6008700000.0,391700000.0,,21.936,2192800000.0,,,2192800000.0,0.0,144000000.0,41449800000.0,0.024,0.45,356600000.0,500600000.0,0.055,500600000.0,356600000.0,356600000.0,1.27,1.27,1.27,5695200000.0,4102300000.0,5695200000.0,4022184888.0,11.0,8.035,2494600000.0,9.595,1.0,3114800000.0,0.341,1262500000.0,0.0,127308400000.0,128995700000.0,0.0,60252700000.0,,,124930100000.0,,,4898284888.0,2804000000.0,-45700000.0,1163200000.0,606900000.0,-116700000.0,-404900000.0,642300000.0,951300000.0,2566600000.0,0.0,378700000.0,345700000.0,345700000.0,0.0,13000000.0,0.038,2745200000.0,369600000.0,0.0,0.354,0.86,14.169,14.835,506100000.0,33000000.0,18.84,0.537,0.537,1046500000.0,3995500000.0,9123500000.0,9123500000.0,0.0,0.003,0.084,0.003,0.039,21600000.0,2745200000.0,1.0,259993890.0,259993890.0,,35.091,129444100000.0,0.0,-22100000.0,119500000.0,497.874,
49,PFG,MRT,2009-03-31,2009-03-31,2009-03-31,2021-07-29,-4841100000.0,123234800000.0,136588450000.0,,,0.07,10.127,-92100000.0,2699600000.0,2699600000.0,6314500000.0,410800000.0,,45.852,1823500000.0,,,1823500000.0,0.0,144500000.0,42568300000.0,0.055,0.45,370100000.0,514600000.0,0.053,514600000.0,370100000.0,370100000.0,1.4,1.39,1.4,2628600000.0,4333475000.0,2628600000.0,1306608669.0,4.0,2.539,2084800000.0,8.032,1.0,3309300000.0,0.344,1260300000.0,0.0,121098400000.0,134723775000.0,0.0,58473400000.0,,,120525900000.0,,,2123208669.0,1578900000.0,-52200000.0,27800000.0,290200000.0,-116700000.0,1337000000.0,-1935000000.0,-1704600000.0,2176900000.0,0.0,396700000.0,363700000.0,363700000.0,0.0,14100000.0,0.038,2925100000.0,384200000.0,0.0,0.321,0.808,5.838,5.843,517200000.0,33000000.0,8.18,0.221,0.221,1183000000.0,3845200000.0,9623800000.0,9623800000.0,0.0,0.003,0.084,0.003,0.038,19600000.0,2925100000.0,1.0,259560962.0,259560962.0,,37.077,121974500000.0,0.0,-26600000.0,108600000.0,469.926,
50,PFG,MRT,2008-12-31,2008-12-31,2008-12-31,2021-07-29,-4911600000.0,128182400000.0,143780050000.0,,,0.069,9.535,-105000000.0,2608000000.0,2608000000.0,6487200000.0,465800000.0,,50.798,1791400000.0,,,1791400000.0,0.0,145000000.0,43086600000.0,0.02,0.45,453600000.0,598600000.0,0.06,598600000.0,453600000.0,453600000.0,1.64,1.63,1.64,2472800000.0,5386850000.0,2472800000.0,5313001430.0,12.0,8.876,2119800000.0,8.174,1.0,3448700000.0,0.347,1300800000.0,0.0,126065000000.0,142219850000.0,0.0,59107300000.0,,,125613100000.0,,,5853301430.0,1263600000.0,-20300000.0,30000000.0,142000000.0,-116700000.0,1956000000.0,-2917200000.0,-2670600000.0,2224800000.0,0.0,458100000.0,425100000.0,425100000.0,0.0,7700000.0,0.043,2987400000.0,461300000.0,0.0,0.274,2.367,13.769,13.762,518200000.0,33000000.0,22.57,0.589,0.589,988100000.0,3722500000.0,9935900000.0,9935900000.0,0.0,0.003,0.079,0.003,0.046,31500000.0,2987400000.0,1.0,259339895.0,259339895.0,,38.312,126881600000.0,0.0,-4500000.0,104700000.0,489.248,
51,PFG,MRT,2008-09-30,2008-09-30,2008-09-30,2021-07-29,-1887300000.0,143409700000.0,150364500000.0,,,0.068,21.657,-117500000.0,2269000000.0,2269000000.0,6694700000.0,536000000.0,,24.551,1728700000.0,,,1728700000.0,0.0,149400000.0,44238400000.0,0.021,0.9,504300000.0,653700000.0,0.064,653700000.0,504300000.0,504300000.0,1.82,1.81,1.82,5612600000.0,6624075000.0,5612600000.0,11345390901.0,22.0,17.356,1666600000.0,6.431,1.0,3526000000.0,0.345,1358400000.0,0.0,141511000000.0,149074550000.0,0.0,63080700000.0,,,137797100000.0,,,11270790901.0,-289700000.0,-27300000.0,-270900000.0,205300000.0,-235600000.0,3611600000.0,-5685600000.0,-5389800000.0,1784100000.0,0.0,499700000.0,466700000.0,466700000.0,-20600000.0,36300000.0,0.046,3006000000.0,520000000.0,0.0,0.495,2.008,24.15,23.896,510800000.0,33000000.0,43.49,1.103,1.103,1598400000.0,3847800000.0,10220700000.0,10220700000.0,0.0,0.003,0.07,0.003,0.049,53100000.0,3006000000.0,1.0,259158218.0,259158218.0,,39.438,142051300000.0,0.0,4600000.0,192100000.0,548.126,
52,PFG,MRT,2008-06-30,2008-06-30,2008-06-30,2021-07-29,-773900000.0,151526900000.0,153416550000.0,,,0.069,25.57,-101800000.0,1524500000.0,1524500000.0,6744200000.0,667800000.0,,21.89,1599100000.0,,,1599100000.0,0.0,134600000.0,42942100000.0,0.021,0.9,739600000.0,874200000.0,0.083,874200000.0,739600000.0,739600000.0,2.35,2.33,2.35,6619900000.0,7188000000.0,6619900000.0,11326907552.0,15.0,12.957,2010800000.0,7.767,1.0,3828300000.0,0.362,1380800000.0,0.0,150220700000.0,152010550000.0,0.0,65128900000.0,,,144907000000.0,,,10865907552.0,-333500000.0,-96400000.0,-479700000.0,46900000.0,-235600000.0,3341600000.0,-5788400000.0,-5426900000.0,2112600000.0,0.0,641900000.0,608900000.0,608900000.0,-20400000.0,25900000.0,0.058,3083200000.0,745100000.0,0.0,0.383,1.641,17.845,17.86,490900000.0,33000000.0,41.97,1.028,1.028,892100000.0,3757700000.0,10572500000.0,10572500000.0,0.0,0.004,0.085,0.005,0.07,61900000.0,3083200000.0,1.0,258897011.0,258897011.0,,40.837,150146100000.0,0.0,97700000.0,217800000.0,579.945,
53,PFG,MRT,2008-03-31,2008-03-31,2008-03-31,2021-07-29,-359100000.0,152001200000.0,153224400000.0,,,0.07,26.483,-111100000.0,1120700000.0,1120700000.0,6699900000.0,796800000.0,,21.216,1581700000.0,,,1581700000.0,0.0,131500000.0,40994600000.0,0.016,0.9,946100000.0,1077600000.0,0.1,1077600000.0,946100000.0,946100000.0,2.84,2.81,2.84,6842100000.0,7529700000.0,6842100000.0,14740978692.0,16.0,13.679,2621800000.0,10.148,1.0,4046300000.0,0.377,1379500000.0,0.0,151082700000.0,151750625000.0,0.0,64899400000.0,,,145159100000.0,,,14395778692.0,-355800000.0,-78400000.0,-591400000.0,-5500000.0,-235600000.0,1680100000.0,-4769500000.0,-4404000000.0,2732900000.0,0.0,777400000.0,744400000.0,744400000.0,-20200000.0,19400000.0,0.069,3101000000.0,945300000.0,0.0,0.317,2.104,19.339,19.62,481500000.0,33000000.0,55.72,1.34,1.34,940400000.0,3589400000.0,10746200000.0,10746200000.0,0.0,0.005,0.099,0.006,0.088,66000000.0,3101000000.0,1.0,258359273.0,258359273.0,,41.594,150621700000.0,0.0,168700000.0,247400000.0,582.993,
54,PFG,MRT,2007-12-31,2007-12-31,2007-12-31,2021-07-29,420200000.0,154520200000.0,151878450000.0,,,0.072,28.371,-98400000.0,1344400000.0,1344400000.0,6729100000.0,884500000.0,,19.82,1689600000.0,,,1689600000.0,0.0,130200000.0,40288900000.0,0.013,0.9,1068400000.0,1198600000.0,0.11,1198600000.0,1068400000.0,1068400000.0,3.12,3.09,3.12,7421700000.0,7845925000.0,7421700000.0,17029545923.0,16.0,14.208,2861600000.0,10.939,1.0,4177400000.0,0.383,1381600000.0,0.0,153483800000.0,150334875000.0,0.0,64365000000.0,,,147098500000.0,,,18008245923.0,-246400000.0,-76100000.0,-682700000.0,89100000.0,-235600000.0,1292100000.0,-4499200000.0,-4129500000.0,2960000000.0,0.0,860300000.0,827300000.0,827300000.0,-20200000.0,24200000.0,0.076,3105000000.0,1072400000.0,0.0,0.288,2.426,21.767,22.064,469000000.0,33000000.0,68.84,1.651,1.651,951200000.0,3414300000.0,10906500000.0,10906500000.0,0.0,0.005,0.105,0.007,0.098,72800000.0,3105000000.0,1.0,261595670.0,261595670.0,,41.692,153138600000.0,0.0,208100000.0,617900000.0,585.402,
55,PFG,MRT,2007-09-30,2007-09-30,2007-09-30,2021-07-29,388400000.0,155617900000.0,149162925000.0,,,0.073,29.623,-80300000.0,2558700000.0,2558700000.0,6485900000.0,1110300000.0,,18.778,1580000000.0,,,1580000000.0,0.0,107600000.0,39086300000.0,0.013,0.8,1437100000.0,1544700000.0,0.142,1544700000.0,1437100000.0,1437100000.0,4.03,3.98,4.03,7868300000.0,7955700000.0,7868300000.0,16494286374.0,11.0,10.678,3188400000.0,12.004,1.0,4418000000.0,0.405,1384200000.0,0.0,153255000000.0,147543700000.0,0.0,62901200000.0,,,147749600000.0,,,16757686374.0,1162100000.0,-801100000.0,-372200000.0,506200000.0,-214700000.0,1843800000.0,-3948300000.0,-3091700000.0,3268700000.0,0.0,1110300000.0,1077300000.0,1077300000.0,-28000000.0,0.0,0.099,3008900000.0,1409100000.0,0.0,0.199,2.13,15.555,15.655,450800000.0,33000000.0,63.09,1.537,1.537,904700000.0,3617300000.0,10903900000.0,10903900000.0,0.0,0.007,0.135,0.01,0.132,71700000.0,3008900000.0,1.0,265615571.0,265615571.0,,41.051,154233700000.0,0.0,326800000.0,689700000.0,580.665,
56,PFG,MRT,2007-06-30,2007-06-30,2007-06-30,2021-07-29,554000000.0,150758300000.0,144299850000.0,,,0.073,29.825,-73400000.0,1858000000.0,1858000000.0,6268000000.0,1129000000.0,,17.876,1594600000.0,,,1594600000.0,0.0,119300000.0,37476800000.0,0.014,0.8,1437000000.0,1556300000.0,0.148,1556300000.0,1437000000.0,1437000000.0,4.08,4.03,4.08,7986700000.0,7910650000.0,7986700000.0,15738751820.0,11.0,10.113,2883500000.0,10.768,1.0,4235900000.0,0.403,1313900000.0,0.0,149181000000.0,143037700000.0,0.0,61036700000.0,,,142771600000.0,,,15609451820.0,641100000.0,-763700000.0,-162200000.0,197900000.0,-214700000.0,567700000.0,-2880500000.0,-2100700000.0,2956900000.0,0.0,1129000000.0,1096000000.0,1096000000.0,-28600000.0,0.0,0.104,2827500000.0,1408400000.0,0.0,0.196,1.954,14.242,14.287,443400000.0,33000000.0,58.29,1.486,1.486,936100000.0,3385000000.0,10503900000.0,10503900000.0,0.0,0.008,0.139,0.01,0.137,80200000.0,2827500000.0,1.0,267789532.0,267789532.0,,39.224,149444400000.0,0.0,308000000.0,756100000.0,558.067,
57,PFG,MRT,2007-03-31,2007-03-31,2007-03-31,2021-07-29,897700000.0,146617400000.0,139467625000.0,,,0.073,30.264,-51400000.0,1476500000.0,1476500000.0,6141400000.0,1035700000.0,,17.085,1605800000.0,,,1605800000.0,0.0,111500000.0,37041000000.0,0.013,0.8,1321000000.0,1432500000.0,0.141,1432500000.0,1321000000.0,1321000000.0,3.71,3.67,3.71,8107000000.0,7625150000.0,8107000000.0,16084976575.0,12.0,11.229,2918900000.0,10.896,1.0,3990500000.0,0.394,1327000000.0,0.0,145419700000.0,138500950000.0,0.0,61180000000.0,,,138510400000.0,,,16037876575.0,-131700000.0,-763700000.0,-625900000.0,239200000.0,-214700000.0,522100000.0,-3621800000.0,-2806100000.0,2970300000.0,0.0,1035700000.0,1002700000.0,1002700000.0,-28700000.0,0.0,0.099,2698200000.0,1292300000.0,0.0,0.216,1.978,15.995,16.137,423200000.0,33000000.0,59.87,1.583,1.583,843500000.0,3081200000.0,10131900000.0,10131900000.0,0.0,0.007,0.131,0.01,0.13,83500000.0,2698200000.0,1.0,267878346.0,267878346.0,,37.823,145290400000.0,0.0,285300000.0,866600000.0,542.375,
58,PFG,MRT,2006-12-31,2006-12-31,2006-12-31,2021-07-29,846900000.0,143658100000.0,135806900000.0,,,0.073,29.14,-50500000.0,1591500000.0,1591500000.0,5983100000.0,1064300000.0,,17.275,1595400000.0,,,1595400000.0,0.0,101300000.0,36799000000.0,0.014,0.8,1360200000.0,1461500000.0,0.148,1461500000.0,1360200000.0,1360200000.0,3.78,3.74,3.78,7860800000.0,7498075000.0,7860800000.0,15426701752.0,11.0,10.555,2225000000.0,8.248,1.0,3890000000.0,0.394,1342900000.0,0.0,142319100000.0,134932975000.0,0.0,60313400000.0,,,135797300000.0,,,15835001752.0,-50500000.0,-769200000.0,-689600000.0,190800000.0,-214700000.0,1586500000.0,-3910400000.0,-3254900000.0,2275500000.0,0.0,1064300000.0,1031300000.0,1031300000.0,-28900000.0,0.0,0.104,2558700000.0,1331300000.0,0.0,0.212,2.014,15.354,15.529,422500000.0,33000000.0,58.7,1.604,1.604,1252300000.0,2824100000.0,9873100000.0,9873100000.0,0.0,0.008,0.138,0.01,0.138,71800000.0,2558700000.0,1.0,269761529.0,269761529.0,,36.599,142315200000.0,0.0,295900000.0,921400000.0,527.559,
59,PFG,MRT,2006-09-30,2006-09-30,2006-09-30,2021-07-29,777600000.0,136165600000.0,131651225000.0,,,0.074,28.55,-50100000.0,1396600000.0,1396600000.0,6021800000.0,1027100000.0,,16.711,988300000.0,,,988300000.0,0.0,104400000.0,36207200000.0,0.012,0.65,1286800000.0,1391200000.0,0.142,1391200000.0,1286800000.0,1286800000.0,3.6,3.57,3.6,7688100000.0,7484675000.0,7688100000.0,14718578982.0,11.0,10.58,2760900000.0,10.253,1.0,3766900000.0,0.385,526300000.0,0.0,135231000000.0,130924800000.0,0.0,59714200000.0,,,128477500000.0,,,14616878982.0,280000000.0,-37200000.0,-684800000.0,-184800000.0,-182200000.0,733000000.0,-3264900000.0,-3231300000.0,2811000000.0,0.0,1027100000.0,994100000.0,994100000.0,-13300000.0,0.0,0.102,2493400000.0,1273500000.0,0.0,0.181,1.901,14.704,15.078,419000000.0,33000000.0,54.28,1.493,1.493,682900000.0,2755800000.0,9788700000.0,9788700000.0,0.0,0.008,0.133,0.01,0.131,65300000.0,2493400000.0,1.0,269286643.0,269286643.0,,36.35,135639300000.0,0.0,259700000.0,893800000.0,503.699,
60,PFG,MRT,2006-06-30,2006-06-30,2006-06-30,2021-07-29,218500000.0,131429400000.0,127886200000.0,,,0.075,24.712,-49500000.0,1216900000.0,1216900000.0,5877800000.0,987300000.0,,18.202,1318600000.0,,,1318600000.0,0.0,98400000.0,35512600000.0,0.012,0.65,1242000000.0,1340400000.0,0.14,1340400000.0,1242000000.0,1242000000.0,3.42,3.39,3.42,6844700000.0,7512675000.0,6844700000.0,15095478005.0,12.0,11.262,2508500000.0,9.057,1.0,3679700000.0,0.385,497100000.0,0.0,131034000000.0,127288375000.0,0.0,58124000000.0,,,124584700000.0,,,15413678005.0,45300000.0,-9200000.0,-678800000.0,44200000.0,-182200000.0,274000000.0,-2786300000.0,-2840700000.0,2558000000.0,0.0,987300000.0,953100000.0,953100000.0,-13000000.0,0.0,0.1,2450700000.0,1229000000.0,0.0,0.19,2.252,16.172,16.272,420200000.0,34200000.0,55.65,1.613,1.613,626800000.0,2504800000.0,9557500000.0,9557500000.0,0.0,0.007,0.127,0.01,0.13,54800000.0,2450700000.0,1.0,276975346.0,276975346.0,,34.507,130932300000.0,0.0,254700000.0,611400000.0,472.722,
61,PFG,MRT,2006-03-31,2006-03-31,2006-03-31,2021-07-29,639300000.0,131974500000.0,124327000000.0,,,0.075,27.187,-35300000.0,1608200000.0,1608200000.0,5682400000.0,1007400000.0,,16.368,1290000000.0,,,1290000000.0,0.0,95400000.0,34552300000.0,0.013,0.65,1243700000.0,1339100000.0,0.144,1339100000.0,1243700000.0,1243700000.0,3.48,3.45,3.48,7598700000.0,7764525000.0,7598700000.0,13373485409.0,11.0,9.987,2698300000.0,9.654,1.0,3615700000.0,0.389,508500000.0,0.0,131147800000.0,123737275000.0,0.0,57874500000.0,,,124375800000.0,,,13639585409.0,1059700000.0,-10700000.0,-809400000.0,-298700000.0,-182200000.0,498500000.0,-2169400000.0,-2403700000.0,2733600000.0,0.0,1007400000.0,981500000.0,981500000.0,-28400000.0,0.0,0.106,2400400000.0,1215300000.0,0.0,0.187,1.795,13.897,14.023,420600000.0,25900000.0,48.8,1.467,1.467,673600000.0,2294300000.0,9298100000.0,9298100000.0,0.0,0.008,0.126,0.01,0.134,49900000.0,2400400000.0,1.0,279499701.0,279499701.0,,33.267,131466000000.0,0.0,236300000.0,712100000.0,470.362,
62,PFG,MRT,2005-12-31,2005-12-31,2005-12-31,2021-07-29,994800000.0,127035400000.0,119715650000.0,,,0.076,27.868,-44400000.0,1639300000.0,1639300000.0,5575900000.0,919000000.0,,15.272,1375200000.0,,,1375200000.0,0.0,98400000.0,33612100000.0,0.014,0.65,1150400000.0,1248800000.0,0.138,1248800000.0,1150400000.0,1150400000.0,3.13,3.11,3.13,7807200000.0,7700625000.0,7807200000.0,13357080997.0,12.0,10.696,2080900000.0,7.428,1.0,3463700000.0,0.383,484900000.0,0.0,126286400000.0,119477050000.0,0.0,57370700000.0,,,119228200000.0,,,13287580997.0,1188800000.0,-58100000.0,-808500000.0,264500000.0,-182200000.0,546700000.0,-1481700000.0,-1622600000.0,2125300000.0,0.0,919000000.0,901300000.0,901300000.0,-28800000.0,0.0,0.1,2342100000.0,1121600000.0,0.0,0.208,1.702,14.743,15.153,419800000.0,17700000.0,47.43,1.47,1.47,592700000.0,2008600000.0,9039600000.0,9039600000.0,0.0,0.008,0.117,0.01,0.127,48800000.0,2342100000.0,1.0,280151402.0,280151402.0,,32.267,126550500000.0,0.0,231400000.0,974800000.0,451.722,
63,PFG,MRT,2005-09-30,2005-09-30,2005-09-30,2021-07-29,1164500000.0,121105500000.0,116406325000.0,,,0.076,27.887,-41200000.0,1116600000.0,1116600000.0,5390400000.0,877300000.0,,14.526,1186100000.0,,,1186100000.0,0.0,100800000.0,33085600000.0,0.012,0.55,1137800000.0,1238600000.0,0.14,1238600000.0,1137800000.0,1137800000.0,2.98,2.94,2.98,7800100000.0,7634900000.0,7800100000.0,13373653186.0,12.0,10.797,1360300000.0,4.863,1.0,3429500000.0,0.389,489700000.0,0.0,120685300000.0,116416275000.0,0.0,57011600000.0,,,113305400000.0,,,13249453186.0,-1285400000.0,-205000000.0,-1075500000.0,208100000.0,-166500000.0,218900000.0,-2402500000.0,-2606200000.0,1401500000.0,0.0,877300000.0,867900000.0,867900000.0,-14500000.0,0.0,0.098,2306200000.0,1123300000.0,0.0,0.185,1.699,15.266,15.896,416900000.0,9400000.0,47.37,1.502,1.502,1109700000.0,1943900000.0,8819900000.0,8819900000.0,0.0,0.007,0.114,0.01,0.129,48600000.0,2306200000.0,1.0,279701355.0,279701355.0,,31.533,120615800000.0,0.0,260500000.0,1026100000.0,431.231,
64,PFG,MRT,2005-06-30,2005-06-30,2005-06-30,2021-07-29,1453900000.0,117192600000.0,113574050000.0,,,0.077,26.729,-41200000.0,1171600000.0,1171600000.0,5345200000.0,956700000.0,,13.925,1295800000.0,,,1295800000.0,0.0,100200000.0,33322900000.0,0.013,0.55,1190800000.0,1291000000.0,0.149,1291000000.0,1190800000.0,1190800000.0,3.19,3.15,3.19,7852100000.0,7608475000.0,7852100000.0,13370338923.0,11.0,10.357,1867100000.0,6.356,1.0,3345000000.0,0.385,487200000.0,0.0,116829600000.0,113363925000.0,0.0,57709000000.0,,,109340500000.0,,,12309038923.0,-805900000.0,603500000.0,-1365800000.0,-389700000.0,-166500000.0,555600000.0,-2768200000.0,-3952400000.0,1908300000.0,0.0,956700000.0,956700000.0,956700000.0,-118500000.0,0.0,0.11,2272700000.0,1072300000.0,0.0,0.172,1.568,12.866,13.135,419300000.0,0.0,41.9,1.416,1.416,719600000.0,1733900000.0,8690200000.0,8690200000.0,0.0,0.008,0.126,0.011,0.137,45400000.0,2272700000.0,1.0,293771812.0,293771812.0,,29.581,116705400000.0,0.0,234100000.0,1197300000.0,397.265,
65,PFG,MRT,2005-03-31,2005-03-31,2005-03-31,2021-07-29,1046400000.0,113529100000.0,112119125000.0,,,0.076,24.515,-59800000.0,548500000.0,548500000.0,5304000000.0,837500000.0,,14.461,1609800000.0,,,1609800000.0,0.0,104000000.0,32488700000.0,0.014,0.55,1046500000.0,1150500000.0,0.136,1150500000.0,1046500000.0,1046500000.0,2.74,2.7,2.74,7343100000.0,7430225000.0,7343100000.0,12201643225.0,12.0,10.606,1381600000.0,4.613,1.0,3165500000.0,0.374,483500000.0,0.0,114106900000.0,111957600000.0,0.0,56533500000.0,,,106186000000.0,,,11528943225.0,-665600000.0,619900000.0,-885400000.0,90300000.0,-166500000.0,1402700000.0,-3010000000.0,-4028200000.0,1441400000.0,0.0,837500000.0,837500000.0,837500000.0,-94000000.0,0.0,0.099,2213000000.0,952500000.0,0.0,0.201,1.57,13.766,14.047,436500000.0,0.0,38.49,1.361,1.361,573800000.0,1495000000.0,8469500000.0,8469500000.0,0.0,0.007,0.113,0.009,0.124,46400000.0,2213000000.0,1.0,299530871.0,299530871.0,,28.276,113045600000.0,0.0,209000000.0,992100000.0,377.409,
66,PFG,MRT,2004-12-31,2004-12-31,2004-12-31,2021-07-29,1313300000.0,113798100000.0,111440050000.0,,,0.075,24.577,-47500000.0,450600000.0,450600000.0,5256200000.0,825600000.0,,14.084,1125200000.0,,,1125200000.0,0.0,105700000.0,32183300000.0,0.013,0.55,1003800000.0,1109500000.0,0.133,1109500000.0,1003800000.0,1003800000.0,2.64,2.62,2.64,7544300000.0,7591200000.0,7544300000.0,11657051284.0,12.0,10.507,1984000000.0,6.463,1.0,3064700000.0,0.368,429400000.0,0.0,114043300000.0,111515650000.0,0.0,56843100000.0,,,106253800000.0,,,12566951284.0,-1240400000.0,566600000.0,-731400000.0,-726500000.0,-166500000.0,414100000.0,-3184600000.0,-4165800000.0,2031500000.0,0.0,825600000.0,825600000.0,825600000.0,-130400000.0,0.0,0.099,2185600000.0,879100000.0,0.0,0.208,1.666,15.222,15.508,429400000.0,0.0,40.94,1.51,1.51,628500000.0,1289500000.0,8320900000.0,8320900000.0,0.0,0.007,0.109,0.009,0.121,43400000.0,2185600000.0,1.0,306960217.0,306960217.0,,27.107,113368700000.0,0.0,178200000.0,1408700000.0,369.327,
67,PFG,MRT,2004-09-30,2004-09-30,2004-09-30,2021-07-29,1282200000.0,109776400000.0,109929125000.0,,,0.075,24.551,-48000000.0,1902500000.0,1902500000.0,5241600000.0,816000000.0,,13.267,992600000.0,,,992600000.0,0.0,114400000.0,31547200000.0,0.013,0.45,974000000.0,1088400000.0,0.132,1088400000.0,974000000.0,974000000.0,2.57,2.54,2.57,7694400000.0,7555025000.0,7694400000.0,11493364606.0,12.0,10.56,2829900000.0,9.029,1.0,2992800000.0,0.363,390600000.0,0.0,108475900000.0,110090375000.0,0.0,55235300000.0,,,102082000000.0,,,11273364606.0,1474600000.0,680000000.0,-555300000.0,-674200000.0,-145300000.0,964600000.0,-2559900000.0,-3622500000.0,2877900000.0,0.0,816000000.0,816000000.0,816000000.0,-109400000.0,0.0,0.099,2122500000.0,870300000.0,0.0,0.175,1.465,13.815,13.996,431500000.0,0.0,35.97,1.369,1.369,874900000.0,1242500000.0,8234400000.0,8234400000.0,0.0,0.007,0.108,0.009,0.118,37300000.0,2122500000.0,1.0,313410192.0,313410192.0,,26.274,109385800000.0,0.0,158000000.0,1849300000.0,349.018,
68,PFG,MRT,2004-06-30,2004-06-30,2004-06-30,2021-07-29,761100000.0,111372900000.0,108413675000.0,,,0.075,22.365,-44500000.0,1475900000.0,1475900000.0,5184700000.0,701700000.0,,14.6,1695900000.0,,,1695900000.0,0.0,115900000.0,30130200000.0,0.013,0.45,874800000.0,990700000.0,0.122,990700000.0,874800000.0,874800000.0,2.18,2.16,2.18,7139100000.0,7490500000.0,7139100000.0,13034630744.0,15.0,13.157,2034300000.0,6.373,1.0,2933100000.0,0.361,388600000.0,0.0,111204300000.0,109967800000.0,0.0,52701500000.0,,,104233800000.0,,,11101830744.0,475200000.0,-132100000.0,-354600000.0,-64300000.0,-145300000.0,659600000.0,-2455200000.0,-2654100000.0,2078800000.0,0.0,701700000.0,701700000.0,701700000.0,-24500000.0,0.0,0.086,2073700000.0,859400000.0,0.0,0.206,1.555,15.821,15.954,436400000.0,0.0,34.78,1.368,1.368,594300000.0,943700000.0,8117800000.0,8117800000.0,0.0,0.006,0.094,0.008,0.108,33000000.0,2073700000.0,1.0,319201574.0,319201574.0,,25.432,110984300000.0,0.0,173100000.0,1074500000.0,347.693,
69,PFG,MRT,2004-03-31,2004-03-31,2004-03-31,2021-07-29,1539600000.0,110812800000.0,105225875000.0,,,0.077,24.898,-35300000.0,1608600000.0,1608600000.0,5148300000.0,784200000.0,,12.874,3541400000.0,,,3541400000.0,0.0,116600000.0,28913700000.0,0.013,0.45,973100000.0,1089700000.0,0.135,1089700000.0,973100000.0,973100000.0,2.42,2.41,2.42,7987000000.0,7590475000.0,7987000000.0,14121682078.0,15.0,12.959,2737500000.0,8.534,1.0,2941300000.0,0.364,406500000.0,0.0,112339100000.0,106878250000.0,0.0,55992500000.0,,,102825800000.0,,,11429482078.0,247200000.0,-143300000.0,-244500000.0,-428000000.0,-145300000.0,-235700000.0,-2481900000.0,-2929200000.0,2772800000.0,0.0,784200000.0,784200000.0,784200000.0,-83800000.0,0.0,0.097,2042900000.0,898400000.0,0.0,0.186,1.431,14.575,14.723,443300000.0,0.0,35.63,1.413,1.413,543700000.0,824000000.0,8089600000.0,8089600000.0,0.0,0.007,0.103,0.009,0.12,27300000.0,2042900000.0,1.0,320782545.0,320782545.0,,25.218,110406300000.0,0.0,188900000.0,1995800000.0,344.178,
70,PFG,MRT,2003-12-31,2003-12-31,2003-12-31,2021-07-29,1171300000.0,107754400000.0,100482800000.0,,,0.079,22.911,-28600000.0,1192500000.0,1192500000.0,5163700000.0,746300000.0,,13.562,2077100000.0,,,2077100000.0,0.0,114200000.0,28896400000.0,0.014,0.45,921900000.0,1036100000.0,0.13,1036100000.0,921900000.0,921900000.0,2.29,2.28,2.29,7399600000.0,7302925000.0,7399600000.0,15229254108.0,17.0,14.699,2979400000.0,9.225,1.0,2819000000.0,0.353,296800000.0,0.0,108342200000.0,101977275000.0,0.0,53214400000.0,,,100354800000.0,,,10680554108.0,654300000.0,-95300000.0,-434700000.0,100700000.0,-145300000.0,959900000.0,-3505600000.0,-3655400000.0,3008000000.0,0.0,746300000.0,746300000.0,746300000.0,-105000000.0,0.0,0.093,1998700000.0,820300000.0,0.0,0.197,1.443,14.311,14.441,445200000.0,0.0,33.07,1.338,1.338,714900000.0,630400000.0,7982700000.0,7982700000.0,0.0,0.007,0.102,0.009,0.115,22600000.0,1998700000.0,1.0,322968071.0,322968071.0,,24.717,107457600000.0,0.0,175600000.0,1312800000.0,332.719,
71,PFG,MRT,2003-09-30,2003-09-30,2003-09-30,2021-07-29,1202400000.0,103714600000.0,96009525000.0,,,0.076,22.975,-39200000.0,1008000000.0,1008000000.0,5117900000.0,757800000.0,,12.947,5556700000.0,,,5556700000.0,0.0,109000000.0,28086100000.0,0.008,0.25,713900000.0,822900000.0,0.113,822900000.0,713900000.0,713900000.0,2.28,2.28,2.28,7436300000.0,7117325000.0,7436300000.0,10531050194.0,15.0,12.797,2463600000.0,7.611,1.0,2170500000.0,0.298,277700000.0,0.0,107985600000.0,97522900000.0,0.0,56376200000.0,,,96278300000.0,,,10030650194.0,-9100000.0,431100000.0,-602500000.0,30300000.0,-83800000.0,-199800000.0,-2312100000.0,-3603700000.0,2502800000.0,0.0,757800000.0,757800000.0,757800000.0,-240300000.0,0.0,0.104,1693500000.0,477000000.0,0.0,0.11,1.349,13.237,13.592,450400000.0,0.0,30.99,1.376,1.376,792200000.0,571800000.0,7288400000.0,7288400000.0,0.0,0.008,0.106,0.007,0.098,19300000.0,1693500000.0,1.0,323673772.0,323673772.0,,22.518,103436900000.0,0.0,-43900000.0,1716400000.0,319.571,
72,PFG,MRT,2003-06-30,2003-06-30,2003-06-30,2021-07-29,1420600000.0,98621700000.0,92148550000.0,,,0.079,23.034,-39000000.0,1525200000.0,1525200000.0,5175500000.0,414900000.0,,12.082,2025600000.0,,,2025600000.0,0.0,106100000.0,28179400000.0,0.008,0.25,317600000.0,423700000.0,0.058,423700000.0,317600000.0,317600000.0,1.25,1.26,1.25,7539000000.0,6916750000.0,7539000000.0,11682818783.0,37.0,27.573,3780700000.0,11.551,1.0,2136700000.0,0.292,276000000.0,0.0,98846100000.0,92835350000.0,0.0,53143900000.0,,,91082700000.0,,,10555518783.0,31200000.0,439400000.0,-757700000.0,156200000.0,-83800000.0,84000000.0,-3872500000.0,-4748200000.0,3819700000.0,0.0,414900000.0,414900000.0,414900000.0,-20100000.0,0.0,0.057,1839200000.0,297500000.0,0.0,0.2,1.4,25.441,25.8,459000000.0,0.0,32.25,1.444,1.444,438800000.0,387300000.0,7312200000.0,7312200000.0,0.0,0.005,0.06,0.003,0.043,21000000.0,1839200000.0,1.0,327302908.0,327302908.0,,22.341,98345700000.0,0.0,-97300000.0,1822200000.0,300.473,
73,PFG,MRT,2003-03-31,2003-03-31,2003-03-31,2021-07-29,841500000.0,91840500000.0,90041475000.0,,,0.085,21.347,-49100000.0,966900000.0,966900000.0,5503800000.0,332900000.0,,12.433,2094200000.0,,,2094200000.0,0.0,104500000.0,27366800000.0,0.009,0.25,217500000.0,322000000.0,0.042,322000000.0,217500000.0,217500000.0,0.97,1.74,0.97,6836800000.0,6699525000.0,6836800000.0,9550825846.0,44.0,29.661,4102100000.0,12.808,1.0,2192400000.0,0.285,232600000.0,0.0,92735200000.0,90568650000.0,0.0,50639600000.0,,,85003700000.0,,,8692125846.0,172900000.0,388100000.0,-895200000.0,56500000.0,-83800000.0,-379800000.0,-3598500000.0,-4173300000.0,4151200000.0,0.0,332900000.0,332900000.0,332900000.0,26200000.0,0.0,0.043,1948700000.0,243700000.0,0.0,0.258,1.271,26.11,27.979,470500000.0,0.0,27.14,1.129,1.129,543700000.0,185100000.0,7696200000.0,7696200000.0,0.0,0.004,0.05,0.002,0.028,14000000.0,1948700000.0,1.0,320269928.0,320269928.0,,24.03,91607900000.0,0.0,-115400000.0,1390700000.0,286.033,
74,PFG,MRT,2002-12-31,2002-12-31,2002-12-31,2021-07-29,635800000.0,89861300000.0,89271025000.0,,,0.085,19.761,-59000000.0,1038600000.0,1038600000.0,5514100000.0,142300000.0,,12.498,1897300000.0,,,1897300000.0,0.0,104900000.0,26315000000.0,0.008,0.25,67400000.0,172300000.0,0.023,172300000.0,67400000.0,67400000.0,0.41,0.41,0.41,6657200000.0,6639825000.0,6657200000.0,11297062317.0,168.0,65.566,3839600000.0,11.397,1.0,2113100000.0,0.277,195300000.0,0.0,90524700000.0,89731275000.0,0.0,48995600000.0,,,83204100000.0,,,10150562317.0,172400000.0,446300000.0,-720400000.0,7300000.0,-83800000.0,-721200000.0,-3005000000.0,-4044000000.0,3898600000.0,0.0,142300000.0,142300000.0,142300000.0,23200000.0,0.0,0.019,1741600000.0,371500000.0,0.0,0.61,1.525,71.332,73.488,482500000.0,0.0,30.13,1.331,1.331,459700000.0,29400000.0,7627200000.0,7627200000.0,0.0,0.002,0.021,0.001,0.009,10500000.0,1741600000.0,1.0,336892211.0,336892211.0,,22.64,89666000000.0,0.0,-74900000.0,1177700000.0,266.156,
75,PFG,MRT,2002-09-30,2002-09-30,2002-09-30,2021-07-29,507900000.0,88270700000.0,88893325000.0,,,0.096,19.125,-65500000.0,631500000.0,631500000.0,5501800000.0,-54500000.0,,12.306,1778000000.0,,,1778000000.0,0.0,108200000.0,26470500000.0,0.0,0.0,78700000.0,186900000.0,0.022,186900000.0,78700000.0,78700000.0,-0.17,0.6,-0.17,6634000000.0,6680600000.0,6634000000.0,9562685159.0,122.0,51.165,4496000000.0,12.961,1.0,3049100000.0,0.357,181800000.0,0.0,89235400000.0,89478550000.0,0.0,47916200000.0,,,81636700000.0,,,9081385159.0,513700000.0,-53500000.0,1170600000.0,-416400000.0,0.0,-609600000.0,-3438200000.0,-3106100000.0,4561500000.0,0.0,-54500000.0,-54500000.0,-54500000.0,197900000.0,0.0,-0.006,2491600000.0,557500000.0,0.0,0.0,1.369,-166.631,-154.0,484200000.0,0.0,26.18,1.062,1.062,786600000.0,-102200000.0,8550900000.0,8550900000.0,0.0,-0.001,-0.008,0.001,0.009,7400000.0,2491600000.0,1.0,346882550.0,346882550.0,,24.651,88088900000.0,0.0,133200000.0,1226500000.0,253.944,
76,PFG,MRT,2002-06-30,2002-06-30,2002-06-30,2021-07-29,163000000.0,90193400000.0,87814450000.0,,,0.102,18.6,-71600000.0,1261100000.0,1261100000.0,5867500000.0,219700000.0,,12.522,1742400000.0,,,1742400000.0,0.0,79100000.0,26013400000.0,0.0,0.0,385000000.0,464100000.0,0.052,464100000.0,385000000.0,385000000.0,0.61,1.37,0.61,6670100000.0,6726850000.0,6670100000.0,12596047411.0,33.0,27.141,3964700000.0,11.056,1.0,3092500000.0,0.345,895400000.0,0.0,89779300000.0,88324850000.0,0.0,46170200000.0,,,83523300000.0,,,11116847411.0,929800000.0,-48900000.0,1400600000.0,-421200000.0,0.0,-1068300000.0,-2038200000.0,-1906600000.0,4036300000.0,0.0,219700000.0,219700000.0,219700000.0,1000000.0,0.0,0.025,2425600000.0,666900000.0,0.0,0.0,1.667,50.6,50.82,514900000.0,0.0,31.0,1.241,1.241,1092400000.0,56200000.0,8960000000.0,8960000000.0,0.0,0.003,0.033,0.004,0.043,0.0,2425600000.0,1.0,358607981.0,358607981.0,,24.986,89298000000.0,0.0,165300000.0,969600000.0,249.013,
77,PFG,MRT,2002-03-31,2002-03-31,2002-03-31,2021-07-29,-27600000.0,88758700000.0,86573525000.0,,,0.101,18.286,-83400000.0,557500000.0,557500000.0,5608500000.0,218600000.0,,12.452,2036700000.0,,,2036700000.0,0.0,90100000.0,25115600000.0,0.0,0.0,383700000.0,473800000.0,0.054,473800000.0,383700000.0,383700000.0,,,,6598000000.0,6691425000.0,6598000000.0,10395106200.0,27.0,21.94,3641400000.0,10.092,1.0,3100700000.0,0.356,852200000.0,0.0,89385700000.0,87297875000.0,0.0,45451100000.0,,,82160700000.0,,,9128906200.0,99000000.0,-1300000.0,1639300000.0,95200000.0,0.0,-748000000.0,-2877800000.0,-2367000000.0,3724800000.0,0.0,218600000.0,218600000.0,218600000.0,4800000.0,0.0,0.025,2431300000.0,669400000.0,0.0,,1.384,41.761,,515600000.0,0.0,25.3,1.048,1.048,494700000.0,-64000000.0,8709200000.0,8709200000.0,0.0,0.003,0.033,0.004,0.044,0.0,2431300000.0,1.0,360826332.0,360826332.0,,24.137,87906500000.0,0.0,165100000.0,757600000.0,243.626,
78,PFG,MRT,2001-12-31,2001-12-31,2001-12-31,2021-07-29,147500000.0,88350500000.0,86377700000.0,,,0.099,18.172,-59100000.0,561200000.0,561200000.0,5795800000.0,358800000.0,,11.954,1890000000.0,,,1890000000.0,0.0,103400000.0,24684400000.0,0.0,0.0,442200000.0,545600000.0,0.063,545600000.0,442200000.0,442200000.0,0.99,0.99,0.99,6820300000.0,6536400000.0,6820300000.0,10873745048.0,25.0,19.93,3853500000.0,10.267,1.0,2796800000.0,0.325,165500000.0,0.0,89513800000.0,86706100000.0,0.0,44779000000.0,,,81530200000.0,,,9007545048.0,-229800000.0,-19000000.0,1651600000.0,-3100000.0,0.0,-404400000.0,-3738000000.0,-3272900000.0,3912600000.0,0.0,358800000.0,358800000.0,358800000.0,11200000.0,0.0,0.042,2332700000.0,464100000.0,0.0,0.0,1.321,25.105,24.242,494200000.0,0.0,24.0,1.048,1.048,489000000.0,-29100000.0,8592600000.0,8592600000.0,0.0,0.004,0.055,0.005,0.051,0.0,2332700000.0,1.0,375314377.0,375314377.0,,22.894,88185000000.0,0.0,83400000.0,888700000.0,234.963,
79,PFG,MRT,2001-09-30,2001-09-30,2001-09-30,2021-07-29,166300000.0,83955200000.0,,,,,18.942,-14800000.0,231100000.0,231100000.0,5966300000.0,541200000.0,,11.312,2097300000.0,,,2097300000.0,0.0,56000000.0,25009600000.0,,0.0,699800000.0,755800000.0,0.086,755800000.0,699800000.0,699800000.0,,,,6819000000.0,,6819000000.0,,,,4326200000.0,12.017,1.0,2864300000.0,0.324,1200800000.0,0.0,84620600000.0,,0.0,45520400000.0,,,77136200000.0,,,,-560100000.0,-2100000.0,0.0,209500000.0,0.0,-39500000.0,-4861600000.0,-4534000000.0,4341000000.0,0.0,541200000.0,541200000.0,541200000.0,-4400000.0,0.0,0.061,2158200000.0,706100000.0,0.0,,,,,508400000.0,0.0,,,,553800000.0,6652700000.0,8830600000.0,8830600000.0,0.0,,,,0.079,0.0,2158200000.0,1.0,360000000.0,360000000.0,,24.529,82754400000.0,0.0,158600000.0,920000000.0,229.873,
80,PFG,MRT,2001-06-30,2001-06-30,2001-06-30,2021-07-29,-8500000.0,85229700000.0,,,,,18.134,-25000000.0,371900000.0,371900000.0,5559400000.0,599300000.0,,12.055,2066500000.0,,,2066500000.0,0.0,99900000.0,25073100000.0,,0.0,778600000.0,878500000.0,0.103,878500000.0,778600000.0,778600000.0,,,,6528400000.0,,6528400000.0,,,,3765900000.0,10.461,1.0,2990000000.0,0.35,1252900000.0,0.0,85671400000.0,,0.0,44403200000.0,,,78701300000.0,,,,-179000000.0,-19400000.0,0.0,409600000.0,0.0,795400000.0,-4765300000.0,-4759200000.0,3790900000.0,0.0,599300000.0,599300000.0,599300000.0,-8500000.0,0.0,0.07,2209200000.0,780800000.0,0.0,,,,,513400000.0,0.0,,,,572300000.0,6536900000.0,8549400000.0,8549400000.0,0.0,,,,0.091,0.0,2209200000.0,1.0,360000000.0,360000000.0,,23.748,83976800000.0,0.0,179300000.0,743700000.0,233.269,
81,PFG,MRT,2001-03-31,2001-03-31,2001-03-31,2021-07-29,,,,,,,,,,,,,,,,,,,,,,,0.0,,,,,,,,,,,,,,,,,,1.0,,,,,,,,,,,,,,,,,,,,,,,,,,,,,,,,,,,,,,,,,,,,,,,,,,,,,,1.0,,,,,,,,,,
82,PFG,MRT,2000-12-31,2000-12-31,2000-12-31,2021-07-29,-60000000.0,84404900000.0,,,,,,-19100000.0,926600000.0,926600000.0,5545000000.0,620200000.0,,12.499,1796000000.0,,,1796000000.0,0.0,99800000.0,24300200000.0,,0.0,848700000.0,948500000.0,0.11,948500000.0,848700000.0,848700000.0,,,,6252500000.0,,6252500000.0,,,,2773100000.0,,1.0,3049200000.0,0.355,1375900000.0,0.0,83898400000.0,,0.0,42090600000.0,,,78152400000.0,,,,391900000.0,-27400000.0,0.0,21800000.0,0.0,-1006900000.0,-1393400000.0,-1814800000.0,2792200000.0,0.0,620200000.0,620200000.0,620200000.0,-8500000.0,0.0,0.072,2209000000.0,840200000.0,0.0,,,,,507000000.0,0.0,,,,505700000.0,6312500000.0,8594200000.0,8594200000.0,0.0,,,,0.099,0.0,2209000000.0,1.0,,,,,83029000000.0,0.0,228500000.0,595800000.0,,
83,PFG,MRT,2000-09-30,2000-09-30,2000-09-30,2021-07-29,,,,,,,,,,,,,,,,,,,,,,,0.0,,,,,,,,,,,,,,,,,,1.0,,,,,,,,,,,,,,,,,,,,,,,,,,,,,,,,,,,,,,,,,,,,,,,,,,,,,,1.0,,,,,,,,,,
84,PFG,MRT,1999-12-31,1999-12-31,1999-12-31,2021-07-29,,,,,,,,-32000000.0,,,5565500000.0,742100000.0,,,,,,,,117100000.0,,,0.0,1065600000.0,1182700000.0,0.136,1182700000.0,1065600000.0,1065600000.0,,,,,,,,,,2074000000.0,,1.0,3135900000.0,0.36,,0.0,,,,,,,,,,,108700000.0,-1112900000.0,0.0,1100200000.0,0.0,1343900000.0,-3341200000.0,-2562800000.0,2106000000.0,0.0,742100000.0,742100000.0,742100000.0,0.0,0.0,0.085,2070300000.0,1065600000.0,,,,,,,0.0,,,,,,8701400000.0,8701400000.0,0.0,,,,0.122,0.0,2070300000.0,1.0,,,,,,,323500000.0,,,
