None,ticker,dimension,calendardate,datekey,reportperiod,lastupdated,accoci,assets,assetsavg,assetsc,assetsnc,assetturnover,bvps,capex,cashneq,cashnequsd,cor,consolinc,currentratio,de,debt,debtc,debtnc,debtusd,deferredrev,depamor,deposits,divyield,dps,ebit,ebitda,ebitdamargin,ebitdausd,ebitusd,ebt,eps,epsdil,epsusd,equity,equityavg,equityusd,ev,evebit,evebitda,fcf,fcfps,fxusd,gp,grossmargin,intangibles,intexp,invcap,invcapavg,inventory,investments,investmentsc,investmentsnc,liabilities,liabilitiesc,liabilitiesnc,marketcap,ncf,ncfbus,ncfcommon,ncfdebt,ncfdiv,ncff,ncfi,ncfinv,ncfo,ncfx,netinc,netinccmn,netinccmnusd,netincdis,netincnci,netmargin,opex,opinc,payables,payoutratio,pb,pe,pe1,ppnenet,prefdivis,price,ps,ps1,receivables,retearn,revenue,revenueusd,rnd,roa,roe,roic,ros,sbcomp,sgna,sharefactor,sharesbas,shareswa,shareswadil,sps,tangibles,taxassets,taxexp,taxliabilities,tbvps,workingcapital
0,PFG,ARY,2020-12-31,2021-02-12,2020-12-31,2021-07-29,2383100000,296627700000,273331450000.0,,,0.054,60.741,-108800000.0,2849800000,2849800000,8401700000.0,1428500000.0,,16.895,4363900000,,,4363900000,0,251900000.0,43237700000,0.041,2.24,1660800000.0,1912700000.0,0.13,1912700000.0,1660800000.0,1660800000.0,5.08,5.05,5.08,16558900000,15090100000.0,16558900000,16270678661.0,10.0,8.507,3629800000.0,13.315,1.0,6340000000.0,0.43,3434000000,0.0,294707800000,270888775000.0,0,106306900000,,,279754800000,,,14756578661.0,333900000.0,0.0,-264200000.0,530500000.0,-614500000.0,1621100000.0,-5025800000.0,-4852900000.0,3738600000.0,0.0,1395800000.0,1395800000.0,1395800000.0,0.0,32700000.0,0.095,4646500000.0,1693500000.0,0,0.441,0.891,10.572,10.656,1019000000,0.0,54.13,1.001,1.001,1723800000,11838000000,14741700000.0,14741700000.0,0.0,0.005,0.092,0.006,0.113,87600000.0,4646500000.0,1.0,272613683,272613683.0,,54.075,293193700000,0,265000000.0,2353100000,1075.492,
1,PFG,ARY,2019-12-31,2020-02-14,2019-12-31,2021-07-29,1037900000,276087800000,268416025000.0,,,0.06,53.217,-132400000.0,2515900000,2515900000,10024900000.0,1444100000.0,,17.864,3827500000,,,3827500000,0,226800000.0,41367500000,0.04,2.227,1643400000.0,1870200000.0,0.115,1870200000.0,1643400000.0,1643400000.0,5.0,4.96,5.0,14618000000,14037825000.0,14618000000,16793012975.0,10.0,8.979,5360800000.0,19.516,1.0,6197200000.0,0.382,3480500000,0.0,273918900000,266351400000.0,0,96351400000,,,261137100000,,,15481412975.0,-461600000.0,-1208500000.0,-243300000.0,530200000.0,-606000000.0,1733700000.0,-7688500000.0,-5954800000.0,5493200000.0,0.0,1394200000.0,1394200000.0,1394200000.0,0.0,49900000.0,0.086,4503900000.0,1693300000.0,0,0.445,1.059,11.104,11.272,967700000,0.0,56.36,0.954,0.954,1740300000,11074300000,16222100000.0,16222100000.0,0.0,0.005,0.099,0.006,0.101,82600000.0,4503900000.0,1.0,274687952,274687952.0,,59.056,272607300000,0,249200000.0,1812800000,992.425,
2,PFG,ARY,2018-12-31,2019-02-13,2018-12-31,2021-07-29,-1565100000,243036100000,251883725000.0,,,0.057,40.925,-92300000.0,2977500000,2977500000,8316100000.0,1553700000.0,,20.298,3302500000,,,3302500000,0,205100000.0,39699700000,0.043,2.1,1777200000.0,1982300000.0,0.139,1982300000.0,1777200000.0,1777200000.0,5.41,5.36,5.41,11390000000,11729250000.0,11390000000,14020816488.0,8.0,7.073,5064200000.0,18.196,1.0,5921100000.0,0.416,2415100000,0.0,240946000000,250062700000.0,0,84766600000,,,231188900000,,,13695816488.0,506700000.0,-184700000.0,-607600000.0,88000000.0,-598600000.0,1052700000.0,-5702500000.0,-5186300000.0,5156500000.0,0.0,1546500000.0,1546500000.0,1546500000.0,0.0,7200000.0,0.109,4136700000.0,1784400000.0,0,0.388,1.202,8.856,9.096,767300000,0.0,49.21,0.962,0.962,1413100000,10290200000,14237200000.0,14237200000.0,0.0,0.006,0.132,0.007,0.125,77400000.0,4136700000.0,1.0,278313686,278313686.0,,51.155,240621000000,0,230700000.0,983700000,864.568,
3,PFG,ARY,2017-12-31,2018-02-09,2017-12-31,2021-07-29,165500000,253941200000,244381175000.0,,,0.058,44.36,-164800000.0,2470800000,2470800000,7947200000.0,2324500000.0,,18.75,3217900000,,,3217900000,0,195700000.0,38082500000,0.03,1.87,2238100000.0,2433800000.0,0.173,2433800000.0,2238100000.0,2238100000.0,8.0,7.88,8.0,12849300000,11657475000.0,12849300000,18529131136.0,8.0,7.613,4023200000.0,13.89,1.0,6146000000.0,0.436,2383500000,0.0,252304800000,243017725000.0,0,82102700000,,,240918000000,,,17782031136.0,-248800000.0,0.0,-57900000.0,-69200000.0,-540000000.0,-384000000.0,-4052800000.0,-4299100000.0,4188000000.0,0.0,2310400000.0,2310400000.0,2310400000.0,0.0,14100000.0,0.164,3893800000.0,2252200000.0,0,0.234,1.384,7.697,7.674,759500000,0.0,61.39,1.262,1.262,1469800000,9482900000,14093200000.0,14093200000.0,0.0,0.009,0.198,0.009,0.159,82700000.0,3893800000.0,1.0,289656803,289656803.0,,48.655,251557700000,0,-72300000.0,1109200000,868.468,
4,PFG,ARY,2016-12-31,2017-02-08,2016-12-31,2021-07-29,-675200000,228014300000,224756525000.0,,,0.055,35.576,-154900000.0,2719600000,2719600000,7069800000.0,1361800000.0,,21.279,3177100000,,,3177100000,0,186600000.0,37953600000,0.027,1.61,1546400000.0,1733000000.0,0.14,1733000000.0,1546400000.0,1546400000.0,4.55,4.5,4.55,10227300000,10390800000.0,10227300000,17660112969.0,11.0,10.19,3702900000.0,12.881,1.0,5324300000.0,0.43,2346100000,0.0,226125700000,223335400000.0,0,75835500000,,,217623000000,,,17202612969.0,154800000.0,0.0,-239500000.0,-274600000.0,-464900000.0,1450900000.0,-5153900000.0,-5060500000.0,3857800000.0,0.0,1316500000.0,1316500000.0,1316500000.0,0.0,45300000.0,0.106,3732600000.0,1591700000.0,0,0.354,1.682,13.067,13.152,699000000,0.0,59.84,1.388,1.388,1361900000,7720400000,12394100000.0,12394100000.0,0.0,0.006,0.127,0.007,0.125,84400000.0,3732600000.0,1.0,287476821,287476821.0,,43.113,225668200000,0,229900000.0,985300000,784.996,
5,PFG,ARY,2015-12-31,2016-02-10,2015-12-31,2021-07-29,-882500000,218685900000,219704225000.0,,,0.054,31.93,-136400000.0,2564800000,2564800000,6861200000.0,1253200000.0,,22.469,3471900000,,,3471900000,0,193000000.0,35716100000,0.042,1.5,1411600000.0,1604600000.0,0.134,1604600000.0,1411600000.0,1411600000.0,4.11,4.06,4.11,9311600000,9761975000.0,9311600000,11408538036.0,8.0,7.11,4240700000.0,14.542,1.0,5103200000.0,0.427,2368200000,0.0,217224800000,218400350000.0,0,69820500000,,,209222800000,,,10501438036.0,700900000.0,-291200000.0,-224500000.0,909300000.0,-441000000.0,-508600000.0,-3167600000.0,-2641200000.0,4377100000.0,0.0,1234000000.0,1209300000.0,1209300000.0,0.0,19200000.0,0.101,3672400000.0,1430800000.0,0,0.365,1.128,8.684,8.762,633800000,24700000.0,36.01,0.878,0.878,1429300000,6875900000,11964400000.0,11964400000.0,0.0,0.006,0.124,0.006,0.118,84500000.0,3672400000.0,1.0,291625605,291625605.0,,41.027,216317700000,0,177600000.0,715600000,741.765,
6,PFG,ARY,2014-12-31,2015-02-11,2014-12-31,2021-07-29,50400000,219087000000,216256500000.0,,,0.048,34.626,-136000000.0,1863900000,1863900000,5408400000.0,1176400000.0,,20.502,2559200000,,,2559200000,0,169500000.0,34726700000,0.026,1.28,1462600000.0,1632100000.0,0.156,1632100000.0,1462600000.0,1462600000.0,3.7,3.65,3.7,10184000000,10222525000.0,10184000000,15427282322.0,11.0,9.452,2966900000.0,10.088,1.0,5069200000.0,0.484,2330900000,0.0,217451400000,214896475000.0,0,68433800000,,,208797000000,,,14731982322.0,-507900000.0,0.0,-145200000.0,-180100000.0,-376600000.0,-2438100000.0,-1172700000.0,-955000000.0,3102900000.0,0.0,1144100000.0,1111100000.0,1111100000.0,0.0,32300000.0,0.106,3574300000.0,1494900000.0,0,0.346,1.447,13.259,13.538,590200000,33000000.0,50.09,1.406,1.406,1213000000,6114100000,10477600000.0,10477600000.0,0.0,0.005,0.109,0.007,0.14,75300000.0,3574300000.0,1.0,294110248,294110248.0,,35.625,216756100000,0,318500000.0,1046800000,736.989,
7,PFG,ARY,2013-12-31,2014-02-12,2013-12-31,2021-07-29,183200000,208191400000,201788600000.0,,,0.046,32.77,-59400000.0,2371800000,2371800000,4872600000.0,936100000.0,,20.463,2752000000,,,2752000000,0,153900000.0,35958300000,0.022,0.98,1100600000.0,1254500000.0,0.135,1254500000.0,1100600000.0,1100600000.0,2.99,2.95,2.99,9684200000,9497400000.0,9684200000,13371339603.0,12.0,10.659,2161800000.0,7.315,1.0,4416900000.0,0.475,2559300000,0.0,206012300000,200196950000.0,0,66756900000,,,198167200000,,,12991139603.0,-1805400000.0,-1268300000.0,-27800000.0,-72000000.0,-288400000.0,-2800300000.0,-1226300000.0,69700000.0,2221200000.0,0.0,912700000.0,879700000.0,879700000.0,0.0,23400000.0,0.095,3292900000.0,1124000000.0,0,0.328,1.341,14.768,14.702,500700000,33000000.0,43.96,1.398,1.398,1241000000,5405400000,9289500000.0,9289500000.0,0.0,0.004,0.093,0.005,0.118,68500000.0,3292900000.0,1.0,295521829,295521829.0,,31.434,205632100000,0,187900000.0,829200000,695.827,
8,PFG,ARY,2012-12-31,2013-02-13,2012-12-31,2021-07-29,631900000,161926500000,156727175000.0,,,0.059,33.242,-38900000.0,4177200000,4177200000,5321600000.0,824700000.0,,15.594,2712100000,,,2712100000,0,141300000.0,37786500000,0.025,0.78,940600000.0,1081900000.0,0.117,1081900000.0,940600000.0,940600000.0,2.6,2.57,2.6,9753200000,9592075000.0,9753200000,7765334659.0,8.0,7.177,3042000000.0,10.368,1.0,3893500000.0,0.423,1470600000,0.0,158990800000,154944500000.0,0,68811300000,,,152092900000,,,9230434659.0,1343300000.0,-80400000.0,-243800000.0,974000000.0,-231300000.0,-126200000.0,-1611400000.0,-1334900000.0,3080900000.0,0.0,805900000.0,772900000.0,772900000.0,0.0,18800000.0,0.084,2934100000.0,959400000.0,0,0.3,0.946,11.943,12.1,464200000,33000000.0,31.46,1.002,1.002,1084400000,4940200000,9215100000.0,9215100000.0,0.0,0.005,0.081,0.006,0.102,63800000.0,2934100000.0,1.0,293402246,293402246.0,,31.408,160455900000,0,134700000.0,641800000,546.88,
9,PFG,ARY,2011-12-31,2012-02-15,2011-12-31,2021-07-29,201900000,148298000000,147107100000.0,,,0.059,31.968,-56900000.0,2833900000,2833900000,4664300000.0,751200000.0,,14.349,1670000000,,,1670000000,0,115800000.0,37676400000,0.026,0.7,951400000.0,1067200000.0,0.123,1067200000.0,951400000.0,951400000.0,2.17,2.15,2.17,9637000000,10051775000.0,9637000000,6824634551.0,7.0,6.395,2656400000.0,8.812,1.0,4045300000.0,0.464,1372900000,0.0,145761200000,145422725000.0,0,66153500000,,,138285000000,,,7988534551.0,956500000.0,-270500000.0,-530500000.0,-9000000.0,-213700000.0,-1554700000.0,-202100000.0,177400000.0,2713300000.0,0.0,715000000.0,682000000.0,682000000.0,0.0,36200000.0,0.078,3057700000.0,987600000.0,0,0.323,0.829,11.713,12.212,457200000,33000000.0,26.5,0.917,0.917,1245200000,5077500000,8709600000.0,8709600000.0,0.0,0.005,0.068,0.007,0.109,43400000.0,3057700000.0,1.0,301454134,301454134.0,,28.892,146925100000,0,236400000.0,536500000,487.388,
10,PFG,ARY,2010-12-31,2011-02-16,2010-12-31,2021-07-29,272400000,145631100000,141630225000.0,,,0.065,30.322,-21500000.0,1877400000,1877400000,5558300000.0,717200000.0,,13.954,1691600000,,,1691600000,0,164700000.0,37301100000,0.016,0.55,823400000.0,988100000.0,0.108,988100000.0,823400000.0,823400000.0,2.08,2.06,2.08,9727800000,9277100000.0,9727800000,10587121528.0,13.0,10.715,2770200000.0,8.635,1.0,3600300000.0,0.393,1180000000,0.0,144265300000,140226450000.0,0,65977500000,,,135746100000,,,10772921528.0,-363000000.0,0.0,18000000.0,-7100000.0,-176200000.0,-3182200000.0,27500000.0,130200000.0,2791700000.0,0.0,699300000.0,666300000.0,666300000.0,0.0,17900000.0,0.073,2759000000.0,841300000.0,0,0.264,1.107,16.168,16.144,458700000,33000000.0,33.58,1.176,1.176,1063000000,4612300000,9158600000.0,9158600000.0,0.0,0.005,0.072,0.006,0.09,47600000.0,2759000000.0,1.0,320813625,320813625.0,,28.548,144451100000,0,124100000.0,416100000,450.265,
11,PFG,ARY,2009-12-31,2010-02-17,2009-12-31,2021-07-29,-1042000000,137759400000,132270075000.0,,,0.067,24.708,-26200000.0,2240400000,2240400000,5576700000.0,645700000.0,,16.437,1686200000,,,1686200000,0,138500000.0,39801900000,0.022,0.5,722800000.0,861300000.0,0.097,861300000.0,722800000.0,722800000.0,1.98,1.97,1.98,7893500000,5931500000.0,7893500000,6742386356.0,9.0,7.828,2216800000.0,6.939,1.0,3272400000.0,0.37,1238100000,0.0,135967100000,129739475000.0,0,63936500000,,,129743000000,,,7296586356.0,-367600000.0,-45700000.0,1118900000.0,-128200000.0,-159500000.0,-3637400000.0,1026800000.0,1130300000.0,2243000000.0,0.0,622700000.0,589700000.0,589700000.0,0.0,23000000.0,0.067,2526600000.0,745800000.0,0,0.253,0.924,12.373,11.535,489300000,33000000.0,22.84,0.825,0.825,1065400000,4160700000,8849100000.0,8849100000.0,0.0,0.004,0.099,0.006,0.082,37200000.0,2526600000.0,1.0,319465252,319465252.0,,27.7,136521300000,0,100100000.0,123000000,427.343,
12,PFG,ARY,2008-12-31,2009-02-18,2008-12-31,2021-07-29,-4911600000,128182400000,143780050000.0,,,0.069,9.527,-105000000.0,2608000000,2608000000,6487200000.0,458100000.0,,50.837,1791400000,,,1791400000,0,145000000.0,43086600000,0.043,0.45,453600000.0,598600000.0,0.06,598600000.0,453600000.0,453600000.0,1.64,1.63,1.64,2472800000,5386850000.0,2472800000,1921768149.0,4.0,3.21,2119800000.0,8.167,1.0,3448700000.0,0.347,1300800000,0.0,126065000000,142219850000.0,0,59107300000,,,125709600000,,,2738368149.0,1263600000.0,-20300000.0,30000000.0,142000000.0,-116700000.0,1956000000.0,-2917200000.0,-2670600000.0,2224800000.0,0.0,458100000.0,425100000.0,425100000.0,0.0,0.0,0.043,2995100000.0,453600000.0,0,0.274,1.107,6.442,6.433,518200000,33000000.0,10.55,0.276,0.276,988100000,3722500000,9935900000.0,9935900000.0,0.0,0.003,0.079,0.003,0.046,31500000.0,2995100000.0,1.0,259560962,259560962.0,,38.28,126881600000,0,-4500000.0,104700000,488.832,
13,PFG,ARY,2007-12-31,2008-02-27,2007-12-31,2021-07-29,420200000,154520200000,151878450000.0,,,0.072,28.726,-98400000.0,1344400000,1344400000,6729100000.0,860300000.0,,19.82,1689600000,,,1689600000,0,130200000.0,40288900000,0.015,0.9,1068400000.0,1198600000.0,0.11,1198600000.0,1068400000.0,1068400000.0,3.12,3.09,3.12,7421700000,7845925000.0,7421700000,15919096976.0,15.0,13.281,2861600000.0,11.076,1.0,4177400000.0,0.383,1381600000,0.0,153483800000,150334875000.0,0,64365000000,,,147098500000,,,15573896976.0,-246400000.0,-76100000.0,-682700000.0,89100000.0,-235600000.0,1292100000.0,-4499200000.0,-4129500000.0,2960000000.0,0.0,860300000.0,827300000.0,827300000.0,-20200000.0,0.0,0.076,3129200000.0,1048200000.0,0,0.288,2.098,18.825,19.321,469000000,33000000.0,60.28,1.428,1.428,951200000,3414300000,10906500000.0,10906500000.0,0.0,0.005,0.105,0.007,0.098,72800000.0,3129200000.0,1.0,258359273,258359273.0,,42.214,153138600000,0,208100000.0,617900000,592.735,
14,PFG,ARY,2006-12-31,2007-02-28,2006-12-31,2021-07-29,846900000,143658100000,135806900000.0,,,0.073,29.345,-50500000.0,1590800000,1590800000,5983100000.0,1064300000.0,,17.275,1637900000,,,1637900000,0,105300000.0,36799000000,0.013,0.8,1359300000.0,1464600000.0,0.148,1464600000.0,1359300000.0,1359300000.0,3.78,3.74,3.78,7860800000,7498075000.0,7860800000,16352854921.0,12.0,11.165,2228000000.0,8.317,1.0,3887400000.0,0.394,1342900000,0.0,142362300000,134943775000.0,0,60366800000,,,135797300000,,,16305754921.0,-50500000.0,-769200000.0,-689600000.0,190200000.0,-214700000.0,1585900000.0,-3912900000.0,-3257400000.0,2278500000.0,0.0,1064300000.0,1031300000.0,1031300000.0,-30600000.0,0.0,0.104,2558700000.0,1328700000.0,0,0.212,2.074,15.811,16.103,422500000,33000000.0,60.87,1.652,1.652,1252300000,2824100000,9870500000.0,9870500000.0,0.0,0.008,0.138,0.01,0.138,71800000.0,2558700000.0,1.0,267878346,267878346.0,,36.847,142315200000,0,295000000.0,921400000,531.268,
15,PFG,ARY,2005-12-31,2006-03-02,2005-12-31,2021-07-29,994800000,127035400000,119715650000.0,,,0.075,27.933,-44400000.0,1641300000,1641300000,5575900000.0,919000000.0,,15.272,1375200000,,,1375200000,0,101600000.0,33612100000,0.013,0.65,1151400000.0,1253000000.0,0.139,1253000000.0,1151400000.0,1151400000.0,3.13,3.11,3.13,7807200000,7700625000.0,7807200000,13258890531.0,12.0,10.582,2339800000.0,8.371,1.0,3431800000.0,0.381,484900000,0.0,126284400000,119476550000.0,0,57470000000,,,119228200000,,,13524990531.0,1188800000.0,-58100000.0,-808500000.0,264000000.0,-182200000.0,414500000.0,-1608000000.0,-1748900000.0,2384200000.0,0.0,919000000.0,901300000.0,901300000.0,-27100000.0,0.0,0.1,2307500000.0,1124300000.0,0,0.208,1.732,15.006,15.46,419800000,17700000.0,48.39,1.501,1.501,592700000,2008600000,9007700000.0,9007700000.0,0.0,0.008,0.117,0.01,0.128,48800000.0,2307500000.0,1.0,279499701,279499701.0,,32.228,126550500000,0,232400000.0,974800000,452.775,
16,PFG,ARY,2004-12-31,2005-03-04,2004-12-31,2021-07-29,1313300000,113798100000,111440050000.0,,,0.075,25.187,-47500000.0,452500000,452500000,5256200000.0,825600000.0,,14.084,1125200000,,,1125200000,0,110800000.0,32183300000,0.014,0.55,1004700000.0,1115500000.0,0.134,1115500000.0,1004700000.0,1004700000.0,2.64,2.62,2.64,7544300000,7591200000.0,7544300000,12321455573.0,12.0,11.046,2208400000.0,7.373,1.0,3047500000.0,0.367,429400000,0.0,114041400000,111515175000.0,0,56918600000,,,106253800000,,,11648755573.0,-740000000.0,566600000.0,-731400000.0,-726500000.0,-166500000.0,182800000.0,-3178700000.0,-4166200000.0,2255900000.0,0.0,825600000.0,825600000.0,825600000.0,-128800000.0,0.0,0.099,2165900000.0,881600000.0,0,0.208,1.544,14.109,14.731,429400000,0.0,38.89,1.403,1.403,628500000,1289500000,8303700000.0,8303700000.0,0.0,0.007,0.109,0.009,0.121,43400000.0,2165900000.0,1.0,299530871,299530871.0,,27.722,113368700000,0,179100000.0,1409600000,378.488,
17,PFG,ARY,2003-12-31,2004-03-03,2003-12-31,2021-07-29,1171300000,107754400000,100496525000.0,,,0.094,23.067,1000000.0,1692900000,1692900000,5169200000.0,746300000.0,,13.562,4385100000,,,4385100000,0,117100000.0,28902500000,0.012,0.45,972100000.0,1089200000.0,0.116,1089200000.0,972100000.0,972100000.0,2.29,2.28,2.29,7399600000,7310875000.0,7399600000,14429633322.0,15.0,13.248,3714800000.0,11.58,1.0,4235000000.0,0.45,305600000,0.0,110141000000,102440700000.0,0,55577800000,,,100354800000,,,11737433322.0,654300000.0,-95300000.0,-434700000.0,-1234400000.0,-145300000.0,-511200000.0,-2548300000.0,-1724700000.0,3713800000.0,0.0,746300000.0,746300000.0,746300000.0,-21800000.0,0.0,0.079,3281300000.0,953700000.0,0,0.197,1.586,15.728,15.978,447800000,0.0,36.59,1.248,1.248,719800000,630400000,9404200000.0,9404200000.0,0.0,0.007,0.102,0.009,0.103,22600000.0,3281300000.0,1.0,320782545,320782545.0,,29.316,107448800000,0,225800000.0,1734000000,334.958,
18,PFG,ARY,2002-12-31,2003-03-05,2002-12-31,2021-07-29,635800000,89861300000,89271025000.0,,,0.099,20.786,-50900000.0,1038600000,1038600000,5533500000.0,142300000.0,,12.498,1897300000,,,1897300000,0,106000000.0,26315000000,0.009,0.25,188200000.0,294200000.0,0.033,294200000.0,188200000.0,188200000.0,0.41,0.41,0.41,6657200000,6639825000.0,6657200000,9678933817.0,51.0,32.899,5513100000.0,17.214,1.0,3289000000.0,0.373,195300000,0.0,90524700000,89731275000.0,0,48995600000,,,83204100000,,,8820233817.0,477400000.0,446300000.0,-720400000.0,7300000.0,-83800000.0,-1008500000.0,-4078100000.0,-4213600000.0,5564000000.0,0.0,142300000.0,142300000.0,142300000.0,196700000.0,0.0,0.016,2623200000.0,665800000.0,0,0.61,1.325,61.983,67.171,482500000,0.0,27.54,1.0,1.0,459700000,29400000,8822500000.0,8822500000.0,0.0,0.002,0.021,0.002,0.021,10500000.0,2623200000.0,1.0,320269928,320269928.0,,27.547,89666000000,0,45900000.0,1177700000,279.97,
19,PFG,ARY,2001-12-31,2002-03-12,2001-12-31,2021-07-29,147500000,88350500000,,,,,18.902,-58400000.0,623800000,623800000,5795800000.0,358800000.0,,11.954,1890000000,,,1890000000,0,154900000.0,24684400000,0.0,0.0,437800000.0,592700000.0,0.067,592700000.0,437800000.0,437800000.0,-0.08,-0.08,-0.08,6820300000,,6820300000,10286858300.0,23.0,17.356,3886400000.0,10.771,1.0,3021700000.0,0.343,1228400000,0.0,88388300000,,0,44772900000,,,81530200000,,,9020658300.0,-302800000.0,-19000000.0,1651600000.0,-3100000.0,0.0,-549200000.0,-3698400000.0,-3269300000.0,3944800000.0,0.0,358800000.0,358800000.0,358800000.0,0.0,0.0,0.041,2573200000.0,448500000.0,0,0.0,1.323,25.141,-312.5,518200000,0.0,25.0,1.023,1.023,531300000,-29100000,8817500000.0,8817500000.0,0.0,,,,0.05,0.0,2573200000.0,1.0,360826332,360826332.0,,24.437,87122100000,0,79000000.0,895100000,241.452,
0,PFG,ARQ,2021-06-30,2021-07-29,2021-06-30,2021-07-29,1803800000,302165500000,,,,,60.482,-22900000.0,2417400000,2417400000,1841700000.0,371600000.0,,17.59,4362200000,,,4362200000,0,0.0,42871300000,0.036,0.61,422800000.0,422800000.0,0.119,422800000.0,422800000.0,422800000.0,1.34,1.32,1.34,16233100000,,16233100000,18824105704.0,10.0,8.807,969900000.0,3.614,1.0,1697700000.0,0.48,3377100000,0.0,300733200000,,0,105975000000,,,285543400000,,,16879305704.0,413900000.0,0.0,-240500000.0,-700000.0,-165200000.0,-655300000.0,76400000.0,78800000.0,992800000.0,0.0,361800000.0,361800000.0,361800000.0,0.0,9800000.0,0.102,1265100000.0,432600000.0,0,0.455,1.04,10.633,10.824,1030700000,0.0,62.89,1.221,1.221,1675700000,12395000000,3539400000.0,3539400000.0,0.0,,,,,0.0,1265100000.0,1.0,268394112,268394112.0,,13.187,298788400000,0,61000000.0,2331500000,1113.245,
1,PFG,ARQ,2021-03-31,2021-04-29,2021-03-31,2021-07-29,953800000,295634600000,,,,,56.635,-22900000.0,2003500000,2003500000,1392900000.0,516300000.0,,18.169,4363400000,,,4363400000,0,0.0,43082100000,0.035,0.56,614700000.0,614700000.0,0.192,614700000.0,614700000.0,614700000.0,1.89,1.87,1.89,15405500000,,15405500000,19831258443.0,10.0,9.034,117900000.0,0.433,1.0,1815600000.0,0.566,3399300000,0.0,294595200000,,0,104761900000,,,279908800000,,,17471358443.0,-846300000.0,0.0,-98200000.0,-200000.0,-152200000.0,32100000.0,-1019200000.0,-964900000.0,140800000.0,0.0,517100000.0,517100000.0,517100000.0,0.0,-800000.0,0.161,1201700000.0,613900000.0,0,0.296,1.134,10.758,10.85,1043700000,0.0,64.23,1.304,1.304,1708300000,12199200000,3208500000.0,3208500000.0,0.0,,,,,0.0,1201700000.0,1.0,272012431,272012431.0,,11.795,292235300000,0,97600000.0,2092000000,1074.345,
2,PFG,ARQ,2020-12-31,2021-02-12,2020-12-31,2021-07-29,2383100000,296627700000,,,,,60.741,-25900000.0,2849800000,2849800000,2011700000.0,491500000.0,,16.895,4363900000,,,4363900000,0,251900000.0,43237700000,0.041,0.56,572700000.0,824600000.0,0.219,824600000.0,572700000.0,572700000.0,1.72,1.71,1.72,16558900000,,16558900000,16270678661.0,10.0,8.507,602300000.0,2.209,1.0,1753400000.0,0.466,3434000000,0.0,294707800000,,0,106306900000,,,279754800000,,,14756578661.0,-706900000.0,0.0,-66800000.0,-700000.0,-153700000.0,50800000.0,-1385900000.0,-1135500000.0,628200000.0,0.0,472600000.0,472600000.0,472600000.0,0.0,18900000.0,0.126,1161800000.0,591600000.0,0,0.326,0.891,10.572,10.656,1019000000,0.0,54.13,1.001,1.001,1723800000,11838000000,3765100000.0,3765100000.0,0.0,,,,,87600000.0,1161800000.0,1.0,272613683,272613683.0,,13.811,293193700000,0,100100000.0,2353100000,1075.492,
3,PFG,ARQ,2020-09-30,2020-10-29,2020-09-30,2021-07-29,1747100000,278484800000,,,,,56.969,-36500000.0,3556700000,3556700000,1869700000.0,235900000.0,,16.771,4355600000,,,4355600000,0,0.0,42947100000,0.057,0.56,275200000.0,275200000.0,0.083,275200000.0,275200000.0,275200000.0,0.86,0.85,0.86,15650900000,,15650900000,11546264602.0,8.0,7.657,1027800000.0,3.741,1.0,1441000000.0,0.435,3358800000,0.0,275924900000,,0,103033800000,,,262485200000,,,10747364602.0,406300000.0,0.0,11300000.0,112300000.0,-153700000.0,760800000.0,-1418800000.0,-1553800000.0,1064300000.0,0.0,236000000.0,236000000.0,236000000.0,0.0,-100000.0,0.071,1165900000.0,275100000.0,0,0.651,0.687,8.78,8.811,998800000,0.0,39.12,0.715,0.715,1530200000,11521400000,3310700000.0,3310700000.0,0.0,,,,,0.0,1165900000.0,1.0,274728134,274728134.0,,12.051,275126000000,0,39200000.0,2122600000,1001.448,
4,PFG,ARQ,2020-06-30,2020-07-29,2020-06-30,2021-07-29,1450700000,271309400000,,,,,55.527,-28400000.0,3150400000,3150400000,1632700000.0,416100000.0,,16.776,4239700000,,,4239700000,0,0.0,42308400000,0.051,0.56,480800000.0,480800000.0,0.154,480800000.0,480800000.0,480800000.0,1.45,1.45,1.45,15243100000,,15243100000,13133807875.0,9.0,8.055,428600000.0,1.561,1.0,1481900000.0,0.476,3340200000,0.0,269058500000,,0,100558600000,,,255725700000,,,12044507875.0,-332300000.0,0.0,14100000.0,458800000.0,-153500000.0,519100000.0,-1308400000.0,-1254700000.0,457000000.0,0.0,398300000.0,398300000.0,398300000.0,0.0,17800000.0,0.128,983300000.0,498600000.0,0,0.386,0.79,9.52,9.601,993100000,0.0,43.875,0.745,0.745,1760000000,11441400000,3114600000.0,3114600000.0,0.0,,,,,0.0,983300000.0,1.0,274518698,274518698.0,,11.346,267969200000,0,82500000.0,2077800000,976.142,
5,PFG,ARQ,2020-03-31,2020-04-29,2020-03-31,2021-07-29,-599200000,246903900000,,,,,47.13,-18000000.0,3482700000,3482700000,2887600000.0,285000000.0,,18.105,3775700000,,,3775700000,0,0.0,42126600000,0.06,0.56,332100000.0,332100000.0,0.073,332100000.0,332100000.0,332100000.0,1.05,1.04,1.05,12907500000,,12907500000,10302866994.0,7.0,6.254,1571100000.0,5.737,1.0,1663700000.0,0.366,3333000000,0.0,243863900000,,0,94775300000,,,233691600000,,,10009866994.0,966800000.0,0.0,-222800000.0,-39900000.0,-153600000.0,290400000.0,-912700000.0,-908900000.0,1589100000.0,0.0,288900000.0,288900000.0,288900000.0,0.0,-3900000.0,0.063,1335500000.0,328200000.0,0,0.533,0.776,7.987,8.122,973800000,0.0,36.55,0.588,0.588,1691000000,11198800000,4551300000.0,4551300000.0,0.0,,,,,0.0,1335500000.0,1.0,273867770,273867770.0,,16.619,243570900000,0,43200000.0,1465000000,889.374,
6,PFG,ARQ,2019-12-31,2020-02-14,2019-12-31,2021-07-29,1037900000,276087800000,,,,,53.217,-34300000.0,2515900000,2515900000,2453300000.0,315300000.0,,17.864,3827500000,,,3827500000,0,63000000.0,41367500000,0.04,0.55,356900000.0,419900000.0,0.104,419900000.0,356900000.0,356900000.0,1.08,1.07,1.08,14618000000,,14618000000,16793012975.0,10.0,8.979,994100000.0,3.619,1.0,1593900000.0,0.394,3480500000,0.0,273918900000,,0,96351400000,,,261137100000,,,15481412975.0,-682100000.0,1100000.0,-76700000.0,-31400000.0,-152400000.0,1051800000.0,-2762300000.0,-2563500000.0,1028400000.0,0.0,300900000.0,300900000.0,300900000.0,0.0,14400000.0,0.074,1222600000.0,371300000.0,0,0.509,1.059,11.104,11.272,967700000,0.0,56.36,0.954,0.954,1740300000,11074300000,4047200000.0,4047200000.0,0.0,,,,,15900000.0,1222600000.0,1.0,274687952,274687952.0,,14.734,272607300000,0,56000000.0,1812800000,992.425,
7,PFG,ARQ,2019-09-30,2019-10-30,2019-09-30,2021-07-29,1307100000,270238400000,,,,,53.315,-32700000.0,3198000000,3198000000,2870400000.0,284600000.0,,17.225,3860000000,,,3860000000,0,59600000.0,40300000000,0.041,0.55,338200000.0,397800000.0,0.089,397800000.0,338200000.0,338200000.0,0.99,0.98,0.99,14804200000,,14804200000,15745139455.0,10.0,8.991,1753700000.0,6.316,1.0,1588000000.0,0.356,3492400000,0.0,267408000000,,0,94412400000,,,254996300000,,,15083139455.0,-117900000.0,-1209600000.0,-35000000.0,26500000.0,-153000000.0,677900000.0,-2582200000.0,-1309500000.0,1786400000.0,0.0,277100000.0,277100000.0,277100000.0,0.0,7500000.0,0.062,1242300000.0,345700000.0,0,0.556,1.019,11.342,11.436,961700000,0.0,54.32,0.946,0.946,1635700000,10927800000,4458400000.0,4458400000.0,0.0,,,,,20900000.0,1242300000.0,1.0,277671934,277671934.0,,16.056,266746000000,0,61100000.0,1949700000,960.652,
8,PFG,ARQ,2019-06-30,2019-07-31,2019-06-30,2021-07-29,647700000,267918000000,,,,,50.34,-36000000.0,3315900000,3315900000,2476000000.0,392100000.0,,18.063,3839200000,,,3839200000,0,53200000.0,39658800000,0.038,0.54,444500000.0,497700000.0,0.125,497700000.0,444500000.0,444500000.0,1.38,1.37,1.38,14034700000,,14034700000,16704640909.0,9.0,8.482,1466000000.0,5.258,1.0,1496600000.0,0.377,2412200000,0.0,266029100000,,0,91195200000,,,253511500000,,,16181340909.0,1056200000.0,0.0,16200000.0,528600000.0,-150400000.0,407100000.0,-852900000.0,-833400000.0,1502000000.0,0.0,386300000.0,386300000.0,386300000.0,0.0,5800000.0,0.097,1046300000.0,450300000.0,0,0.391,1.153,10.723,10.828,959500000,0.0,58.04,1.022,1.022,1549200000,10805800000,3972600000.0,3972600000.0,0.0,,,,,20900000.0,1046300000.0,1.0,278796363,278796363.0,,14.249,265505800000,0,58200000.0,1707300000,952.329,
9,PFG,ARQ,2019-03-31,2019-05-02,2019-03-31,2021-07-29,-418900000,259419900000,,,,,45.573,-29400000.0,2259700000,2259700000,2225200000.0,452100000.0,,19.388,3310300000,,,3310300000,0,51000000.0,39649300000,0.039,0.587,503800000.0,554800000.0,0.148,554800000.0,503800000.0,503800000.0,1.54,1.53,1.54,12694400000,,12694400000,16799711553.0,9.0,8.256,1147000000.0,4.118,1.0,1518700000.0,0.406,2420900000,0.0,258049600000,,0,88543900000,,,246120000000,,,15749111553.0,-717800000.0,0.0,-147800000.0,6500000.0,-150200000.0,-403100000.0,-1491100000.0,-1248400000.0,1176400000.0,0.0,429900000.0,429900000.0,429900000.0,0.0,22200000.0,0.115,992700000.0,526000000.0,0,0.381,1.241,9.972,10.151,933200000,0.0,56.54,1.043,1.043,1641100000,10571900000,3743900000.0,3743900000.0,0.0,,,,,24900000.0,992700000.0,1.0,278548135,278548135.0,,13.441,256999000000,0,73900000.0,1341000000,922.638,
10,PFG,ARQ,2018-12-31,2019-02-13,2018-12-31,2021-07-29,-1565100000,243036100000,,,,,40.925,-18900000.0,2977500000,2977500000,2471100000.0,231700000.0,,20.298,3302500000,,,3302500000,0,53200000.0,39699700000,0.043,0.54,247700000.0,300900000.0,0.08,300900000.0,247700000.0,247700000.0,0.84,0.84,0.84,11390000000,,11390000000,14020816488.0,8.0,7.073,1423700000.0,5.115,1.0,1299500000.0,0.345,2415100000,0.0,240946000000,,0,84766600000,,,231188900000,,,13695816488.0,50800000.0,0.0,-198500000.0,23000000.0,-152100000.0,-98000000.0,-1293800000.0,-964400000.0,1442600000.0,0.0,236500000.0,236500000.0,236500000.0,0.0,-4800000.0,0.063,1056600000.0,242900000.0,0,0.643,1.202,8.856,9.096,767300000,0.0,49.21,0.962,0.962,1413100000,10290200000,3770600000.0,3770600000.0,0.0,,,,,17100000.0,1056600000.0,1.0,278313686,278313686.0,,13.548,240621000000,0,11200000.0,983700000,864.568,
11,PFG,ARQ,2018-09-30,2018-10-31,2018-09-30,2021-07-29,-1347600000,258758300000,,,,,41.339,-29800000.0,2926700000,2926700000,2674000000.0,460000000.0,,21.096,3281600000,,,3281600000,0,50700000.0,39813200000,0.044,0.53,565400000.0,616100000.0,0.142,616100000.0,565400000.0,565400000.0,1.6,1.59,1.6,11700800000,,11700800000,13677992001.0,7.0,6.685,2045900000.0,7.228,1.0,1674100000.0,0.385,2482600000,0.0,256630600000,,0,84007200000,,,246841100000,,,13323092001.0,584700000.0,-43200000.0,-57200000.0,-3200000.0,-150700000.0,576200000.0,-2067200000.0,-2003000000.0,2075700000.0,0.0,456300000.0,456300000.0,456300000.0,0.0,3700000.0,0.105,1105000000.0,569100000.0,0,0.331,1.139,6.192,6.293,770600000,0.0,47.07,0.972,0.972,1514400000,10207900000,4348100000.0,4348100000.0,0.0,,,,,19500000.0,1105000000.0,1.0,283048481,283048481.0,,15.362,256275700000,0,109100000.0,940700000,905.413,
12,PFG,ARQ,2018-06-30,2018-08-01,2018-06-30,2021-07-29,-1137900000,252104000000,,,,,40.876,-17600000.0,2342000000,2342000000,1729400000.0,459500000.0,,20.642,3284400000,,,3284400000,0,50600000.0,39128700000,0.035,0.52,512500000.0,563100000.0,0.174,563100000.0,512500000.0,512500000.0,1.59,1.58,1.59,11639300000,,11639300000,16962365294.0,7.0,6.44,874100000.0,3.07,1.0,1505500000.0,0.465,2458600000,0.0,250587800000,,0,82404800000,,,240258600000,,,16019965294.0,6300000.0,-27600000.0,-184800000.0,12500000.0,-148500000.0,476200000.0,-1361600000.0,-1390700000.0,891700000.0,0.0,456600000.0,456600000.0,456600000.0,0.0,2900000.0,0.141,990100000.0,515400000.0,0,0.327,1.376,6.393,6.482,762900000,0.0,56.26,1.146,1.146,1455600000,9904300000,3234900000.0,3234900000.0,0.0,,,,,19200000.0,990100000.0,1.0,284748761,284748761.0,,11.361,249645400000,0,55900000.0,907700000,876.722,
13,PFG,ARQ,2018-03-31,2018-05-02,2018-03-31,2021-07-29,-469300000,253636500000,,,,,42.554,-26000000.0,2335700000,2335700000,1441600000.0,402500000.0,,19.796,3274700000,,,3274700000,0,50600000.0,38319700000,0.034,0.51,451600000.0,502200000.0,0.174,502200000.0,451600000.0,451600000.0,1.37,1.36,1.37,12186900000,,12186900000,17205737864.0,8.0,6.942,720500000.0,2.516,1.0,1442000000.0,0.5,2489100000,0.0,252086400000,,0,81952800000,,,241252900000,,,16266737864.0,-135100000.0,-113900000.0,-167100000.0,55700000.0,-147300000.0,98300000.0,-979900000.0,-828200000.0,746500000.0,0.0,397100000.0,397100000.0,397100000.0,0.0,5400000.0,0.138,985000000.0,457000000.0,0,0.372,1.335,6.897,6.961,775200000,0.0,56.8,1.168,1.168,1638400000,9598300000,2883600000.0,2883600000.0,0.0,,,,,21600000.0,985000000.0,1.0,286386230,286386230.0,,10.069,251147400000,0,54500000.0,926600000,876.953,
14,PFG,ARQ,2017-12-31,2018-02-09,2017-12-31,2021-07-29,165500000,253941200000,,,,,44.36,-31500000.0,2470800000,2470800000,1833800000.0,842900000.0,,18.75,3217900000,,,3217900000,0,50900000.0,38082500000,0.03,0.49,313700000.0,364600000.0,0.113,364600000.0,313700000.0,313700000.0,2.92,2.86,2.92,12849300000,,12849300000,18529131136.0,8.0,7.613,527800000.0,1.822,1.0,1403900000.0,0.434,2383500000,0.0,252304800000,,0,82102700000,,,240918000000,,,17782031136.0,-324200000.0,0.0,17100000.0,-17900000.0,-141500000.0,-148400000.0,-735100000.0,-609100000.0,559300000.0,0.0,841800000.0,841800000.0,841800000.0,0.0,1100000.0,0.26,1089100000.0,314800000.0,0,0.168,1.384,7.697,7.674,759500000,0.0,61.39,1.262,1.262,1469800000,9482900000,3237700000.0,3237700000.0,0.0,,,,,20500000.0,1089100000.0,1.0,289656803,289656803.0,,11.178,251557700000,0,-528100000.0,1109200000,868.468,
15,PFG,ARQ,2017-09-30,2017-11-01,2017-09-30,2021-07-29,47000000,247933600000,,,,,41.545,-29200000.0,2795000000,2795000000,2537200000.0,813200000.0,,19.651,3234200000,,,3234200000,0,49300000.0,38208600000,0.027,0.47,1154800000.0,1204100000.0,0.26,1204100000.0,1154800000.0,1154800000.0,2.8,2.76,2.8,11996400000,,11996400000,19823302273.0,9.0,8.002,1770400000.0,6.131,1.0,2090600000.0,0.452,2369900000,0.0,246002900000,,0,81203400000,,,235737200000,,,19384102273.0,788600000.0,0.0,-19100000.0,-41500000.0,-135800000.0,-197600000.0,-813400000.0,-1308900000.0,1799600000.0,0.0,810200000.0,810200000.0,810200000.0,0.0,3000000.0,0.175,932800000.0,1157800000.0,0,0.168,1.616,10.85,10.862,754600000,0.0,67.13,1.349,1.349,1516600000,8784600000,4627800000.0,4627800000.0,0.0,,,,,18200000.0,932800000.0,1.0,288754689,288754689.0,,16.027,245563700000,0,344600000.0,1568900000,850.423,
16,PFG,ARQ,2017-06-30,2017-08-02,2017-06-30,2021-07-29,-116100000,240153900000,,,,,38.649,-60300000.0,2006400000,2006400000,1884000000.0,314800000.0,,20.489,3168800000,,,3168800000,0,47400000.0,38199800000,0.026,0.46,360300000.0,407700000.0,0.128,407700000.0,360300000.0,360300000.0,1.07,1.06,1.07,11168100000,,11168100000,20424518529.0,14.0,12.222,1245900000.0,4.312,1.0,1294300000.0,0.407,2344600000,0.0,238971700000,,0,79050500000,,,228820800000,,,19262118529.0,471700000.0,0.0,16100000.0,-17400000.0,-132700000.0,-161200000.0,-673300000.0,-633300000.0,1306200000.0,0.0,309500000.0,309500000.0,309500000.0,0.0,5300000.0,0.097,928700000.0,365600000.0,0,0.43,1.725,14.995,14.98,750300000,0.0,66.66,1.534,1.534,1381400000,8112200000,3178300000.0,3178300000.0,0.0,,,,,21900000.0,928700000.0,1.0,288960674,288960674.0,,10.999,237809300000,0,50800000.0,1298300000,822.982,
17,PFG,ARQ,2017-03-31,2017-05-03,2017-03-31,2021-07-29,-455100000,235496000000,,,,,36.834,-43800000.0,1534700000,1534700000,1692200000.0,353600000.0,,21.167,3185700000,,,3185700000,0,48100000.0,38074100000,0.026,0.45,409300000.0,457400000.0,0.15,457400000.0,409300000.0,409300000.0,1.21,1.19,1.21,10616100000,,10616100000,20356354690.0,13.0,11.932,479100000.0,1.662,1.0,1357200000.0,0.445,2355500000,0.0,234791500000,,0,77812000000,,,224716000000,,,18705354690.0,-1184900000.0,0.0,-72000000.0,7600000.0,-130000000.0,123200000.0,-1831000000.0,-1747800000.0,522900000.0,0.0,348900000.0,348900000.0,348900000.0,0.0,4700000.0,0.114,943200000.0,414000000.0,0,0.372,1.762,14.418,14.454,718800000,0.0,64.9,1.508,1.508,1447000000,7937400000,3049400000.0,3049400000.0,0.0,,,,,22100000.0,943200000.0,1.0,288218100,288218100.0,,10.58,233140500000,0,60400000.0,1063100000,808.903,
18,PFG,ARQ,2016-12-31,2017-02-08,2016-12-31,2021-07-29,-675200000,228014300000,,,,,35.576,-45800000.0,2719600000,2719600000,2146900000.0,338200000.0,,21.279,3177100000,,,3177100000,0,47000000.0,37953600000,0.027,0.43,361100000.0,408100000.0,0.116,408100000.0,361100000.0,361100000.0,1.1,1.09,1.1,10227300000,,10227300000,17660112969.0,11.0,10.19,884700000.0,3.077,1.0,1366900000.0,0.389,2346100000,0.0,226125700000,,0,75835500000,,,217623000000,,,17202612969.0,501400000.0,0.0,-20000000.0,-142200000.0,-123800000.0,227200000.0,-656300000.0,-678900000.0,930500000.0,0.0,318000000.0,318000000.0,318000000.0,0.0,20200000.0,0.091,985600000.0,381300000.0,0,0.391,1.682,13.067,13.152,699000000,0.0,59.84,1.388,1.388,1361900000,7720400000,3513800000.0,3513800000.0,0.0,,,,,25700000.0,985600000.0,1.0,287476821,287476821.0,,12.223,225668200000,0,43100000.0,985300000,784.996,
19,PFG,ARQ,2016-09-30,2016-11-02,2016-09-30,2021-07-29,91800000,230367600000,,,,,37.523,-34400000.0,2218200000,2218200000,1527700000.0,327400000.0,,20.317,3318100000,,,3318100000,0,46400000.0,37688000000,0.029,0.41,351500000.0,397900000.0,0.141,397900000.0,351500000.0,351500000.0,1.07,1.06,1.07,10794600000,,10794600000,16479313750.0,11.0,9.851,767300000.0,2.667,1.0,1290300000.0,0.458,2381100000,0.0,229086400000,,0,77758500000,,,219313900000,,,15379413750.0,-37200000.0,0.0,-21000000.0,20800000.0,-117900000.0,-15300000.0,-823600000.0,-776000000.0,801700000.0,0.0,308200000.0,308200000.0,308200000.0,0.0,19200000.0,0.109,919600000.0,370700000.0,0,0.383,1.425,12.283,12.404,674500000,0.0,53.46,1.316,1.316,1382800000,7528100000,2818000000.0,2818000000.0,0.0,,,,,18600000.0,919600000.0,1.0,287680766,287680766.0,,9.796,227986500000,0,43300000.0,1241500000,792.498,
20,PFG,ARQ,2016-06-30,2016-08-03,2016-06-30,2021-07-29,-19300000,223074200000,,,,,36.509,-30500000.0,2255400000,2255400000,1697900000.0,327000000.0,,20.207,3296100000,,,3296100000,0,47400000.0,37781000000,0.033,0.39,395200000.0,442600000.0,0.146,442600000.0,395200000.0,395200000.0,1.11,1.1,1.11,10499700000,,10499700000,14221107768.0,9.0,8.318,1199600000.0,4.171,1.0,1327800000.0,0.439,2395700000,0.0,221719200000,,0,76687400000,,,212169400000,,,13180407768.0,112500000.0,0.0,-102900000.0,-96500000.0,-112800000.0,703100000.0,-1820700000.0,-1827400000.0,1230100000.0,0.0,322300000.0,322300000.0,322300000.0,0.0,4700000.0,0.107,927900000.0,399900000.0,0,0.351,1.255,10.593,10.758,667900000,0.0,45.83,1.088,1.088,1504800000,7339600000,3025700000.0,3025700000.0,0.0,,,,,17800000.0,927900000.0,1.0,287593449,287593449.0,,10.521,220678500000,0,72900000.0,1244900000,767.328,
21,PFG,ARQ,2016-03-31,2016-05-04,2016-03-31,2021-07-29,-356100000,217570000000,,,,,34.644,-44200000.0,2142900000,2142900000,1697300000.0,369200000.0,,20.634,3391700000,,,3391700000,0,45800000.0,36660500000,0.036,0.38,438600000.0,484400000.0,0.16,484400000.0,438600000.0,438600000.0,1.26,1.25,1.26,10041600000,,10041600000,13416816640.0,10.0,8.407,851300000.0,2.937,1.0,1339300000.0,0.441,2408500000,0.0,216410300000,,0,73807500000,,,207199500000,,,12168016640.0,-421900000.0,0.0,-95600000.0,-56700000.0,-110400000.0,535900000.0,-1853300000.0,-1778200000.0,895500000.0,0.0,368000000.0,368000000.0,368000000.0,0.0,1200000.0,0.121,899500000.0,439800000.0,0,0.302,1.212,10.462,10.574,657300000,0.0,41.98,0.986,0.986,1309500000,7131800000,3036600000.0,3036600000.0,0.0,,,,,22300000.0,899500000.0,1.0,289852707,289852707.0,,10.476,215161500000,0,70600000.0,1060900000,742.313,
22,PFG,ARQ,2015-12-31,2016-02-10,2015-12-31,2021-07-29,-882500000,218685900000,,,,,31.93,-40100000.0,2564800000,2564800000,1577200000.0,258300000.0,,22.469,3471900000,,,3471900000,0,43700000.0,35716100000,0.042,0.38,304300000.0,348000000.0,0.124,348000000.0,304300000.0,304300000.0,0.87,0.86,0.87,9311600000,,9311600000,11408538036.0,8.0,7.11,1014000000.0,3.477,1.0,1229800000.0,0.438,2368200000,0.0,217224800000,,0,69820500000,,,209222800000,,,10501438036.0,50600000.0,2500000.0,-107800000.0,-35700000.0,-110800000.0,397300000.0,-1400800000.0,-1281400000.0,1054100000.0,0.0,253600000.0,253600000.0,253600000.0,0.0,4700000.0,0.09,920800000.0,309000000.0,0,0.437,1.128,8.684,8.762,633800000,0.0,36.01,0.878,0.878,1429300000,6875900000,2807000000.0,2807000000.0,0.0,,,,,17800000.0,920800000.0,1.0,291625605,291625605.0,,9.625,216317700000,0,50700000.0,715600000,741.765,
23,PFG,ARQ,2015-09-30,2015-10-28,2015-09-30,2021-07-29,-524400000,215365400000,,,,,32.862,-29000000.0,2514200000,2514200000,1910300000.0,300900000.0,,21.372,3507700000,,,3507700000,0,66000000.0,35115200000,0.029,0.38,368700000.0,434700000.0,0.134,434700000.0,368700000.0,368700000.0,1.02,1.01,1.02,9620300000,,9620300000,15923808140.0,11.0,9.836,1176600000.0,4.019,1.0,1330600000.0,0.411,2404100000,0.0,213954800000,,0,69565500000,,,205601600000,,,14930308140.0,249800000.0,-293700000.0,-70700000.0,167400000.0,-111900000.0,-126100000.0,-829700000.0,-664600000.0,1205600000.0,0.0,300400000.0,300400000.0,300400000.0,0.0,500000.0,0.093,961400000.0,369200000.0,0,0.373,1.552,12.177,12.23,611600000,0.0,51.0,1.237,1.237,1401600000,6734700000,3240900000.0,3240900000.0,0.0,,,,,16400000.0,961400000.0,1.0,292751140,292751140.0,,11.07,212961300000,0,68300000.0,895500000,727.448,
24,PFG,ARQ,2015-06-30,2015-07-29,2015-06-30,2021-07-29,-326600000,222270700000,,,,,32.887,-34500000.0,2264400000,2264400000,2095700000.0,264900000.0,,21.916,3342500000,,,3342500000,0,41700000.0,34041800000,0.026,0.38,287200000.0,328900000.0,0.101,328900000.0,287200000.0,287200000.0,0.82,0.81,0.82,9693400000,,9693400000,17262528951.0,12.0,10.686,1452000000.0,4.926,1.0,1163500000.0,0.357,2239500000,0.0,221109300000,,0,68176600000,,,212436500000,,,16184428951.0,812400000.0,0.0,11500000.0,794400000.0,-112000000.0,33500000.0,-707600000.0,-546600000.0,1486500000.0,0.0,257600000.0,241100000.0,241100000.0,0.0,7300000.0,0.074,869000000.0,294500000.0,0,0.463,1.67,13.876,13.972,601900000,16500000.0,54.91,1.431,1.431,1282700000,6547900000,3259200000.0,3259200000.0,0.0,,,,,18500000.0,869000000.0,1.0,294744654,294744654.0,,11.058,220031200000,0,29600000.0,835700000,746.515,
25,PFG,ARQ,2015-03-31,2015-04-29,2015-03-31,2021-07-29,28000000,222494900000,,,,,35.405,-32800000.0,1452000000,1452000000,1278000000.0,429100000.0,,20.334,2541800000,,,2541800000,0,41600000.0,34173800000,0.026,0.36,451400000.0,493000000.0,0.186,493000000.0,451400000.0,451400000.0,1.41,1.39,1.41,10422600000,,10422600000,16383146726.0,11.0,9.468,598100000.0,2.032,1.0,1379300000.0,0.519,2272200000,0.0,221312500000,,0,68862500000,,,211937800000,,,15293346726.0,-411900000.0,0.0,-57500000.0,-16800000.0,-106300000.0,-813300000.0,-229500000.0,-148600000.0,630900000.0,0.0,422400000.0,414200000.0,414200000.0,0.0,6700000.0,0.156,921200000.0,458100000.0,0,0.255,1.467,12.417,12.518,607400000,8200000.0,51.95,1.435,1.435,1230000000,6420400000,2657300000.0,2657300000.0,0.0,,,,,31800000.0,921200000.0,1.0,294385885,294385885.0,,9.027,220222700000,0,29000000.0,980500000,748.075,
26,PFG,ARQ,2014-12-31,2015-02-11,2014-12-31,2021-07-29,50400000,219087000000,,,,,34.626,-18500000.0,1863900000,1863900000,1664200000.0,280300000.0,,20.502,2559200000,,,2559200000,0,46700000.0,34726700000,0.026,0.34,315600000.0,362300000.0,0.125,362300000.0,315600000.0,315600000.0,0.92,0.9,0.92,10184000000,,10184000000,15427282322.0,11.0,9.452,886800000.0,3.015,1.0,1243800000.0,0.428,2330900000,0.0,217451400000,,0,68433800000,,,208797000000,,,14731982322.0,593100000.0,0.0,7700000.0,-95800000.0,-99900000.0,33200000.0,-345400000.0,-188600000.0,905300000.0,0.0,278700000.0,270400000.0,270400000.0,0.0,1600000.0,0.093,926600000.0,317200000.0,0,0.37,1.447,13.259,13.538,590200000,8300000.0,50.09,1.406,1.406,1213000000,6114100000,2908000000.0,2908000000.0,0.0,,,,,16900000.0,926600000.0,1.0,294110248,294110248.0,,9.887,216756100000,0,36900000.0,1046800000,736.989,
27,PFG,ARQ,2014-09-30,2014-10-29,2014-09-30,2021-07-29,380100000,216422800000,,,,,35.13,-24200000.0,1270800000,1270800000,1158000000.0,252800000.0,,19.968,2655500000,,,2655500000,0,41300000.0,34680800000,0.023,0.34,389900000.0,431200000.0,0.174,431200000.0,389900000.0,389900000.0,0.78,0.77,0.78,10316400000,,10316400000,16470377232.0,11.0,10.228,796100000.0,2.711,1.0,1326300000.0,0.534,2395800000,0.0,215411700000,,0,68094900000,,,205997700000,,,15085677232.0,-471500000.0,0.0,-29200000.0,-11300000.0,-99900000.0,-961100000.0,-330700000.0,-239300000.0,820300000.0,0.0,248900000.0,240700000.0,240700000.0,0.0,3900000.0,0.097,932500000.0,393800000.0,0,0.436,1.462,14.045,14.389,590100000,8200000.0,51.37,1.473,1.473,1189300000,5945200000,2484300000.0,2484300000.0,0.0,,,,,19100000.0,932500000.0,1.0,293667067,293667067.0,,8.46,214027000000,0,141000000.0,1168700000,728.808,
28,PFG,ARQ,2014-06-30,2014-07-30,2014-06-30,2021-07-29,599400000,218322300000,,,,,35.392,-43500000.0,1742300000,1742300000,1313000000.0,319200000.0,,19.956,2678000000,,,2678000000,0,41000000.0,35188400000,0.022,0.32,402900000.0,443900000.0,0.17,443900000.0,402900000.0,402900000.0,1.04,1.03,1.04,10401800000,,10401800000,15986627591.0,12.0,10.424,742500000.0,2.526,1.0,1293700000.0,0.496,2503800000,0.0,216754200000,,0,68614400000,,,207580600000,,,15050927591.0,349200000.0,0.0,-50800000.0,13400000.0,-94100000.0,-775500000.0,338700000.0,327600000.0,786000000.0,0.0,314600000.0,306300000.0,306300000.0,0.0,4600000.0,0.118,886200000.0,407500000.0,0,0.308,1.447,13.948,14.146,574000000,8300000.0,51.21,1.505,1.505,1232300000,5816300000,2606700000.0,2606700000.0,0.0,,,,,17700000.0,886200000.0,1.0,293906026,293906026.0,,8.869,215818500000,0,88300000.0,1089700000,734.311,
29,PFG,ARQ,2014-03-31,2014-04-30,2014-03-31,2021-07-29,361800000,211193900000,,,,,33.946,-49800000.0,1393100000,1393100000,1273200000.0,324100000.0,,20.11,2664800000,,,2664800000,0,40500000.0,35736300000,0.022,0.28,354200000.0,394700000.0,0.159,394700000.0,354200000.0,354200000.0,0.96,0.95,0.96,9987900000,,9987900000,15053482897.0,12.0,10.833,541500000.0,1.84,1.0,1205400000.0,0.486,2497000000,0.0,209968600000,,0,68107100000,,,200855800000,,,13781782897.0,-978700000.0,0.0,-72900000.0,-86400000.0,-82700000.0,-734700000.0,-835300000.0,-854700000.0,591300000.0,0.0,301900000.0,293700000.0,293700000.0,0.0,22200000.0,0.118,829000000.0,376400000.0,0,0.292,1.38,13.85,14.024,546000000,8200000.0,46.84,1.435,1.435,1199300000,5605300000,2478600000.0,2478600000.0,0.0,,,,,21600000.0,829000000.0,1.0,294231061,294231061.0,,8.424,208696900000,0,52300000.0,896100000,709.296,
30,PFG,ARQ,2013-12-31,2014-02-12,2013-12-31,2021-07-29,183200000,208191400000,,,,,32.77,-36700000.0,2371800000,2371800000,1441900000.0,250400000.0,,20.463,2752000000,,,2752000000,0,39400000.0,35958300000,0.022,0.26,301200000.0,340600000.0,0.127,340600000.0,301200000.0,301200000.0,0.79,0.78,0.79,9684200000,,9684200000,13371339603.0,12.0,10.659,786600000.0,2.662,1.0,1230700000.0,0.46,2559300000,0.0,206012300000,,0,66756900000,,,198167200000,,,12991139603.0,664700000.0,0.0,45400000.0,-15500000.0,-76700000.0,-365100000.0,206500000.0,180300000.0,823300000.0,0.0,241700000.0,233400000.0,233400000.0,0.0,8700000.0,0.087,920800000.0,309900000.0,0,0.329,1.341,14.768,14.702,500700000,8300000.0,43.96,1.398,1.398,1241000000,5405400000,2672600000.0,2672600000.0,0.0,,,,,16800000.0,920800000.0,1.0,295521829,295521829.0,,9.044,205632100000,0,59500000.0,829200000,695.827,
31,PFG,ARQ,2013-09-30,2013-10-30,2013-09-30,2021-07-29,-17700000,201687400000,,,,,31.519,-10800000.0,1707100000,1707100000,1144700000.0,259100000.0,,20.702,2768800000,,,2768800000,0,39300000.0,36402700000,0.02,0.26,315100000.0,354400000.0,0.158,354400000.0,315100000.0,315100000.0,0.83,0.82,0.83,9278400000,,9278400000,15059007290.0,14.0,12.462,603500000.0,2.05,1.0,1094900000.0,0.489,2624900000,0.0,200124200000,,0,67268300000,,,192079500000,,,13997307290.0,596600000.0,0.0,-19600000.0,14600000.0,-76500000.0,-507500000.0,489800000.0,501600000.0,614300000.0,0.0,253900000.0,245700000.0,245700000.0,0.0,5200000.0,0.11,774600000.0,320300000.0,0,0.313,1.509,16.184,16.173,479100000,8200000.0,47.55,1.57,1.57,1160700000,5249900000,2239600000.0,2239600000.0,0.0,,,,,15500000.0,774600000.0,1.0,294370290,294370290.0,,7.608,199062500000,0,61200000.0,642500000,676.232,
32,PFG,ARQ,2013-06-30,2013-07-31,2013-06-30,2021-07-29,-500000,196512700000,,,,,31.607,-18600000.0,1110500000,1110500000,1143200000.0,236600000.0,,20.106,2753900000,,,2753900000,0,40300000.0,36269700000,0.02,0.23,259600000.0,299900000.0,0.136,299900000.0,259600000.0,259600000.0,0.76,0.75,0.76,9303400000,,9303400000,14406388293.0,16.0,13.426,169100000.0,0.574,1.0,1067400000.0,0.483,2655800000,0.0,195500300000,,0,67781500000,,,187050200000,,,12762988293.0,-550700000.0,0.0,17000000.0,-74200000.0,-67600000.0,-341200000.0,-397200000.0,-380600000.0,187700000.0,0.0,230600000.0,222300000.0,222300000.0,0.0,6000000.0,0.101,801800000.0,265600000.0,0,0.303,1.372,15.976,15.941,476400000,8300000.0,43.36,1.361,1.361,1219000000,5125200000,2210600000.0,2210600000.0,0.0,,,,,16800000.0,801800000.0,1.0,294349361,294349361.0,,7.51,193856900000,0,29000000.0,585900000,658.595,
33,PFG,ARQ,2013-03-31,2013-05-01,2013-03-31,2021-07-29,621000000,200762900000,,,,,33.139,6700000.0,1661200000,1661200000,1142800000.0,190000000.0,,19.63,2837000000,,,2837000000,0,34900000.0,36701600000,0.023,0.23,224700000.0,259600000.0,0.12,259600000.0,224700000.0,224700000.0,0.61,0.61,0.61,9723600000,,9723600000,11627427916.0,13.0,11.215,602600000.0,2.054,1.0,1023900000.0,0.473,2787700000,0.0,199151000000,,0,69425800000,,,190877400000,,,10451627916.0,-2516000000.0,-1268300000.0,-70600000.0,3100000.0,-67600000.0,-1586500000.0,-1525400000.0,-231600000.0,595900000.0,0.0,186500000.0,178300000.0,178300000.0,0.0,3500000.0,0.082,795700000.0,228200000.0,0,0.377,1.075,13.941,14.024,472600000,8200000.0,35.62,1.126,1.126,1175200000,4971700000,2166700000.0,2166700000.0,0.0,,,,,19400000.0,795700000.0,1.0,293420211,293420211.0,,7.384,197975200000,0,38200000.0,801200000,674.716,
34,PFG,ARQ,2012-12-31,2013-02-13,2012-12-31,2021-07-29,631900000,161926500000,,,,,33.242,-3300000.0,4177200000,4177200000,1202600000.0,230400000.0,,15.594,2712100000,,,2712100000,0,32100000.0,37786500000,0.025,0.21,262400000.0,294500000.0,0.128,294500000.0,262400000.0,262400000.0,0.74,0.73,0.74,9753200000,,9753200000,7765334659.0,8.0,7.177,703900000.0,2.399,1.0,1093300000.0,0.476,1470600000,0.0,158990800000,,0,68811300000,,,152092900000,,,9230434659.0,1898200000.0,-17900000.0,4200000.0,454200000.0,-61700000.0,1083200000.0,107800000.0,243300000.0,707200000.0,0.0,226900000.0,218600000.0,218600000.0,0.0,3500000.0,0.095,827400000.0,265900000.0,0,0.284,0.946,11.943,12.1,464200000,8300000.0,31.46,1.002,1.002,1084400000,4940200000,2295900000.0,2295900000.0,0.0,,,,,13600000.0,827400000.0,1.0,293402246,293402246.0,,7.825,160455900000,0,35500000.0,641800000,546.88,
35,PFG,ARQ,2012-09-30,2012-10-31,2012-09-30,2021-07-29,880800000,159193300000,,,,,33.474,-10900000.0,2279000000,2279000000,1696700000.0,191300000.0,,15.191,2208500000,,,2208500000,0,41000000.0,37312200000,0.046,0.21,178000000.0,219000000.0,0.081,219000000.0,178000000.0,178000000.0,0.61,0.6,0.61,9827500000,,9827500000,8014884438.0,9.0,7.937,860800000.0,2.932,1.0,1008000000.0,0.373,1476300000,0.0,157646500000,,0,69268300000,,,149286400000,,,8085384438.0,632400000.0,0.0,-56500000.0,356700000.0,-61600000.0,653100000.0,-892400000.0,-929100000.0,871700000.0,0.0,187900000.0,179700000.0,179700000.0,0.0,3400000.0,0.066,826600000.0,181400000.0,0,0.344,0.823,11.256,11.475,468400000,8200000.0,27.54,0.901,0.901,1192200000,4784300000,2704700000.0,2704700000.0,0.0,,,,,12700000.0,826600000.0,1.0,293586944,293586944.0,,9.213,157717000000,0,-9900000.0,958100000,537.207,
36,PFG,ARQ,2012-06-30,2012-08-01,2012-06-30,2021-07-29,550500000,152050700000,,,,,31.928,-7400000.0,1646600000,1646600000,1159500000.0,184100000.0,,15.129,1839800000,,,1839800000,0,31400000.0,36727500000,0.042,0.18,232300000.0,263700000.0,0.124,263700000.0,232300000.0,232300000.0,0.58,0.58,0.58,9422700000,,9422700000,7659723148.0,9.0,7.957,592900000.0,2.009,1.0,959100000.0,0.453,1476900000,0.0,150767000000,,0,67230700000,,,142555300000,,,7466523148.0,-5300000.0,-62500000.0,-136400000.0,170400000.0,-53700000.0,-469300000.0,-136300000.0,-49700000.0,600300000.0,0.0,181400000.0,173100000.0,173100000.0,0.0,2700000.0,0.082,724100000.0,235000000.0,0,0.31,0.792,12.397,12.714,469700000,8300000.0,25.3,0.893,0.893,1097000000,4667100000,2118600000.0,2118600000.0,0.0,,,,,12400000.0,724100000.0,1.0,295119492,295119492.0,,7.179,150573800000,0,50900000.0,571100000,510.213,
37,PFG,ARQ,2012-03-31,2012-05-02,2012-03-31,2021-07-29,488100000,153738200000,,,,,31.202,-17300000.0,1651900000,1651900000,1262800000.0,218900000.0,,15.375,1672000000,,,1672000000,0,36800000.0,36922500000,0.032,0.18,267900000.0,304700000.0,0.145,304700000.0,267900000.0,267900000.0,0.67,0.66,0.67,9364900000,,9364900000,8249918235.0,9.0,7.67,884400000.0,2.947,1.0,833100000.0,0.397,1384600000,0.0,152373700000,,0,67292000000,,,143986300000,,,8229818235.0,-1182000000.0,0.0,-55100000.0,-7300000.0,-54300000.0,-1393200000.0,-690500000.0,-599400000.0,901700000.0,0.0,209700000.0,201500000.0,201500000.0,0.0,9200000.0,0.096,556000000.0,277100000.0,0,0.269,0.879,11.976,12.351,476700000,8200000.0,27.42,0.959,0.959,1118800000,4548500000,2095900000.0,2095900000.0,0.0,,,,,25100000.0,556000000.0,1.0,300139250,300139250.0,,6.983,152353600000,0,58200000.0,495700000,507.61,
38,PFG,ARQ,2011-12-31,2012-02-15,2011-12-31,2021-07-29,201900000,148298000000,,,,,31.968,-24300000.0,2833900000,2833900000,1168600000.0,171900000.0,,14.349,1670000000,,,1670000000,0,28400000.0,37676400000,0.026,0.7,194000000.0,222400000.0,0.108,222400000.0,194000000.0,194000000.0,0.54,0.54,0.54,9637000000,,9637000000,6824634551.0,7.0,6.395,803600000.0,2.666,1.0,890400000.0,0.432,1372900000,0.0,145761200000,,0,66153500000,,,138285000000,,,7988534551.0,1399700000.0,-63600000.0,-97300000.0,23400000.0,-213700000.0,684800000.0,-113000000.0,5500000.0,827900000.0,0.0,172300000.0,164000000.0,164000000.0,0.0,-400000.0,0.08,696800000.0,193600000.0,0,1.296,0.829,11.713,12.212,457200000,8300000.0,26.5,0.917,0.917,1245200000,5077500000,2059000000.0,2059000000.0,0.0,,,,,10900000.0,696800000.0,1.0,301454134,301454134.0,,6.83,146925100000,0,21700000.0,536500000,487.388,
39,PFG,ARQ,2011-09-30,2011-11-02,2011-09-30,2021-07-29,409200000,143302300000,,,,,32.706,-14100000.0,1434200000,1434200000,1184000000.0,66300000.0,,13.328,1644200000,,,1644200000,0,28100000.0,36875000000,0.022,0.0,143800000.0,171900000.0,0.082,171900000.0,143800000.0,143800000.0,0.2,0.2,0.2,9980300000,,9980300000,7753438744.0,8.0,6.852,85800000.0,0.281,1.0,904800000.0,0.433,1286700000,0.0,142225600000,,0,66788800000,,,133012900000,,,7543438744.0,-735400000.0,-206900000.0,-207800000.0,-31300000.0,0.0,47700000.0,-883000000.0,-624600000.0,99900000.0,0.0,71900000.0,63700000.0,63700000.0,0.0,-5600000.0,0.03,766600000.0,138200000.0,0,0.0,0.756,10.516,11.036,448200000,8200000.0,24.72,0.836,0.836,1237400000,5130300000,2088800000.0,2088800000.0,0.0,,,,,11500000.0,766600000.0,1.0,305155289,305155289.0,,6.845,142015600000,0,71900000.0,710700000,465.388,
40,PFG,ARQ,2011-06-30,2011-08-03,2011-06-30,2021-07-29,698800000,149278400000,,,,,33.183,-14400000.0,2169600000,2169600000,1066600000.0,289900000.0,,13.325,1690000000,,,1690000000,0,27900000.0,36624600000,0.02,0.0,348700000.0,376600000.0,0.161,376600000.0,348700000.0,348700000.0,0.81,0.8,0.81,10402200000,,10402200000,8294589461.0,8.0,6.946,575600000.0,1.836,1.0,1275400000.0,0.545,1173000000,0.0,147625800000,,0,65955900000,,,138610800000,,,8774189461.0,185400000.0,0.0,-228600000.0,-200000.0,0.0,-482600000.0,78000000.0,8100000.0,590000000.0,0.0,266300000.0,258000000.0,258000000.0,0.0,23600000.0,0.11,903100000.0,372300000.0,0,0.0,0.843,11.026,11.286,448500000,8300000.0,27.99,0.951,0.951,1361700000,5066600000,2342000000.0,2342000000.0,0.0,,,,,11800000.0,903100000.0,1.0,313475865,313475865.0,,7.471,148105400000,0,82400000.0,782300000,472.462,
41,PFG,ARQ,2011-03-31,2011-05-04,2011-03-31,2021-07-29,525500000,147549700000,,,,,31.706,-4100000.0,1984200000,1984200000,1245100000.0,223100000.0,,13.465,1686600000,,,1686600000,0,31400000.0,36609300000,0.018,0.0,264900000.0,296300000.0,0.133,296300000.0,264900000.0,264900000.0,0.61,0.6,0.61,10187600000,,10187600000,9782172324.0,12.0,9.755,1191400000.0,3.708,1.0,974700000.0,0.439,1173800000,0.0,146078300000,,0,65356700000,,,137176900000,,,10079772324.0,106800000.0,0.0,3200000.0,-900000.0,0.0,-1804600000.0,715900000.0,788400000.0,1195500000.0,0.0,204500000.0,196300000.0,196300000.0,0.0,18600000.0,0.088,691200000.0,283500000.0,0,0.0,0.989,15.004,15.01,448700000,8200000.0,31.37,1.106,1.106,1309900000,4808600000,2219800000.0,2219800000.0,0.0,,,,,9200000.0,691200000.0,1.0,321318850,321318850.0,,6.908,146375900000,0,60400000.0,546300000,455.547,
42,PFG,ARQ,2010-12-31,2011-02-16,2010-12-31,2021-07-29,272400000,145631100000,,,,,30.322,-10100000.0,1877400000,1877400000,1461000000.0,218100000.0,,13.954,1691600000,,,1691600000,0,33500000.0,37301100000,0.016,0.55,253200000.0,286700000.0,0.121,286700000.0,253200000.0,253200000.0,0.62,0.61,0.62,9727800000,,9727800000,10587121528.0,13.0,10.715,852100000.0,2.656,1.0,911500000.0,0.384,1180000000,0.0,144265300000,,0,65977500000,,,135746100000,,,10772921528.0,-391400000.0,0.0,300000.0,-27000000.0,-176200000.0,-975200000.0,-278400000.0,-178300000.0,862200000.0,0.0,207600000.0,199300000.0,199300000.0,0.0,10500000.0,0.084,647800000.0,263700000.0,0,0.887,1.107,16.168,16.144,458700000,8300000.0,33.58,1.176,1.176,1063000000,4612300000,2372500000.0,2372500000.0,0.0,,,,,13500000.0,647800000.0,1.0,320813625,320813625.0,,7.395,144451100000,0,45600000.0,416100000,450.265,
43,PFG,ARQ,2010-09-30,2010-11-03,2010-09-30,2021-07-29,476800000,143456600000,,,,,30.889,-2800000.0,2268800000,2268800000,1373500000.0,151300000.0,,13.483,1714200000,,,1714200000,0,71900000.0,38549500000,0.018,0.0,162600000.0,234500000.0,0.102,234500000.0,162600000.0,162600000.0,0.44,0.44,0.44,9895500000,,9895500000,8469748179.0,12.0,9.408,442400000.0,1.381,1.0,915000000.0,0.4,1185900000,0.0,141716100000,,0,67294600000,,,133422300000,,,9024348179.0,441500000.0,0.0,10600000.0,-2800000.0,0.0,-742600000.0,738900000.0,711800000.0,445200000.0,0.0,150400000.0,142200000.0,142200000.0,0.0,900000.0,0.062,751500000.0,163500000.0,0,0.0,0.912,14.821,14.826,461100000,8200000.0,28.17,1.001,1.001,1294700000,4591600000,2288500000.0,2288500000.0,0.0,,,,,10800000.0,751500000.0,1.0,320353148,320353148.0,,7.144,142270700000,0,12200000.0,562300000,444.106,
44,PFG,ARQ,2010-06-30,2010-08-04,2010-06-30,2021-07-29,-351000000,136596500000,,,,,27.878,-4400000.0,1827300000,1827300000,1392000000.0,144200000.0,,14.281,1698900000,,,1698900000,0,29400000.0,38849400000,0.02,0.0,155900000.0,185300000.0,0.083,185300000.0,155900000.0,155900000.0,0.42,0.42,0.42,8929500000,,8929500000,7796081176.0,10.0,8.308,826700000.0,2.581,1.0,841600000.0,0.377,1224700000,0.0,135243400000,,0,65897100000,,,127524800000,,,7924481176.0,197600000.0,0.0,500000.0,-5300000.0,0.0,-662500000.0,29000000.0,66800000.0,831100000.0,0.0,142300000.0,134000000.0,134000000.0,0.0,1900000.0,0.06,683800000.0,157800000.0,0,0.0,0.887,12.165,12.127,471700000,8300000.0,24.74,0.88,0.88,1232600000,4474800000,2233600000.0,2233600000.0,0.0,,,,,12600000.0,683800000.0,1.0,320310476,320310476.0,,6.973,135371800000,0,13600000.0,199800000,422.627,
45,PFG,ARQ,2010-03-31,2010-05-05,2010-03-31,2021-07-29,-577900000,140836700000,,,,,26.759,-4200000.0,1629700000,1629700000,1331800000.0,203600000.0,,15.446,1709900000,,,1709900000,0,29900000.0,39367100000,0.017,0.0,251700000.0,281600000.0,0.124,281600000.0,251700000.0,251700000.0,0.6,0.59,0.6,8555600000,,8555600000,9480212784.0,11.0,9.663,649000000.0,2.03,1.0,932200000.0,0.412,1235900000,0.0,139681000000,,0,65524800000,,,132148500000,,,9400012784.0,-610700000.0,0.0,6600000.0,28000000.0,0.0,-801900000.0,-462000000.0,-470100000.0,653200000.0,0.0,199000000.0,190800000.0,190800000.0,0.0,4600000.0,0.084,675900000.0,256300000.0,0,0.0,1.099,14.078,13.738,480500000,8200000.0,29.4,1.053,1.053,1190700000,4340800000,2264000000.0,2264000000.0,0.0,,,,,10700000.0,675900000.0,1.0,319728326,319728326.0,,7.081,139600800000,0,52700000.0,129000000,436.623,
46,PFG,ARQ,2009-12-31,2010-02-17,2009-12-31,2021-07-29,-1042000000,137759400000,,,,,24.708,-5600000.0,2240400000,2240400000,1430400000.0,154900000.0,,16.437,1686200000,,,1686200000,0,34100000.0,39801900000,0.022,0.5,164800000.0,198900000.0,0.089,198900000.0,164800000.0,164800000.0,0.44,0.43,0.44,7893500000,,7893500000,6742386356.0,9.0,7.828,443000000.0,1.387,1.0,802000000.0,0.359,1238100000,0.0,135967100000,,0,63936500000,,,129743000000,,,7296586356.0,-1000800000.0,0.0,0.0,-10000000.0,-159500000.0,-1320000000.0,-129400000.0,-110700000.0,448600000.0,0.0,150200000.0,141900000.0,141900000.0,0.0,4700000.0,0.064,632500000.0,169500000.0,0,1.136,0.924,12.373,11.535,489300000,8300000.0,22.84,0.825,0.825,1065400000,4160700000,2232400000.0,2232400000.0,0.0,,,,,10300000.0,632500000.0,1.0,319465252,319465252.0,,6.988,136521300000,0,14600000.0,123000000,427.343,
47,PFG,ARQ,2009-09-30,2009-11-04,2009-09-30,2021-07-29,-1434100000,137379500000,,,,,23.542,-4100000.0,3241200000,3241200000,1379000000.0,204200000.0,,17.283,1693200000,,,1693200000,0,35600000.0,40951700000,0.018,0.0,237000000.0,272600000.0,0.12,272600000.0,237000000.0,237000000.0,0.58,0.57,0.58,7508700000,,7508700000,6505331228.0,13.0,10.141,375400000.0,1.177,1.0,891300000.0,0.393,1247500000,0.0,134584000000,,0,63607000000,,,129772800000,,,8053331228.0,-1087300000.0,0.0,-31800000.0,-500800000.0,0.0,-1390200000.0,-76600000.0,-103300000.0,379500000.0,0.0,192900000.0,184700000.0,184700000.0,0.0,11300000.0,0.081,643000000.0,248300000.0,0,0.0,1.073,18.291,16.833,496800000,8200000.0,25.25,0.905,0.905,1135800000,4180200000,2270300000.0,2270300000.0,0.0,,,,,10400000.0,643000000.0,1.0,318943811,318943811.0,,7.118,136132000000,0,44100000.0,118100000,426.821,
48,PFG,ARQ,2009-06-30,2009-08-05,2009-06-30,2021-07-29,-3042400000,130706600000,,,,,17.857,-3300000.0,4328500000,4328500000,1397200000.0,164000000.0,,21.936,2192800000,,,2192800000,0,35500000.0,41449800000,0.018,0.0,192500000.0,228000000.0,0.106,228000000.0,192500000.0,192500000.0,0.52,0.52,0.52,5695200000,,5695200000,6022677252.0,17.0,12.031,461700000.0,1.448,1.0,760600000.0,0.352,1262500000,0.0,127308400000,,0,60252700000,,,124930100000,,,8158377252.0,1628900000.0,-11500000.0,1149700000.0,359800000.0,0.0,-55500000.0,1219400000.0,1270800000.0,465000000.0,0.0,158600000.0,150300000.0,150300000.0,0.0,5400000.0,0.07,562700000.0,197900000.0,0,0.0,1.433,23.6,20.142,506100000,8300000.0,25.58,0.894,0.894,1046500000,3995500000,2157800000.0,2157800000.0,0.0,,,,,11200000.0,562700000.0,1.0,318935780,318935780.0,,6.766,129444100000,0,33900000.0,119500000,405.863,
49,PFG,ARQ,2009-03-31,2009-05-06,2009-03-31,2021-07-29,-4841100000,123234800000,,,,,10.11,-13200000.0,2699600000,2699600000,1370100000.0,122600000.0,,45.852,1823500000,,,1823500000,0,33300000.0,42568300000,0.019,0.0,128500000.0,161800000.0,0.074,161800000.0,128500000.0,128500000.0,0.43,0.43,0.43,2628600000,,2628600000,5179157698.0,14.0,10.064,936700000.0,3.603,1.0,818500000.0,0.374,1260300000,0.0,121098400000,,0,58473400000,,,120525900000,,,6055257698.0,91600000.0,-34200000.0,1000000.0,22800000.0,0.0,-871700000.0,13400000.0,73500000.0,949900000.0,0.0,121000000.0,112800000.0,112800000.0,0.0,1600000.0,0.052,688400000.0,130100000.0,0,0.0,2.304,16.649,16.636,517200000,8200000.0,23.29,0.629,0.629,1183000000,3845200000,2188600000.0,2188600000.0,0.0,,,,,5300000.0,688400000.0,1.0,259993890,259993890.0,,8.418,121974500000,0,7500000.0,108600000,469.144,
50,PFG,ARQ,2008-12-31,2009-02-18,2008-12-31,2021-07-29,-4911600000,128182400000,,,,,9.527,-21700000.0,2608000000,2608000000,1573800000.0,800000.0,,50.837,1791400000,,,1791400000,0,39600000.0,43086600000,0.043,0.45,-60500000.0,-20900000.0,-0.009,-20900000.0,-60500000.0,-60500000.0,-0.03,-0.03,-0.03,2472800000,,2472800000,1921768149.0,4.0,3.21,335900000.0,1.294,1.0,705400000.0,0.309,1300800000,0.0,126065000000,,0,59107300000,,,125709600000,,,2738368149.0,339000000.0,0.0,4900000.0,89000000.0,-116700000.0,-1119700000.0,1101100000.0,1187900000.0,357600000.0,0.0,800000.0,-7500000.0,-7500000.0,0.0,0.0,-0.003,765900000.0,-60500000.0,0,-15.0,1.107,6.442,6.433,518200000,8300000.0,10.55,0.276,0.276,988100000,3722500000,2279200000.0,2279200000.0,0.0,,,,,-1300000.0,765900000.0,1.0,259560962,259560962.0,,8.781,126881600000,0,-61300000.0,104700000,488.832,
51,PFG,ARQ,2008-09-30,2008-11-05,2008-09-30,2021-07-29,-1887300000,143409700000,,,,,21.642,-33800000.0,2269000000,2269000000,1667600000.0,98300000.0,,24.551,1728700000,,,1728700000,0,35600000.0,44238400000,0.035,0.0,96100000.0,131700000.0,0.053,131700000.0,96100000.0,96100000.0,0.35,0.35,0.35,5612600000,,5612600000,6083240918.0,12.0,9.336,760300000.0,2.932,1.0,830200000.0,0.332,1358400000,0.0,141511000000,,0,63080700000,,,137797100000,,,6623540918.0,744500000.0,0.0,7600000.0,135300000.0,0.0,1642000000.0,-1691600000.0,-1580900000.0,794100000.0,0.0,98300000.0,90100000.0,90100000.0,0.0,0.0,0.036,734100000.0,96100000.0,0,0.0,1.18,14.192,14.033,510800000,8200000.0,25.54,0.648,0.648,1598400000,3847800000,2497800000.0,2497800000.0,0.0,,,,,6400000.0,734100000.0,1.0,259339895,259339895.0,,9.631,142051300000,0,-2200000.0,192100000,547.742,
52,PFG,ARQ,2008-06-30,2008-08-06,2008-06-30,2021-07-29,-773900000,151526900000,,,,,25.544,-23400000.0,1524500000,1524500000,1703000000.0,176600000.0,,21.89,1599100000,,,1599100000,0,36000000.0,42942100000,0.019,0.0,206000000.0,242000000.0,0.091,242000000.0,206000000.0,206000000.0,0.65,0.64,0.65,6619900000,,6619900000,12267994157.0,17.0,14.056,51900000.0,0.2,1.0,955200000.0,0.359,1380800000,0.0,150220700000,,0,65128900000,,,144907000000,,,12193394157.0,403800000.0,-20300000.0,14300000.0,43100000.0,0.0,1686400000.0,-1357900000.0,-1385100000.0,75300000.0,0.0,176600000.0,168300000.0,168300000.0,0.0,0.0,0.063,749200000.0,206000000.0,0,0.0,1.842,20.025,20.021,490900000,8300000.0,47.05,1.153,1.153,892100000,3757700000,2658200000.0,2658200000.0,0.0,,,,,9200000.0,749200000.0,1.0,259158218,259158218.0,,10.257,150146100000,0,29400000.0,217800000,579.361,
53,PFG,ARQ,2008-03-31,2008-05-07,2008-03-31,2021-07-29,-359100000,152001200000,,,,,26.428,-26100000.0,1120700000,1120700000,1542800000.0,182400000.0,,21.216,1581700000,,,1581700000,0,33800000.0,40994600000,0.017,0.0,212000000.0,245800000.0,0.098,245800000.0,212000000.0,212000000.0,0.67,0.67,0.67,6842100000,,6842100000,14552764309.0,15.0,13.512,971700000.0,3.753,1.0,957900000.0,0.383,1379500000,0.0,151082700000,,0,64899400000,,,145159100000,,,14091764309.0,-223700000.0,0.0,3200000.0,-125400000.0,0.0,-252700000.0,-968800000.0,-892500000.0,997800000.0,0.0,182400000.0,174200000.0,174200000.0,0.0,0.0,0.07,745900000.0,212000000.0,0,0.0,2.06,18.93,19.165,481500000,8200000.0,54.43,1.311,1.311,940400000,3589400000,2500700000.0,2500700000.0,0.0,,,,,17200000.0,745900000.0,1.0,258897011,258897011.0,,9.659,150621700000,0,29600000.0,247400000,581.782,
54,PFG,ARQ,2007-12-31,2008-02-27,2007-12-31,2021-07-29,420200000,154520200000,,,,,28.726,-34200000.0,1344400000,1344400000,1781300000.0,42400000.0,,19.82,1689600000,,,1689600000,0,41900000.0,40288900000,0.015,0.9,-9800000.0,32100000.0,0.013,32100000.0,-9800000.0,-9800000.0,0.15,0.15,0.15,7421700000,,7421700000,15919096976.0,15.0,13.281,-119500000.0,-0.463,1.0,783200000.0,0.305,1381600000,0.0,153483800000,,0,64365000000,,,147098500000,,,15573896976.0,-1214300000.0,-7000000.0,-296000000.0,152700000.0,-235600000.0,536300000.0,-1666000000.0,-1530000000.0,-85300000.0,0.0,42400000.0,34100000.0,34100000.0,-20200000.0,0.0,0.013,813200000.0,-30000000.0,0,6.0,2.098,18.825,19.321,469000000,8300000.0,60.28,1.428,1.428,951200000,3414300000,2564500000.0,2564500000.0,0.0,,,,,20300000.0,813200000.0,1.0,258359273,258359273.0,,9.926,153138600000,0,-52200000.0,617900000,592.735,
55,PFG,ARQ,2007-09-30,2007-10-31,2007-09-30,2021-07-29,388400000,155617900000,,,,,30.078,-18100000.0,2558700000,2558700000,1717100000.0,240500000.0,,18.778,1580000000,,,1580000000,0,21400000.0,39086300000,0.012,0.0,331500000.0,352900000.0,0.124,352900000.0,331500000.0,331500000.0,0.88,0.87,0.88,7868300000,,7868300000,16723478989.0,12.0,10.808,1105300000.0,4.225,1.0,1132400000.0,0.397,1384200000,0.0,153255000000,,0,62901200000,,,147749600000,,,17702178989.0,700700000.0,-69100000.0,-201200000.0,-23200000.0,0.0,1371900000.0,-1794600000.0,-1618200000.0,1123400000.0,0.0,240500000.0,232300000.0,232300000.0,0.0,0.0,0.082,800900000.0,331500000.0,0,0.0,2.25,16.432,16.792,450800000,8200000.0,67.67,1.619,1.619,904700000,3617300000,2849500000.0,2849500000.0,0.0,,,,,15200000.0,800900000.0,1.0,261595670,261595670.0,,10.893,154233700000,0,91000000.0,689700000,589.588,
56,PFG,ARQ,2007-06-30,2007-08-01,2007-06-30,2021-07-29,554000000,150758300000,,,,,30.069,-32700000.0,1858000000,1858000000,1658700000.0,312100000.0,,17.876,1594600000,,,1594600000,0,33700000.0,37476800000,0.014,0.0,412500000.0,446200000.0,0.158,446200000.0,412500000.0,412500000.0,1.14,1.12,1.14,7986700000,,7986700000,14749192073.0,10.0,9.464,663700000.0,2.499,1.0,1172900000.0,0.414,1313900000,0.0,149181000000,,0,61036700000,,,142771600000,,,15012592073.0,381500000.0,0.0,-97400000.0,-9500000.0,0.0,24700000.0,-339600000.0,-362800000.0,696400000.0,0.0,312100000.0,303800000.0,303800000.0,0.0,0.0,0.107,760400000.0,412500000.0,0,0.0,1.88,13.698,13.853,443400000,8300000.0,56.52,1.427,1.427,936100000,3385000000,2831600000.0,2831600000.0,0.0,,,,,13300000.0,760400000.0,1.0,265615571,265615571.0,,10.661,149444400000,0,100400000.0,756100000,562.634,
57,PFG,ARQ,2007-03-31,2007-05-02,2007-03-31,2021-07-29,897700000,146617400000,,,,,30.274,-13400000.0,1476500000,1476500000,1572000000.0,265300000.0,,17.085,1605800000,,,1605800000,0,33200000.0,37041000000,0.013,0.0,334200000.0,367400000.0,0.138,367400000.0,334200000.0,334200000.0,0.96,0.95,0.96,8107000000,,8107000000,16686726764.0,13.0,11.628,1212100000.0,4.526,1.0,1088900000.0,0.409,1327000000,0.0,145419700000,,0,61180000000,,,138510400000,,,16557426764.0,-114300000.0,0.0,-88100000.0,-30900000.0,0.0,-640800000.0,-699000000.0,-618500000.0,1225500000.0,0.0,265300000.0,257100000.0,257100000.0,0.0,0.0,0.097,754700000.0,334200000.0,0,0.0,2.042,16.513,16.666,423200000,8200000.0,61.83,1.633,1.633,843500000,3081200000,2660900000.0,2660900000.0,0.0,,,,,24000000.0,754700000.0,1.0,267789532,267789532.0,,9.937,145290400000,0,68900000.0,866600000,542.554,
58,PFG,ARQ,2006-12-31,2007-02-28,2006-12-31,2021-07-29,846900000,143658100000,,,,,29.345,-16100000.0,1590800000,1590800000,1538100000.0,292400000.0,,17.275,1637900000,,,1637900000,0,23100000.0,36799000000,0.013,0.8,357700000.0,380800000.0,0.147,380800000.0,357700000.0,357700000.0,1.05,1.04,1.05,7860800000,,7860800000,16352854921.0,12.0,11.165,211300000.0,0.789,1.0,1053400000.0,0.406,1342900000,0.0,142362300000,,0,60366800000,,,135797300000,,,16305754921.0,194200000.0,-732000000.0,14300000.0,568800000.0,-214700000.0,1086800000.0,-1118000000.0,-495100000.0,227400000.0,0.0,292400000.0,284100000.0,284100000.0,-30600000.0,0.0,0.11,726300000.0,327100000.0,0,0.762,2.074,15.811,16.103,422500000,8300000.0,60.87,1.652,1.652,1252300000,2824100000,2591500000.0,2591500000.0,0.0,,,,,19200000.0,726300000.0,1.0,267878346,267878346.0,,9.674,142315200000,0,65300000.0,921400000,531.268,
59,PFG,ARQ,2006-09-30,2006-11-01,2006-09-30,2021-07-29,777600000,136165600000,,,,,28.5,-11200000.0,1396600000,1396600000,1499200000.0,259200000.0,,16.711,988300000,,,988300000,0,32600000.0,36207200000,0.012,0.0,331500000.0,364100000.0,0.149,364100000.0,331500000.0,331500000.0,0.93,0.92,0.93,7688100000,,7688100000,14684857548.0,11.0,10.504,935100000.0,3.466,1.0,939700000.0,0.385,526300000,0.0,135231000000,,0,59714200000,,,128477500000,,,15093157548.0,179700000.0,-31700000.0,9000000.0,-331400000.0,0.0,-39700000.0,-726900000.0,-627300000.0,946300000.0,0.0,259200000.0,251000000.0,251000000.0,0.0,0.0,0.103,608200000.0,331500000.0,0,0.0,1.963,15.183,15.542,419000000,8200000.0,55.95,1.552,1.552,682900000,2755800000,2438900000.0,2438900000.0,0.0,,,,,23700000.0,608200000.0,1.0,269761529,269761529.0,,9.041,135639300000,0,72300000.0,893800000,502.812,
60,PFG,ARQ,2006-06-30,2006-08-02,2006-06-30,2021-07-29,218500000,131429400000,,,,,25.418,-10700000.0,1216900000,1216900000,1532100000.0,218800000.0,,18.202,1318600000,,,1318600000,0,26200000.0,35512600000,0.012,0.0,296500000.0,322700000.0,0.132,322700000.0,296500000.0,296500000.0,0.77,0.76,0.77,6844700000,,6844700000,14454678072.0,12.0,10.737,668700000.0,2.483,1.0,916300000.0,0.374,497100000,0.0,131034000000,,0,58124000000,,,124584700000,,,14352978072.0,-391300000.0,0.0,-561100000.0,32000000.0,0.0,9700000.0,-1080400000.0,-1067700000.0,679400000.0,0.0,218800000.0,210500000.0,210500000.0,0.0,0.0,0.086,619800000.0,296500000.0,0,0.0,2.097,15.059,15.585,420200000,8300000.0,53.3,1.51,1.51,626800000,2504800000,2448400000.0,2448400000.0,0.0,,,,,16600000.0,619800000.0,1.0,269286643,269286643.0,,9.092,130932300000,0,77700000.0,611400000,486.219,
61,PFG,ARQ,2006-03-31,2006-05-04,2006-03-31,2021-07-29,639300000,131974500000,,,,,27.435,-12500000.0,1608200000,1608200000,1413700000.0,293900000.0,,16.368,1290000000,,,1290000000,0,23400000.0,34552300000,0.012,0.0,373600000.0,397000000.0,0.166,397000000.0,373600000.0,373600000.0,1.02,1.01,1.02,7598700000,,7598700000,14347644571.0,12.0,10.678,412900000.0,1.491,1.0,978000000.0,0.409,508500000,0.0,131147800000,,0,57874500000,,,124375800000,,,14665844571.0,-33100000.0,-5500000.0,-151800000.0,-79200000.0,0.0,529100000.0,-987600000.0,-1067300000.0,425400000.0,0.0,293900000.0,285700000.0,285700000.0,0.0,0.0,0.119,604400000.0,373600000.0,0,0.0,1.93,14.942,15.216,420600000,8200000.0,52.95,1.584,1.584,673600000,2294300000,2391700000.0,2391700000.0,0.0,,,,,12300000.0,604400000.0,1.0,276975346,276975346.0,,8.635,131466000000,0,79700000.0,712100000,474.649,
62,PFG,ARQ,2005-12-31,2006-03-02,2005-12-31,2021-07-29,994800000,127035400000,,,,,27.933,-15700000.0,1641300000,1641300000,1576800000.0,255200000.0,,15.272,1375200000,,,1375200000,0,27700000.0,33612100000,0.013,0.65,286500000.0,314200000.0,0.128,314200000.0,286500000.0,286500000.0,0.88,0.88,0.88,7807200000,,7807200000,13258890531.0,12.0,10.582,856000000.0,3.063,1.0,868400000.0,0.355,484900000,0.0,126284400000,,0,57470000000,,,119228200000,,,13524990531.0,522800000.0,0.0,19300000.0,193300000.0,-182200000.0,252100000.0,-599100000.0,-598100000.0,871700000.0,0.0,255200000.0,246900000.0,246900000.0,-11100000.0,0.0,0.101,593000000.0,275400000.0,0,0.739,1.732,15.006,15.46,419800000,8300000.0,48.39,1.501,1.501,592700000,2008600000,2445200000.0,2445200000.0,0.0,,,,,12700000.0,593000000.0,1.0,279499701,279499701.0,,8.748,126550500000,0,31300000.0,974800000,452.775,
63,PFG,ARQ,2005-09-30,2005-11-02,2005-09-30,2021-07-29,1164500000,121105500000,,,,,27.842,-10600000.0,1116600000,1116600000,1355200000.0,219400000.0,,14.526,1186100000,,,1186100000,0,25800000.0,33085600000,0.011,0.0,286500000.0,312300000.0,0.141,312300000.0,286500000.0,286500000.0,0.75,0.74,0.75,7800100000,,7800100000,14009833764.0,12.0,11.294,696600000.0,2.487,1.0,863200000.0,0.389,489700000,0.0,120685300000,,0,57011600000,,,113305400000,,,13940333764.0,-53700000.0,-3700000.0,14800000.0,-102400000.0,0.0,-513300000.0,-247600000.0,-236000000.0,707200000.0,0.0,219400000.0,210000000.0,210000000.0,-100000.0,0.0,0.095,576800000.0,286400000.0,0,0.0,1.787,16.062,16.698,416900000,9400000.0,49.76,1.584,1.584,1109700000,1943900000,2218400000.0,2218400000.0,0.0,,,,,13200000.0,576800000.0,1.0,280151402,280151402.0,,7.919,120615800000,0,67100000.0,1026100000,430.538,
64,PFG,ARQ,2005-06-30,2005-08-03,2005-06-30,2021-07-29,1453900000,117192600000,,,,,28.073,3500000.0,1171600000,1171600000,1336700000.0,238900000.0,,13.925,1295800000,,,1295800000,0,21900000.0,33322900000,0.012,0.0,298300000.0,320200000.0,0.145,320200000.0,298300000.0,298300000.0,0.83,0.82,0.83,7852100000,,7852100000,12805859436.0,11.0,9.881,885300000.0,3.165,1.0,864000000.0,0.393,487200000,0.0,116829600000,,0,57709000000,,,109340500000,,,12681659436.0,623700000.0,-1500000.0,-691700000.0,-310900000.0,0.0,203800000.0,-461900000.0,-629100000.0,881800000.0,0.0,238900000.0,238900000.0,238900000.0,-15100000.0,0.0,0.109,580800000.0,283200000.0,0,0.0,1.615,13.256,14.213,419300000,0.0,45.34,1.462,1.462,719600000,1733900000,2200700000.0,2200700000.0,0.0,,,,,11700000.0,580800000.0,1.0,279701355,279701355.0,,7.868,116705400000,0,59400000.0,1197300000,417.25,
65,PFG,ARQ,2005-03-31,2005-05-04,2005-03-31,2021-07-29,1046400000,113529100000,,,,,24.996,-21600000.0,548500000,548500000,1307200000.0,205500000.0,,14.461,1609800000,,,1609800000,0,26200000.0,32488700000,0.014,0.0,280500000.0,306700000.0,0.143,306700000.0,280500000.0,280500000.0,0.69,0.68,0.69,7343100000,,7343100000,12859175970.0,12.0,11.114,-98100000.0,-0.334,1.0,837400000.0,0.39,483500000,0.0,114106900000,,0,56533500000,,,106186000000,,,11797875970.0,96000000.0,-52900000.0,-150900000.0,484000000.0,0.0,471900000.0,-299400000.0,-285700000.0,-76500000.0,0.0,205500000.0,205500000.0,205500000.0,0.0,0.0,0.096,556900000.0,280500000.0,0,0.0,1.607,14.087,14.657,436500000,0.0,40.16,1.396,1.396,573800000,1495000000,2144600000.0,2144600000.0,0.0,,,,,11200000.0,556900000.0,1.0,293771812,293771812.0,,7.3,113045600000,0,75000000.0,992100000,384.808,
66,PFG,ARQ,2004-12-31,2005-03-04,2004-12-31,2021-07-29,1313300000,113798100000,,,,,25.187,-12500000.0,452500000,452500000,1391300000.0,213500000.0,,14.084,1125200000,,,1125200000,0,28000000.0,32183300000,0.014,0.55,273300000.0,301300000.0,0.135,301300000.0,273300000.0,273300000.0,0.71,0.7,0.71,7544300000,,7544300000,12321455573.0,12.0,11.046,248300000.0,0.829,1.0,847400000.0,0.379,429400000,0.0,114041400000,,0,56918600000,,,106253800000,,,11648755573.0,-1450000000.0,-146900000.0,-247700000.0,137400000.0,-166500000.0,-325000000.0,-1385800000.0,-1453900000.0,260800000.0,0.0,213500000.0,213500000.0,213500000.0,2100000.0,0.0,0.095,572000000.0,275400000.0,0,0.775,1.544,14.109,14.731,429400000,0.0,38.89,1.403,1.403,628500000,1289500000,2238700000.0,2238700000.0,0.0,,,,,12500000.0,572000000.0,1.0,299530871,299530871.0,,7.474,113368700000,0,59800000.0,1409600000,378.488,
67,PFG,ARQ,2004-09-30,2004-11-04,2004-09-30,2021-07-29,1282200000,109776400000,,,,,25.066,-10600000.0,1902500000,1902500000,1310000000.0,298800000.0,,13.267,992600000,,,992600000,0,28300000.0,31547200000,0.0,0.0,339500000.0,367800000.0,0.176,367800000.0,339500000.0,339500000.0,0.96,0.95,0.96,7694400000,,7694400000,10800632279.0,11.0,9.858,991700000.0,3.231,1.0,778600000.0,0.373,390600000,0.0,108475900000,,0,55235300000,,,102082000000,,,11710532279.0,426600000.0,804800000.0,-275500000.0,-700200000.0,0.0,38000000.0,-613700000.0,-1582600000.0,1002300000.0,0.0,298800000.0,298800000.0,298800000.0,-104200000.0,0.0,0.143,543300000.0,235300000.0,0,0.0,1.522,14.351,14.844,431500000,0.0,38.15,1.33,1.33,874900000,1242500000,2088600000.0,2088600000.0,0.0,,,,,10000000.0,543300000.0,1.0,306960217,306960217.0,,6.804,109385800000,0,40700000.0,1849300000,356.352,
68,PFG,ARQ,2004-06-30,2004-08-04,2004-06-30,2021-07-29,761100000,111372900000,,,,,22.779,-14800000.0,1475900000,1475900000,1295500000.0,119700000.0,,14.6,1695900000,,,1695900000,0,27300000.0,30130200000,0.014,0.0,153900000.0,181200000.0,0.092,181200000.0,153900000.0,153900000.0,0.38,0.37,0.38,7139100000,,7139100000,10553134030.0,12.0,10.563,-602600000.0,-1.923,1.0,684200000.0,0.346,388600000,0.0,111204300000,,0,52701500000,,,104233800000,,,10333134030.0,367700000.0,14900000.0,-211300000.0,684100000.0,0.0,1533400000.0,-577900000.0,-680500000.0,-587800000.0,0.0,119700000.0,119700000.0,119700000.0,9200000.0,0.0,0.06,521100000.0,163100000.0,0,0.0,1.447,14.726,15.124,436400000,0.0,32.97,1.157,1.157,594300000,943700000,1979700000.0,1979700000.0,0.0,,,,,12700000.0,521100000.0,1.0,313410192,313410192.0,,6.317,110984300000,0,34200000.0,1074500000,354.118,
69,PFG,ARQ,2004-03-31,2004-05-05,2004-03-31,2021-07-29,1539600000,110812800000,,,,,25.022,-9600000.0,1608600000,1608600000,1260800000.0,193600000.0,,12.874,3541400000,,,3541400000,0,27200000.0,28913700000,0.013,0.0,259700000.0,286900000.0,0.127,286900000.0,259700000.0,259700000.0,0.6,0.6,0.6,7987000000,,7987000000,13018670665.0,13.0,11.521,1571000000.0,4.922,1.0,996300000.0,0.441,406500000,0.0,112339100000,,0,55992500000,,,102825800000,,,11085870665.0,-84300000.0,-106200000.0,3100000.0,-847800000.0,0.0,-1063600000.0,-601300000.0,-449200000.0,1580600000.0,0.0,193600000.0,193600000.0,193600000.0,0.0,0.0,0.086,730900000.0,265400000.0,0,0.0,1.388,14.137,14.351,443300000,0.0,34.73,1.184,1.184,543700000,824000000,2257100000.0,2257100000.0,0.0,,,,,8200000.0,730900000.0,1.0,319201574,319201574.0,,7.071,110406300000,0,66100000.0,1995800000,345.883,
70,PFG,ARQ,2003-12-31,2004-03-03,2003-12-31,2021-07-29,1171300000,107754400000,,,,,23.067,-17800000.0,1692900000,1692900000,1377800000.0,203900000.0,,13.562,4385100000,,,4385100000,0,37400000.0,28902500000,0.012,0.0,222300000.0,259700000.0,0.105,259700000.0,222300000.0,222300000.0,0.63,0.62,0.63,7399600000,,7399600000,14429633322.0,15.0,13.248,619800000.0,1.932,1.0,1100700000.0,0.444,305600000,0.0,110141000000,,0,55577800000,,,100354800000,,,11737433322.0,684900000.0,-33500000.0,-71600000.0,-1155300000.0,-145300000.0,-890600000.0,937900000.0,917000000.0,637600000.0,0.0,203900000.0,203900000.0,203900000.0,-10500000.0,0.0,0.082,888900000.0,211800000.0,0,0.0,1.586,15.728,15.978,447800000,0.0,36.59,1.248,1.248,719800000,630400000,2478500000.0,2478500000.0,0.0,,,,,6400000.0,888900000.0,1.0,320782545,320782545.0,,7.726,107448800000,0,18400000.0,1734000000,334.958,
71,PFG,ARQ,2003-09-30,2004-02-13,2003-09-30,2021-07-29,1202400000,103714600000,,,,,23.025,-7200000.0,1008000000,1008000000,1254400000.0,184500000.0,,12.947,5556700000,,,5556700000,0,27700000.0,28086100000,0.012,0.0,243600000.0,271300000.0,0.122,271300000.0,243600000.0,243600000.0,0.57,0.57,0.57,7436300000,,7436300000,16324115869.0,19.0,16.628,244600000.0,0.757,1.0,962100000.0,0.434,277700000,0.0,107985600000,,0,56376200000,,,96278300000,,,11775415869.0,-517200000.0,24200000.0,-74800000.0,-180400000.0,0.0,-404200000.0,-364800000.0,-270800000.0,251800000.0,0.0,184500000.0,184500000.0,184500000.0,-12400000.0,0.0,0.083,727500000.0,234600000.0,0,0.0,1.584,15.539,15.991,450400000,0.0,36.46,1.281,1.281,792200000,571800000,2216500000.0,2216500000.0,0.0,,,,,5700000.0,727500000.0,1.0,322968071,322968071.0,,6.863,103436900000,0,59100000.0,1716400000,320.27,
72,PFG,ARQ,2003-09-30,2003-11-05,2003-09-30,2021-07-29,1202400000,103769500000,,,,,23.123,-7200000.0,1008000000,1008000000,1254400000.0,216300000.0,,12.895,5556700000,,,5556700000,0,27700000.0,28086100000,0.023,0.45,294400000.0,322100000.0,0.142,322100000.0,294400000.0,294400000.0,0.67,0.67,0.67,7468100000,,7468100000,14593007008.0,16.0,14.134,194200000.0,0.601,1.0,1011700000.0,0.446,277700000,0.0,108040500000,,0,56325900000,,,96301400000,,,10044307008.0,-517200000.0,24200000.0,-74800000.0,-180400000.0,0.0,-404200000.0,-314400000.0,-220400000.0,201400000.0,0.0,216300000.0,216300000.0,216300000.0,-12400000.0,0.0,0.095,727500000.0,284200000.0,0,0.672,1.345,12.721,13.067,450400000,0.0,31.1,1.087,1.087,792200000,603600000,2266100000.0,2266100000.0,0.0,,,,,5700000.0,727500000.0,1.0,322968071,322968071.0,,7.016,103491800000,0,78100000.0,1736200000,320.44,
73,PFG,ARQ,2003-06-30,2003-08-06,2003-06-30,2021-07-29,1420600000,98621700000,,,,,23.292,28600000.0,1525200000,1525200000,1261700000.0,202200000.0,,12.082,2025600000,,,2025600000,0,27400000.0,28179400000,0.008,0.0,284700000.0,312100000.0,0.129,312100000.0,284700000.0,284700000.0,0.62,0.62,0.62,7539000000,,7539000000,10676703392.0,23.0,18.571,1897200000.0,5.861,1.0,1150700000.0,0.477,276000000,0.0,98846100000,,0,53143900000,,,91082700000,,,10176303392.0,558300000.0,-27800000.0,-101200000.0,-94600000.0,0.0,149400000.0,-1459700000.0,-1054500000.0,1868600000.0,0.0,202200000.0,202200000.0,202200000.0,400000.0,0.0,0.084,865600000.0,285100000.0,0,0.0,1.35,24.527,25.152,459000000,0.0,31.44,1.135,1.135,438800000,387300000,2412400000.0,2412400000.0,0.0,,,,,7000000.0,865600000.0,1.0,323673772,323673772.0,,7.453,98345700000,0,82500000.0,1822200000,303.842,
74,PFG,ARQ,2003-03-31,2003-05-07,2003-03-31,2021-07-29,841500000,91840500000,,,,,20.888,-2600000.0,966900000,966900000,1275300000.0,155700000.0,,12.433,2094200000,,,2094200000,0,24600000.0,27366800000,0.008,0.0,221500000.0,246100000.0,0.107,246100000.0,221500000.0,221500000.0,0.47,0.47,0.47,6836800000,,6836800000,10799100931.0,32.0,24.339,953200000.0,2.912,1.0,1021500000.0,0.445,232600000,0.0,92735200000,,0,50639600000,,,85003700000,,,9671800931.0,-71700000.0,-58200000.0,-187100000.0,195900000.0,0.0,634200000.0,-1661700000.0,-1316400000.0,955800000.0,0.0,155700000.0,155700000.0,155700000.0,700000.0,0.0,0.068,799300000.0,222200000.0,0,0.0,1.415,29.053,30.464,470500000,0.0,29.55,1.082,1.082,543700000,185100000,2296800000.0,2296800000.0,0.0,,,,,3500000.0,799300000.0,1.0,327302908,327302908.0,,7.017,91607900000,0,65800000.0,1390700000,279.887,
75,PFG,ARQ,2002-12-31,2003-03-05,2002-12-31,2021-07-29,635800000,89861300000,,,,,20.786,-20400000.0,1038600000,1038600000,1349800000.0,215400000.0,,12.498,1897300000,,,1897300000,0,31500000.0,26315000000,0.009,0.0,120700000.0,152200000.0,0.067,152200000.0,120700000.0,120700000.0,0.62,-0.72,0.62,6657200000,,6657200000,9678933817.0,51.0,32.899,1748000000.0,5.458,1.0,913500000.0,0.404,195300000,0.0,90524700000,,0,48995600000,,,83204100000,,,8820233817.0,407100000.0,492900000.0,-239400000.0,119300000.0,-83800000.0,-853600000.0,-507700000.0,-1028100000.0,1768400000.0,0.0,215400000.0,215400000.0,215400000.0,1800000.0,0.0,0.095,791000000.0,122500000.0,0,0.0,1.325,61.983,67.171,482500000,0.0,27.54,1.0,1.0,459700000,29400000,2263300000.0,2263300000.0,0.0,,,,,3100000.0,791000000.0,1.0,320269928,320269928.0,,7.067,89666000000,0,-94700000.0,1177700000,279.97,
76,PFG,ARQ,2002-09-30,2002-11-07,2002-09-30,2021-07-29,507900000,88270700000,,,,,19.692,-3800000.0,631500000,631500000,1310700000.0,-158400000.0,,12.306,1778000000,,,1778000000,0,20500000.0,26470500000,0.009,0.25,-156000000.0,-135500000.0,-0.068,-135500000.0,-156000000.0,-156000000.0,-0.46,0.12,-0.46,6634000000,,6634000000,10832151066.0,131.0,53.704,1791400000.0,5.317,1.0,685200000.0,0.343,181800000,0.0,89235400000,,0,47916200000,,,81636700000,,,9685651066.0,-567000000.0,1000000.0,-230000000.0,35600000.0,0.0,-184200000.0,-2178000000.0,-1758700000.0,1795200000.0,0.0,-158400000.0,-158400000.0,-158400000.0,201000000.0,0.0,-0.079,640200000.0,45000000.0,0,-0.543,1.46,-177.718,-23.185,484200000,0.0,28.75,1.115,1.115,786600000,-102200000,1995900000.0,1995900000.0,0.0,,,,,7400000.0,640200000.0,1.0,336892211,336892211.0,,5.924,88088900000,0,2400000.0,1226500000,261.475,
77,PFG,ARQ,2002-06-30,2002-08-08,2002-06-30,2021-07-29,163000000,90193400000,,,,,19.229,-12400000.0,1261100000,1261100000,1587400000.0,120200000.0,,12.522,1742400000,,,1742400000,0,26900000.0,26013400000,0.0,0.0,154000000.0,180900000.0,0.076,180900000.0,154000000.0,154000000.0,0.34,0.34,0.34,6670100000,,6670100000,10089946635.0,26.0,19.344,1503000000.0,4.333,1.0,792600000.0,0.333,895400000,0.0,89779300000,,0,46170200000,,,83523300000,,,9608646635.0,703600000.0,-47600000.0,-238700000.0,-294300000.0,0.0,-308200000.0,-503600000.0,-406600000.0,1515400000.0,0.0,120200000.0,120200000.0,120200000.0,0.0,0.0,0.051,638600000.0,154000000.0,0,0.0,1.441,43.735,-60.217,514900000,0.0,27.7,1.05,1.05,1092400000,56200000,2380000000.0,2380000000.0,0.0,,,,,0.0,638600000.0,1.0,346882550,346882550.0,,6.861,89298000000,0,33800000.0,969600000,257.43,
78,PFG,ARQ,2002-03-31,2002-05-10,2002-03-31,2021-07-29,-27600000,88758700000,,,,,18.399,-14300000.0,557500000,557500000,1285600000.0,-34900000.0,,12.452,2036700000,,,2036700000,0,27100000.0,25115600000,0.0,0.0,75700000.0,102800000.0,0.045,102800000.0,75700000.0,75700000.0,-0.1,-0.1,-0.1,6598000000,,6598000000,11470018351.0,,,470700000.0,1.313,1.0,987400000.0,0.434,852200000,0.0,89385700000,,0,45451100000,,,82160700000,,,9990818351.0,-66300000.0,0.0,-12300000.0,146700000.0,0.0,337500000.0,-888800000.0,-1020200000.0,485000000.0,0.0,-34900000.0,-34900000.0,-34900000.0,0.0,0.0,-0.015,630800000.0,356600000.0,0,0.0,1.514,,,515600000,0.0,27.86,,,494700000,-64000000,2273000000.0,2273000000.0,0.0,,,,,0.0,630800000.0,1.0,358607981,358607981.0,,6.338,87906500000,0,110600000.0,757600000,245.133,
79,PFG,ARQ,2001-12-31,2002-03-12,2001-12-31,2021-07-29,147500000,88350500000,,,,,18.902,-1700000.0,623800000,623800000,1318100000.0,18600000.0,,11.954,1890000000,,,1890000000,0,44800000.0,24684400000,0.0,0.0,8700000.0,53500000.0,0.026,53500000.0,8700000.0,8700000.0,-1.02,-1.02,-1.02,6820300000,,6820300000,10286858300.0,23.0,17.356,1135100000.0,3.146,1.0,722200000.0,0.354,1228400000,0.0,88388300000,,0,44772900000,,,81530200000,,,9020658300.0,392700000.0,-6900000.0,1651600000.0,-304400000.0,0.0,-736100000.0,-8000000.0,79300000.0,1136800000.0,0.0,18600000.0,18600000.0,18600000.0,0.0,0.0,0.009,713500000.0,8700000.0,0,0.0,1.323,25.141,-312.5,518200000,0.0,25.0,1.023,1.023,531300000,-29100000,2040300000.0,2040300000.0,0.0,,,,,0.0,713500000.0,1.0,360826332,360826332.0,,5.655,87122100000,0,-9900000.0,895100000,241.452,
80,PFG,ARQ,2001-09-30,2001-11-19,2001-09-30,2021-07-29,166300000,83955200000,,,,,18.169,-14700000.0,231100000,231100000,1676400000.0,115800000.0,,11.312,2097300000,,,2097300000,0,35800000.0,25009600000,0.0,0.0,148600000.0,184400000.0,0.075,184400000.0,148600000.0,148600000.0,0.32,0.32,0.32,6819000000,,6819000000,10246970038.0,,,1341100000.0,3.573,1.0,780100000.0,0.318,1200800000,0.0,84620600000,,0,45520400000,,,77136200000,,,8380770038.0,-140800000.0,5600000.0,0.0,30800000.0,0.0,-765800000.0,-730800000.0,-555500000.0,1355800000.0,0.0,115800000.0,115800000.0,115800000.0,0.0,0.0,0.047,631500000.0,148600000.0,0,0.0,1.229,,,508400000,0.0,22.33,,,553800000,6652700000,2456500000.0,2456500000.0,0.0,,,,,0.0,631500000.0,1.0,375314377,375314377.0,,6.545,82754400000,0,32800000.0,920000000,220.494,
81,PFG,ARQ,2001-06-30,2001-10-22,2001-06-30,2021-07-29,-8500000,85229700000,,,,,18.134,,371900000,371900000,,,,12.055,2066500000,,,2066500000,0,,25073100000,,0.0,,,,,,,,,,6528400000,,6528400000,,,,,,1.0,,,1252900000,,85671400000,,0,44403200000,,,78701300000,,,,,,,,,,,,,,,,,,,,,,0,,,,,513400000,,,,,572300000,6536900000,,,,,,,,,,1.0,360000000,360000000.0,,,83976800000,0,,743700000,233.269,
0,PFG,ART,2021-06-30,2021-07-29,2021-06-30,2021-07-29,1803800000,302165500000,293228150000.0,,,0.047,60.482,-108200000.0,2417400000,2417400000,7116000000.0,1615300000.0,,17.59,4362200000,,,4362200000,0,251900000.0,42871300000,0.036,2.29,1885400000.0,2137300000.0,0.155,2137300000.0,1885400000.0,1885400000.0,5.81,5.75,5.81,16233100000,15962100000.0,16233100000,18824105704.0,10.0,8.807,2717900000.0,10.127,1.0,6707700000.0,0.485,3377100000,0.0,300733200000,291490275000.0,0,105975000000,,,285543400000,,,16879305704.0,-733000000.0,0.0,-394200000.0,110700000.0,-624800000.0,188400000.0,-3747500000.0,-3575400000.0,2826100000.0,0.0,1587500000.0,1587500000.0,1587500000.0,0.0,27800000.0,0.115,4794500000.0,1913200000.0,0,0.394,1.04,10.633,10.824,1030700000,0.0,62.89,1.221,1.221,1675700000,12395000000,13823700000.0,13823700000.0,0.0,0.005,0.099,0.006,0.136,87600000.0,4794500000.0,1.0,268394112,268394112.0,,51.505,298788400000,0,297900000.0,2331500000,1113.245,
1,PFG,ART,2021-03-31,2021-04-29,2021-03-31,2021-07-29,953800000,295634600000,285514125000.0,,,0.047,56.635,-113700000.0,2003500000,2003500000,6907000000.0,1659800000.0,,18.169,4363400000,,,4363400000,0,251900000.0,43082100000,0.035,2.24,1943400000.0,2195300000.0,0.164,2195300000.0,1943400000.0,1943400000.0,5.92,5.88,5.92,15405500000,15714600000.0,15405500000,19831258443.0,10.0,9.034,2176600000.0,8.002,1.0,6491900000.0,0.485,3399300000,0.0,294595200000,283571600000.0,0,104761900000,,,279908800000,,,17471358443.0,-1479200000.0,0.0,-139600000.0,570200000.0,-613100000.0,1362800000.0,-5132300000.0,-4908900000.0,2290300000.0,0.0,1624000000.0,1624000000.0,1624000000.0,0.0,35800000.0,0.121,4512700000.0,1979200000.0,0,0.378,1.134,10.758,10.85,1043700000,0.0,64.23,1.304,1.304,1708300000,12199200000,13398900000.0,13398900000.0,0.0,0.006,0.103,0.007,0.145,87600000.0,4512700000.0,1.0,272012431,272012431.0,,49.258,292235300000,0,319400000.0,2092000000,1074.345,
2,PFG,ART,2020-12-31,2021-02-12,2020-12-31,2021-07-29,2383100000,296627700000,273331450000.0,,,0.054,60.741,-108800000.0,2849800000,2849800000,8401700000.0,1428500000.0,,16.895,4363900000,,,4363900000,0,251900000.0,43237700000,0.041,2.24,1660800000.0,1912700000.0,0.13,1912700000.0,1660800000.0,1660800000.0,5.08,5.05,5.08,16558900000,15090100000.0,16558900000,16270678661.0,10.0,8.507,3629800000.0,13.315,1.0,6340000000.0,0.43,3434000000,0.0,294707800000,270888775000.0,0,106306900000,,,279754800000,,,14756578661.0,333900000.0,0.0,-264200000.0,530500000.0,-614500000.0,1621100000.0,-5025800000.0,-4852900000.0,3738600000.0,0.0,1395800000.0,1395800000.0,1395800000.0,0.0,32700000.0,0.095,4646500000.0,1693500000.0,0,0.441,0.891,10.572,10.656,1019000000,0.0,54.13,1.001,1.001,1723800000,11838000000,14741700000.0,14741700000.0,0.0,0.005,0.092,0.006,0.113,87600000.0,4646500000.0,1.0,272613683,272613683.0,,54.075,293193700000,0,265000000.0,2353100000,1075.492,
3,PFG,ART,2020-09-30,2020-10-29,2020-09-30,2021-07-29,1747100000,278484800000,268196475000.0,,,0.056,56.969,-117200000.0,3556700000,3556700000,8843300000.0,1252300000.0,,16.771,4355600000,,,4355600000,0,63000000.0,42947100000,0.057,2.23,1445000000.0,1508000000.0,0.1,1508000000.0,1445000000.0,1445000000.0,4.44,4.41,4.44,15650900000,14604875000.0,15650900000,11546264602.0,8.0,7.657,4021600000.0,14.638,1.0,6180500000.0,0.411,3358800000,0.0,275924900000,265691550000.0,0,103033800000,,,262485200000,,,10747364602.0,358700000.0,1100000.0,-274100000.0,499800000.0,-613200000.0,2622100000.0,-6402200000.0,-6280900000.0,4138800000.0,0.0,1224100000.0,1224100000.0,1224100000.0,0.0,28200000.0,0.081,4707300000.0,1473200000.0,0,0.502,0.687,8.78,8.811,998800000,0.0,39.12,0.715,0.715,1530200000,11521400000,15023800000.0,15023800000.0,0.0,0.005,0.084,0.005,0.096,15900000.0,4707300000.0,1.0,274728134,274728134.0,,54.686,275126000000,0,220900000.0,2122600000,1001.448,
4,PFG,ART,2020-06-30,2020-07-29,2020-06-30,2021-07-29,1450700000,271309400000,266134875000.0,,,0.061,55.527,-113400000.0,3150400000,3150400000,9844000000.0,1301000000.0,,16.776,4239700000,,,4239700000,0,122600000.0,42308400000,0.051,2.22,1508000000.0,1630600000.0,0.101,1630600000.0,1508000000.0,1508000000.0,4.57,4.54,4.57,15243100000,14393200000.0,15243100000,13133807875.0,9.0,8.055,4747500000.0,17.294,1.0,6327500000.0,0.391,3340200000,0.0,269058500000,263562325000.0,0,100558600000,,,255725700000,,,12044507875.0,-165500000.0,-1208500000.0,-320400000.0,414000000.0,-612500000.0,2539200000.0,-7565600000.0,-6036600000.0,4860900000.0,0.0,1265200000.0,1265200000.0,1265200000.0,0.0,35800000.0,0.078,4783700000.0,1543800000.0,0,0.486,0.79,9.52,9.601,993100000,0.0,43.875,0.745,0.745,1760000000,11441400000,16171500000.0,16171500000.0,0.0,0.005,0.088,0.006,0.093,36800000.0,4783700000.0,1.0,274518698,274518698.0,,58.909,267969200000,0,242800000.0,2077800000,976.142,
5,PFG,ART,2020-03-31,2020-04-29,2020-03-31,2021-07-29,-599200000,246903900000,265287025000.0,,,0.064,47.13,-121000000.0,3482700000,3482700000,10687300000.0,1277000000.0,,18.105,3775700000,,,3775700000,0,175800000.0,42126600000,0.06,2.2,1471700000.0,1647500000.0,0.097,1647500000.0,1471700000.0,1471700000.0,4.5,4.46,4.5,12907500000,14091100000.0,12907500000,10302866994.0,7.0,6.254,5784900000.0,21.123,1.0,6342200000.0,0.372,3333000000,0.0,243863900000,262804975000.0,0,94775300000,,,233691600000,,,10009866994.0,1223000000.0,-1208500000.0,-318300000.0,483800000.0,-609400000.0,2427200000.0,-7110100000.0,-5615300000.0,5905900000.0,0.0,1253200000.0,1253200000.0,1253200000.0,0.0,23800000.0,0.074,4846700000.0,1495500000.0,0,0.489,0.776,7.987,8.122,973800000,0.0,36.55,0.588,0.588,1691000000,11198800000,17029500000.0,17029500000.0,0.0,0.005,0.089,0.006,0.086,57700000.0,4846700000.0,1.0,273867770,273867770.0,,62.181,243570900000,0,218500000.0,1465000000,889.374,
6,PFG,ART,2019-12-31,2020-02-14,2019-12-31,2021-07-29,1037900000,276087800000,268416025000.0,,,0.06,53.217,-132400000.0,2515900000,2515900000,10024900000.0,1444100000.0,,17.864,3827500000,,,3827500000,0,226800000.0,41367500000,0.04,2.227,1643400000.0,1870200000.0,0.115,1870200000.0,1643400000.0,1643400000.0,5.0,4.96,5.0,14618000000,14037825000.0,14618000000,16793012975.0,10.0,8.979,5360800000.0,19.516,1.0,6197200000.0,0.382,3480500000,0.0,273918900000,266351400000.0,0,96351400000,,,261137100000,,,15481412975.0,-461600000.0,-1208500000.0,-243300000.0,530200000.0,-606000000.0,1733700000.0,-7688500000.0,-5954800000.0,5493200000.0,0.0,1394200000.0,1394200000.0,1394200000.0,0.0,49900000.0,0.086,4503900000.0,1693300000.0,0,0.445,1.059,11.104,11.272,967700000,0.0,56.36,0.954,0.954,1740300000,11074300000,16222100000.0,16222100000.0,0.0,0.005,0.099,0.006,0.101,82600000.0,4503900000.0,1.0,274687952,274687952.0,,59.056,272607300000,0,249200000.0,1812800000,992.425,
7,PFG,ART,2019-09-30,2019-10-30,2019-09-30,2021-07-29,1307100000,270238400000,260153100000.0,,,0.061,53.315,-117000000.0,3198000000,3198000000,10042700000.0,1360500000.0,,17.225,3860000000,,,3860000000,0,217000000.0,40300000000,0.041,2.217,1534200000.0,1751200000.0,0.11,1751200000.0,1534200000.0,1534200000.0,4.75,4.72,4.75,14804200000,13230825000.0,14804200000,15745139455.0,10.0,8.991,5790400000.0,20.853,1.0,5902800000.0,0.37,3492400000,0.0,267408000000,258108175000.0,0,94412400000,,,254996300000,,,15083139455.0,271300000.0,-1209600000.0,-365100000.0,584600000.0,-605700000.0,583900000.0,-6220000000.0,-4355700000.0,5907400000.0,0.0,1329800000.0,1329800000.0,1329800000.0,0.0,30700000.0,0.083,4337900000.0,1564900000.0,0,0.467,1.019,11.342,11.436,961700000,0.0,54.32,0.946,0.946,1635700000,10927800000,15945500000.0,15945500000.0,0.0,0.005,0.101,0.006,0.096,83800000.0,4337900000.0,1.0,277671934,277671934.0,,57.426,266746000000,0,204400000.0,1949700000,960.652,
8,PFG,ART,2019-06-30,2019-07-31,2019-06-30,2021-07-29,647700000,267918000000,257283075000.0,,,0.062,50.34,-114100000.0,3315900000,3315900000,9846300000.0,1535900000.0,,18.063,3839200000,,,3839200000,0,208100000.0,39658800000,0.038,2.197,1761400000.0,1969500000.0,0.124,1969500000.0,1761400000.0,1761400000.0,5.36,5.33,5.36,14034700000,12454975000.0,14034700000,16704640909.0,9.0,8.482,6082600000.0,21.817,1.0,5988900000.0,0.378,2412200000,0.0,266029100000,255413825000.0,0,91195200000,,,253511500000,,,16181340909.0,973900000.0,-43200000.0,-387300000.0,554900000.0,-603400000.0,482200000.0,-5705000000.0,-5049200000.0,6196700000.0,0.0,1509000000.0,1509000000.0,1509000000.0,0.0,26900000.0,0.095,4200600000.0,1788300000.0,0,0.41,1.153,10.723,10.828,959500000,0.0,58.04,1.022,1.022,1549200000,10805800000,15835200000.0,15835200000.0,0.0,0.006,0.121,0.007,0.111,82400000.0,4200600000.0,1.0,278796363,278796363.0,,56.798,265505800000,0,252400000.0,1707300000,952.329,
9,PFG,ART,2019-03-31,2019-05-02,2019-03-31,2021-07-29,-418900000,259419900000,253329575000.0,,,0.06,45.573,-95700000.0,2259700000,2259700000,9099700000.0,1603300000.0,,19.388,3310300000,,,3310300000,0,205500000.0,39649300000,0.039,2.177,1829400000.0,2034900000.0,0.135,2034900000.0,1829400000.0,1829400000.0,5.57,5.54,5.57,12694400000,11856125000.0,12694400000,16799711553.0,9.0,8.256,5490700000.0,19.712,1.0,5997800000.0,0.397,2420900000,0.0,258049600000,251553500000.0,0,88543900000,,,246120000000,,,15749111553.0,-76000000.0,-70800000.0,-588300000.0,38800000.0,-601500000.0,551300000.0,-6213700000.0,-5606500000.0,5586400000.0,0.0,1579300000.0,1579300000.0,1579300000.0,0.0,24000000.0,0.105,4144400000.0,1853400000.0,0,0.391,1.241,9.972,10.151,933200000,0.0,56.54,1.043,1.043,1641100000,10571900000,15097500000.0,15097500000.0,0.0,0.006,0.133,0.007,0.121,80700000.0,4144400000.0,1.0,278548135,278548135.0,,54.201,256999000000,0,250100000.0,1341000000,922.638,
10,PFG,ART,2018-12-31,2019-02-13,2018-12-31,2021-07-29,-1565100000,243036100000,251883725000.0,,,0.057,40.925,-92300000.0,2977500000,2977500000,8316100000.0,1553700000.0,,20.298,3302500000,,,3302500000,0,205100000.0,39699700000,0.043,2.1,1777200000.0,1982300000.0,0.139,1982300000.0,1777200000.0,1777200000.0,5.41,5.36,5.41,11390000000,11729250000.0,11390000000,14020816488.0,8.0,7.073,5064200000.0,18.196,1.0,5921100000.0,0.416,2415100000,0.0,240946000000,250062700000.0,0,84766600000,,,231188900000,,,13695816488.0,506700000.0,-184700000.0,-607600000.0,88000000.0,-598600000.0,1052700000.0,-5702500000.0,-5186300000.0,5156500000.0,0.0,1546500000.0,1546500000.0,1546500000.0,0.0,7200000.0,0.109,4136700000.0,1784400000.0,0,0.388,1.202,8.856,9.096,767300000,0.0,49.21,0.962,0.962,1413100000,10290200000,14237200000.0,14237200000.0,0.0,0.006,0.132,0.007,0.125,77400000.0,4136700000.0,1.0,278313686,278313686.0,,51.155,240621000000,0,230700000.0,983700000,864.568,
11,PFG,ART,2018-09-30,2018-10-31,2018-09-30,2021-07-29,-1347600000,258758300000,254610000000.0,,,0.054,41.339,-104900000.0,2926700000,2926700000,7678800000.0,2164900000.0,,21.096,3281600000,,,3281600000,0,202800000.0,39813200000,0.044,2.05,1843200000.0,2046000000.0,0.149,2046000000.0,1843200000.0,1843200000.0,7.48,7.39,7.48,11700800000,12094075000.0,11700800000,13677992001.0,7.0,6.685,4168300000.0,14.726,1.0,6025500000.0,0.44,2482600000,0.0,256630600000,252902400000.0,0,84007200000,,,246841100000,,,13323092001.0,131700000.0,-184700000.0,-392000000.0,47100000.0,-588000000.0,1002300000.0,-5143800000.0,-4831000000.0,4273200000.0,0.0,2151800000.0,2151800000.0,2151800000.0,0.0,13100000.0,0.157,4169200000.0,1856300000.0,0,0.274,1.139,6.192,6.293,770600000,0.0,47.07,0.972,0.972,1514400000,10207900000,13704300000.0,13704300000.0,0.0,0.008,0.178,0.007,0.134,80800000.0,4169200000.0,1.0,283048481,283048481.0,,48.417,256275700000,0,-308600000.0,940700000,905.413,
12,PFG,ART,2018-06-30,2018-08-01,2018-06-30,2021-07-29,-1137900000,252104000000,251903825000.0,,,0.056,40.876,-104300000.0,2342000000,2342000000,7542000000.0,2518100000.0,,20.642,3284400000,,,3284400000,0,201400000.0,39128700000,0.035,1.99,2432600000.0,2634000000.0,0.188,2634000000.0,2432600000.0,2432600000.0,8.68,8.56,8.68,11639300000,12167975000.0,11639300000,16962365294.0,7.0,6.44,3892800000.0,13.671,1.0,6442000000.0,0.461,2458600000,0.0,250587800000,250245475000.0,0,82404800000,,,240258600000,,,16019965294.0,335600000.0,-141500000.0,-353900000.0,8800000.0,-573100000.0,228500000.0,-3890000000.0,-4136900000.0,3997100000.0,0.0,2505700000.0,2505700000.0,2505700000.0,0.0,12400000.0,0.179,3997000000.0,2445000000.0,0,0.229,1.376,6.393,6.482,762900000,0.0,56.26,1.146,1.146,1455600000,9904300000,13984000000.0,13984000000.0,0.0,0.01,0.206,0.01,0.174,79500000.0,3997000000.0,1.0,284748761,284748761.0,,49.11,249645400000,0,-73100000.0,907700000,876.722,
13,PFG,ART,2018-03-31,2018-05-02,2018-03-31,2021-07-29,-469300000,253636500000,248916300000.0,,,0.056,42.554,-147000000.0,2335700000,2335700000,7696600000.0,2373400000.0,,19.796,3274700000,,,3274700000,0,198200000.0,38319700000,0.034,1.93,2280400000.0,2478600000.0,0.178,2478600000.0,2280400000.0,2280400000.0,8.16,8.04,8.16,12186900000,12050175000.0,12186900000,17205737864.0,8.0,6.942,4264600000.0,14.891,1.0,6230800000.0,0.447,2489100000,0.0,252086400000,247341450000.0,0,81952800000,,,241252900000,,,16266737864.0,801000000.0,-113900000.0,-153000000.0,-21100000.0,-557300000.0,-408900000.0,-3201700000.0,-3379500000.0,4411600000.0,0.0,2358600000.0,2358600000.0,2358600000.0,0.0,14800000.0,0.169,3935600000.0,2295200000.0,0,0.237,1.335,6.897,6.961,775200000,0.0,56.8,1.168,1.168,1638400000,9598300000,13927400000.0,13927400000.0,0.0,0.009,0.196,0.009,0.164,82200000.0,3935600000.0,1.0,286386230,286386230.0,,48.632,251147400000,0,-78200000.0,926600000,876.953,
14,PFG,ART,2017-12-31,2018-02-09,2017-12-31,2021-07-29,165500000,253941200000,244381175000.0,,,0.058,44.36,-164800000.0,2470800000,2470800000,7947200000.0,2324500000.0,,18.75,3217900000,,,3217900000,0,195700000.0,38082500000,0.03,1.87,2238100000.0,2433800000.0,0.173,2433800000.0,2238100000.0,2238100000.0,8.0,7.88,8.0,12849300000,11657475000.0,12849300000,18529131136.0,8.0,7.613,4023200000.0,13.89,1.0,6146000000.0,0.436,2383500000,0.0,252304800000,243017725000.0,0,82102700000,,,240918000000,,,17782031136.0,-248800000.0,0.0,-57900000.0,-69200000.0,-540000000.0,-384000000.0,-4052800000.0,-4299100000.0,4188000000.0,0.0,2310400000.0,2310400000.0,2310400000.0,0.0,14100000.0,0.164,3893800000.0,2252200000.0,0,0.234,1.384,7.697,7.674,759500000,0.0,61.39,1.262,1.262,1469800000,9482900000,14093200000.0,14093200000.0,0.0,0.009,0.198,0.009,0.159,82700000.0,3893800000.0,1.0,289656803,289656803.0,,48.655,251557700000,0,-72300000.0,1109200000,868.468,
15,PFG,ART,2017-09-30,2017-11-01,2017-09-30,2021-07-29,47000000,247933600000,237899450000.0,,,0.06,41.545,-179100000.0,2795000000,2795000000,8260300000.0,1819800000.0,,19.651,3234200000,,,3234200000,0,191800000.0,38208600000,0.027,1.81,2285500000.0,2477300000.0,0.172,2477300000.0,2285500000.0,2285500000.0,6.18,6.1,6.18,11996400000,11001975000.0,11996400000,19823302273.0,9.0,8.002,4380100000.0,15.169,1.0,6109000000.0,0.425,2369900000,0.0,246002900000,236472950000.0,0,81203400000,,,235737200000,,,19384102273.0,576800000.0,0.0,-95000000.0,-193500000.0,-522300000.0,-8400000.0,-3974000000.0,-4368900000.0,4559200000.0,0.0,1786600000.0,1786600000.0,1786600000.0,0.0,33200000.0,0.124,3790300000.0,2318700000.0,0,0.293,1.616,10.85,10.862,754600000,0.0,67.13,1.349,1.349,1516600000,8784600000,14369300000.0,14369300000.0,0.0,0.008,0.162,0.01,0.159,87900000.0,3790300000.0,1.0,288754689,288754689.0,,49.763,245563700000,0,498900000.0,1568900000,850.423,
16,PFG,ART,2017-06-30,2017-08-02,2017-06-30,2021-07-29,-116100000,240153900000,233507950000.0,,,0.054,38.649,-184300000.0,2006400000,2006400000,7250800000.0,1334000000.0,,20.489,3168800000,,,3168800000,0,188900000.0,38199800000,0.026,1.75,1482200000.0,1671100000.0,0.133,1671100000.0,1482200000.0,1482200000.0,4.45,4.4,4.45,11168100000,10701525000.0,11168100000,20424518529.0,14.0,12.222,3377000000.0,11.687,1.0,5308700000.0,0.423,2344600000,0.0,238971700000,232243825000.0,0,79050500000,,,228820800000,,,19262118529.0,-249000000.0,0.0,-96900000.0,-131200000.0,-504400000.0,173900000.0,-3984200000.0,-3836000000.0,3561300000.0,0.0,1284600000.0,1284600000.0,1284600000.0,0.0,49400000.0,0.102,3777100000.0,1531600000.0,0,0.393,1.725,14.995,14.98,750300000,0.0,66.66,1.534,1.534,1381400000,8112200000,12559500000.0,12559500000.0,0.0,0.006,0.12,0.006,0.118,88300000.0,3777100000.0,1.0,288960674,288960674.0,,43.464,237809300000,0,197600000.0,1298300000,822.982,
17,PFG,ART,2017-03-31,2017-05-03,2017-03-31,2021-07-29,-455100000,235496000000,229238025000.0,,,0.054,36.834,-154500000.0,1534700000,1534700000,7064700000.0,1346200000.0,,21.167,3185700000,,,3185700000,0,188900000.0,38074100000,0.026,1.68,1517100000.0,1706000000.0,0.138,1706000000.0,1517100000.0,1517100000.0,4.49,4.44,4.49,10616100000,10534425000.0,10616100000,20356354690.0,13.0,11.932,3330700000.0,11.556,1.0,5342200000.0,0.431,2355500000,0.0,234791500000,227930700000.0,0,77812000000,,,224716000000,,,18705354690.0,-608200000.0,0.0,-215900000.0,-210300000.0,-484500000.0,1038200000.0,-5131600000.0,-5030100000.0,3485200000.0,0.0,1297400000.0,1297400000.0,1297400000.0,0.0,48800000.0,0.105,3776300000.0,1565900000.0,0,0.374,1.762,14.418,14.454,718800000,0.0,64.9,1.508,1.508,1447000000,7937400000,12406900000.0,12406900000.0,0.0,0.006,0.123,0.007,0.122,84200000.0,3776300000.0,1.0,288218100,288218100.0,,43.047,233140500000,0,219700000.0,1063100000,808.903,
18,PFG,ART,2016-12-31,2017-02-08,2016-12-31,2021-07-29,-675200000,228014300000,224756525000.0,,,0.055,35.576,-154900000.0,2719600000,2719600000,7069800000.0,1361800000.0,,21.279,3177100000,,,3177100000,0,186600000.0,37953600000,0.027,1.61,1546400000.0,1733000000.0,0.14,1733000000.0,1546400000.0,1546400000.0,4.55,4.5,4.55,10227300000,10390800000.0,10227300000,17660112969.0,11.0,10.19,3702900000.0,12.881,1.0,5324300000.0,0.43,2346100000,0.0,226125700000,223335400000.0,0,75835500000,,,217623000000,,,17202612969.0,154800000.0,0.0,-239500000.0,-274600000.0,-464900000.0,1450900000.0,-5153900000.0,-5060500000.0,3857800000.0,0.0,1316500000.0,1316500000.0,1316500000.0,0.0,45300000.0,0.106,3732600000.0,1591700000.0,0,0.354,1.682,13.067,13.152,699000000,0.0,59.84,1.388,1.388,1361900000,7720400000,12394100000.0,12394100000.0,0.0,0.006,0.127,0.007,0.125,84400000.0,3732600000.0,1.0,287476821,287476821.0,,43.113,225668200000,0,229900000.0,985300000,784.996,
19,PFG,ART,2016-09-30,2016-11-02,2016-09-30,2021-07-29,91800000,230367600000,222424425000.0,,,0.053,37.523,-149200000.0,2218200000,2218200000,6500100000.0,1281900000.0,,20.317,3318100000,,,3318100000,0,183300000.0,37688000000,0.029,1.56,1489600000.0,1672900000.0,0.143,1672900000.0,1489600000.0,1489600000.0,4.31,4.27,4.31,10794600000,10161875000.0,10794600000,16479313750.0,11.0,9.851,3832200000.0,13.321,1.0,5187200000.0,0.444,2381100000,0.0,229086400000,221110175000.0,0,77758500000,,,219313900000,,,15379413750.0,-296000000.0,2500000.0,-327300000.0,-168100000.0,-451900000.0,1621000000.0,-5898400000.0,-5663000000.0,3981400000.0,0.0,1252100000.0,1252100000.0,1252100000.0,0.0,29800000.0,0.107,3667800000.0,1519400000.0,0,0.362,1.425,12.283,12.404,674500000,0.0,53.46,1.316,1.316,1382800000,7528100000,11687300000.0,11687300000.0,0.0,0.006,0.123,0.007,0.127,76500000.0,3667800000.0,1.0,287680766,287680766.0,,40.626,227986500000,0,237500000.0,1241500000,792.498,
20,PFG,ART,2016-06-30,2016-08-03,2016-06-30,2021-07-29,-19300000,223074200000,218673875000.0,,,0.055,36.509,-143800000.0,2255400000,2255400000,6882700000.0,1255400000.0,,20.207,3296100000,,,3296100000,0,202900000.0,37781000000,0.033,1.53,1506800000.0,1709700000.0,0.141,1709700000.0,1506800000.0,1506800000.0,4.26,4.22,4.26,10499700000,9868300000.0,10499700000,14221107768.0,9.0,8.318,4241500000.0,14.748,1.0,5227500000.0,0.432,2395700000,0.0,221719200000,217327275000.0,0,76687400000,,,212169400000,,,13180407768.0,-9000000.0,-291200000.0,-377000000.0,-21500000.0,-445900000.0,1510200000.0,-5904500000.0,-5551600000.0,4385300000.0,0.0,1244300000.0,1244300000.0,1244300000.0,0.0,11100000.0,0.103,3709600000.0,1517900000.0,0,0.359,1.255,10.593,10.758,667900000,0.0,45.83,1.088,1.088,1504800000,7339600000,12110200000.0,12110200000.0,0.0,0.006,0.126,0.007,0.124,74300000.0,3709600000.0,1.0,287593449,287593449.0,,42.109,220678500000,0,262500000.0,1244900000,767.328,
21,PFG,ART,2016-03-31,2016-05-04,2016-03-31,2021-07-29,-356100000,217570000000,218473000000.0,,,0.056,34.644,-147800000.0,2142900000,2142900000,7280500000.0,1193300000.0,,20.634,3391700000,,,3391700000,0,197200000.0,36660500000,0.036,1.52,1398800000.0,1596000000.0,0.129,1596000000.0,1398800000.0,1398800000.0,3.97,3.93,3.97,10041600000,9666725000.0,10041600000,13416816640.0,10.0,8.407,4493900000.0,15.504,1.0,5063200000.0,0.41,2408500000,0.0,216410300000,217174800000.0,0,73807500000,,,207199500000,,,12168016640.0,690900000.0,-291200000.0,-262600000.0,869400000.0,-445100000.0,840600000.0,-4791400000.0,-4270800000.0,4641700000.0,0.0,1179600000.0,1163100000.0,1163100000.0,0.0,13700000.0,0.094,3650700000.0,1412500000.0,0,0.383,1.212,10.462,10.574,657300000,16500000.0,41.98,0.986,0.986,1309500000,7131800000,12343700000.0,12343700000.0,0.0,0.005,0.12,0.006,0.113,75000000.0,3650700000.0,1.0,289852707,289852707.0,,42.586,215161500000,0,219200000.0,1060900000,742.313,
22,PFG,ART,2015-12-31,2016-02-10,2015-12-31,2021-07-29,-882500000,218685900000,219704225000.0,,,0.054,31.93,-136400000.0,2564800000,2564800000,6861200000.0,1253200000.0,,22.469,3471900000,,,3471900000,0,193000000.0,35716100000,0.042,1.5,1411600000.0,1604600000.0,0.134,1604600000.0,1411600000.0,1411600000.0,4.11,4.06,4.11,9311600000,9761975000.0,9311600000,11408538036.0,8.0,7.11,4240700000.0,14.542,1.0,5103200000.0,0.427,2368200000,0.0,217224800000,218400350000.0,0,69820500000,,,209222800000,,,10501438036.0,700900000.0,-291200000.0,-224500000.0,909300000.0,-441000000.0,-508600000.0,-3167600000.0,-2641200000.0,4377100000.0,0.0,1234000000.0,1209300000.0,1209300000.0,0.0,19200000.0,0.101,3672400000.0,1430800000.0,0,0.365,1.128,8.684,8.762,633800000,24700000.0,36.01,0.878,0.878,1429300000,6875900000,11964400000.0,11964400000.0,0.0,0.006,0.124,0.006,0.118,84500000.0,3672400000.0,1.0,291625605,291625605.0,,41.027,216317700000,0,177600000.0,715600000,741.765,
23,PFG,ART,2015-09-30,2015-10-28,2015-09-30,2021-07-29,-524400000,215365400000,219804500000.0,,,0.055,32.862,-114800000.0,2514200000,2514200000,6948200000.0,1275200000.0,,21.372,3507700000,,,3507700000,0,196000000.0,35115200000,0.029,1.46,1422900000.0,1618900000.0,0.134,1618900000.0,1422900000.0,1422900000.0,4.17,4.11,4.17,9620300000,9980075000.0,9620300000,15923808140.0,11.0,9.836,4113500000.0,14.051,1.0,5117200000.0,0.424,2404100000,0.0,213954800000,218457000000.0,0,69565500000,,,205601600000,,,14930308140.0,1243400000.0,-293700000.0,-109000000.0,849200000.0,-430100000.0,-872700000.0,-2112200000.0,-1548400000.0,4228300000.0,0.0,1259100000.0,1226100000.0,1226100000.0,0.0,16100000.0,0.102,3678200000.0,1439000000.0,0,0.35,1.552,12.177,12.23,611600000,33000000.0,51.0,1.237,1.237,1401600000,6734700000,12065400000.0,12065400000.0,0.0,0.006,0.123,0.007,0.118,83600000.0,3678200000.0,1.0,292751140,292751140.0,,41.214,212961300000,0,163800000.0,895500000,727.448,
24,PFG,ART,2015-06-30,2015-07-29,2015-06-30,2021-07-29,-326600000,222270700000,220068850000.0,,,0.051,32.887,-110000000.0,2264400000,2264400000,6195900000.0,1227100000.0,,21.916,3342500000,,,3342500000,0,171300000.0,34041800000,0.026,1.42,1444100000.0,1615400000.0,0.143,1615400000.0,1444100000.0,1444100000.0,3.93,3.87,3.93,9693400000,10154100000.0,9693400000,17262528951.0,12.0,10.686,3733000000.0,12.665,1.0,5112900000.0,0.452,2239500000,0.0,221109300000,218821225000.0,0,68176600000,,,212436500000,,,16184428951.0,522100000.0,0.0,-67500000.0,670500000.0,-418100000.0,-1707700000.0,-1613200000.0,-1123100000.0,3843000000.0,0.0,1207600000.0,1166400000.0,1166400000.0,0.0,19500000.0,0.103,3649300000.0,1463600000.0,0,0.361,1.67,13.876,13.972,601900000,41200000.0,54.91,1.431,1.431,1282700000,6547900000,11308800000.0,11308800000.0,0.0,0.005,0.115,0.007,0.128,86300000.0,3649300000.0,1.0,294744654,294744654.0,,38.368,220031200000,0,236500000.0,835700000,746.515,
25,PFG,ART,2015-03-31,2015-04-29,2015-03-31,2021-07-29,28000000,222494900000,219081750000.0,,,0.049,35.405,-119000000.0,1452000000,1452000000,5413200000.0,1281400000.0,,20.334,2541800000,,,2541800000,0,170600000.0,34173800000,0.026,1.36,1559800000.0,1730400000.0,0.162,1730400000.0,1559800000.0,1559800000.0,4.15,4.09,4.15,10422600000,10331200000.0,10422600000,16383146726.0,11.0,9.468,3023500000.0,10.271,1.0,5243100000.0,0.492,2272200000,0.0,221312500000,217732450000.0,0,68862500000,,,211937800000,,,15293346726.0,58900000.0,0.0,-129800000.0,-110500000.0,-400200000.0,-2516700000.0,-566900000.0,-248900000.0,3142500000.0,0.0,1264600000.0,1231600000.0,1231600000.0,0.0,16800000.0,0.116,3666500000.0,1576600000.0,0,0.328,1.467,12.417,12.518,607400000,33000000.0,51.95,1.435,1.435,1230000000,6420400000,10656300000.0,10656300000.0,0.0,0.006,0.119,0.007,0.146,85500000.0,3666500000.0,1.0,294385885,294385885.0,,36.198,220222700000,0,295200000.0,980500000,748.075,
26,PFG,ART,2014-12-31,2015-02-11,2014-12-31,2021-07-29,50400000,219087000000,216256500000.0,,,0.048,34.626,-136000000.0,1863900000,1863900000,5408400000.0,1176400000.0,,20.502,2559200000,,,2559200000,0,169500000.0,34726700000,0.026,1.28,1462600000.0,1632100000.0,0.156,1632100000.0,1462600000.0,1462600000.0,3.7,3.65,3.7,10184000000,10222525000.0,10184000000,15427282322.0,11.0,9.452,2966900000.0,10.088,1.0,5069200000.0,0.484,2330900000,0.0,217451400000,214896475000.0,0,68433800000,,,208797000000,,,14731982322.0,-507900000.0,0.0,-145200000.0,-180100000.0,-376600000.0,-2438100000.0,-1172700000.0,-955000000.0,3102900000.0,0.0,1144100000.0,1111100000.0,1111100000.0,0.0,32300000.0,0.106,3574300000.0,1494900000.0,0,0.346,1.447,13.259,13.538,590200000,33000000.0,50.09,1.406,1.406,1213000000,6114100000,10477600000.0,10477600000.0,0.0,0.005,0.109,0.007,0.14,75300000.0,3574300000.0,1.0,294110248,294110248.0,,35.625,216756100000,0,318500000.0,1046800000,736.989,
27,PFG,ART,2014-09-30,2014-10-29,2014-09-30,2021-07-29,380100000,216422800000,213532600000.0,,,0.048,35.13,-154200000.0,1270800000,1270800000,5186100000.0,1146500000.0,,19.968,2655500000,,,2655500000,0,162200000.0,34680800000,0.023,1.2,1448200000.0,1610400000.0,0.157,1610400000.0,1448200000.0,1448200000.0,3.57,3.53,3.57,10316400000,10097575000.0,10316400000,16470377232.0,11.0,10.228,2866700000.0,9.762,1.0,5056100000.0,0.494,2395800000,0.0,215411700000,212036700000.0,0,68094900000,,,205997700000,,,15085677232.0,-436300000.0,0.0,-107500000.0,-99800000.0,-353400000.0,-2836400000.0,-620800000.0,-586100000.0,3020900000.0,0.0,1107100000.0,1074100000.0,1074100000.0,0.0,39400000.0,0.105,3568500000.0,1487600000.0,0,0.336,1.462,14.045,14.389,590100000,33000000.0,51.37,1.473,1.473,1189300000,5945200000,10242200000.0,10242200000.0,0.0,0.005,0.106,0.007,0.141,75200000.0,3568500000.0,1.0,293667067,293667067.0,,34.877,214027000000,0,341100000.0,1168700000,728.808,
28,PFG,ART,2014-06-30,2014-07-30,2014-06-30,2021-07-29,599400000,218322300000,209848750000.0,,,0.048,35.392,-140800000.0,1742300000,1742300000,5172800000.0,1152800000.0,,19.956,2678000000,,,2678000000,0,160200000.0,35188400000,0.022,1.12,1373400000.0,1533600000.0,0.153,1533600000.0,1373400000.0,1373400000.0,3.62,3.58,3.62,10401800000,9838075000.0,10401800000,15986627591.0,12.0,10.424,2674100000.0,9.098,1.0,4824700000.0,0.483,2503800000,0.0,216754200000,208214825000.0,0,68614400000,,,207580600000,,,15050927591.0,631800000.0,0.0,-97900000.0,-73900000.0,-330000000.0,-2382800000.0,199700000.0,154800000.0,2814900000.0,0.0,1112100000.0,1079100000.0,1079100000.0,0.0,40700000.0,0.108,3410600000.0,1414100000.0,0,0.309,1.447,13.948,14.146,574000000,33000000.0,51.21,1.505,1.505,1232300000,5816300000,9997500000.0,9997500000.0,0.0,0.005,0.11,0.007,0.137,71600000.0,3410600000.0,1.0,293906026,293906026.0,,34.016,215818500000,0,261300000.0,1089700000,734.311,
29,PFG,ART,2014-03-31,2014-04-30,2014-03-31,2021-07-29,361800000,211193900000,204396350000.0,,,0.047,33.946,-115900000.0,1393100000,1393100000,5003000000.0,1070200000.0,,20.11,2664800000,,,2664800000,0,159500000.0,35736300000,0.022,1.03,1230100000.0,1389600000.0,0.145,1389600000.0,1230100000.0,1230100000.0,3.34,3.3,3.34,9987900000,9563475000.0,9987900000,15053482897.0,12.0,10.833,2100700000.0,7.14,1.0,4598400000.0,0.479,2497000000,0.0,209968600000,202901350000.0,0,68107100000,,,200855800000,,,13781782897.0,-268100000.0,0.0,-30100000.0,-161500000.0,-303500000.0,-1948500000.0,-536200000.0,-553400000.0,2216600000.0,0.0,1028100000.0,995100000.0,995100000.0,0.0,42100000.0,0.104,3326200000.0,1272200000.0,0,0.308,1.38,13.85,14.024,546000000,33000000.0,46.84,1.435,1.435,1199300000,5605300000,9601400000.0,9601400000.0,0.0,0.005,0.104,0.006,0.128,70700000.0,3326200000.0,1.0,294231061,294231061.0,,32.632,208696900000,0,202000000.0,896100000,709.296,
30,PFG,ART,2013-12-31,2014-02-12,2013-12-31,2021-07-29,183200000,208191400000,201788600000.0,,,0.046,32.77,-59400000.0,2371800000,2371800000,4872600000.0,936100000.0,,20.463,2752000000,,,2752000000,0,153900000.0,35958300000,0.022,0.98,1100600000.0,1254500000.0,0.135,1254500000.0,1100600000.0,1100600000.0,2.99,2.95,2.99,9684200000,9497400000.0,9684200000,13371339603.0,12.0,10.659,2161800000.0,7.315,1.0,4416900000.0,0.475,2559300000,0.0,206012300000,200196950000.0,0,66756900000,,,198167200000,,,12991139603.0,-1805400000.0,-1268300000.0,-27800000.0,-72000000.0,-288400000.0,-2800300000.0,-1226300000.0,69700000.0,2221200000.0,0.0,912700000.0,879700000.0,879700000.0,0.0,23400000.0,0.095,3292900000.0,1124000000.0,0,0.328,1.341,14.768,14.702,500700000,33000000.0,43.96,1.398,1.398,1241000000,5405400000,9289500000.0,9289500000.0,0.0,0.004,0.093,0.005,0.118,68500000.0,3292900000.0,1.0,295521829,295521829.0,,31.434,205632100000,0,187900000.0,829200000,695.827,
31,PFG,ART,2013-09-30,2013-10-30,2013-09-30,2021-07-29,-17700000,201687400000,190222375000.0,,,0.047,31.519,-26000000.0,1707100000,1707100000,4633300000.0,916100000.0,,20.702,2768800000,,,2768800000,0,146600000.0,36402700000,0.02,0.93,1061800000.0,1208400000.0,0.136,1208400000.0,1061800000.0,1061800000.0,2.94,2.91,2.94,9278400000,9514650000.0,9278400000,15059007290.0,14.0,12.462,2079100000.0,7.063,1.0,4279500000.0,0.48,2624900000,0.0,200124200000,188441575000.0,0,67268300000,,,192079500000,,,13997307290.0,-571900000.0,-1286200000.0,-69000000.0,397700000.0,-273400000.0,-1352000000.0,-1325000000.0,132700000.0,2105100000.0,0.0,897900000.0,864900000.0,864900000.0,0.0,18200000.0,0.097,3199500000.0,1080000000.0,0,0.316,1.509,16.184,16.173,479100000,33000000.0,47.55,1.57,1.57,1160700000,5249900000,8912800000.0,8912800000.0,0.0,0.005,0.091,0.006,0.119,65300000.0,3199500000.0,1.0,294370290,294370290.0,,30.278,199062500000,0,163900000.0,642500000,676.232,
32,PFG,ART,2013-06-30,2013-07-31,2013-06-30,2021-07-29,-500000,196512700000,179598850000.0,,,0.052,31.607,-26100000.0,1110500000,1110500000,5185300000.0,848300000.0,,20.106,2753900000,,,2753900000,0,148300000.0,36269700000,0.02,0.88,924700000.0,1073000000.0,0.114,1073000000.0,924700000.0,924700000.0,2.72,2.69,2.72,9303400000,9651925000.0,9303400000,14406388293.0,16.0,13.426,2336400000.0,7.938,1.0,4192600000.0,0.447,2655800000,0.0,195500300000,177822150000.0,0,67781500000,,,187050200000,,,12762988293.0,-536100000.0,-1286200000.0,-105900000.0,739800000.0,-258500000.0,-191400000.0,-2707200000.0,-1298000000.0,2362500000.0,0.0,831900000.0,798900000.0,798900000.0,0.0,16400000.0,0.085,3251500000.0,941100000.0,0,0.324,1.372,15.976,15.941,476400000,33000000.0,43.36,1.361,1.361,1219000000,5125200000,9377900000.0,9377900000.0,0.0,0.004,0.083,0.005,0.099,62500000.0,3251500000.0,1.0,294349361,294349361.0,,31.86,193856900000,0,92800000.0,585900000,658.595,
33,PFG,ART,2013-03-31,2013-05-01,2013-03-31,2021-07-29,621000000,200762900000,168483350000.0,,,0.055,33.139,-14900000.0,1661200000,1661200000,5201600000.0,795800000.0,,19.63,2837000000,,,2837000000,0,139400000.0,36701600000,0.023,0.83,897400000.0,1036800000.0,0.112,1036800000.0,897400000.0,897400000.0,2.54,2.52,2.54,9723600000,9681750000.0,9723600000,11627427916.0,13.0,11.215,2760200000.0,9.407,1.0,4084300000.0,0.44,2787700000,0.0,199151000000,166638825000.0,0,69425800000,,,190877400000,,,10451627916.0,9300000.0,-1348700000.0,-259300000.0,984400000.0,-244600000.0,-319500000.0,-2446300000.0,-967100000.0,2775100000.0,0.0,782700000.0,749700000.0,749700000.0,0.0,13100000.0,0.081,3173800000.0,910500000.0,0,0.327,1.075,13.941,14.024,472600000,33000000.0,35.62,1.126,1.126,1175200000,4971700000,9285900000.0,9285900000.0,0.0,0.004,0.077,0.005,0.097,58100000.0,3173800000.0,1.0,293420211,293420211.0,,31.647,197975200000,0,114700000.0,801200000,674.716,
34,PFG,ART,2012-12-31,2013-02-13,2012-12-31,2021-07-29,631900000,161926500000,156727175000.0,,,0.059,33.242,-38900000.0,4177200000,4177200000,5321600000.0,824700000.0,,15.594,2712100000,,,2712100000,0,141300000.0,37786500000,0.025,0.78,940600000.0,1081900000.0,0.117,1081900000.0,940600000.0,940600000.0,2.6,2.57,2.6,9753200000,9592075000.0,9753200000,7765334659.0,8.0,7.177,3042000000.0,10.368,1.0,3893500000.0,0.423,1470600000,0.0,158990800000,154944500000.0,0,68811300000,,,152092900000,,,9230434659.0,1343300000.0,-80400000.0,-243800000.0,974000000.0,-231300000.0,-126200000.0,-1611400000.0,-1334900000.0,3080900000.0,0.0,805900000.0,772900000.0,772900000.0,0.0,18800000.0,0.084,2934100000.0,959400000.0,0,0.3,0.946,11.943,12.1,464200000,33000000.0,31.46,1.002,1.002,1084400000,4940200000,9215100000.0,9215100000.0,0.0,0.005,0.081,0.006,0.102,63800000.0,2934100000.0,1.0,293402246,293402246.0,,31.408,160455900000,0,134700000.0,641800000,546.88,
35,PFG,ART,2012-09-30,2012-10-31,2012-09-30,2021-07-29,880800000,159193300000,153320050000.0,,,0.059,33.474,-59900000.0,2279000000,2279000000,5287600000.0,766200000.0,,15.191,2208500000,,,2208500000,0,137600000.0,37312200000,0.046,1.27,872200000.0,1009800000.0,0.112,1009800000.0,872200000.0,872200000.0,2.4,2.38,2.4,9827500000,9563025000.0,9827500000,8014884438.0,9.0,7.937,3141700000.0,10.701,1.0,3690600000.0,0.411,1476300000,0.0,157646500000,151637100000.0,0,69268300000,,,149286400000,,,8085384438.0,844800000.0,-126100000.0,-345300000.0,543200000.0,-383300000.0,-524600000.0,-1832200000.0,-1572700000.0,3201600000.0,0.0,751300000.0,718300000.0,718300000.0,0.0,14900000.0,0.08,2803500000.0,887100000.0,0,0.529,0.823,11.256,11.475,468400000,33000000.0,27.54,0.901,0.901,1192200000,4784300000,8978200000.0,8978200000.0,0.0,0.005,0.075,0.006,0.097,61100000.0,2803500000.0,1.0,293586944,293586944.0,,30.581,157717000000,0,120900000.0,958100000,537.207,
36,PFG,ART,2012-06-30,2012-08-01,2012-06-30,2021-07-29,550500000,152050700000,149347300000.0,,,0.056,31.928,-63100000.0,1646600000,1646600000,4774900000.0,641200000.0,,15.129,1839800000,,,1839800000,0,124700000.0,36727500000,0.042,1.06,838000000.0,962700000.0,0.115,962700000.0,838000000.0,838000000.0,1.99,1.98,1.99,9422700000,9601225000.0,9422700000,7659723148.0,9.0,7.957,2366700000.0,8.019,1.0,3587400000.0,0.429,1476900000,0.0,150767000000,147781875000.0,0,67230700000,,,142555300000,,,7466523148.0,-523000000.0,-333000000.0,-496600000.0,155200000.0,-321700000.0,-1130000000.0,-1822800000.0,-1268200000.0,2429800000.0,0.0,635300000.0,602300000.0,602300000.0,0.0,5900000.0,0.072,2743500000.0,843900000.0,0,0.533,0.792,12.397,12.714,469700000,33000000.0,25.3,0.893,0.893,1097000000,4667100000,8362300000.0,8362300000.0,0.0,0.004,0.063,0.006,0.1,59900000.0,2743500000.0,1.0,295119492,295119492.0,,28.335,150573800000,0,202700000.0,571100000,510.213,
37,PFG,ART,2012-03-31,2012-05-02,2012-03-31,2021-07-29,488100000,153738200000,148654225000.0,,,0.058,31.202,-70100000.0,1651900000,1651900000,4682000000.0,747000000.0,,15.375,1672000000,,,1672000000,0,121200000.0,36922500000,0.032,0.88,954400000.0,1075600000.0,0.125,1075600000.0,954400000.0,954400000.0,2.22,2.2,2.22,9364900000,9846100000.0,9364900000,8249918235.0,9.0,7.67,2349400000.0,7.828,1.0,3903700000.0,0.455,1384600000,0.0,152373700000,146996575000.0,0,67292000000,,,143986300000,,,8229818235.0,-332300000.0,-270500000.0,-588800000.0,-15400000.0,-268000000.0,-1143300000.0,-1608500000.0,-1210400000.0,2419500000.0,0.0,720200000.0,687200000.0,687200000.0,0.0,26800000.0,0.08,2922500000.0,981200000.0,0,0.396,0.879,11.976,12.351,476700000,33000000.0,27.42,0.959,0.959,1118800000,4548500000,8585700000.0,8585700000.0,0.0,0.005,0.07,0.006,0.111,59300000.0,2922500000.0,1.0,300139250,300139250.0,,28.606,152353600000,0,234200000.0,495700000,507.61,
38,PFG,ART,2011-12-31,2012-02-15,2011-12-31,2021-07-29,201900000,148298000000,147107100000.0,,,0.059,31.968,-56900000.0,2833900000,2833900000,4664300000.0,751200000.0,,14.349,1670000000,,,1670000000,0,115800000.0,37676400000,0.026,0.7,951400000.0,1067200000.0,0.123,1067200000.0,951400000.0,951400000.0,2.17,2.15,2.17,9637000000,10051775000.0,9637000000,6824634551.0,7.0,6.395,2656400000.0,8.812,1.0,4045300000.0,0.464,1372900000,0.0,145761200000,145422725000.0,0,66153500000,,,138285000000,,,7988534551.0,956500000.0,-270500000.0,-530500000.0,-9000000.0,-213700000.0,-1554700000.0,-202100000.0,177400000.0,2713300000.0,0.0,715000000.0,682000000.0,682000000.0,0.0,36200000.0,0.078,3057700000.0,987600000.0,0,0.323,0.829,11.713,12.212,457200000,33000000.0,26.5,0.917,0.917,1245200000,5077500000,8709600000.0,8709600000.0,0.0,0.005,0.068,0.007,0.109,43400000.0,3057700000.0,1.0,301454134,301454134.0,,28.892,146925100000,0,236400000.0,536500000,487.388,
39,PFG,ART,2011-09-30,2011-11-02,2011-09-30,2021-07-29,409200000,143302300000,146440375000.0,,,0.062,32.706,-42700000.0,1434200000,1434200000,4956700000.0,797400000.0,,13.328,1644200000,,,1644200000,0,120900000.0,36875000000,0.022,0.55,1010600000.0,1131500000.0,0.125,1131500000.0,1010600000.0,1010600000.0,2.24,2.21,2.24,9980300000,10074475000.0,9980300000,7753438744.0,8.0,6.852,2704900000.0,8.864,1.0,4066400000.0,0.451,1286700000,0.0,142225600000,145048750000.0,0,66788800000,,,133012900000,,,7543438744.0,-834600000.0,-206900000.0,-432900000.0,-59400000.0,-176200000.0,-3214700000.0,-367500000.0,-6400000.0,2747600000.0,0.0,750300000.0,717300000.0,717300000.0,0.0,47100000.0,0.079,3008700000.0,1057700000.0,0,0.246,0.756,10.516,11.036,448200000,33000000.0,24.72,0.836,0.836,1237400000,5130300000,9023100000.0,9023100000.0,0.0,0.005,0.071,0.007,0.112,46000000.0,3008700000.0,1.0,305155289,305155289.0,,29.569,142015600000,0,260300000.0,710700000,465.388,
40,PFG,ART,2011-06-30,2011-08-03,2011-06-30,2021-07-29,698800000,149278400000,146478950000.0,,,0.063,33.183,-31400000.0,2169600000,2169600000,5146200000.0,882400000.0,,13.325,1690000000,,,1690000000,0,164700000.0,36624600000,0.02,0.55,1029400000.0,1194100000.0,0.129,1194100000.0,1029400000.0,1029400000.0,2.48,2.45,2.48,10402200000,10053275000.0,10402200000,8294589461.0,8.0,6.946,3061500000.0,9.766,1.0,4076600000.0,0.442,1173000000,0.0,147625800000,144921375000.0,0,65955900000,,,138610800000,,,8774189461.0,342300000.0,0.0,-214500000.0,-30900000.0,-176200000.0,-4005000000.0,1254400000.0,1330000000.0,3092900000.0,0.0,828800000.0,795800000.0,795800000.0,0.0,53600000.0,0.086,2993600000.0,1083000000.0,0,0.222,0.843,11.026,11.286,448500000,33000000.0,27.99,0.951,0.951,1361700000,5066600000,9222800000.0,9222800000.0,0.0,0.005,0.079,0.007,0.112,45300000.0,2993600000.0,1.0,313475865,313475865.0,,29.421,148105400000,0,200600000.0,782300000,472.462,
41,PFG,ART,2011-03-31,2011-05-04,2011-03-31,2021-07-29,525500000,147549700000,143308475000.0,,,0.064,31.706,-21400000.0,1984200000,1984200000,5471600000.0,736700000.0,,13.465,1686600000,,,1686600000,0,166200000.0,36609300000,0.018,0.55,836600000.0,1002800000.0,0.11,1002800000.0,836600000.0,836600000.0,2.09,2.07,2.09,10187600000,9685100000.0,10187600000,9782172324.0,12.0,9.755,3312600000.0,10.309,1.0,3642800000.0,0.4,1173800000,0.0,146078300000,141825775000.0,0,65356700000,,,137176900000,,,10079772324.0,354500000.0,0.0,14600000.0,-36000000.0,-176200000.0,-4184900000.0,1205400000.0,1388700000.0,3334000000.0,0.0,704800000.0,671800000.0,671800000.0,0.0,31900000.0,0.074,2774300000.0,868500000.0,0,0.263,0.989,15.004,15.01,448700000,33000000.0,31.37,1.106,1.106,1309900000,4808600000,9114400000.0,9114400000.0,0.0,0.005,0.069,0.006,0.092,46100000.0,2774300000.0,1.0,321318850,321318850.0,,28.366,146375900000,0,131800000.0,546300000,455.547,
42,PFG,ART,2010-12-31,2011-02-16,2010-12-31,2021-07-29,272400000,145631100000,141630225000.0,,,0.065,30.322,-21500000.0,1877400000,1877400000,5558300000.0,717200000.0,,13.954,1691600000,,,1691600000,0,164700000.0,37301100000,0.016,0.55,823400000.0,988100000.0,0.108,988100000.0,823400000.0,823400000.0,2.08,2.06,2.08,9727800000,9277100000.0,9727800000,10587121528.0,13.0,10.715,2770200000.0,8.635,1.0,3600300000.0,0.393,1180000000,0.0,144265300000,140226450000.0,0,65977500000,,,135746100000,,,10772921528.0,-363000000.0,0.0,18000000.0,-7100000.0,-176200000.0,-3182200000.0,27500000.0,130200000.0,2791700000.0,0.0,699300000.0,666300000.0,666300000.0,0.0,17900000.0,0.073,2759000000.0,841300000.0,0,0.264,1.107,16.168,16.144,458700000,33000000.0,33.58,1.176,1.176,1063000000,4612300000,9158600000.0,9158600000.0,0.0,0.005,0.072,0.006,0.09,47600000.0,2759000000.0,1.0,320813625,320813625.0,,28.548,144451100000,0,124100000.0,416100000,450.265,
43,PFG,ART,2010-09-30,2010-11-03,2010-09-30,2021-07-29,476800000,143456600000,139662300000.0,,,0.065,30.889,-17000000.0,2268800000,2268800000,5527700000.0,654000000.0,,13.483,1714200000,,,1714200000,0,165300000.0,38549500000,0.018,0.5,735000000.0,900300000.0,0.1,900300000.0,735000000.0,735000000.0,1.9,1.88,1.9,9895500000,8818525000.0,9895500000,8469748179.0,12.0,9.408,2361100000.0,7.37,1.0,3490800000.0,0.387,1185900000,0.0,141716100000,138151900000.0,0,67294600000,,,133422300000,,,9024348179.0,-972400000.0,0.0,17700000.0,9900000.0,-159500000.0,-3527000000.0,176500000.0,197800000.0,2378100000.0,0.0,641900000.0,608900000.0,608900000.0,0.0,12100000.0,0.068,2743700000.0,747100000.0,0,0.263,0.912,14.821,14.826,461100000,33000000.0,28.17,1.001,1.001,1294700000,4591600000,9018500000.0,9018500000.0,0.0,0.004,0.069,0.005,0.081,44400000.0,2743700000.0,1.0,320353148,320353148.0,,28.152,142270700000,0,93100000.0,562300000,444.106,
44,PFG,ART,2010-06-30,2010-08-04,2010-06-30,2021-07-29,-351000000,136596500000,138143025000.0,,,0.065,27.878,-18300000.0,1827300000,1827300000,5533200000.0,706900000.0,,14.281,1698900000,,,1698900000,0,129000000.0,38849400000,0.02,0.5,809400000.0,938400000.0,0.104,938400000.0,809400000.0,809400000.0,2.04,2.01,2.04,8929500000,8221825000.0,8929500000,7796081176.0,10.0,8.308,2294100000.0,7.162,1.0,3467100000.0,0.385,1224700000,0.0,135243400000,136368875000.0,0,65897100000,,,127524800000,,,7924481176.0,-2501200000.0,0.0,-24700000.0,-488100000.0,-159500000.0,-4174600000.0,-639000000.0,-617300000.0,2312400000.0,0.0,684400000.0,651400000.0,651400000.0,0.0,22500000.0,0.072,2635200000.0,831900000.0,0,0.245,0.887,12.165,12.127,471700000,33000000.0,24.74,0.88,0.88,1232600000,4474800000,9000300000.0,9000300000.0,0.0,0.005,0.079,0.006,0.09,44000000.0,2635200000.0,1.0,320310476,320310476.0,,28.099,135371800000,0,125000000.0,199800000,422.627,
45,PFG,ART,2010-03-31,2010-05-05,2010-03-31,2021-07-29,-577900000,140836700000,136670550000.0,,,0.065,26.759,-17200000.0,1629700000,1629700000,5538400000.0,726700000.0,,15.446,1709900000,,,1709900000,0,135100000.0,39367100000,0.017,0.5,846000000.0,981100000.0,0.11,981100000.0,846000000.0,846000000.0,2.14,2.11,2.14,8555600000,7413250000.0,8555600000,9480212784.0,11.0,9.663,1929100000.0,6.034,1.0,3386100000.0,0.379,1235900000,0.0,139681000000,134385125000.0,0,65524800000,,,132148500000,,,9400012784.0,-1069900000.0,-11500000.0,1124500000.0,-123000000.0,-159500000.0,-3567600000.0,551400000.0,586700000.0,1946300000.0,0.0,700700000.0,667700000.0,667700000.0,0.0,26000000.0,0.075,2514100000.0,872000000.0,0,0.234,1.099,14.078,13.738,480500000,33000000.0,29.4,1.053,1.053,1190700000,4340800000,8924500000.0,8924500000.0,0.0,0.005,0.09,0.006,0.095,42600000.0,2514100000.0,1.0,319728326,319728326.0,,27.913,139600800000,0,145300000.0,129000000,436.623,
46,PFG,ART,2009-12-31,2010-02-17,2009-12-31,2021-07-29,-1042000000,137759400000,132270075000.0,,,0.067,24.708,-26200000.0,2240400000,2240400000,5576700000.0,645700000.0,,16.437,1686200000,,,1686200000,0,138500000.0,39801900000,0.022,0.5,722800000.0,861300000.0,0.097,861300000.0,722800000.0,722800000.0,1.98,1.97,1.98,7893500000,5931500000.0,7893500000,6742386356.0,9.0,7.828,2216800000.0,6.939,1.0,3272400000.0,0.37,1238100000,0.0,135967100000,129739475000.0,0,63936500000,,,129743000000,,,7296586356.0,-367600000.0,-45700000.0,1118900000.0,-128200000.0,-159500000.0,-3637400000.0,1026800000.0,1130300000.0,2243000000.0,0.0,622700000.0,589700000.0,589700000.0,0.0,23000000.0,0.067,2526600000.0,745800000.0,0,0.253,0.924,12.373,11.535,489300000,33000000.0,22.84,0.825,0.825,1065400000,4160700000,8849100000.0,8849100000.0,0.0,0.004,0.099,0.006,0.082,37200000.0,2526600000.0,1.0,319465252,319465252.0,,27.7,136521300000,0,100100000.0,123000000,427.343,
47,PFG,ART,2009-09-30,2009-11-04,2009-09-30,2021-07-29,-1434100000,137379500000,129875825000.0,,,0.068,23.542,-42300000.0,3241200000,3241200000,5720100000.0,491600000.0,,17.283,1693200000,,,1693200000,0,144000000.0,40951700000,0.018,0.45,497500000.0,641500000.0,0.072,641500000.0,497500000.0,497500000.0,1.5,1.49,1.5,7508700000,4576325000.0,7508700000,6505331228.0,13.0,10.141,2109700000.0,6.615,1.0,3175800000.0,0.357,1247500000,0.0,134584000000,127263950000.0,0,63607000000,,,129772800000,,,8053331228.0,972200000.0,-45700000.0,1123800000.0,-29200000.0,-116700000.0,-3437100000.0,2257300000.0,2428900000.0,2152000000.0,0.0,473300000.0,440300000.0,440300000.0,0.0,18300000.0,0.049,2660000000.0,515800000.0,0,0.3,1.073,18.291,16.833,496800000,33000000.0,25.25,0.905,0.905,1135800000,4180200000,8895900000.0,8895900000.0,0.0,0.003,0.096,0.004,0.056,25600000.0,2660000000.0,1.0,318943811,318943811.0,,27.892,136132000000,0,24200000.0,118100000,426.821,
48,PFG,ART,2009-06-30,2009-08-05,2009-06-30,2021-07-29,-3042400000,130706600000,131383375000.0,,,0.069,17.857,-72000000.0,4328500000,4328500000,6008700000.0,385700000.0,,21.936,2192800000,,,2192800000,0,144000000.0,41449800000,0.018,0.45,356600000.0,500600000.0,0.055,500600000.0,356600000.0,356600000.0,1.27,1.27,1.27,5695200000,4102300000.0,5695200000,6022677252.0,17.0,12.031,2494600000.0,7.822,1.0,3114700000.0,0.341,1262500000,0.0,127308400000,128995700000.0,0,60252700000,,,124930100000,,,8158377252.0,2804000000.0,-45700000.0,1163200000.0,606900000.0,-116700000.0,-404900000.0,642300000.0,951300000.0,2566600000.0,0.0,378700000.0,345700000.0,345700000.0,0.0,7000000.0,0.038,2751100000.0,363600000.0,0,0.354,1.433,23.6,20.142,506100000,33000000.0,25.58,0.894,0.894,1046500000,3995500000,9123400000.0,9123400000.0,0.0,0.003,0.084,0.003,0.039,21600000.0,2751100000.0,1.0,318935780,318935780.0,,28.606,129444100000,0,-22100000.0,119500000,405.863,
49,PFG,ART,2009-03-31,2009-05-06,2009-03-31,2021-07-29,-4841100000,123234800000,136588450000.0,,,0.07,10.11,-92100000.0,2699600000,2699600000,6314500000.0,398300000.0,,45.852,1823500000,,,1823500000,0,144500000.0,42568300000,0.019,0.45,370100000.0,514600000.0,0.053,514600000.0,370100000.0,370100000.0,1.4,1.39,1.4,2628600000,4333475000.0,2628600000,5179157698.0,14.0,10.064,2084800000.0,8.019,1.0,3309300000.0,0.344,1260300000,0.0,121098400000,134723775000.0,0,58473400000,,,120525900000,,,6055257698.0,1578900000.0,-54500000.0,27800000.0,290200000.0,-116700000.0,1337000000.0,-1935000000.0,-1704600000.0,2176900000.0,0.0,396700000.0,363700000.0,363700000.0,0.0,1600000.0,0.038,2937600000.0,371700000.0,0,0.321,2.304,16.649,16.636,517200000,33000000.0,23.29,0.629,0.629,1183000000,3845200000,9623800000.0,9623800000.0,0.0,0.003,0.084,0.003,0.038,19600000.0,2937600000.0,1.0,259993890,259993890.0,,37.015,121974500000,0,-26600000.0,108600000,469.144,
50,PFG,ART,2008-12-31,2009-02-18,2008-12-31,2021-07-29,-4911600000,128182400000,143780050000.0,,,0.069,9.527,-105000000.0,2608000000,2608000000,6487200000.0,458100000.0,,50.837,1791400000,,,1791400000,0,145000000.0,43086600000,0.043,0.45,453600000.0,598600000.0,0.06,598600000.0,453600000.0,453600000.0,1.64,1.63,1.64,2472800000,5386850000.0,2472800000,1921768149.0,4.0,3.21,2119800000.0,8.167,1.0,3448700000.0,0.347,1300800000,0.0,126065000000,142219850000.0,0,59107300000,,,125709600000,,,2738368149.0,1263600000.0,-20300000.0,30000000.0,142000000.0,-116700000.0,1956000000.0,-2917200000.0,-2670600000.0,2224800000.0,0.0,458100000.0,425100000.0,425100000.0,0.0,0.0,0.043,2995100000.0,453600000.0,0,0.274,1.107,6.442,6.433,518200000,33000000.0,10.55,0.276,0.276,988100000,3722500000,9935900000.0,9935900000.0,0.0,0.003,0.079,0.003,0.046,31500000.0,2995100000.0,1.0,259560962,259560962.0,,38.28,126881600000,0,-4500000.0,104700000,488.832,
51,PFG,ART,2008-09-30,2008-11-05,2008-09-30,2021-07-29,-1887300000,143409700000,150364500000.0,,,0.068,21.642,-117500000.0,2269000000,2269000000,6694700000.0,499700000.0,,24.551,1728700000,,,1728700000,0,147300000.0,44238400000,0.035,0.9,504300000.0,651600000.0,0.064,651600000.0,504300000.0,504300000.0,1.82,1.81,1.82,5612600000,6624075000.0,5612600000,6083240918.0,12.0,9.336,1664400000.0,6.418,1.0,3526500000.0,0.345,1358400000,0.0,141511000000,149074550000.0,0,63080700000,,,137797100000,,,6623540918.0,-289700000.0,-27300000.0,-270900000.0,205700000.0,-235600000.0,3612000000.0,-5684300000.0,-5388500000.0,1781900000.0,0.0,499700000.0,466700000.0,466700000.0,-20200000.0,0.0,0.046,3042400000.0,484100000.0,0,0.495,1.18,14.192,14.033,510800000,33000000.0,25.54,0.648,0.648,1598400000,3847800000,10221200000.0,10221200000.0,0.0,0.003,0.07,0.003,0.049,53100000.0,3042400000.0,1.0,259339895,259339895.0,,39.412,142051300000,0,4600000.0,192100000,547.742,
52,PFG,ART,2008-06-30,2008-08-06,2008-06-30,2021-07-29,-773900000,151526900000,153416550000.0,,,0.069,25.544,-101800000.0,1524500000,1524500000,6744200000.0,641900000.0,,21.89,1599100000,,,1599100000,0,133100000.0,42942100000,0.019,0.9,739700000.0,872800000.0,0.083,872800000.0,739700000.0,739700000.0,2.35,2.33,2.35,6619900000,7188000000.0,6619900000,12267994157.0,17.0,14.056,2009400000.0,7.754,1.0,3828700000.0,0.362,1380800000,0.0,150220700000,152010550000.0,0,65128900000,,,144907000000,,,12193394157.0,-333500000.0,-96400000.0,-479700000.0,47200000.0,-235600000.0,3341900000.0,-5787300000.0,-5425800000.0,2111200000.0,0.0,641900000.0,608900000.0,608900000.0,-20200000.0,0.0,0.058,3109200000.0,719500000.0,0,0.383,1.842,20.025,20.021,490900000,33000000.0,47.05,1.153,1.153,892100000,3757700000,10572900000.0,10572900000.0,0.0,0.004,0.085,0.005,0.07,61900000.0,3109200000.0,1.0,259158218,259158218.0,,40.797,150146100000,0,97800000.0,217800000,579.361,
53,PFG,ART,2008-03-31,2008-05-07,2008-03-31,2021-07-29,-359100000,152001200000,153224400000.0,,,0.07,26.428,-111100000.0,1120700000,1120700000,6699900000.0,777400000.0,,21.216,1581700000,,,1581700000,0,130800000.0,40994600000,0.017,0.9,946200000.0,1077000000.0,0.1,1077000000.0,946200000.0,946200000.0,2.84,2.81,2.84,6842100000,7529700000.0,6842100000,14552764309.0,15.0,13.512,2621200000.0,10.124,1.0,4046400000.0,0.377,1379500000,0.0,151082700000,151750625000.0,0,64899400000,,,145159100000,,,14091764309.0,-355800000.0,-76100000.0,-591400000.0,-5400000.0,-235600000.0,1680200000.0,-4769000000.0,-4403500000.0,2732300000.0,0.0,777400000.0,744400000.0,744400000.0,-20200000.0,0.0,0.069,3120400000.0,926000000.0,0,0.317,2.06,18.93,19.165,481500000,33000000.0,54.43,1.311,1.311,940400000,3589400000,10746300000.0,10746300000.0,0.0,0.005,0.099,0.006,0.088,66000000.0,3120400000.0,1.0,258897011,258897011.0,,41.508,150621700000,0,168800000.0,247400000,581.782,
54,PFG,ART,2007-12-31,2008-02-27,2007-12-31,2021-07-29,420200000,154520200000,151878450000.0,,,0.072,28.726,-98400000.0,1344400000,1344400000,6729100000.0,860300000.0,,19.82,1689600000,,,1689600000,0,130200000.0,40288900000,0.015,0.9,1068400000.0,1198600000.0,0.11,1198600000.0,1068400000.0,1068400000.0,3.12,3.09,3.12,7421700000,7845925000.0,7421700000,15919096976.0,15.0,13.281,2861600000.0,11.076,1.0,4177400000.0,0.383,1381600000,0.0,153483800000,150334875000.0,0,64365000000,,,147098500000,,,15573896976.0,-246400000.0,-76100000.0,-682700000.0,89100000.0,-235600000.0,1292100000.0,-4499200000.0,-4129500000.0,2960000000.0,0.0,860300000.0,827300000.0,827300000.0,-20200000.0,0.0,0.076,3129200000.0,1048200000.0,0,0.288,2.098,18.825,19.321,469000000,33000000.0,60.28,1.428,1.428,951200000,3414300000,10906500000.0,10906500000.0,0.0,0.005,0.105,0.007,0.098,72800000.0,3129200000.0,1.0,258359273,258359273.0,,42.214,153138600000,0,208100000.0,617900000,592.735,
55,PFG,ART,2007-09-30,2007-10-31,2007-09-30,2021-07-29,388400000,155617900000,149162925000.0,,,0.073,30.078,-80300000.0,2558700000,2558700000,6485900000.0,1110300000.0,,18.778,1580000000,,,1580000000,0,111400000.0,39086300000,0.012,0.8,1435900000.0,1547300000.0,0.142,1547300000.0,1435900000.0,1435900000.0,4.03,3.98,4.03,7868300000,7955700000.0,7868300000,16723478989.0,12.0,10.808,3192400000.0,12.204,1.0,4447600000.0,0.407,1384200000,0.0,153255000000,147554500000.0,0,62901200000,,,147749600000,,,17702178989.0,1162100000.0,-801100000.0,-372400000.0,505200000.0,-214700000.0,1842600000.0,-3951200000.0,-3094600000.0,3272700000.0,0.0,1110300000.0,1077300000.0,1077300000.0,-30600000.0,0.0,0.099,3042300000.0,1405300000.0,0,0.199,2.25,16.432,16.792,450800000,33000000.0,67.67,1.619,1.619,904700000,3617300000,10933500000.0,10933500000.0,0.0,0.007,0.135,0.01,0.131,71700000.0,3042300000.0,1.0,261595670,261595670.0,,41.795,154233700000,0,325600000.0,689700000,589.588,
56,PFG,ART,2007-06-30,2007-08-01,2007-06-30,2021-07-29,554000000,150758300000,144299850000.0,,,0.073,30.069,-73400000.0,1858000000,1858000000,6268000000.0,1129000000.0,,17.876,1594600000,,,1594600000,0,122600000.0,37476800000,0.014,0.8,1435900000.0,1558500000.0,0.148,1558500000.0,1435900000.0,1435900000.0,4.08,4.03,4.08,7986700000,7910650000.0,7986700000,14749192073.0,10.0,9.464,3022200000.0,11.378,1.0,4254900000.0,0.404,1313900000,0.0,149181000000,143048500000.0,0,61036700000,,,142771600000,,,15012592073.0,641100000.0,-763700000.0,-162200000.0,197000000.0,-214700000.0,431000000.0,-2883500000.0,-2103700000.0,3095600000.0,0.0,1129000000.0,1096000000.0,1096000000.0,-30600000.0,0.0,0.104,2849600000.0,1405300000.0,0,0.196,1.88,13.698,13.853,443400000,33000000.0,56.52,1.427,1.427,936100000,3385000000,10522900000.0,10522900000.0,0.0,0.008,0.139,0.01,0.136,80200000.0,2849600000.0,1.0,265615571,265615571.0,,39.617,149444400000,0,306900000.0,756100000,562.634,
57,PFG,ART,2007-03-31,2007-05-02,2007-03-31,2021-07-29,897700000,146617400000,139467625000.0,,,0.073,30.274,-51400000.0,1476500000,1476500000,6141400000.0,1035700000.0,,17.085,1605800000,,,1605800000,0,115100000.0,37041000000,0.013,0.8,1319900000.0,1435000000.0,0.142,1435000000.0,1319900000.0,1319900000.0,3.71,3.67,3.71,8107000000,7625150000.0,8107000000,16686726764.0,13.0,11.628,3027200000.0,11.304,1.0,3998300000.0,0.394,1327000000,0.0,145419700000,138511750000.0,0,61180000000,,,138510400000,,,16557426764.0,-131700000.0,-763700000.0,-625900000.0,238500000.0,-214700000.0,416000000.0,-3624300000.0,-2808600000.0,3078600000.0,0.0,1035700000.0,1002700000.0,1002700000.0,-30600000.0,0.0,0.099,2709000000.0,1289300000.0,0,0.216,2.042,16.513,16.666,423200000,33000000.0,61.83,1.633,1.633,843500000,3081200000,10139700000.0,10139700000.0,0.0,0.007,0.131,0.01,0.13,83500000.0,2709000000.0,1.0,267789532,267789532.0,,37.864,145290400000,0,284200000.0,866600000,542.554,
58,PFG,ART,2006-12-31,2007-02-28,2006-12-31,2021-07-29,846900000,143658100000,135806900000.0,,,0.073,29.345,-50500000.0,1590800000,1590800000,5983100000.0,1064300000.0,,17.275,1637900000,,,1637900000,0,105300000.0,36799000000,0.013,0.8,1359300000.0,1464600000.0,0.148,1464600000.0,1359300000.0,1359300000.0,3.78,3.74,3.78,7860800000,7498075000.0,7860800000,16352854921.0,12.0,11.165,2228000000.0,8.317,1.0,3887400000.0,0.394,1342900000,0.0,142362300000,134943775000.0,0,60366800000,,,135797300000,,,16305754921.0,-50500000.0,-769200000.0,-689600000.0,190200000.0,-214700000.0,1585900000.0,-3912900000.0,-3257400000.0,2278500000.0,0.0,1064300000.0,1031300000.0,1031300000.0,-30600000.0,0.0,0.104,2558700000.0,1328700000.0,0,0.212,2.074,15.811,16.103,422500000,33000000.0,60.87,1.652,1.652,1252300000,2824100000,9870500000.0,9870500000.0,0.0,0.008,0.138,0.01,0.138,71800000.0,2558700000.0,1.0,267878346,267878346.0,,36.847,142315200000,0,295000000.0,921400000,531.268,
59,PFG,ART,2006-09-30,2006-11-01,2006-09-30,2021-07-29,777600000,136165600000,131651225000.0,,,0.074,28.5,-50100000.0,1396600000,1396600000,6021800000.0,1027100000.0,,16.711,988300000,,,988300000,0,109900000.0,36207200000,0.012,0.65,1288100000.0,1398000000.0,0.144,1398000000.0,1288100000.0,1288100000.0,3.6,3.57,3.6,7688100000,7484675000.0,7688100000,14684857548.0,11.0,10.504,2872700000.0,10.649,1.0,3702400000.0,0.381,526300000,0.0,135231000000,130924300000.0,0,59714200000,,,128477500000,,,15093157548.0,278100000.0,-37200000.0,-684600000.0,-185300000.0,-182200000.0,751200000.0,-3394000000.0,-3360400000.0,2922800000.0,0.0,1027100000.0,994100000.0,994100000.0,-11100000.0,0.0,0.102,2425400000.0,1277000000.0,0,0.181,1.963,15.183,15.542,419000000,33000000.0,55.95,1.552,1.552,682900000,2755800000,9724200000.0,9724200000.0,0.0,0.008,0.133,0.01,0.132,65300000.0,2425400000.0,1.0,269761529,269761529.0,,36.047,135639300000,0,261000000.0,893800000,502.812,
60,PFG,ART,2006-06-30,2006-08-02,2006-06-30,2021-07-29,218500000,131429400000,127886200000.0,,,0.074,25.418,-49500000.0,1216900000,1216900000,5877800000.0,987300000.0,,18.202,1318600000,,,1318600000,0,103100000.0,35512600000,0.012,0.65,1243100000.0,1346200000.0,0.142,1346200000.0,1243100000.0,1243100000.0,3.42,3.39,3.42,6844700000,7512675000.0,6844700000,14454678072.0,12.0,10.737,2634200000.0,9.782,1.0,3625900000.0,0.382,497100000,0.0,131034000000,127287875000.0,0,58124000000,,,124584700000,,,14352978072.0,44700000.0,-9200000.0,-678800000.0,43700000.0,-182200000.0,277600000.0,-2914700000.0,-2969100000.0,2683700000.0,0.0,987300000.0,953100000.0,953100000.0,-11200000.0,0.0,0.1,2394000000.0,1231900000.0,0,0.19,2.097,15.059,15.585,420200000,34200000.0,53.3,1.51,1.51,626800000,2504800000,9503700000.0,9503700000.0,0.0,0.007,0.127,0.01,0.131,54800000.0,2394000000.0,1.0,269286643,269286643.0,,35.292,130932300000,0,255800000.0,611400000,486.219,
61,PFG,ART,2006-03-31,2006-05-04,2006-03-31,2021-07-29,639300000,131974500000,124327000000.0,,,0.074,27.435,-35300000.0,1608200000,1608200000,5682400000.0,1007400000.0,,16.368,1290000000,,,1290000000,0,98800000.0,34552300000,0.012,0.65,1244900000.0,1343700000.0,0.145,1343700000.0,1244900000.0,1244900000.0,3.48,3.45,3.48,7598700000,7764525000.0,7598700000,14347644571.0,12.0,10.678,2850800000.0,10.293,1.0,3573600000.0,0.386,508500000,0.0,131147800000,123736775000.0,0,57874500000,,,124375800000,,,14665844571.0,1059700000.0,-10700000.0,-809400000.0,-299200000.0,-182200000.0,471700000.0,-2296200000.0,-2530500000.0,2886100000.0,0.0,1007400000.0,981500000.0,981500000.0,-26300000.0,0.0,0.106,2355000000.0,1218600000.0,0,0.187,1.93,14.942,15.216,420600000,25900000.0,52.95,1.584,1.584,673600000,2294300000,9256000000.0,9256000000.0,0.0,0.008,0.126,0.01,0.134,49900000.0,2355000000.0,1.0,276975346,276975346.0,,33.418,131466000000,0,237500000.0,712100000,474.649,
62,PFG,ART,2005-12-31,2006-03-02,2005-12-31,2021-07-29,994800000,127035400000,119715650000.0,,,0.075,27.933,-44400000.0,1641300000,1641300000,5575900000.0,919000000.0,,15.272,1375200000,,,1375200000,0,101600000.0,33612100000,0.013,0.65,1151400000.0,1253000000.0,0.139,1253000000.0,1151400000.0,1151400000.0,3.13,3.11,3.13,7807200000,7700625000.0,7807200000,13258890531.0,12.0,10.582,2339800000.0,8.371,1.0,3431800000.0,0.381,484900000,0.0,126284400000,119476550000.0,0,57470000000,,,119228200000,,,13524990531.0,1188800000.0,-58100000.0,-808500000.0,264000000.0,-182200000.0,414500000.0,-1608000000.0,-1748900000.0,2384200000.0,0.0,919000000.0,901300000.0,901300000.0,-27100000.0,0.0,0.1,2307500000.0,1124300000.0,0,0.208,1.732,15.006,15.46,419800000,17700000.0,48.39,1.501,1.501,592700000,2008600000,9007700000.0,9007700000.0,0.0,0.008,0.117,0.01,0.128,48800000.0,2307500000.0,1.0,279499701,279499701.0,,32.228,126550500000,0,232400000.0,974800000,452.775,
63,PFG,ART,2005-09-30,2005-11-02,2005-09-30,2021-07-29,1164500000,121105500000,116406325000.0,,,0.076,27.842,-41200000.0,1116600000,1116600000,5390400000.0,877300000.0,,14.526,1186100000,,,1186100000,0,101900000.0,33085600000,0.011,0.55,1138600000.0,1240500000.0,0.141,1240500000.0,1138600000.0,1138600000.0,2.98,2.94,2.98,7800100000,7634900000.0,7800100000,14009833764.0,12.0,11.294,1732100000.0,6.183,1.0,3412000000.0,0.388,489700000,0.0,120685300000,116415800000.0,0,57011600000,,,113305400000,,,13940333764.0,-784000000.0,-205000000.0,-1075500000.0,208100000.0,-166500000.0,-162600000.0,-2394700000.0,-2604700000.0,1773300000.0,0.0,877300000.0,867900000.0,867900000.0,-13100000.0,0.0,0.099,2286500000.0,1125500000.0,0,0.185,1.787,16.062,16.698,416900000,9400000.0,49.76,1.584,1.584,1109700000,1943900000,8802400000.0,8802400000.0,0.0,0.007,0.114,0.01,0.129,48600000.0,2286500000.0,1.0,280151402,280151402.0,,31.42,120615800000,0,261300000.0,1026100000,430.538,
64,PFG,ART,2005-06-30,2005-08-03,2005-06-30,2021-07-29,1453900000,117192600000,113574050000.0,,,0.076,28.073,-41200000.0,1171600000,1171600000,5345200000.0,956700000.0,,13.925,1295800000,,,1295800000,0,104400000.0,33322900000,0.012,0.55,1191600000.0,1296000000.0,0.149,1296000000.0,1191600000.0,1191600000.0,3.19,3.15,3.19,7852100000,7608475000.0,7852100000,12805859436.0,11.0,9.881,2027200000.0,7.248,1.0,3327400000.0,0.384,487200000,0.0,116829600000,113363450000.0,0,57709000000,,,109340500000,,,12681659436.0,-303700000.0,603500000.0,-1365800000.0,-389700000.0,-166500000.0,388700000.0,-2760800000.0,-3951300000.0,2068400000.0,0.0,956700000.0,956700000.0,956700000.0,-117200000.0,0.0,0.11,2253000000.0,1074400000.0,0,0.172,1.615,13.256,14.213,419300000,0.0,45.34,1.462,1.462,719600000,1733900000,8672600000.0,8672600000.0,0.0,0.008,0.126,0.011,0.137,45400000.0,2253000000.0,1.0,279701355,279701355.0,,31.007,116705400000,0,234900000.0,1197300000,417.25,
65,PFG,ART,2005-03-31,2005-05-04,2005-03-31,2021-07-29,1046400000,113529100000,112119125000.0,,,0.075,24.996,-59500000.0,548500000,548500000,5304000000.0,837500000.0,,14.461,1609800000,,,1609800000,0,109800000.0,32488700000,0.014,0.55,1047200000.0,1157000000.0,0.137,1157000000.0,1047200000.0,1047200000.0,2.74,2.7,2.74,7343100000,7430225000.0,7343100000,12859175970.0,12.0,11.114,539300000.0,1.836,1.0,3147600000.0,0.372,483500000,0.0,114106900000,111957125000.0,0,56533500000,,,106186000000,,,11797875970.0,-559700000.0,619900000.0,-885400000.0,605300000.0,-166500000.0,1718300000.0,-2876800000.0,-4002700000.0,598800000.0,0.0,837500000.0,837500000.0,837500000.0,-92900000.0,0.0,0.099,2193300000.0,954300000.0,0,0.201,1.607,14.087,14.657,436500000,0.0,40.16,1.396,1.396,573800000,1495000000,8451600000.0,8451600000.0,0.0,0.007,0.113,0.009,0.124,46400000.0,2193300000.0,1.0,293771812,293771812.0,,28.769,113045600000,0,209700000.0,992100000,384.808,
66,PFG,ART,2004-12-31,2005-03-04,2004-12-31,2021-07-29,1313300000,113798100000,111440050000.0,,,0.075,25.187,-47500000.0,452500000,452500000,5256200000.0,825600000.0,,14.084,1125200000,,,1125200000,0,110800000.0,32183300000,0.014,0.55,1004700000.0,1115500000.0,0.134,1115500000.0,1004700000.0,1004700000.0,2.64,2.62,2.64,7544300000,7591200000.0,7544300000,12321455573.0,12.0,11.046,2208400000.0,7.373,1.0,3047500000.0,0.367,429400000,0.0,114041400000,111515175000.0,0,56918600000,,,106253800000,,,11648755573.0,-740000000.0,566600000.0,-731400000.0,-726500000.0,-166500000.0,182800000.0,-3178700000.0,-4166200000.0,2255900000.0,0.0,825600000.0,825600000.0,825600000.0,-128800000.0,0.0,0.099,2165900000.0,881600000.0,0,0.208,1.544,14.109,14.731,429400000,0.0,38.89,1.403,1.403,628500000,1289500000,8303700000.0,8303700000.0,0.0,0.007,0.109,0.009,0.121,43400000.0,2165900000.0,1.0,299530871,299530871.0,,27.722,113368700000,0,179100000.0,1409600000,378.488,
67,PFG,ART,2004-09-30,2004-11-04,2004-09-30,2021-07-29,1282200000,109776400000,109929125000.0,,,0.08,25.066,-52800000.0,1902500000,1902500000,5244100000.0,816000000.0,,13.267,992600000,,,992600000,0,120200000.0,31547200000,0.0,0.0,975400000.0,1095600000.0,0.124,1095600000.0,975400000.0,975400000.0,2.57,2.54,2.57,7694400000,7555025000.0,7694400000,10800632279.0,11.0,9.858,2579900000.0,8.405,1.0,3559800000.0,0.404,390600000,0.0,108475900000,110540075000.0,0,55235300000,,,102082000000,,,11710532279.0,1394900000.0,680000000.0,-555300000.0,-2019200000.0,-145300000.0,-382800000.0,-855000000.0,-1795300000.0,2632700000.0,0.0,816000000.0,816000000.0,816000000.0,-105500000.0,0.0,0.093,2684200000.0,875600000.0,0,0.0,1.522,14.351,14.844,431500000,0.0,38.15,1.33,1.33,874900000,1242500000,8803900000.0,8803900000.0,0.0,0.007,0.108,0.009,0.111,37300000.0,2684200000.0,1.0,306960217,306960217.0,,28.681,109385800000,0,159400000.0,1849300000,356.352,
68,PFG,ART,2004-06-30,2004-08-04,2004-06-30,2021-07-29,761100000,111372900000,108427400000.0,,,0.082,22.779,-49400000.0,1475900000,1475900000,5188500000.0,701700000.0,,14.6,1695900000,,,1695900000,0,119600000.0,30130200000,0.014,0.45,879500000.0,999100000.0,0.112,999100000.0,879500000.0,879500000.0,2.18,2.16,2.18,7139100000,7498450000.0,7139100000,10553134030.0,12.0,10.563,1832800000.0,5.848,1.0,3743300000.0,0.419,388600000,0.0,111204300000,110431225000.0,0,52701500000,,,104233800000,,,10333134030.0,451100000.0,-100600000.0,-354600000.0,-1499400000.0,-145300000.0,-825000000.0,-606100000.0,-483500000.0,1882200000.0,0.0,701700000.0,701700000.0,701700000.0,-13700000.0,0.0,0.079,2868400000.0,874900000.0,0,0.206,1.447,14.726,15.124,436400000,0.0,32.97,1.157,1.157,594300000,943700000,8931800000.0,8931800000.0,0.0,0.006,0.094,0.008,0.098,33000000.0,2868400000.0,1.0,313410192,313410192.0,,28.499,110984300000,0,177800000.0,1074500000,354.118,
69,PFG,ART,2004-03-31,2004-05-05,2004-03-31,2021-07-29,1539600000,110812800000,105239600000.0,,,0.089,25.022,-6000000.0,1608600000,1608600000,5154700000.0,784200000.0,,12.874,3541400000,,,3541400000,0,119700000.0,28913700000,0.013,0.45,1010300000.0,1130000000.0,0.121,1130000000.0,1010300000.0,1010300000.0,2.42,2.41,2.42,7987000000,7598425000.0,7987000000,13018670665.0,13.0,11.521,4332600000.0,13.573,1.0,4209800000.0,0.45,406500000,0.0,112339100000,107341675000.0,0,55992500000,,,102825800000,,,11085870665.0,641700000.0,-143300000.0,-244500000.0,-2278100000.0,-145300000.0,-2209000000.0,-1487900000.0,-857500000.0,4338600000.0,0.0,784200000.0,784200000.0,784200000.0,-22500000.0,0.0,0.084,3212900000.0,996900000.0,0,0.186,1.388,14.137,14.351,443300000,0.0,34.73,1.184,1.184,543700000,824000000,9364500000.0,9364500000.0,0.0,0.007,0.103,0.009,0.108,27300000.0,3212900000.0,1.0,319201574,319201574.0,,29.337,110406300000,0,226100000.0,1995800000,345.883,
70,PFG,ART,2003-12-31,2004-03-03,2003-12-31,2021-07-29,1171300000,107754400000,100496525000.0,,,0.094,23.067,1000000.0,1692900000,1692900000,5169200000.0,746300000.0,,13.562,4385100000,,,4385100000,0,117100000.0,28902500000,0.012,0.45,972100000.0,1089200000.0,0.116,1089200000.0,972100000.0,972100000.0,2.29,2.28,2.29,7399600000,7310875000.0,7399600000,14429633322.0,15.0,13.248,3714800000.0,11.58,1.0,4235000000.0,0.45,305600000,0.0,110141000000,102440700000.0,0,55577800000,,,100354800000,,,11737433322.0,654300000.0,-95300000.0,-434700000.0,-1234400000.0,-145300000.0,-511200000.0,-2548300000.0,-1724700000.0,3713800000.0,0.0,746300000.0,746300000.0,746300000.0,-21800000.0,0.0,0.079,3281300000.0,953700000.0,0,0.197,1.586,15.728,15.978,447800000,0.0,36.59,1.248,1.248,719800000,630400000,9404200000.0,9404200000.0,0.0,0.007,0.102,0.009,0.103,22600000.0,3281300000.0,1.0,320782545,320782545.0,,29.316,107448800000,0,225800000.0,1734000000,334.958,
71,PFG,ART,2003-09-30,2004-02-13,2003-09-30,2021-07-29,1202400000,103714600000,96023250000.0,,,0.096,23.025,-1600000.0,1008000000,1008000000,5141200000.0,757800000.0,,12.947,5556700000,,,5556700000,0,111200000.0,28086100000,0.012,0.45,870500000.0,981700000.0,0.107,981700000.0,870500000.0,870500000.0,2.28,0.94,2.28,7436300000,7125275000.0,7436300000,16324115869.0,19.0,16.628,4843000000.0,14.995,1.0,4047800000.0,0.441,277700000,0.0,107985600000,97536625000.0,0,56376200000,,,96278300000,,,11775415869.0,376500000.0,431100000.0,-602500000.0,40200000.0,-83800000.0,-474200000.0,-3993900000.0,-3669800000.0,4844600000.0,0.0,757800000.0,757800000.0,757800000.0,-9500000.0,0.0,0.082,3183400000.0,864400000.0,0,0.197,1.584,15.539,15.991,450400000,0.0,36.46,1.281,1.281,792200000,571800000,9189000000.0,9189000000.0,0.0,0.008,0.106,0.009,0.095,19300000.0,3183400000.0,1.0,322968071,322968071.0,,28.452,103436900000,0,112700000.0,1716400000,320.27,
72,PFG,ART,2003-09-30,2003-11-05,2003-09-30,2021-07-29,1202400000,103769500000,96023250000.0,,,0.096,23.123,-1600000.0,1008000000,1008000000,5141200000.0,789600000.0,,12.895,5556700000,,,5556700000,0,111200000.0,28086100000,0.023,0.7,921300000.0,1032500000.0,0.112,1032500000.0,921300000.0,921300000.0,2.38,1.04,2.38,7468100000,7125275000.0,7468100000,14593007008.0,16.0,14.134,4792600000.0,14.839,1.0,4097400000.0,0.444,277700000,0.0,108040500000,97536625000.0,0,56325900000,,,96301400000,,,10044307008.0,376500000.0,431100000.0,-602500000.0,40200000.0,-83800000.0,-474200000.0,-3943500000.0,-3619400000.0,4794200000.0,0.0,789600000.0,789600000.0,789600000.0,-9500000.0,0.0,0.085,3183400000.0,914000000.0,0,0.294,1.345,12.721,13.067,450400000,0.0,31.1,1.087,1.087,792200000,603600000,9238600000.0,9238600000.0,0.0,0.008,0.111,0.009,0.1,19300000.0,3183400000.0,1.0,322968071,322968071.0,,28.605,103491800000,0,131700000.0,1736200000,320.44,
73,PFG,ART,2003-06-30,2003-08-06,2003-06-30,2021-07-29,1420600000,98621700000,92148550000.0,,,0.097,23.292,1800000.0,1525200000,1525200000,5197500000.0,414900000.0,,12.082,2025600000,,,2025600000,0,104000000.0,28179400000,0.008,0.25,470900000.0,574900000.0,0.064,574900000.0,470900000.0,470900000.0,1.25,0.49,1.25,7539000000,6916750000.0,7539000000,10676703392.0,23.0,18.571,6389800000.0,19.741,1.0,3770900000.0,0.42,276000000,0.0,98846100000,92835350000.0,0,53143900000,,,91082700000,,,10176303392.0,326700000.0,407900000.0,-757700000.0,256200000.0,-83800000.0,-254200000.0,-5807100000.0,-5157700000.0,6388000000.0,0.0,414900000.0,414900000.0,414900000.0,203900000.0,0.0,0.046,3096100000.0,674800000.0,0,0.2,1.35,24.527,25.152,459000000,0.0,31.44,1.135,1.135,438800000,387300000,8968400000.0,8968400000.0,0.0,0.005,0.06,0.005,0.053,21000000.0,3096100000.0,1.0,323673772,323673772.0,,27.708,98345700000,0,56000000.0,1822200000,303.842,
74,PFG,ART,2003-03-31,2003-05-07,2003-03-31,2021-07-29,841500000,91840500000,90041475000.0,,,0.099,20.888,-39200000.0,966900000,966900000,5523200000.0,332900000.0,,12.433,2094200000,,,2094200000,0,103500000.0,27366800000,0.008,0.25,340200000.0,443700000.0,0.05,443700000.0,340200000.0,340200000.0,0.97,0.21,0.97,6836800000,6699525000.0,6836800000,10799100931.0,32.0,24.339,5995600000.0,18.318,1.0,3412800000.0,0.382,232600000,0.0,92735200000,90568650000.0,0,50639600000,,,85003700000,,,9671800931.0,472000000.0,388100000.0,-895200000.0,56500000.0,-83800000.0,-711800000.0,-4851000000.0,-4509800000.0,6034800000.0,0.0,332900000.0,332900000.0,332900000.0,203500000.0,0.0,0.037,2869100000.0,543700000.0,0,0.258,1.415,29.053,30.464,470500000,0.0,29.55,1.082,1.082,543700000,185100000,8936000000.0,8936000000.0,0.0,0.004,0.05,0.004,0.038,14000000.0,2869100000.0,1.0,327302908,327302908.0,,27.302,91607900000,0,7300000.0,1390700000,279.887,
75,PFG,ART,2002-12-31,2003-03-05,2002-12-31,2021-07-29,635800000,89861300000,89271025000.0,,,0.099,20.786,-50900000.0,1038600000,1038600000,5533500000.0,142300000.0,,12.498,1897300000,,,1897300000,0,106000000.0,26315000000,0.009,0.25,188200000.0,294200000.0,0.033,294200000.0,188200000.0,188200000.0,0.41,0.41,0.41,6657200000,6639825000.0,6657200000,9678933817.0,51.0,32.899,5513100000.0,17.214,1.0,3289000000.0,0.373,195300000,0.0,90524700000,89731275000.0,0,48995600000,,,83204100000,,,8820233817.0,477400000.0,446300000.0,-720400000.0,7300000.0,-83800000.0,-1008500000.0,-4078100000.0,-4213600000.0,5564000000.0,0.0,142300000.0,142300000.0,142300000.0,196700000.0,0.0,0.016,2623200000.0,665800000.0,0,0.61,1.325,61.983,67.171,482500000,0.0,27.54,1.0,1.0,459700000,29400000,8822500000.0,8822500000.0,0.0,0.002,0.021,0.002,0.021,10500000.0,2623200000.0,1.0,320269928,320269928.0,,27.547,89666000000,0,45900000.0,1177700000,279.97,
76,PFG,ART,2002-09-30,2002-11-07,2002-09-30,2021-07-29,507900000,88270700000,88893325000.0,,,0.098,19.692,-32200000.0,631500000,631500000,5501800000.0,-54500000.0,,12.306,1778000000,,,1778000000,0,119300000.0,26470500000,0.009,0.25,82400000.0,201700000.0,0.023,201700000.0,82400000.0,82400000.0,-1.24,-0.66,-1.24,6634000000,6680600000.0,6634000000,10832151066.0,131.0,53.704,4900200000.0,14.545,1.0,3187400000.0,0.367,181800000,0.0,89235400000,89197175000.0,0,47916200000,,,81636700000,,,9685651066.0,463000000.0,-53500000.0,1170600000.0,-416400000.0,0.0,-891000000.0,-3578400000.0,-3106200000.0,4932400000.0,0.0,-54500000.0,-54500000.0,-54500000.0,201000000.0,0.0,-0.006,2623100000.0,564300000.0,0,-0.202,1.46,-177.718,-23.185,484200000,0.0,28.75,1.115,1.115,786600000,-102200000,8689200000.0,8689200000.0,0.0,-0.001,-0.008,0.001,0.009,7400000.0,2623100000.0,1.0,336892211,336892211.0,,25.792,88088900000,0,136900000.0,1226500000,261.475,
77,PFG,ART,2002-06-30,2002-08-08,2002-06-30,2021-07-29,163000000,90193400000,87814450000.0,,,0.104,19.229,-43100000.0,1261100000,1261100000,5867500000.0,219700000.0,,12.522,1742400000,,,1742400000,0,134600000.0,26013400000,0.0,0.0,387000000.0,521600000.0,0.057,521600000.0,387000000.0,387000000.0,-0.46,-0.46,-0.46,6670100000,6726850000.0,6670100000,10089946635.0,26.0,19.344,4449900000.0,12.828,1.0,3282300000.0,0.359,895400000,0.0,89779300000,88043475000.0,0,46170200000,,,83523300000,,,9608646635.0,889200000.0,-48900000.0,1400600000.0,-421200000.0,0.0,-1472600000.0,-2131200000.0,-1903000000.0,4493000000.0,0.0,219700000.0,219700000.0,219700000.0,0.0,0.0,0.024,2614400000.0,667900000.0,0,0.0,1.441,43.735,-60.217,514900000,0.0,27.7,1.05,1.05,1092400000,56200000,9149800000.0,9149800000.0,0.0,0.003,0.033,0.004,0.042,0.0,2614400000.0,1.0,346882550,346882550.0,,26.377,89298000000,0,167300000.0,969600000,257.43,
78,PFG,ART,2002-03-31,2002-05-10,2002-03-31,2021-07-29,-27600000,88758700000,86573525000.0,,,,18.399,,557500000,557500000,,,,12.452,2036700000,,,2036700000,0,,25115600000,0.0,0.0,,,,,,,,,,6598000000,6691425000.0,6598000000,11470018351.0,,,,,1.0,,,852200000,,89385700000,87016500000.0,0,45451100000,,,82160700000,,,9990818351.0,,,,,,,,,,,,,,,,,,,0,,1.514,,,515600000,,27.86,,,494700000,-64000000,,,,,,,,,,1.0,358607981,358607981.0,,,87906500000,0,,757600000,245.133,
79,PFG,ART,2001-12-31,2002-03-12,2001-12-31,2021-07-29,147500000,88350500000,,,,,18.902,-58400000.0,623800000,623800000,5795800000.0,358800000.0,,11.954,1890000000,,,1890000000,0,154900000.0,24684400000,0.0,0.0,437800000.0,592700000.0,0.067,592700000.0,437800000.0,437800000.0,-0.08,-0.08,-0.08,6820300000,,6820300000,10286858300.0,23.0,17.356,3886400000.0,10.771,1.0,3021700000.0,0.343,1228400000,0.0,88388300000,,0,44772900000,,,81530200000,,,9020658300.0,-302800000.0,-19000000.0,1651600000.0,-3100000.0,0.0,-549200000.0,-3698400000.0,-3269300000.0,3944800000.0,0.0,358800000.0,358800000.0,358800000.0,0.0,0.0,0.041,2573200000.0,448500000.0,0,0.0,1.323,25.141,-312.5,518200000,0.0,25.0,1.023,1.023,531300000,-29100000,8817500000.0,8817500000.0,0.0,,,,0.05,0.0,2573200000.0,1.0,360826332,360826332.0,,24.437,87122100000,0,79000000.0,895100000,241.452,
80,PFG,ART,2001-09-30,2001-11-19,2001-09-30,2021-07-29,166300000,83955200000,,,,,18.169,,231100000,231100000,,,,11.312,2097300000,,,2097300000,0,,25009600000,0.0,0.0,,,,,,,,,,6819000000,,6819000000,10246970038.0,,,,,1.0,,,1200800000,,84620600000,,0,45520400000,,,77136200000,,,8380770038.0,,,,,,,,,,,,,,,,,,,0,,1.229,,,508400000,,22.33,,,553800000,6652700000,,,,,,,,,,1.0,375314377,375314377.0,,,82754400000,0,,920000000,220.494,
81,PFG,ART,2001-06-30,2001-10-22,2001-06-30,2021-07-29,-8500000,85229700000,,,,,,,371900000,371900000,,,,12.055,2066500000,,,2066500000,0,,25073100000,,,,,,,,,,,,6528400000,,6528400000,,,,,,1.0,,,1252900000,,85671400000,,0,44403200000,,,78701300000,,,,,,,,,,,,,,,,,,,,,,0,,,,,513400000,,,,,572300000,6536900000,,,,,,,,,,1.0,360000000,,,,83976800000,0,,743700000,,
