None,ticker,dimension,calendardate,datekey,reportperiod,lastupdated,accoci,assets,assetsavg,assetsc,assetsnc,assetturnover,bvps,capex,cashneq,cashnequsd,cor,consolinc,currentratio,de,debt,debtc,debtnc,debtusd,deferredrev,depamor,deposits,divyield,dps,ebit,ebitda,ebitdamargin,ebitdausd,ebitusd,ebt,eps,epsdil,epsusd,equity,equityavg,equityusd,ev,evebit,evebitda,fcf,fcfps,fxusd,gp,grossmargin,intangibles,intexp,invcap,invcapavg,inventory,investments,investmentsc,investmentsnc,liabilities,liabilitiesc,liabilitiesnc,marketcap,ncf,ncfbus,ncfcommon,ncfdebt,ncfdiv,ncff,ncfi,ncfinv,ncfo,ncfx,netinc,netinccmn,netinccmnusd,netincdis,netincnci,netmargin,opex,opinc,payables,payoutratio,pb,pe,pe1,ppnenet,prefdivis,price,ps,ps1,receivables,retearn,revenue,revenueusd,rnd,roa,roe,roic,ros,sbcomp,sgna,sharefactor,sharesbas,shareswa,shareswadil,sps,tangibles,taxassets,taxexp,taxliabilities,tbvps,workingcapital
0,FITB,MRY,2020-12-31,2020-12-31,2020-12-31,2021-09-07,2601000000.0,204680000000.0,198743250000.0,,,0.033,32.335,-325000000.0,3147000000.0,3147000000.0,0.0,1427000000.0,,7.856,16465000000.0,,,16465000000.0,0.0,492000000.0,159081000000.0,0.039,1.08,1797000000.0,2289000000.0,0.351,2289000000.0,1797000000.0,1797000000.0,1.84,1.83,1.84,23111000000.0,22567500000.0,23111000000.0,33215417194.0,18.0,14.511,46000000.0,0.064,1.0,6515000000.0,1.0,5053000000.0,0.0,212945000000.0,208829000000.0,0.0,182866000000.0,,,181569000000.0,,,19641417194.0,-131000000.0,-4000000.0,0.0,-60000000.0,-858000000.0,31400000000.0,-31902000000.0,-31529000000.0,371000000.0,0.0,1427000000.0,1323000000.0,1323000000.0,0.0,0.0,0.203,4718000000.0,1797000000.0,0.0,0.587,0.85,14.846,14.984,2865000000.0,104000000.0,27.57,3.015,3.025,0.0,18384000000.0,6515000000.0,6515000000.0,0.0,0.007,0.059,0.009,0.276,123000000.0,4457000000.0,1.0,712419920.0,714729585,719735415.0,9.115,199627000000.0,0.0,370000000.0,0.0,279.304,
1,FITB,MRY,2019-12-31,2019-12-31,2019-12-31,2021-09-07,1192000000.0,169369000000.0,169275750000.0,,,0.046,29.845,-214000000.0,3278000000.0,3278000000.0,0.0,2512000000.0,,6.988,16241000000.0,,,16241000000.0,0.0,472000000.0,127062000000.0,0.031,0.94,3202000000.0,3674000000.0,0.467,3674000000.0,3202000000.0,3202000000.0,3.38,3.33,3.38,21203000000.0,20682000000.0,21203000000.0,37950175784.0,12.0,10.329,1610000000.0,2.266,1.0,7862000000.0,1.0,5446000000.0,0.0,176886000000.0,178746250000.0,0.0,148612000000.0,,,148166000000.0,,,21815175784.0,597000000.0,1210000000.0,-1763000000.0,-1840000000.0,-753000000.0,-430000000.0,-797000000.0,-1767000000.0,1824000000.0,0.0,2512000000.0,2419000000.0,2419000000.0,0.0,0.0,0.308,4660000000.0,3202000000.0,0.0,0.278,1.029,9.018,9.095,2843000000.0,93000000.0,30.74,2.775,2.778,0.0,18315000000.0,7862000000.0,7862000000.0,0.0,0.014,0.117,0.018,0.407,132000000.0,4397000000.0,1.0,709667397.0,710433611,720065498.0,11.066,163923000000.0,0.0,690000000.0,0.0,230.737,
2,FITB,MRY,2018-12-31,2018-12-31,2018-12-31,2021-09-07,-112000000.0,146069000000.0,142487250000.0,,,0.047,24.133,-77000000.0,2681000000.0,2681000000.0,0.0,2193000000.0,,7.989,16924000000.0,,,16924000000.0,0.0,360000000.0,108835000000.0,0.031,0.74,2765000000.0,3125000000.0,0.465,3125000000.0,2765000000.0,2765000000.0,3.11,3.06,3.11,16250000000.0,16124000000.0,16250000000.0,31216635515.0,11.0,9.989,2779000000.0,4.127,1.0,6723000000.0,1.0,3456000000.0,0.0,156856000000.0,153765250000.0,0.0,130181000000.0,,,129819000000.0,,,15426635515.0,167000000.0,-43000000.0,-1453000000.0,-2134000000.0,-565000000.0,1452000000.0,-4141000000.0,-3939000000.0,2856000000.0,0.0,2193000000.0,2118000000.0,2118000000.0,0.0,0.0,0.315,3958000000.0,2765000000.0,0.0,0.238,0.949,7.284,7.566,2379000000.0,75000000.0,23.53,2.295,2.357,0.0,16578000000.0,6723000000.0,6723000000.0,0.0,0.015,0.131,0.018,0.411,127000000.0,3759000000.0,1.0,655615619.0,673346168,685488498.0,9.984,142613000000.0,0.0,572000000.0,0.0,211.797,
3,FITB,MRY,2017-12-31,2017-12-31,2017-12-31,2021-09-07,73000000.0,142081000000.0,141403000000.0,,,0.048,22.244,-191000000.0,2514000000.0,2514000000.0,0.0,2180000000.0,,7.769,19090000000.0,,,19090000000.0,0.0,341000000.0,103162000000.0,0.02,0.6,2979000000.0,3320000000.0,0.491,3320000000.0,2979000000.0,2979000000.0,2.86,2.81,2.86,16200000000.0,16352250000.0,16200000000.0,39047335671.0,13.0,11.761,1289000000.0,1.77,1.0,6761000000.0,1.0,3330000000.0,0.0,155327000000.0,154273750000.0,0.0,126725000000.0,,,125861000000.0,,,21407335671.0,122000000.0,-44000000.0,-1605000000.0,1040000000.0,-430000000.0,-1786000000.0,428000000.0,772000000.0,1480000000.0,0.0,2180000000.0,2105000000.0,2105000000.0,0.0,0.0,0.311,3782000000.0,2979000000.0,0.0,0.21,1.321,10.17,10.608,2649000000.0,75000000.0,30.34,3.166,3.268,0.0,14957000000.0,6761000000.0,6761000000.0,0.0,0.015,0.129,0.019,0.441,118000000.0,3653000000.0,1.0,705581268.0,728289200,740691433.0,9.283,138751000000.0,0.0,799000000.0,0.0,190.516,
4,FITB,MRY,2016-12-31,2016-12-31,2016-12-31,2021-09-07,59000000.0,142177000000.0,142877750000.0,,,0.042,21.395,-230000000.0,2392000000.0,2392000000.0,0.0,1543000000.0,,7.772,18055000000.0,,,18055000000.0,0.0,453000000.0,103821000000.0,0.02,0.53,2212000000.0,2665000000.0,0.447,2665000000.0,2212000000.0,2212000000.0,1.92,1.91,1.92,16205000000.0,16507500000.0,16205000000.0,38724896580.0,18.0,14.531,1861000000.0,2.457,1.0,5968000000.0,1.0,3169000000.0,0.0,154671000000.0,156942500000.0,0.0,125969000000.0,,,125945000000.0,,,20378896580.0,-148000000.0,-219000000.0,-661000000.0,625000000.0,-402000000.0,625000000.0,-2864000000.0,-2415000000.0,2091000000.0,0.0,1547000000.0,1472000000.0,1472000000.0,0.0,-4000000.0,0.247,3760000000.0,2208000000.0,0.0,0.276,1.258,13.844,14.047,2803000000.0,75000000.0,26.97,3.415,3.423,0.0,13441000000.0,5968000000.0,5968000000.0,0.0,0.01,0.089,0.014,0.371,111000000.0,3628000000.0,1.0,755613518.0,757432291,764495353.0,7.879,139008000000.0,0.0,665000000.0,0.0,183.525,
5,FITB,MRY,2015-12-31,2015-12-31,2015-12-31,2021-09-07,197000000.0,141048000000.0,141273500000.0,,,0.043,19.833,-212000000.0,2540000000.0,2540000000.0,0.0,1706000000.0,,7.903,17468000000.0,,,17468000000.0,0.0,441000000.0,103205000000.0,0.026,0.52,2371000000.0,2812000000.0,0.458,2812000000.0,2371000000.0,2371000000.0,2.03,2.01,2.03,15839000000.0,15783500000.0,15839000000.0,34074056919.0,14.0,12.117,2206000000.0,2.762,1.0,6140000000.0,1.0,3213000000.0,0.0,152763000000.0,153243750000.0,0.0,124384000000.0,,,125178000000.0,,,15966056919.0,-551000000.0,0.0,-850000000.0,844000000.0,-422000000.0,962000000.0,-3931000000.0,-3719000000.0,2418000000.0,0.0,1712000000.0,1637000000.0,1637000000.0,0.0,-6000000.0,0.267,3775000000.0,2365000000.0,0.0,0.256,1.008,9.753,9.901,2946000000.0,75000000.0,20.1,2.6,2.614,0.0,12358000000.0,6140000000.0,6140000000.0,0.0,0.012,0.104,0.015,0.386,100000000.0,3622000000.0,1.0,794331190.0,798628173,807658669.0,7.688,137835000000.0,0.0,659000000.0,0.0,172.59,
6,FITB,MRY,2014-12-31,2014-12-31,2014-12-31,2021-09-07,429000000.0,138706000000.0,133777500000.0,,,0.043,18.756,-258000000.0,3091000000.0,3091000000.0,0.0,1483000000.0,,7.874,16667000000.0,,,16667000000.0,0.0,414000000.0,101712000000.0,0.025,0.51,2026000000.0,2440000000.0,0.425,2440000000.0,2026000000.0,2026000000.0,1.68,1.66,1.68,15626000000.0,15331250000.0,15626000000.0,30878140975.0,15.0,12.655,1818000000.0,2.182,1.0,5737000000.0,1.0,3289000000.0,0.0,148993000000.0,143589750000.0,0.0,120892000000.0,,,123041000000.0,,,16789140975.0,-87000000.0,0.0,-654000000.0,5207000000.0,-423000000.0,6775000000.0,-8938000000.0,-8680000000.0,2076000000.0,0.0,1481000000.0,1414000000.0,1414000000.0,0.0,2000000.0,0.246,3709000000.0,2028000000.0,0.0,0.304,1.074,11.874,12.128,3193000000.0,67000000.0,20.375,2.926,2.959,0.0,11141000000.0,5737000000.0,5737000000.0,0.0,0.011,0.092,0.014,0.353,83000000.0,3568000000.0,1.0,824006919.0,833116349,842967356.0,6.886,135417000000.0,0.0,545000000.0,0.0,162.543,
7,FITB,MRY,2013-12-31,2013-12-31,2013-12-31,2021-09-07,82000000.0,130443000000.0,125214500000.0,,,0.052,16.779,-447000000.0,3178000000.0,3178000000.0,0.0,1826000000.0,,7.939,11297000000.0,,,11297000000.0,0.0,507000000.0,99275000000.0,0.022,0.47,2608000000.0,3115000000.0,0.475,3115000000.0,2608000000.0,2608000000.0,2.05,2.02,2.05,14589000000.0,14337750000.0,14589000000.0,27489031574.0,11.0,8.825,4148000000.0,4.771,1.0,6559000000.0,1.0,3406000000.0,0.0,135156000000.0,130211000000.0,0.0,112240000000.0,,,115817000000.0,,,18566031574.0,737000000.0,0.0,-1320000000.0,-2699000000.0,-393000000.0,6326000000.0,-10184000000.0,-9737000000.0,4595000000.0,0.0,1836000000.0,1799000000.0,1799000000.0,0.0,-10000000.0,0.274,3961000000.0,2598000000.0,0.0,0.229,1.273,10.32,10.259,3261000000.0,37000000.0,21.03,2.831,2.788,0.0,10156000000.0,6559000000.0,6559000000.0,0.0,0.014,0.125,0.02,0.398,78000000.0,3827000000.0,1.0,882835548.0,869462977,894736445.0,7.544,127037000000.0,0.0,772000000.0,0.0,146.11,
8,FITB,MRY,2012-12-31,2012-12-31,2012-12-31,2021-09-07,375000000.0,121894000000.0,118416750000.0,,,0.053,15.165,-475000000.0,2441000000.0,2441000000.0,0.0,1574000000.0,,7.883,14266000000.0,,,14266000000.0,0.0,531000000.0,89517000000.0,0.024,0.36,2212000000.0,2743000000.0,0.436,2743000000.0,2212000000.0,2212000000.0,1.69,1.66,1.69,13716000000.0,13691750000.0,13716000000.0,25467503234.0,12.0,9.285,2082000000.0,2.302,1.0,6291000000.0,1.0,3140000000.0,0.0,130579000000.0,126950250000.0,0.0,104986000000.0,,,108130000000.0,,,13641503234.0,-222000000.0,0.0,-650000000.0,960000000.0,-309000000.0,3754000000.0,-6533000000.0,-6058000000.0,2557000000.0,0.0,1576000000.0,1541000000.0,1541000000.0,0.0,-2000000.0,0.245,4081000000.0,2210000000.0,0.0,0.213,0.995,8.852,8.994,3123000000.0,35000000.0,15.2,2.168,2.185,0.0,8768000000.0,6291000000.0,6291000000.0,0.0,0.013,0.113,0.017,0.352,69000000.0,3960000000.0,1.0,897467318.0,904425226,945554102.0,6.956,118754000000.0,0.0,636000000.0,0.0,131.303,
9,FITB,MRY,2011-12-31,2011-12-31,2011-12-31,2021-09-07,470000000.0,116967000000.0,113290500000.0,,,0.049,14.563,-343000000.0,2663000000.0,2663000000.0,0.0,1298000000.0,,7.857,13267000000.0,,,13267000000.0,0.0,455000000.0,85710000000.0,0.022,0.28,1830000000.0,2285000000.0,0.409,2285000000.0,1830000000.0,1830000000.0,1.2,1.18,1.2,13201000000.0,12741250000.0,13201000000.0,24472582673.0,13.0,10.71,2023000000.0,2.232,1.0,5589000000.0,1.0,3138000000.0,0.0,124433000000.0,121134500000.0,0.0,99359000000.0,,,103716000000.0,,,11699582673.0,504000000.0,0.0,1648000000.0,1625000000.0,-192000000.0,3423000000.0,-5285000000.0,-4942000000.0,2366000000.0,0.0,1297000000.0,1094000000.0,1094000000.0,0.0,1000000.0,0.196,3758000000.0,1831000000.0,0.0,0.233,0.886,10.694,10.6,2944000000.0,203000000.0,12.72,2.093,2.063,0.0,7554000000.0,5589000000.0,5589000000.0,0.0,0.01,0.086,0.015,0.327,59000000.0,3638000000.0,1.0,919778512.0,906460550,949545420.0,6.166,113829000000.0,0.0,533000000.0,0.0,125.575,
10,FITB,MRY,2010-12-31,2010-12-31,2010-12-31,2021-09-07,314000000.0,111007000000.0,112001250000.0,,,0.043,17.767,-235000000.0,2159000000.0,2159000000.0,0.0,753000000.0,,6.898,11411000000.0,,,11411000000.0,0.0,457000000.0,81648000000.0,0.003,0.04,940000000.0,1397000000.0,0.291,1397000000.0,940000000.0,940000000.0,0.63,0.63,0.63,14051000000.0,13761000000.0,14051000000.0,22570437347.0,24.0,16.156,3070000000.0,3.882,1.0,4795000000.0,1.0,3301000000.0,0.0,116958000000.0,119095000000.0,0.0,94279000000.0,,,96927000000.0,,,11689437347.0,-159000000.0,63000000.0,0.0,-2324000000.0,-32000000.0,-5172000000.0,1708000000.0,1880000000.0,3305000000.0,0.0,753000000.0,503000000.0,503000000.0,0.0,0.0,0.105,3855000000.0,940000000.0,0.0,0.063,0.832,23.239,23.302,2868000000.0,250000000.0,14.68,2.438,2.421,0.0,6719000000.0,4795000000.0,4795000000.0,0.0,0.004,0.037,0.008,0.196,64000000.0,3747000000.0,1.0,796283198.0,790852185,799381153.0,6.063,107706000000.0,0.0,187000000.0,0.0,136.19,
11,FITB,MRY,2009-12-31,2009-12-31,2009-12-31,2021-09-07,241000000.0,113380000000.0,114854250000.0,,,0.04,16.971,-228000000.0,2318000000.0,2318000000.0,0.0,737000000.0,,7.4,12104000000.0,,,12104000000.0,0.0,341000000.0,84305000000.0,0.004,0.04,767000000.0,1108000000.0,0.241,1108000000.0,767000000.0,767000000.0,0.73,0.67,0.73,13497000000.0,13246750000.0,13497000000.0,19893332823.0,26.0,17.954,3566000000.0,4.484,1.0,4593000000.0,1.0,3223000000.0,0.0,119943000000.0,126030000000.0,0.0,97389000000.0,,,99883000000.0,,,7754332823.0,-421000000.0,546000000.0,986000000.0,-11186000000.0,-27000000.0,-5291000000.0,1076000000.0,758000000.0,3794000000.0,0.0,737000000.0,511000000.0,511000000.0,0.0,0.0,0.111,3826000000.0,767000000.0,0.0,0.055,0.575,15.175,13.356,2899000000.0,226000000.0,9.75,1.688,1.688,0.0,6326000000.0,4593000000.0,4593000000.0,0.0,0.004,0.039,0.006,0.167,45000000.0,3633000000.0,1.0,795316187.0,795316187,,5.775,110157000000.0,0.0,30000000.0,0.0,138.507,
12,FITB,MRY,2008-12-31,2008-12-31,2008-12-31,2021-09-07,98000000.0,119764000000.0,115607250000.0,,,0.016,20.913,-518000000.0,2739000000.0,2739000000.0,0.0,-2113000000.0,,8.917,23831000000.0,,,23831000000.0,0.0,8000000.0,78613000000.0,0.091,0.75,-2664000000.0,-2656000000.0,-1.398,-2656000000.0,-2664000000.0,-2664000000.0,-3.91,-3.91,-3.91,12077000000.0,10719750000.0,12077000000.0,26255038853.0,-10.0,-9.885,2575000000.0,4.459,1.0,1900000000.0,1.0,3291000000.0,0.0,137565000000.0,133189500000.0,0.0,100665000000.0,,,107687000000.0,,,4770038853.0,79000000.0,66000000.0,0.0,11000000.0,-639000000.0,2890000000.0,-5904000000.0,-5463000000.0,3093000000.0,0.0,-2113000000.0,-2180000000.0,-2180000000.0,0.0,0.0,-1.147,4564000000.0,-2664000000.0,0.0,-0.192,0.395,-2.188,-2.113,2957000000.0,67000000.0,8.26,2.511,2.511,0.0,5824000000.0,1900000000.0,1900000000.0,0.0,-0.019,-0.203,-0.02,-1.402,57000000.0,3325000000.0,1.0,577486544.0,577486544,,3.29,116473000000.0,0.0,-551000000.0,0.0,201.69,
13,FITB,MRY,2007-12-31,2007-12-31,2007-12-31,2021-09-07,-126000000.0,110962000000.0,104110250000.0,,,0.047,17.199,-585000000.0,2660000000.0,2660000000.0,0.0,1076000000.0,,11.112,22031000000.0,,,22031000000.0,0.0,367000000.0,75445000000.0,0.068,1.7,1537000000.0,1904000000.0,0.393,1904000000.0,1537000000.0,1537000000.0,1.99,1.98,1.99,9161000000.0,9362250000.0,9161000000.0,32269532019.0,21.0,16.948,-1290000000.0,-2.422,1.0,4848000000.0,1.0,3235000000.0,0.0,127098000000.0,118478750000.0,0.0,95468000000.0,,,101801000000.0,,,13385532019.0,-45000000.0,-230000000.0,-1035000000.0,4264000000.0,-898000000.0,6670000000.0,-6010000000.0,-5214000000.0,-705000000.0,0.0,1076000000.0,1075000000.0,1075000000.0,0.0,0.0,0.222,3311000000.0,1537000000.0,0.0,0.854,1.461,12.452,12.628,2576000000.0,1000000.0,25.13,2.761,2.761,0.0,8413000000.0,4848000000.0,4848000000.0,0.0,0.01,0.115,0.013,0.317,57000000.0,3067000000.0,1.0,532651493.0,532651493,,9.102,107727000000.0,0.0,461000000.0,0.0,202.247,
14,FITB,MRY,2006-12-31,2006-12-31,2006-12-31,2021-09-07,-179000000.0,100669000000.0,104413000000.0,,,0.044,17.958,-460000000.0,2737000000.0,2737000000.0,0.0,1188000000.0,,9.045,16775000000.0,,,16775000000.0,0.0,399000000.0,69380000000.0,0.039,1.58,1631000000.0,2030000000.0,0.447,2030000000.0,1631000000.0,1631000000.0,2.14,2.13,2.14,10022000000.0,9767250000.0,10022000000.0,43879655214.0,27.0,21.616,994000000.0,1.781,1.0,4542000000.0,1.0,2883000000.0,0.0,111824000000.0,120323250000.0,0.0,87137000000.0,,,90647000000.0,,,22841655214.0,-365000000.0,-5000000.0,-39000000.0,-8074000000.0,-867000000.0,-7032000000.0,5213000000.0,5678000000.0,1454000000.0,0.0,1188000000.0,1188000000.0,1188000000.0,0.0,0.0,0.262,2915000000.0,1627000000.0,0.0,0.738,2.279,19.227,19.126,2142000000.0,0.0,40.93,5.029,5.029,0.0,8317000000.0,4542000000.0,4542000000.0,0.0,0.011,0.122,0.014,0.359,77000000.0,2731000000.0,1.0,558066338.0,558066338,,8.139,97786000000.0,0.0,443000000.0,0.0,175.223,
15,FITB,MRY,2005-12-31,2005-12-31,2005-12-31,2021-09-07,-413000000.0,105225000000.0,103926500000.0,,,0.048,17.024,-257000000.0,3078000000.0,3078000000.0,0.0,1549000000.0,,10.14,24796000000.0,,,24796000000.0,0.0,405000000.0,67434000000.0,0.039,1.46,2207000000.0,2612000000.0,0.521,2612000000.0,2207000000.0,2207000000.0,2.79,2.77,2.79,9446000000.0,9268000000.0,9446000000.0,43702079716.0,20.0,16.731,508000000.0,0.916,1.0,5009000000.0,1.0,2818000000.0,0.0,124125000000.0,123867250000.0,0.0,93073000000.0,,,95779000000.0,,,20929079716.0,517000000.0,242000000.0,-1553000000.0,-449000000.0,-794000000.0,2581000000.0,-2829000000.0,-2814000000.0,765000000.0,0.0,1548000000.0,1548000000.0,1548000000.0,0.0,1000000.0,0.309,2801000000.0,2208000000.0,0.0,0.523,2.216,13.52,13.52,1869000000.0,0.0,37.72,4.178,4.178,0.0,8007000000.0,5009000000.0,5009000000.0,0.0,0.015,0.167,0.018,0.441,49000000.0,2656000000.0,1.0,554853651.0,554853651,,9.028,102407000000.0,0.0,659000000.0,0.0,184.566,
16,FITB,MRY,2004-12-31,2004-12-31,2004-12-31,2021-09-07,-169000000.0,94456000000.0,95576250000.0,,,0.055,15.899,-11000000.0,2561000000.0,2561000000.0,0.0,1525000000.0,,9.584,24009000000.0,,,24009000000.0,0.0,459000000.0,58226000000.0,0.035,1.66,2236000000.0,2695000000.0,0.517,2695000000.0,2236000000.0,2236000000.0,2.72,2.68,2.72,8924000000.0,8805250000.0,8924000000.0,53337139270.0,24.0,19.791,2870000000.0,5.113,1.0,5209000000.0,1.0,1481000000.0,0.0,114423000000.0,118265500000.0,0.0,85205000000.0,,,85532000000.0,,,26549139270.0,202000000.0,262000000.0,-898000000.0,1672000000.0,-704000000.0,444000000.0,-3123000000.0,-3374000000.0,2881000000.0,0.0,1524000000.0,1524000000.0,1524000000.0,0.0,1000000.0,0.293,2972000000.0,2237000000.0,0.0,0.61,2.975,17.421,17.39,1619000000.0,0.0,47.3,5.097,5.097,0.0,7269000000.0,5209000000.0,5209000000.0,0.0,0.016,0.173,0.019,0.429,87000000.0,2972000000.0,1.0,561292585.0,561292585,,9.28,92975000000.0,0.0,712000000.0,0.0,165.644,
17,FITB,MRY,2003-12-31,2003-12-31,2003-12-31,2021-09-07,-120000000.0,91254000000.0,88333432250.0,,,0.056,15.232,-44000000.0,2359000000.0,2359000000.0,0.0,1665000000.0,,9.529,22233000000.0,,,22233000000.0,0.0,550000000.0,57095000000.0,0.019,1.13,2450000000.0,3000000000.0,0.601,3000000000.0,2450000000.0,2450000000.0,2.91,2.87,2.91,8667000000.0,8712514250.0,8667000000.0,54230776386.0,22.0,18.077,8061000000.0,14.167,1.0,4989000000.0,1.0,1232000000.0,0.0,109896000000.0,105616892750.0,0.0,82949000000.0,,,82587000000.0,,,33628875386.0,468000000.0,67000000.0,-592000000.0,3709000000.0,-631000000.0,7369000000.0,-15006000000.0,-15029000000.0,8105000000.0,0.0,1664000000.0,1664000000.0,1664000000.0,-44000000.0,1000000.0,0.334,2551000000.0,2438000000.0,0.0,0.388,3.88,20.21,20.309,1828000000.0,0.0,59.1,6.741,6.741,0.0,6481000000.0,4989000000.0,4989000000.0,0.0,0.019,0.191,0.023,0.491,110000000.0,2457000000.0,1.0,569016504.0,569016504,,8.768,90022000000.0,0.0,786000000.0,0.0,158.206,
18,FITB,MRY,2002-12-31,2002-12-31,2002-12-31,2021-09-07,369000000.0,80894000000.0,76019228750.0,,,0.061,14.668,-160000000.0,1891000000.0,1891000000.0,0.0,1531000000.0,,8.491,17002000000.0,,,17002000000.0,0.0,338000000.0,52208000000.0,0.017,0.98,2264000000.0,2602000000.0,0.561,2602000000.0,2264000000.0,2264000000.0,2.64,2.59,2.64,8475000000.0,8211141750.0,8475000000.0,46621727673.0,21.0,17.918,2050000000.0,3.548,1.0,4636000000.0,1.0,1201000000.0,0.0,94804000000.0,87930313000.0,0.0,74431000000.0,,,71958000000.0,,,33829466673.0,-140000000.0,55000000.0,-616000000.0,2374000000.0,-553000000.0,7654000000.0,-10004000000.0,-9899000000.0,2210000000.0,0.0,1530000000.0,1530000000.0,1530000000.0,-4000000.0,1000000.0,0.33,2337000000.0,2299000000.0,0.0,0.371,3.992,22.111,22.178,891000000.0,0.0,58.55,7.297,7.297,0.0,5904000000.0,4636000000.0,4636000000.0,0.0,0.02,0.186,0.026,0.488,128000000.0,2337000000.0,1.0,577787646.0,577787646,,8.024,79693000000.0,0.0,734000000.0,0.0,137.928,
19,FITB,MRY,2001-12-31,2001-12-31,2001-12-31,2021-09-07,7823000.0,71026340000.0,70611622750.0,,,0.056,13.221,-124000000.0,2030950000.0,2030950000.0,0.0,1094000000.0,,8.242,14482656000.0,,,14482656000.0,0.0,236000000.0,45854090000.0,0.014,0.83,1642000000.0,1878000000.0,0.472,1878000000.0,1642000000.0,1642000000.0,1.9,1.86,1.9,7639277000.0,7282256750.0,7639277000.0,48007001343.0,29.0,25.563,779000000.0,1.348,1.0,3983000000.0,1.0,949764000.0,0.0,82528282000.0,83127075000.0,0.0,64277991000.0,,,62965573000.0,,,35437029343.0,324000000.0,-125000000.0,126000000.0,1920000000.0,-461000000.0,-971000000.0,392000000.0,641000000.0,903000000.0,0.0,1094000000.0,1093000000.0,1093000000.0,-4000000.0,0.0,0.274,2336000000.0,1647000000.0,0.0,0.437,4.639,32.422,32.279,832738000.0,1000000.0,61.33,8.897,8.897,617882000.0,4837807000.0,3983000000.0,3983000000.0,0.0,0.015,0.15,0.02,0.412,0.0,1227000000.0,1.0,577809055.0,577809055,,6.893,70076576000.0,0.0,548000000.0,0.0,121.28,
20,FITB,MRY,2000-12-31,2000-12-31,2000-12-31,2021-09-07,28000000.0,69658000000.0,61956207750.0,,,0.058,14.423,-110000000.0,1707000000.0,1707000000.0,0.0,1141000000.0,,9.456,12583000000.0,,,12583000000.0,0.0,180000000.0,48360000000.0,0.012,0.7,1680000000.0,1860000000.0,0.517,1860000000.0,1680000000.0,1680000000.0,2.02,1.98,2.02,6662000000.0,5675265750.0,6662000000.0,39907599035.0,24.0,21.456,677000000.0,1.466,1.0,3599000000.0,1.0,0.0,0.0,80534000000.0,74192234000.0,0.0,63390000000.0,,,62996000000.0,,,27598421035.0,-185000000.0,155000000.0,-97000000.0,-937000000.0,-436000000.0,3935000000.0,-4907000000.0,-4952000000.0,787000000.0,0.0,1141000000.0,1140000000.0,1140000000.0,0.0,0.0,0.317,1919000000.0,1680000000.0,0.0,0.347,4.143,24.209,29.579,835000000.0,1000000.0,59.75,7.668,7.668,558000000.0,4225000000.0,3599000000.0,3599000000.0,0.0,0.018,0.201,0.023,0.467,0.0,1166000000.0,1.0,461898260.0,461898260,,7.792,69658000000.0,0.0,539000000.0,0.0,150.808,
21,FITB,MRY,1999-12-31,1999-12-31,1999-12-31,2021-09-07,-225000000.0,41589000000.0,40270905250.0,,,0.083,8.902,-108000000.0,1213000000.0,1213000000.0,0.0,948000000.0,,9.201,10350000000.0,,,10350000000.0,0.0,172000000.0,26083000000.0,0.012,0.587,1455000000.0,1627000000.0,0.486,1627000000.0,1455000000.0,1455000000.0,1.68,1.66,1.68,4077000000.0,3934628500.0,4077000000.0,30794062114.0,21.0,18.927,2492000000.0,5.441,1.0,3347000000.0,1.0,0.0,0.0,50726000000.0,49229368500.0,0.0,38066000000.0,,,37512000000.0,,,22404519114.0,88000000.0,48000000.0,-89000000.0,2870000000.0,-378000000.0,2924000000.0,-5436000000.0,-5376000000.0,2600000000.0,0.0,948000000.0,947000000.0,947000000.0,0.0,0.0,0.283,1892000000.0,1455000000.0,0.0,0.349,5.495,23.658,29.119,482000000.0,1000000.0,48.92,6.694,6.694,321000000.0,2704000000.0,3347000000.0,3347000000.0,0.0,0.024,0.241,0.03,0.435,0.0,1134000000.0,1.0,457982811.0,457982811,,7.308,41589000000.0,0.0,507000000.0,0.0,90.809,
22,FITB,MRY,1998-12-31,1998-12-31,1998-12-31,2021-09-07,94000000.0,37092000000.0,30777037000.0,,,0.062,9.484,-73000000.0,1045000000.0,1045000000.0,0.0,547000000.0,,8.774,7751000000.0,,,7751000000.0,0.0,118000000.0,24496000000.0,0.01,0.473,834000000.0,952000000.0,0.501,952000000.0,834000000.0,834000000.0,1.21,1.19,1.21,3795000000.0,3212723750.0,3795000000.0,23935153843.0,29.0,25.142,452000000.0,1.13,1.0,1900000000.0,1.0,0.0,0.0,43798000000.0,36330317000.0,0.0,34084000000.0,,,33297000000.0,,,19041685843.0,81000000.0,24000000.0,6000000.0,1043000000.0,-168000000.0,847000000.0,-1291000000.0,-1242000000.0,525000000.0,0.0,547000000.0,547000000.0,547000000.0,0.0,0.0,0.288,1066000000.0,834000000.0,0.0,0.391,5.018,34.811,39.328,449000000.0,0.0,47.587,10.022,10.022,343000000.0,2204000000.0,1900000000.0,1900000000.0,0.0,0.018,0.17,0.023,0.439,0.0,566000000.0,1.0,400147503.0,400147503,,4.748,37092000000.0,0.0,287000000.0,0.0,92.696,
23,FITB,MRY,1997-12-31,1997-12-31,1997-12-31,2021-09-07,98254000.0,27710673000.0,25440946500.0,,,0.065,7.928,-72000000.0,777378000.0,777378000.0,0.0,529000000.0,,9.03,5159614000.0,,,5159614000.0,0.0,94000000.0,19019896000.0,0.01,0.379,797000000.0,891000000.0,0.541,891000000.0,797000000.0,797000000.0,1.187,1.167,1.187,2762836000.0,2436870750.0,2762836000.0,15606124335.0,20.0,17.515,615000000.0,1.765,1.0,1646000000.0,1.0,0.0,0.0,32092909000.0,29669563250.0,0.0,25730665000.0,,,24947837000.0,,,12661986335.0,-122000000.0,-15000000.0,-289000000.0,593000000.0,-134000000.0,996000000.0,-1805000000.0,-1718000000.0,687000000.0,0.0,529000000.0,529000000.0,529000000.0,0.0,0.0,0.321,849000000.0,797000000.0,0.0,0.319,4.583,23.936,30.609,301029000.0,0.0,36.333,7.693,7.693,212949000.0,1785121000.0,1646000000.0,1646000000.0,0.0,0.021,0.217,0.027,0.484,0.0,505000000.0,1.0,348495037.0,348495037,,4.723,27710673000.0,0.0,268000000.0,0.0,79.515,
24,FITB,MRY,1996-12-31,1996-12-31,1996-12-31,2021-09-07,16598000.0,20548998000.0,18800940500.0,,,0.063,6.109,-42929000.0,808926000.0,808926000.0,0.0,382344000.0,,8.584,3543093000.0,,,3543093000.0,0.0,62571000.0,14374656000.0,0.018,0.326,569904000.0,632475000.0,0.531,632475000.0,569904000.0,569904000.0,0.967,0.947,0.967,2144125000.0,1934350000.0,2144125000.0,,,,277803000.0,0.792,1.0,1191558000.0,1.0,0.0,0.0,23283165000.0,21069202000.0,0.0,18772778000.0,,,18404873000.0,,,6650429451.0,192417000.0,-175572000.0,9492000.0,1494344000.0,-113869000.0,3245056000.0,-3373371000.0,-3154870000.0,320732000.0,0.0,382344000.0,382344000.0,382344000.0,0.0,0.0,0.321,621654000.0,569904000.0,0.0,0.337,3.102,17.394,19.245,231389000.0,0.0,18.61,5.581,5.482,182854000.0,1279559000.0,1191558000.0,1191558000.0,0.0,0.02,0.198,0.027,0.478,0.0,353690000.0,1.0,357350731.0,350979750,,3.395,20548998000.0,0.0,187560000.0,0.0,58.548,
25,FITB,MRY,1995-12-31,1995-12-31,1995-12-31,2021-09-07,14802000.0,17052883000.0,,,,,5.168,-28416000.0,628535000.0,628535000.0,0.0,287685000.0,,8.888,2430891000.0,,,2430891000.0,0.0,27612000.0,12485780000.0,0.029,0.284,430568000.0,458180000.0,0.555,458180000.0,430568000.0,430568000.0,0.862,0.84,0.862,1724575000.0,,1724575000.0,,,,431916000.0,1.294,1.0,826185000.0,1.0,0.0,0.0,18855239000.0,,0.0,15858346000.0,,,15328308000.0,,,,-66474000.0,-218676000.0,3974000.0,-183561000.0,-89131000.0,982401000.0,-1509207000.0,-1262115000.0,460332000.0,0.0,287685000.0,287685000.0,287685000.0,0.0,0.0,0.348,395617000.0,430568000.0,0.0,0.329,,,11.19,195990000.0,0.0,9.645,,3.896,133998000.0,1148279000.0,826185000.0,826185000.0,0.0,,,,0.521,0.0,240369000.0,1.0,,333716625,,2.476,17052883000.0,0.0,142883000.0,0.0,51.1,
26,FITB,MRY,1994-12-31,1994-12-31,1994-12-31,2021-09-07,,,,,,,,-25836000.0,,,0.0,244459000.0,,,,,,,,29987000.0,,0.025,0.237,365336000.0,395323000.0,0.536,395323000.0,365336000.0,365336000.0,0.75,,0.75,,,,,,,415840000.0,1.276,1.0,736881000.0,1.0,,0.0,,,,,,,,,,,100117000.0,-10012000.0,10307000.0,526668000.0,-73425000.0,1536602000.0,-1878161000.0,-1842313000.0,441676000.0,0.0,244459000.0,244459000.0,244459000.0,0.0,0.0,0.332,371545000.0,365336000.0,,0.316,,,12.642,,0.0,9.481,,4.194,,,736881000.0,736881000.0,0.0,,,,0.496,0.0,226931000.0,1.0,,325957500,,2.261,,,120877000.0,,,
0,FITB,MRQ,2021-06-30,2021-06-30,2021-06-30,2021-09-07,1974000000.0,205390000000.0,,,,,32.343,-87000000.0,3285000000.0,3285000000.0,0.0,709000000.0,,7.959,13832000000.0,,,13832000000.0,0.0,121000000.0,162283000000.0,0.028,0.27,911000000.0,1032000000.0,0.5,1032000000.0,911000000.0,911000000.0,0.95,0.94,0.95,22926000000.0,,22926000000.0,39941624500.0,12.0,10.539,402000000.0,0.567,1.0,2064000000.0,1.0,5194000000.0,0.0,210743000000.0,,0.0,182913000000.0,,,182464000000.0,,,26912624500.0,163000000.0,0.0,-347000000.0,-2339000000.0,-229000000.0,-3036000000.0,2710000000.0,2888000000.0,489000000.0,0.0,709000000.0,674000000.0,674000000.0,0.0,0.0,0.327,1153000000.0,911000000.0,0.0,0.284,1.174,10.856,11.049,2788000000.0,35000000.0,38.23,3.343,3.366,0.0,19343000000.0,2064000000.0,2064000000.0,0.0,,,,,24000000.0,1100000000.0,1.0,703966113.0,708832787,718084745.0,2.912,200196000000.0,0.0,202000000.0,0.0,282.431,
1,FITB,MRQ,2021-03-31,2021-03-31,2021-03-31,2021-09-07,1792000000.0,206899000000.0,,,,,31.626,-45000000.0,3122000000.0,3122000000.0,0.0,694000000.0,,8.157,16151000000.0,,,16151000000.0,0.0,122000000.0,162393000000.0,0.029,0.27,883000000.0,1005000000.0,0.479,1005000000.0,883000000.0,883000000.0,0.94,0.93,0.94,22595000000.0,,22595000000.0,39858738228.0,15.0,12.796,-411000000.0,-0.575,1.0,2098000000.0,1.0,5170000000.0,0.0,214758000000.0,,0.0,184959000000.0,,,184304000000.0,,,26540738228.0,-25000000.0,0.0,-180000000.0,-188000000.0,-215000000.0,2663000000.0,-2322000000.0,-2259000000.0,-366000000.0,0.0,694000000.0,674000000.0,674000000.0,0.0,0.0,0.321,1215000000.0,883000000.0,0.0,0.287,1.175,13.486,13.668,2790000000.0,20000000.0,37.45,3.61,3.639,0.0,18863000000.0,2098000000.0,2098000000.0,0.0,,,,,55000000.0,1150000000.0,1.0,708697950.0,714432813,723425111.0,2.937,201729000000.0,0.0,189000000.0,0.0,282.362,
2,FITB,MRQ,2020-12-31,2020-12-31,2020-12-31,2021-09-07,2601000000.0,204680000000.0,,,,,32.301,-45000000.0,3147000000.0,3147000000.0,0.0,604000000.0,,7.856,16465000000.0,,,16465000000.0,0.0,134000000.0,159081000000.0,0.039,0.54,746000000.0,880000000.0,0.444,880000000.0,746000000.0,746000000.0,0.79,0.79,0.79,23111000000.0,,23111000000.0,33215417194.0,18.0,14.511,-1689000000.0,-2.361,1.0,1982000000.0,1.0,5053000000.0,0.0,212945000000.0,,0.0,182866000000.0,,,181569000000.0,,,19641417194.0,151000000.0,-4000000.0,0.0,-61000000.0,-229000000.0,2104000000.0,-309000000.0,-252000000.0,-1644000000.0,0.0,604000000.0,569000000.0,569000000.0,0.0,0.0,0.287,1236000000.0,746000000.0,0.0,0.684,0.85,14.846,14.984,2865000000.0,35000000.0,27.57,3.015,3.025,0.0,18384000000.0,1982000000.0,1982000000.0,0.0,,,,,23000000.0,1167000000.0,1.0,712419920.0,715487073,722113716.0,2.77,199627000000.0,0.0,142000000.0,0.0,279.009,
3,FITB,MRQ,2020-09-30,2020-09-30,2020-09-30,2021-09-07,2831000000.0,201996000000.0,,,,,32.095,-139000000.0,2996000000.0,2996000000.0,0.0,581000000.0,,7.801,16570000000.0,,,16570000000.0,0.0,127000000.0,156683000000.0,0.037,0.0,746000000.0,873000000.0,0.458,873000000.0,746000000.0,746000000.0,0.78,0.78,0.78,22951000000.0,,22951000000.0,29837978589.0,15.0,11.784,-76000000.0,-0.106,1.0,1907000000.0,1.0,5078000000.0,0.0,210492000000.0,,0.0,180186000000.0,,,179045000000.0,,,15184978589.0,-225000000.0,0.0,0.0,-1255000000.0,-262000000.0,-1386000000.0,1098000000.0,1243000000.0,63000000.0,0.0,581000000.0,562000000.0,562000000.0,0.0,0.0,0.295,1161000000.0,746000000.0,0.0,0.0,0.662,10.436,10.502,2908000000.0,19000000.0,21.32,2.289,2.298,0.0,18010000000.0,1907000000.0,1907000000.0,0.0,,,,,23000000.0,1097000000.0,1.0,712241022.0,715102136,718893892.0,2.667,196918000000.0,0.0,165000000.0,0.0,275.37,
4,FITB,MRQ,2020-06-30,2020-06-30,2020-06-30,2021-09-07,2951000000.0,202906000000.0,,,,,31.248,-76000000.0,3221000000.0,3221000000.0,0.0,195000000.0,,8.085,17874000000.0,,,17874000000.0,0.0,113000000.0,156946000000.0,0.053,0.27,244000000.0,357000000.0,0.262,357000000.0,244000000.0,244000000.0,0.23,0.23,0.23,22335000000.0,,22335000000.0,32892659369.0,17.0,13.486,1443000000.0,2.019,1.0,1365000000.0,1.0,5108000000.0,0.0,212451000000.0,,0.0,180926000000.0,,,180571000000.0,,,13725659369.0,-61000000.0,0.0,0.0,-4720000000.0,-227000000.0,16930000000.0,-18510000000.0,-18430000000.0,1519000000.0,0.0,195000000.0,163000000.0,163000000.0,0.0,0.0,0.119,1121000000.0,244000000.0,0.0,1.174,0.615,9.646,9.787,2862000000.0,32000000.0,19.28,2.088,2.096,0.0,17643000000.0,1365000000.0,1365000000.0,0.0,,,,,24000000.0,1059000000.0,1.0,711911793.0,714766570,717571890.0,1.91,197798000000.0,0.0,49000000.0,0.0,276.731,
5,FITB,MRQ,2020-03-31,2020-03-31,2020-03-31,2021-09-07,2477000000.0,185391000000.0,,,,,30.654,-65000000.0,3282000000.0,3282000000.0,0.0,46000000.0,,7.476,22449000000.0,,,22449000000.0,0.0,118000000.0,135061000000.0,0.067,0.27,60000000.0,178000000.0,0.141,178000000.0,60000000.0,60000000.0,0.04,0.04,0.04,21873000000.0,,21873000000.0,23499853363.0,10.0,8.49,368000000.0,0.516,1.0,1260000000.0,1.0,5130000000.0,0.0,199428000000.0,,0.0,163192000000.0,,,163518000000.0,,,10536853363.0,4000000.0,0.0,0.0,5976000000.0,-190000000.0,13752000000.0,-14181000000.0,-14090000000.0,433000000.0,0.0,46000000.0,29000000.0,29000000.0,0.0,0.0,0.023,1200000000.0,60000000.0,0.0,6.75,0.482,6.246,6.429,2828000000.0,17000000.0,14.85,1.499,1.507,0.0,17677000000.0,1260000000.0,1260000000.0,0.0,,,,,53000000.0,1134000000.0,1.0,709552415.0,713555693,720362697.0,1.766,180261000000.0,0.0,14000000.0,0.0,252.624,
6,FITB,MRQ,2019-12-31,2019-12-31,2019-12-31,2021-09-07,1192000000.0,169369000000.0,,,,,29.647,-44000000.0,3278000000.0,3278000000.0,0.0,734000000.0,,6.988,16241000000.0,,,16241000000.0,0.0,183000000.0,127062000000.0,0.031,0.24,941000000.0,1124000000.0,0.535,1124000000.0,941000000.0,941000000.0,0.98,0.96,0.98,21203000000.0,,21203000000.0,37950175784.0,12.0,10.329,1335000000.0,1.867,1.0,2102000000.0,1.0,5446000000.0,0.0,176886000000.0,,0.0,148612000000.0,,,148166000000.0,,,21815175784.0,17000000.0,0.0,-300000000.0,-3088000000.0,-207000000.0,-1892000000.0,530000000.0,574000000.0,1379000000.0,0.0,734000000.0,701000000.0,701000000.0,0.0,0.0,0.333,1161000000.0,941000000.0,0.0,0.245,1.029,9.018,9.095,2843000000.0,33000000.0,30.74,2.775,2.778,0.0,18315000000.0,2102000000.0,2102000000.0,0.0,,,,,23000000.0,1093000000.0,1.0,709667397.0,715188839,725022281.0,2.939,163923000000.0,0.0,207000000.0,0.0,229.202,
7,FITB,MRQ,2019-09-30,2019-09-30,2019-09-30,2021-09-07,1635000000.0,171079000000.0,,,,,29.453,-51000000.0,3261000000.0,3261000000.0,0.0,549000000.0,,6.993,19396000000.0,,,19396000000.0,0.0,91000000.0,125347000000.0,0.034,0.24,689000000.0,780000000.0,0.422,780000000.0,689000000.0,689000000.0,0.72,0.71,0.72,21404000000.0,,21404000000.0,34156701834.0,12.0,10.601,-414000000.0,-0.57,1.0,1848000000.0,1.0,5401000000.0,0.0,181813000000.0,,0.0,150676000000.0,,,149675000000.0,,,20000701834.0,497000000.0,0.0,-350000000.0,2387000000.0,-238000000.0,2019000000.0,-1159000000.0,-1108000000.0,-363000000.0,0.0,549000000.0,530000000.0,530000000.0,0.0,0.0,0.287,1159000000.0,689000000.0,0.0,0.333,0.934,9.303,8.861,2922000000.0,19000000.0,27.38,2.732,2.718,0.0,17786000000.0,1848000000.0,1848000000.0,0.0,,,,,25000000.0,1086000000.0,1.0,730485823.0,726715542,736086399.0,2.543,165678000000.0,0.0,140000000.0,0.0,227.982,
8,FITB,MRQ,2019-06-30,2019-06-30,2019-06-30,2021-09-07,1178000000.0,168802000000.0,,,,,27.741,-60000000.0,2764000000.0,2764000000.0,0.0,453000000.0,,7.235,16920000000.0,,,16920000000.0,0.0,109000000.0,125392000000.0,0.031,0.24,577000000.0,686000000.0,0.377,686000000.0,577000000.0,577000000.0,0.57,0.57,0.57,20474000000.0,,20474000000.0,37182373501.0,14.0,12.227,214000000.0,0.29,1.0,1820000000.0,1.0,5538000000.0,0.0,177420000000.0,,0.0,149311000000.0,,,148131000000.0,,,20489373501.0,15000000.0,0.0,-200000000.0,-2538000000.0,-165000000.0,-1212000000.0,953000000.0,1039000000.0,274000000.0,0.0,453000000.0,427000000.0,427000000.0,0.0,0.0,0.235,1243000000.0,577000000.0,0.0,0.421,1.001,10.039,9.331,2968000000.0,26000000.0,27.9,2.929,2.944,0.0,17431000000.0,1820000000.0,1820000000.0,0.0,,,,,30000000.0,1171000000.0,1.0,734386147.0,738051421,747749591.0,2.466,163264000000.0,0.0,124000000.0,0.0,221.21,
9,FITB,MRQ,2019-03-31,2019-03-31,2019-03-31,2021-09-07,409000000.0,167853000000.0,,,,,29.721,-59000000.0,2749000000.0,2749000000.0,0.0,775000000.0,,7.533,19442000000.0,,,19442000000.0,0.0,89000000.0,123664000000.0,0.032,0.22,996000000.0,1085000000.0,0.518,1085000000.0,996000000.0,996000000.0,1.14,1.12,1.14,19647000000.0,,19647000000.0,30566880832.0,11.0,9.446,475000000.0,0.719,1.0,2093000000.0,1.0,5680000000.0,0.0,178866000000.0,,0.0,148795000000.0,,,148009000000.0,,,16323880832.0,68000000.0,1210000000.0,-913000000.0,1399000000.0,-143000000.0,655000000.0,-1121000000.0,-2272000000.0,534000000.0,0.0,775000000.0,760000000.0,760000000.0,0.0,0.0,0.363,1097000000.0,996000000.0,0.0,0.193,0.831,7.444,7.736,3000000000.0,15000000.0,25.22,2.358,2.408,0.0,17184000000.0,2093000000.0,2093000000.0,0.0,,,,,54000000.0,1047000000.0,1.0,647259351.0,661057120,670685025.0,3.166,162173000000.0,0.0,221000000.0,0.0,245.324,
10,FITB,MRQ,2018-12-31,2018-12-31,2018-12-31,2021-09-07,-112000000.0,146069000000.0,,,,,24.891,-12000000.0,2681000000.0,2681000000.0,0.0,456000000.0,,7.989,16924000000.0,,,16924000000.0,0.0,85000000.0,108835000000.0,0.031,0.22,586000000.0,671000000.0,0.43,671000000.0,586000000.0,586000000.0,0.66,0.65,0.66,16250000000.0,,16250000000.0,31216635515.0,11.0,9.989,917000000.0,1.405,1.0,1560000000.0,1.0,3456000000.0,0.0,156856000000.0,,0.0,130181000000.0,,,129819000000.0,,,15426635515.0,581000000.0,-23000000.0,-400000000.0,-1042000000.0,-218000000.0,2892000000.0,-3240000000.0,-3205000000.0,929000000.0,0.0,456000000.0,433000000.0,433000000.0,0.0,0.0,0.278,974000000.0,586000000.0,0.0,0.333,0.949,7.284,7.566,2379000000.0,23000000.0,23.53,2.295,2.357,0.0,16578000000.0,1560000000.0,1560000000.0,0.0,,,,,21000000.0,866000000.0,1.0,655615619.0,652839317,662718051.0,2.39,142613000000.0,0.0,130000000.0,0.0,218.45,
11,FITB,MRQ,2018-09-30,2018-09-30,2018-09-30,2021-09-07,-775000000.0,141685000000.0,,,,,23.711,8000000.0,2100000000.0,2100000000.0,0.0,436000000.0,,7.949,17890000000.0,,,17890000000.0,0.0,49000000.0,104342000000.0,0.024,0.18,550000000.0,599000000.0,0.394,599000000.0,550000000.0,550000000.0,0.62,0.61,0.62,15830000000.0,,15830000000.0,33282132800.0,12.0,10.596,642000000.0,0.962,1.0,1522000000.0,1.0,3500000000.0,0.0,153975000000.0,,0.0,127039000000.0,,,125835000000.0,,,18653132800.0,48000000.0,0.0,-500000000.0,1236000000.0,-124000000.0,799000000.0,-1385000000.0,-1361000000.0,634000000.0,0.0,436000000.0,421000000.0,421000000.0,0.0,0.0,0.277,972000000.0,550000000.0,0.0,0.29,1.178,8.644,8.977,2442000000.0,15000000.0,27.92,2.815,2.813,0.0,16440000000.0,1522000000.0,1522000000.0,0.0,,,,,26000000.0,941000000.0,1.0,668092149.0,667624132,679198715.0,2.28,138185000000.0,0.0,114000000.0,0.0,206.98,
12,FITB,MRQ,2018-06-30,2018-06-30,2018-06-30,2021-09-07,-552000000.0,140695000000.0,,,,,23.754,-42000000.0,2052000000.0,2052000000.0,0.0,602000000.0,,7.667,16681000000.0,,,16681000000.0,0.0,133000000.0,104131000000.0,0.023,0.18,748000000.0,881000000.0,0.504,881000000.0,748000000.0,748000000.0,0.84,0.82,0.84,16232000000.0,,16232000000.0,33948725901.0,9.0,8.248,986000000.0,1.443,1.0,1749000000.0,1.0,3451000000.0,0.0,151873000000.0,,0.0,126009000000.0,,,124443000000.0,,,19673725901.0,14000000.0,0.0,-235000000.0,386000000.0,-111000000.0,-1335000000.0,321000000.0,389000000.0,1028000000.0,0.0,602000000.0,579000000.0,579000000.0,0.0,0.0,0.331,1001000000.0,748000000.0,0.0,0.214,1.212,7.191,7.435,2521000000.0,23000000.0,28.7,2.599,2.591,0.0,16143000000.0,1749000000.0,1749000000.0,0.0,,,,,35000000.0,971000000.0,1.0,685495676.0,683344844,696209943.0,2.559,137244000000.0,0.0,146000000.0,0.0,200.841,
13,FITB,MRQ,2018-03-31,2018-03-31,2018-03-31,2021-09-07,-389000000.0,141500000000.0,,,,,23.461,-31000000.0,2038000000.0,2038000000.0,0.0,701000000.0,,7.742,16313000000.0,,,16313000000.0,0.0,93000000.0,105461000000.0,0.02,0.16,882000000.0,975000000.0,0.515,975000000.0,882000000.0,882000000.0,0.98,0.96,0.98,16184000000.0,,16184000000.0,38604305353.0,11.0,10.132,234000000.0,0.339,1.0,1892000000.0,1.0,3418000000.0,0.0,152357000000.0,,0.0,126127000000.0,,,125296000000.0,,,22028305353.0,-476000000.0,-20000000.0,-318000000.0,-2714000000.0,-112000000.0,-904000000.0,163000000.0,238000000.0,265000000.0,0.0,701000000.0,686000000.0,686000000.0,0.0,0.0,0.363,1010000000.0,882000000.0,0.0,0.163,1.361,8.808,9.124,2591000000.0,15000000.0,31.75,3.03,3.012,0.0,15707000000.0,1892000000.0,1892000000.0,0.0,,,,,45000000.0,981000000.0,1.0,693804893.0,689820295,704100936.0,2.743,138082000000.0,0.0,181000000.0,0.0,200.171,
14,FITB,MRQ,2017-12-31,2017-12-31,2017-12-31,2021-09-07,73000000.0,142081000000.0,,,,,23.041,-55000000.0,2514000000.0,2514000000.0,0.0,495000000.0,,7.769,19090000000.0,,,19090000000.0,0.0,86000000.0,103162000000.0,0.02,0.16,600000000.0,686000000.0,0.469,686000000.0,600000000.0,600000000.0,0.67,0.65,0.67,16200000000.0,,16200000000.0,39047335671.0,13.0,11.761,197000000.0,0.28,1.0,1464000000.0,1.0,3330000000.0,0.0,155327000000.0,,0.0,126725000000.0,,,125861000000.0,,,21407335671.0,309000000.0,-32000000.0,-273000000.0,-749000000.0,-91000000.0,543000000.0,-486000000.0,-399000000.0,252000000.0,0.0,495000000.0,472000000.0,472000000.0,0.0,0.0,0.322,864000000.0,600000000.0,0.0,0.239,1.321,10.17,10.608,2649000000.0,23000000.0,30.34,3.166,3.268,0.0,14957000000.0,1464000000.0,1464000000.0,0.0,,,,,23000000.0,830000000.0,1.0,705581268.0,703098161,716646166.0,2.082,138751000000.0,0.0,105000000.0,0.0,197.342,
15,FITB,MRQ,2017-09-30,2017-09-30,2017-09-30,2021-09-07,185000000.0,142264000000.0,,,,,22.682,0.0,2205000000.0,2205000000.0,0.0,1014000000.0,,7.695,19845000000.0,,,19845000000.0,0.0,85000000.0,101452000000.0,0.021,0.16,1489000000.0,1574000000.0,0.639,1574000000.0,1489000000.0,1489000000.0,1.37,1.35,1.37,16360000000.0,,16360000000.0,37372588863.0,12.0,10.998,586000000.0,0.812,1.0,2464000000.0,1.0,3289000000.0,0.0,156615000000.0,,0.0,127042000000.0,,,125884000000.0,,,20613588863.0,2000000.0,0.0,-990000000.0,884000000.0,-104000000.0,-648000000.0,64000000.0,64000000.0,586000000.0,0.0,1014000000.0,999000000.0,999000000.0,0.0,0.0,0.405,975000000.0,1489000000.0,0.0,0.117,1.26,10.374,10.44,2681000000.0,15000000.0,27.98,3.046,2.982,0.0,14748000000.0,2464000000.0,2464000000.0,0.0,,,,,26000000.0,943000000.0,1.0,736725835.0,721280389,733284502.0,3.416,138975000000.0,0.0,475000000.0,0.0,192.678,
16,FITB,MRQ,2017-06-30,2017-06-30,2017-06-30,2021-09-07,163000000.0,141067000000.0,,,,,22.146,-84000000.0,2203000000.0,2203000000.0,0.0,367000000.0,,7.59,18962000000.0,,,18962000000.0,0.0,81000000.0,101880000000.0,0.021,0.14,494000000.0,575000000.0,0.396,575000000.0,494000000.0,494000000.0,0.46,0.45,0.46,16419000000.0,,16419000000.0,33099993676.0,15.0,12.581,28000000.0,0.038,1.0,1451000000.0,1.0,3290000000.0,0.0,154536000000.0,,0.0,125840000000.0,,,124621000000.0,,,19476993676.0,-2000000.0,-12000000.0,-342000000.0,3116000000.0,-129000000.0,349000000.0,-463000000.0,-287000000.0,112000000.0,0.0,367000000.0,344000000.0,344000000.0,0.0,0.0,0.237,957000000.0,494000000.0,0.0,0.304,1.186,13.081,13.178,2760000000.0,23000000.0,25.96,3.262,3.224,0.0,13862000000.0,1451000000.0,1451000000.0,0.0,,,,,24000000.0,924000000.0,1.0,750269402.0,741400700,752328298.0,1.957,137777000000.0,0.0,127000000.0,0.0,185.833,
17,FITB,MRQ,2017-03-31,2017-03-31,2017-03-31,2021-09-07,68000000.0,140200000000.0,,,,,21.975,-52000000.0,2205000000.0,2205000000.0,0.0,305000000.0,,7.532,15828000000.0,,,15828000000.0,0.0,89000000.0,104156000000.0,0.021,0.14,396000000.0,485000000.0,0.351,485000000.0,396000000.0,396000000.0,0.38,0.38,0.38,16430000000.0,,16430000000.0,34713000000.0,16.0,13.326,478000000.0,0.639,1.0,1382000000.0,1.0,3206000000.0,0.0,150617000000.0,,0.0,124896000000.0,,,123743000000.0,,,19050000000.0,-187000000.0,0.0,0.0,-2211000000.0,-106000000.0,-2030000000.0,1313000000.0,1394000000.0,530000000.0,0.0,305000000.0,290000000.0,290000000.0,0.0,0.0,0.21,986000000.0,396000000.0,0.0,0.368,1.159,13.138,13.298,2754000000.0,15000000.0,25.4,3.213,3.203,0.0,13625000000.0,1382000000.0,1382000000.0,0.0,,,,,45000000.0,956000000.0,1.0,750000000.0,747667521,760809239.0,1.848,136994000000.0,0.0,91000000.0,0.0,183.229,
18,FITB,MRQ,2016-12-31,2016-12-31,2016-12-31,2021-09-07,59000000.0,142177000000.0,,,,,21.714,-18000000.0,2392000000.0,2392000000.0,0.0,377000000.0,,7.772,18055000000.0,,,18055000000.0,0.0,112000000.0,103821000000.0,0.02,0.14,652000000.0,764000000.0,0.52,764000000.0,652000000.0,652000000.0,0.47,0.47,0.47,16205000000.0,,16205000000.0,38724896580.0,18.0,14.531,873000000.0,1.17,1.0,1470000000.0,1.0,3169000000.0,0.0,154671000000.0,,0.0,125969000000.0,,,125945000000.0,,,20378896580.0,228000000.0,0.0,-155000000.0,-2295000000.0,-99000000.0,-6000000.0,-657000000.0,-639000000.0,891000000.0,0.0,377000000.0,354000000.0,354000000.0,0.0,0.0,0.241,818000000.0,652000000.0,0.0,0.298,1.258,13.844,14.047,2803000000.0,23000000.0,26.97,3.415,3.423,0.0,13441000000.0,1470000000.0,1470000000.0,0.0,,,,,25000000.0,787000000.0,1.0,755613518.0,746286535,757654618.0,1.97,139008000000.0,0.0,275000000.0,0.0,186.266,
19,FITB,MRQ,2016-09-30,2016-09-30,2016-09-30,2021-09-07,755000000.0,143279000000.0,,,,,22.342,-58000000.0,2164000000.0,2164000000.0,0.0,516000000.0,,7.539,20510000000.0,,,20510000000.0,0.0,113000000.0,101271000000.0,0.025,0.13,694000000.0,807000000.0,0.484,807000000.0,694000000.0,694000000.0,0.66,0.65,0.66,16776000000.0,,16776000000.0,33639021472.0,13.0,11.376,440000000.0,0.586,1.0,1667000000.0,1.0,3045000000.0,0.0,158580000000.0,,0.0,127110000000.0,,,126475000000.0,,,15680021472.0,-195000000.0,0.0,-241000000.0,204000000.0,-101000000.0,-750000000.0,57000000.0,115000000.0,498000000.0,0.0,516000000.0,501000000.0,501000000.0,0.0,0.0,0.301,973000000.0,694000000.0,0.0,0.197,0.935,8.96,9.093,2855000000.0,15000000.0,20.46,2.447,2.398,0.0,13180000000.0,1667000000.0,1667000000.0,0.0,,,,,23000000.0,943000000.0,1.0,766374461.0,750885834,757855877.0,2.22,140234000000.0,0.0,178000000.0,0.0,186.758,
20,FITB,MRQ,2016-06-30,2016-06-30,2016-06-30,2021-09-07,889000000.0,143625000000.0,,,,,22.034,-78000000.0,2359000000.0,2359000000.0,0.0,324000000.0,,7.585,20318000000.0,,,20318000000.0,0.0,118000000.0,101871000000.0,0.03,0.13,431000000.0,549000000.0,0.389,549000000.0,431000000.0,431000000.0,0.4,0.39,0.4,16726000000.0,,16726000000.0,30168156524.0,13.0,10.864,229000000.0,0.302,1.0,1410000000.0,1.0,3047000000.0,0.0,158537000000.0,,0.0,127223000000.0,,,126871000000.0,,,13504156524.0,61000000.0,-176000000.0,-25000000.0,1311000000.0,-100000000.0,834000000.0,-1080000000.0,-826000000.0,307000000.0,0.0,328000000.0,305000000.0,305000000.0,0.0,-4000000.0,0.216,983000000.0,427000000.0,0.0,0.325,0.807,8.362,8.58,2900000000.0,23000000.0,17.59,2.179,2.154,0.0,12778000000.0,1410000000.0,1410000000.0,0.0,,,,,37000000.0,946000000.0,1.0,767717824.0,759105385,764811003.0,1.857,140578000000.0,0.0,103000000.0,0.0,185.189,
21,FITB,MRQ,2016-03-31,2016-03-31,2016-03-31,2021-09-07,684000000.0,142430000000.0,,,,,21.101,-76000000.0,2298000000.0,2298000000.0,0.0,326000000.0,,7.724,18962000000.0,,,18962000000.0,0.0,110000000.0,102475000000.0,0.031,0.13,435000000.0,545000000.0,0.384,545000000.0,435000000.0,435000000.0,0.4,0.4,0.4,16323000000.0,,16323000000.0,28219387561.0,12.0,10.206,319000000.0,0.412,1.0,1421000000.0,1.0,3112000000.0,0.0,155982000000.0,,0.0,125251000000.0,,,126075000000.0,,,13257387561.0,-242000000.0,-43000000.0,-240000000.0,1405000000.0,-102000000.0,547000000.0,-1184000000.0,-1065000000.0,395000000.0,0.0,326000000.0,311000000.0,311000000.0,0.0,0.0,0.219,986000000.0,435000000.0,0.0,0.325,0.812,8.276,8.303,2923000000.0,15000000.0,16.69,2.155,2.099,0.0,12570000000.0,1421000000.0,1421000000.0,0.0,,,,,26000000.0,951000000.0,1.0,794331190.0,773564178,777757934.0,1.837,139318000000.0,0.0,109000000.0,0.0,180.099,
22,FITB,MRQ,2015-12-31,2015-12-31,2015-12-31,2021-09-07,197000000.0,141048000000.0,,,,,20.185,-78000000.0,2540000000.0,2540000000.0,0.0,656000000.0,,7.903,17468000000.0,,,17468000000.0,0.0,108000000.0,103205000000.0,0.026,0.13,948000000.0,1056000000.0,0.553,1056000000.0,948000000.0,948000000.0,0.79,0.79,0.79,15839000000.0,,15839000000.0,34074056919.0,14.0,12.117,823000000.0,1.049,1.0,1909000000.0,1.0,3213000000.0,0.0,152763000000.0,,0.0,124384000000.0,,,125178000000.0,,,15966056919.0,85000000.0,0.0,-215000000.0,-3025000000.0,-103000000.0,-1055000000.0,239000000.0,317000000.0,901000000.0,0.0,656000000.0,633000000.0,633000000.0,0.0,0.0,0.332,961000000.0,948000000.0,0.0,0.165,1.008,9.753,9.901,2946000000.0,23000000.0,20.1,2.6,2.614,0.0,12358000000.0,1909000000.0,1909000000.0,0.0,,,,,22000000.0,922000000.0,1.0,794331190.0,784703649,794336581.0,2.433,137835000000.0,0.0,292000000.0,0.0,175.652,
23,FITB,MRQ,2015-09-30,2015-09-30,2015-09-30,2021-09-07,522000000.0,141918000000.0,,,,,19.887,-61000000.0,2455000000.0,2455000000.0,0.0,381000000.0,,7.965,20563000000.0,,,20563000000.0,0.0,112000000.0,100893000000.0,0.027,0.13,515000000.0,627000000.0,0.43,627000000.0,515000000.0,515000000.0,0.46,0.45,0.46,15826000000.0,,15826000000.0,30301669399.0,16.0,12.721,506000000.0,0.636,1.0,1458000000.0,1.0,3186000000.0,0.0,156840000000.0,,0.0,124631000000.0,,,126060000000.0,,,15303669399.0,-330000000.0,0.0,-300000000.0,2707000000.0,-106000000.0,154000000.0,-1051000000.0,-990000000.0,567000000.0,0.0,381000000.0,366000000.0,366000000.0,0.0,0.0,0.251,943000000.0,515000000.0,0.0,0.283,0.967,11.203,11.323,2944000000.0,15000000.0,18.91,2.701,2.656,0.0,11826000000.0,1458000000.0,1458000000.0,0.0,,,,,28000000.0,903000000.0,1.0,809289762.0,795792825,805022588.0,1.832,138732000000.0,0.0,134000000.0,0.0,174.332,
24,FITB,MRQ,2015-06-30,2015-06-30,2015-06-30,2021-09-07,291000000.0,141658000000.0,,,,,19.41,-24000000.0,2785000000.0,2785000000.0,0.0,309000000.0,,8.076,17783000000.0,,,17783000000.0,0.0,114000000.0,103023000000.0,0.025,0.13,423000000.0,537000000.0,0.394,537000000.0,423000000.0,423000000.0,0.36,0.36,0.36,15605000000.0,,15605000000.0,29610824548.0,16.0,12.73,423000000.0,0.526,1.0,1364000000.0,1.0,3283000000.0,0.0,153373000000.0,,0.0,124370000000.0,,,126020000000.0,,,16862824548.0,-135000000.0,0.0,-155000000.0,2205000000.0,-106000000.0,1506000000.0,-2088000000.0,-2064000000.0,447000000.0,0.0,315000000.0,292000000.0,292000000.0,0.0,-6000000.0,0.214,947000000.0,417000000.0,0.0,0.361,1.081,12.698,13.012,2968000000.0,23000000.0,20.82,3.033,3.011,0.0,11564000000.0,1364000000.0,1364000000.0,0.0,,,,,29000000.0,909000000.0,1.0,809933936.0,803965057,812842540.0,1.697,138375000000.0,0.0,108000000.0,0.0,172.116,
25,FITB,MRQ,2015-03-31,2015-03-31,2015-03-31,2021-09-07,588000000.0,140470000000.0,,,,,19.58,-49000000.0,2920000000.0,2920000000.0,0.0,361000000.0,,7.852,15668000000.0,,,15668000000.0,0.0,107000000.0,103415000000.0,0.028,0.13,485000000.0,592000000.0,0.42,592000000.0,485000000.0,485000000.0,0.42,0.42,0.42,15864000000.0,,15864000000.0,29108530423.0,14.0,11.657,454000000.0,0.56,1.0,1408000000.0,1.0,3219000000.0,0.0,149999000000.0,,0.0,122565000000.0,,,124566000000.0,,,15532530423.0,-171000000.0,0.0,-180000000.0,-1043000000.0,-107000000.0,357000000.0,-1031000000.0,-982000000.0,503000000.0,0.0,361000000.0,346000000.0,346000000.0,0.0,0.0,0.246,923000000.0,485000000.0,0.0,0.31,0.979,10.697,10.896,3128000000.0,15000000.0,18.85,2.698,2.653,0.0,11380000000.0,1408000000.0,1408000000.0,0.0,,,,,21000000.0,887000000.0,1.0,824006919.0,810209585,818672259.0,1.738,137251000000.0,0.0,124000000.0,0.0,169.402,
26,FITB,MRQ,2014-12-31,2014-12-31,2014-12-31,2021-09-07,429000000.0,138706000000.0,,,,,19.082,-64000000.0,3091000000.0,3091000000.0,0.0,385000000.0,,7.874,16667000000.0,,,16667000000.0,0.0,107000000.0,101712000000.0,0.025,0.13,519000000.0,626000000.0,0.436,626000000.0,519000000.0,519000000.0,0.43,0.43,0.43,15626000000.0,,15626000000.0,30878140975.0,15.0,12.655,457000000.0,0.558,1.0,1436000000.0,1.0,3289000000.0,0.0,148993000000.0,,0.0,120892000000.0,,,123041000000.0,,,16789140975.0,-34000000.0,0.0,-180000000.0,-645000000.0,-109000000.0,3463000000.0,-4018000000.0,-3954000000.0,521000000.0,0.0,385000000.0,362000000.0,362000000.0,0.0,0.0,0.252,917000000.0,519000000.0,0.0,0.302,1.074,11.874,12.128,3193000000.0,23000000.0,20.375,2.926,2.959,0.0,11141000000.0,1436000000.0,1436000000.0,0.0,,,,,20000000.0,880000000.0,1.0,824006919.0,818902754,827664989.0,1.754,135417000000.0,0.0,134000000.0,0.0,165.364,
27,FITB,MRQ,2014-09-30,2014-09-30,2014-09-30,2021-09-07,301000000.0,134188000000.0,,,,,18.573,-120000000.0,3125000000.0,3125000000.0,0.0,340000000.0,,7.709,17214000000.0,,,17214000000.0,0.0,107000000.0,97292000000.0,0.025,0.13,464000000.0,571000000.0,0.422,571000000.0,464000000.0,464000000.0,0.39,0.39,0.39,15404000000.0,,15404000000.0,30649369285.0,15.0,12.394,470000000.0,0.567,1.0,1352000000.0,1.0,3367000000.0,0.0,144910000000.0,,0.0,116980000000.0,,,118745000000.0,,,16701369285.0,-187000000.0,0.0,-225000000.0,-36000000.0,-110000000.0,959000000.0,-1736000000.0,-1616000000.0,590000000.0,0.0,340000000.0,328000000.0,328000000.0,0.0,0.0,0.243,888000000.0,464000000.0,0.0,0.333,1.084,11.622,11.988,3199000000.0,12000000.0,20.02,2.855,2.838,0.0,10886000000.0,1352000000.0,1352000000.0,0.0,,,,,20000000.0,851000000.0,1.0,834234230.0,829391505,838324420.0,1.63,130821000000.0,0.0,124000000.0,0.0,157.731,
28,FITB,MRQ,2014-06-30,2014-06-30,2014-06-30,2021-09-07,382000000.0,132562000000.0,,,,,18.449,-14000000.0,3312000000.0,3312000000.0,0.0,439000000.0,,7.567,17260000000.0,,,17260000000.0,0.0,102000000.0,95952000000.0,0.023,0.13,606000000.0,708000000.0,0.454,708000000.0,606000000.0,606000000.0,0.49,0.49,0.49,15469000000.0,,15469000000.0,29223444224.0,13.0,11.069,611000000.0,0.729,1.0,1560000000.0,1.0,3364000000.0,0.0,143146000000.0,,0.0,115463000000.0,,,117054000000.0,,,18158444224.0,159000000.0,0.0,-150000000.0,3007000000.0,-101000000.0,2086000000.0,-2552000000.0,-2538000000.0,625000000.0,0.0,439000000.0,416000000.0,416000000.0,0.0,0.0,0.267,954000000.0,606000000.0,0.0,0.265,1.174,11.868,12.2,3158000000.0,23000000.0,21.35,2.996,2.954,0.0,10666000000.0,1560000000.0,1560000000.0,0.0,,,,,26000000.0,917000000.0,1.0,850512610.0,838492046,848245111.0,1.86,129198000000.0,0.0,167000000.0,0.0,154.084,
29,FITB,MRQ,2014-03-31,2014-03-31,2014-03-31,2021-09-07,196000000.0,129654000000.0,,,,,17.528,-60000000.0,3153000000.0,3153000000.0,0.0,319000000.0,,7.742,14218000000.0,,,14218000000.0,0.0,98000000.0,96874000000.0,0.021,0.12,437000000.0,535000000.0,0.385,535000000.0,437000000.0,437000000.0,0.36,0.36,0.36,14826000000.0,,14826000000.0,28384490004.0,12.0,9.747,280000000.0,0.331,1.0,1388000000.0,1.0,3409000000.0,0.0,137310000000.0,,0.0,112495000000.0,,,114790000000.0,,,20265490004.0,-25000000.0,0.0,-99000000.0,2881000000.0,-103000000.0,267000000.0,-632000000.0,-572000000.0,340000000.0,0.0,318000000.0,309000000.0,309000000.0,0.0,1000000.0,0.223,950000000.0,438000000.0,0.0,0.333,1.367,11.949,11.894,3242000000.0,9000000.0,22.955,3.178,3.045,0.0,10363000000.0,1388000000.0,1388000000.0,0.0,,,,,17000000.0,919000000.0,1.0,882835548.0,845860065,857923596.0,1.641,126245000000.0,0.0,119000000.0,0.0,149.25,
30,FITB,MRQ,2013-12-31,2013-12-31,2013-12-31,2021-09-07,82000000.0,130443000000.0,,,,,16.806,-109000000.0,3178000000.0,3178000000.0,0.0,402000000.0,,7.939,11297000000.0,,,11297000000.0,0.0,97000000.0,99275000000.0,0.022,0.12,562000000.0,659000000.0,0.425,659000000.0,562000000.0,562000000.0,0.43,0.44,0.43,14589000000.0,,14589000000.0,27489031574.0,11.0,8.825,659000000.0,0.759,1.0,1550000000.0,1.0,3406000000.0,0.0,135156000000.0,,0.0,112240000000.0,,,115817000000.0,,,18566031574.0,291000000.0,0.0,-656000000.0,-461000000.0,-107000000.0,4347000000.0,-4824000000.0,-4715000000.0,768000000.0,0.0,403000000.0,384000000.0,384000000.0,0.0,-1000000.0,0.248,989000000.0,561000000.0,0.0,0.279,1.273,10.32,10.259,3261000000.0,19000000.0,21.03,2.831,2.788,0.0,10156000000.0,1550000000.0,1550000000.0,0.0,,,,,18000000.0,952000000.0,1.0,882835548.0,868061860,877321367.0,1.786,127037000000.0,0.0,159000000.0,0.0,146.346,
31,FITB,MRQ,2013-09-30,2013-09-30,2013-09-30,2021-09-07,218000000.0,125673000000.0,,,,,16.634,-128000000.0,2887000000.0,2887000000.0,0.0,421000000.0,,7.581,11810000000.0,,,11810000000.0,0.0,134000000.0,94126000000.0,0.025,0.12,604000000.0,738000000.0,0.472,738000000.0,604000000.0,604000000.0,0.47,0.47,0.47,14641000000.0,,14641000000.0,22667104888.0,9.0,7.214,1108000000.0,1.259,1.0,1563000000.0,1.0,3356000000.0,0.0,131240000000.0,,0.0,108097000000.0,,,110993000000.0,,,15369104888.0,497000000.0,0.0,0.0,2153000000.0,-102000000.0,2714000000.0,-3453000000.0,-3325000000.0,1236000000.0,0.0,421000000.0,421000000.0,421000000.0,0.0,0.0,0.269,959000000.0,604000000.0,0.0,0.255,1.05,8.515,8.848,3235000000.0,0.0,18.05,2.29,2.367,0.0,9876000000.0,1563000000.0,1563000000.0,0.0,,,,,19000000.0,926000000.0,1.0,851473955.0,880182513,888111269.0,1.776,122317000000.0,0.0,183000000.0,0.0,138.968,
32,FITB,MRQ,2013-06-30,2013-06-30,2013-06-30,2021-09-07,149000000.0,123360000000.0,,,,,16.584,-122000000.0,2390000000.0,2390000000.0,0.0,591000000.0,,7.661,9688000000.0,,,9688000000.0,0.0,139000000.0,93454000000.0,0.024,0.12,841000000.0,980000000.0,0.522,980000000.0,841000000.0,841000000.0,0.67,0.65,0.67,14239000000.0,,14239000000.0,24746337286.0,10.0,8.14,1244000000.0,1.449,1.0,1876000000.0,1.0,3338000000.0,0.0,127320000000.0,,0.0,105234000000.0,,,109083000000.0,,,15787337286.0,204000000.0,0.0,-539000000.0,-1333000000.0,-96000000.0,429000000.0,-1591000000.0,-1469000000.0,1366000000.0,0.0,591000000.0,582000000.0,582000000.0,0.0,0.0,0.31,1035000000.0,841000000.0,0.0,0.179,1.109,9.084,9.209,3185000000.0,9000000.0,18.05,2.372,2.328,0.0,9561000000.0,1876000000.0,1876000000.0,0.0,,,,,24000000.0,1002000000.0,1.0,874644725.0,858582710,900625454.0,2.185,120022000000.0,0.0,250000000.0,0.0,139.791,
33,FITB,MRQ,2013-03-31,2013-03-31,2013-03-31,2021-09-07,333000000.0,121382000000.0,,,,,15.939,-88000000.0,2186000000.0,2186000000.0,0.0,412000000.0,,7.741,11145000000.0,,,11145000000.0,0.0,137000000.0,91624000000.0,0.024,0.11,601000000.0,738000000.0,0.47,738000000.0,601000000.0,601000000.0,0.47,0.46,0.47,13882000000.0,,13882000000.0,26462691957.0,12.0,9.619,1137000000.0,1.306,1.0,1569000000.0,1.0,3213000000.0,0.0,127128000000.0,,0.0,104634000000.0,,,107462000000.0,,,14637691957.0,-255000000.0,0.0,-125000000.0,-3058000000.0,-88000000.0,-1164000000.0,-316000000.0,-228000000.0,1225000000.0,0.0,422000000.0,413000000.0,413000000.0,0.0,-10000000.0,0.263,978000000.0,591000000.0,0.0,0.234,1.054,9.555,9.594,3138000000.0,9000000.0,16.31,2.33,2.261,0.0,9084000000.0,1569000000.0,1569000000.0,0.0,,,,,17000000.0,947000000.0,1.0,897467318.0,870923074,913163262.0,1.802,118169000000.0,0.0,179000000.0,0.0,135.682,
34,FITB,MRQ,2012-12-31,2012-12-31,2012-12-31,2021-09-07,375000000.0,121894000000.0,,,,,15.507,-133000000.0,2441000000.0,2441000000.0,0.0,395000000.0,,7.883,14266000000.0,,,14266000000.0,0.0,143000000.0,89517000000.0,0.024,0.1,543000000.0,686000000.0,0.403,686000000.0,543000000.0,543000000.0,0.43,0.43,0.43,13716000000.0,,13716000000.0,25467503234.0,12.0,9.285,-312000000.0,-0.353,1.0,1703000000.0,1.0,3140000000.0,0.0,130579000000.0,,0.0,104986000000.0,,,108130000000.0,,,13641503234.0,-49000000.0,0.0,-225000000.0,-145000000.0,-88000000.0,4352000000.0,-4222000000.0,-4089000000.0,-179000000.0,0.0,398000000.0,389000000.0,389000000.0,0.0,-3000000.0,0.228,1163000000.0,540000000.0,0.0,0.233,0.995,8.852,8.994,3123000000.0,9000000.0,15.2,2.168,2.185,0.0,8768000000.0,1703000000.0,1703000000.0,0.0,,,,,15000000.0,1132000000.0,1.0,897467318.0,884531911,925439549.0,1.925,118754000000.0,0.0,145000000.0,0.0,134.256,
35,FITB,MRQ,2012-09-30,2012-09-30,2012-09-30,2021-09-07,468000000.0,117483000000.0,,,,,15.167,-117000000.0,2490000000.0,2490000000.0,0.0,364000000.0,,7.56,14316000000.0,,,14316000000.0,0.0,134000000.0,84688000000.0,0.022,0.1,502000000.0,636000000.0,0.421,636000000.0,502000000.0,502000000.0,0.39,0.38,0.39,13718000000.0,,13718000000.0,26793749988.0,13.0,10.286,546000000.0,0.604,1.0,1509000000.0,1.0,3126000000.0,0.0,126183000000.0,,0.0,100116000000.0,,,103714000000.0,,,14247749988.0,97000000.0,0.0,-350000000.0,-578000000.0,-73000000.0,-597000000.0,31000000.0,148000000.0,663000000.0,0.0,363000000.0,354000000.0,354000000.0,0.0,1000000.0,0.235,1006000000.0,503000000.0,0.0,0.256,1.039,9.786,9.752,3062000000.0,9000000.0,15.505,2.375,2.338,0.0,8466000000.0,1509000000.0,1509000000.0,0.0,,,,,17000000.0,976000000.0,1.0,918913253.0,904474989,944820608.0,1.668,114357000000.0,0.0,139000000.0,0.0,126.435,
36,FITB,MRQ,2012-06-30,2012-06-30,2012-06-30,2021-09-07,454000000.0,117543000000.0,,,,,15.077,-122000000.0,2393000000.0,2393000000.0,0.0,385000000.0,,7.531,14939000000.0,,,14939000000.0,0.0,126000000.0,84273000000.0,0.024,0.08,565000000.0,691000000.0,0.46,691000000.0,565000000.0,565000000.0,0.41,0.4,0.41,13773000000.0,,13773000000.0,22937754956.0,11.0,8.788,56000000.0,0.061,1.0,1502000000.0,1.0,3186000000.0,0.0,126903000000.0,,0.0,100227000000.0,,,103719000000.0,,,12328754956.0,158000000.0,0.0,-75000000.0,2017000000.0,-74000000.0,334000000.0,-354000000.0,-232000000.0,178000000.0,0.0,385000000.0,376000000.0,376000000.0,0.0,0.0,0.25,937000000.0,565000000.0,0.0,0.195,0.895,8.358,8.323,3017000000.0,9000000.0,13.4,2.067,2.052,0.0,8201000000.0,1502000000.0,1502000000.0,0.0,,,,,18000000.0,907000000.0,1.0,920056340.0,913540510,954622463.0,1.644,114357000000.0,0.0,180000000.0,0.0,125.18,
37,FITB,MRQ,2012-03-31,2012-03-31,2012-03-31,2021-09-07,468000000.0,116747000000.0,,,,,14.816,-103000000.0,2235000000.0,2235000000.0,0.0,430000000.0,,7.606,12844000000.0,,,12844000000.0,0.0,128000000.0,85791000000.0,0.021,0.08,603000000.0,731000000.0,0.464,731000000.0,603000000.0,603000000.0,0.46,0.45,0.46,13560000000.0,,13560000000.0,23522289201.0,11.0,9.305,1792000000.0,1.958,1.0,1576000000.0,1.0,3220000000.0,0.0,124136000000.0,,0.0,99808000000.0,,,103137000000.0,,,12918289201.0,-428000000.0,0.0,0.0,-334000000.0,-74000000.0,-335000000.0,-1988000000.0,-1885000000.0,1895000000.0,0.0,430000000.0,421000000.0,421000000.0,0.0,0.0,0.267,973000000.0,603000000.0,0.0,0.174,0.953,9.053,9.003,2980000000.0,9000000.0,14.045,2.201,2.19,0.0,7902000000.0,1576000000.0,1576000000.0,0.0,,,,,19000000.0,943000000.0,1.0,919778512.0,915225816,957415527.0,1.722,113527000000.0,0.0,173000000.0,0.0,124.043,
38,FITB,MRQ,2011-12-31,2011-12-31,2011-12-31,2021-09-07,470000000.0,116967000000.0,,,,,14.426,-141000000.0,2663000000.0,2663000000.0,0.0,314000000.0,,7.857,13267000000.0,,,13267000000.0,0.0,129000000.0,85710000000.0,0.022,0.08,418000000.0,547000000.0,0.388,547000000.0,418000000.0,418000000.0,0.33,0.32,0.33,13201000000.0,,13201000000.0,24472582673.0,13.0,10.71,-435000000.0,-0.475,1.0,1411000000.0,1.0,3138000000.0,0.0,124433000000.0,,0.0,99359000000.0,,,103716000000.0,,,11699582673.0,315000000.0,0.0,0.0,-1840000000.0,-74000000.0,1765000000.0,-1156000000.0,-1015000000.0,-294000000.0,0.0,314000000.0,305000000.0,305000000.0,0.0,0.0,0.216,993000000.0,418000000.0,0.0,0.242,0.886,10.694,10.6,2944000000.0,9000000.0,12.72,2.093,2.063,0.0,7554000000.0,1411000000.0,1411000000.0,0.0,,,,,20000000.0,965000000.0,1.0,919778512.0,915090347,956443578.0,1.542,113829000000.0,0.0,104000000.0,0.0,124.391,
39,FITB,MRQ,2011-09-30,2011-09-30,2011-09-30,2021-09-07,542000000.0,114905000000.0,,,,,14.24,-50000000.0,2348000000.0,2348000000.0,0.0,381000000.0,,7.817,15121000000.0,,,15121000000.0,0.0,111000000.0,82047000000.0,0.021,0.08,530000000.0,641000000.0,0.434,641000000.0,530000000.0,530000000.0,0.41,0.4,0.41,13029000000.0,,13029000000.0,20167163184.0,11.0,8.822,-284000000.0,-0.31,1.0,1476000000.0,1.0,3124000000.0,0.0,124554000000.0,,0.0,97398000000.0,,,101847000000.0,,,9290163184.0,-32000000.0,0.0,0.0,1608000000.0,-8000000.0,3040000000.0,-2838000000.0,-2788000000.0,-234000000.0,0.0,381000000.0,373000000.0,373000000.0,0.0,0.0,0.253,946000000.0,530000000.0,0.0,0.195,0.713,8.773,8.347,2872000000.0,8000000.0,10.1,1.665,1.656,0.0,7323000000.0,1476000000.0,1476000000.0,0.0,,,,,8000000.0,912000000.0,1.0,919818137.0,914946545,955490439.0,1.613,111781000000.0,0.0,149000000.0,0.0,122.172,
40,FITB,MRQ,2011-06-30,2011-06-30,2011-06-30,2021-09-07,396000000.0,110805000000.0,,,,,13.746,-51000000.0,2380000000.0,2380000000.0,0.0,337000000.0,,7.811,13257000000.0,,,13257000000.0,0.0,103000000.0,80598000000.0,0.011,0.06,506000000.0,609000000.0,0.433,609000000.0,506000000.0,506000000.0,0.36,0.35,0.36,12572000000.0,,12572000000.0,21776782102.0,14.0,10.525,960000000.0,1.05,1.0,1407000000.0,1.0,3313000000.0,0.0,118369000000.0,,0.0,93971000000.0,,,98204000000.0,,,11713782102.0,259000000.0,0.0,0.0,1024000000.0,-55000000.0,-766000000.0,14000000.0,65000000.0,1011000000.0,0.0,337000000.0,328000000.0,328000000.0,0.0,0.0,0.233,901000000.0,506000000.0,0.0,0.167,0.932,13.605,12.5,2887000000.0,9000000.0,12.75,2.174,2.165,0.0,7024000000.0,1407000000.0,1407000000.0,0.0,,,,,14000000.0,872000000.0,1.0,918728008.0,914600600,955477616.0,1.538,107492000000.0,0.0,169000000.0,0.0,117.529,
41,FITB,MRQ,2011-03-31,2011-03-31,2011-03-31,2021-09-07,263000000.0,110485000000.0,,,,,13.809,-101000000.0,2121000000.0,2121000000.0,0.0,265000000.0,,8.081,12184000000.0,,,12184000000.0,0.0,112000000.0,82317000000.0,0.006,0.06,377000000.0,489000000.0,0.378,489000000.0,377000000.0,377000000.0,0.1,0.1,0.1,12163000000.0,,12163000000.0,20308392204.0,15.0,11.214,1782000000.0,2.023,1.0,1295000000.0,1.0,3366000000.0,0.0,117182000000.0,,0.0,94129000000.0,,,98293000000.0,,,11056392204.0,-38000000.0,0.0,1648000000.0,833000000.0,-55000000.0,-616000000.0,-1305000000.0,-1204000000.0,1883000000.0,0.0,265000000.0,88000000.0,88000000.0,0.0,0.0,0.068,918000000.0,377000000.0,0.0,0.6,0.909,16.676,16.933,2902000000.0,177000000.0,13.885,2.144,2.372,0.0,6752000000.0,1295000000.0,1295000000.0,0.0,,,,,17000000.0,889000000.0,1.0,796283198.0,880829800,894841321.0,1.47,107119000000.0,0.0,112000000.0,0.0,121.611,
42,FITB,MRQ,2010-12-31,2010-12-31,2010-12-31,2021-09-07,314000000.0,111007000000.0,,,,,17.767,-88000000.0,2159000000.0,2159000000.0,0.0,333000000.0,,6.898,11411000000.0,,,11411000000.0,0.0,130000000.0,81648000000.0,0.003,0.01,417000000.0,547000000.0,0.39,547000000.0,417000000.0,417000000.0,0.34,0.34,0.34,14051000000.0,,14051000000.0,22570437347.0,24.0,16.156,926000000.0,1.171,1.0,1403000000.0,1.0,3301000000.0,0.0,116958000000.0,,0.0,94279000000.0,,,96927000000.0,,,11689437347.0,-56000000.0,0.0,0.0,-1442000000.0,-8000000.0,-1217000000.0,147000000.0,244000000.0,1014000000.0,0.0,333000000.0,270000000.0,270000000.0,0.0,0.0,0.192,986000000.0,417000000.0,0.0,0.029,0.832,23.239,23.302,2868000000.0,63000000.0,14.68,2.438,2.421,0.0,6719000000.0,1403000000.0,1403000000.0,0.0,,,,,35000000.0,960000000.0,1.0,796283198.0,790852185,,1.774,107706000000.0,0.0,84000000.0,0.0,136.19,
43,FITB,MRQ,2010-09-30,2010-09-30,2010-09-30,2021-09-07,432000000.0,112322000000.0,,,,,17.435,-50000000.0,2215000000.0,2215000000.0,0.0,238000000.0,,7.088,13096000000.0,,,13096000000.0,0.0,121000000.0,81362000000.0,0.003,0.01,303000000.0,424000000.0,0.331,424000000.0,303000000.0,303000000.0,0.22,0.22,0.22,13884000000.0,,13884000000.0,20148726135.0,65.0,28.023,997000000.0,1.252,1.0,1282000000.0,1.0,3088000000.0,0.0,120115000000.0,,0.0,95468000000.0,,,98409000000.0,,,9579726135.0,-1000000.0,0.0,0.0,194000000.0,-8000000.0,-584000000.0,-464000000.0,-420000000.0,1047000000.0,0.0,238000000.0,175000000.0,175000000.0,0.0,0.0,0.137,979000000.0,303000000.0,0.0,0.045,0.69,129.456,601.5,2847000000.0,63000000.0,12.03,2.311,2.311,0.0,6456000000.0,1282000000.0,1282000000.0,0.0,,,,,7000000.0,953000000.0,1.0,796319712.0,796319712,,1.61,109234000000.0,0.0,65000000.0,0.0,137.174,
44,FITB,MRQ,2010-06-30,2010-06-30,2010-06-30,2021-09-07,440000000.0,112025000000.0,,,,,17.238,-54000000.0,2216000000.0,2216000000.0,0.0,192000000.0,,7.176,12785000000.0,,,12785000000.0,0.0,109000000.0,82115000000.0,0.003,0.01,242000000.0,351000000.0,0.298,351000000.0,242000000.0,242000000.0,0.16,0.16,0.16,13701000000.0,,13701000000.0,20212290250.0,-198.0,76.853,280000000.0,0.352,1.0,1177000000.0,1.0,3146000000.0,0.0,119448000000.0,,0.0,95656000000.0,,,98324000000.0,,,9768290250.0,83000000.0,0.0,0.0,-17000000.0,-8000000.0,-1536000000.0,1285000000.0,1340000000.0,334000000.0,0.0,192000000.0,130000000.0,130000000.0,0.0,0.0,0.11,935000000.0,242000000.0,0.0,0.062,0.713,-37.57,-30.725,2863000000.0,62000000.0,12.29,2.69,2.69,0.0,6289000000.0,1177000000.0,1177000000.0,0.0,,,,,12000000.0,904000000.0,1.0,794816131.0,794816131,,1.481,108879000000.0,0.0,50000000.0,0.0,136.986,
45,FITB,MRQ,2010-03-31,2010-03-31,2010-03-31,2021-09-07,288000000.0,112651000000.0,,,,,16.859,-43000000.0,2133000000.0,2133000000.0,0.0,-10000000.0,,7.402,12577000000.0,,,12577000000.0,0.0,97000000.0,83574000000.0,0.003,0.01,-22000000.0,75000000.0,0.08,75000000.0,-22000000.0,-22000000.0,-0.09,-0.09,-0.09,13408000000.0,,13408000000.0,20570487496.0,20.0,15.125,867000000.0,1.09,1.0,934000000.0,1.0,3236000000.0,0.0,119859000000.0,,0.0,96727000000.0,,,99243000000.0,,,10784487496.0,-185000000.0,63000000.0,0.0,-1059000000.0,-8000000.0,-1835000000.0,740000000.0,716000000.0,910000000.0,0.0,-10000000.0,-72000000.0,-72000000.0,0.0,0.0,-0.077,956000000.0,-22000000.0,0.0,-0.111,0.804,23.143,17.165,2876000000.0,62000000.0,13.56,2.234,2.234,0.0,6169000000.0,934000000.0,934000000.0,0.0,,,,,10000000.0,931000000.0,1.0,795316187.0,795316187,,1.174,109415000000.0,0.0,-12000000.0,0.0,137.574,
46,FITB,MRQ,2009-12-31,2009-12-31,2009-12-31,2021-09-07,241000000.0,113380000000.0,,,,,16.971,-47000000.0,2318000000.0,2318000000.0,0.0,-98000000.0,,7.4,12104000000.0,,,12104000000.0,0.0,83000000.0,84305000000.0,0.004,0.01,-214000000.0,-131000000.0,-0.174,-131000000.0,-214000000.0,-214000000.0,-0.27,-0.24,-0.27,13497000000.0,,13497000000.0,19893332823.0,26.0,17.954,1280000000.0,1.609,1.0,753000000.0,1.0,3223000000.0,0.0,119943000000.0,,0.0,97389000000.0,,,99883000000.0,,,7754332823.0,188000000.0,0.0,0.0,-1989000000.0,-7000000.0,2891000000.0,-4030000000.0,-3979000000.0,1327000000.0,0.0,-98000000.0,-159000000.0,-159000000.0,0.0,0.0,-0.211,967000000.0,-214000000.0,0.0,-0.037,0.575,15.175,13.356,2899000000.0,61000000.0,9.75,1.688,1.688,0.0,6326000000.0,753000000.0,753000000.0,0.0,,,,,11000000.0,941000000.0,1.0,795316187.0,795316187,,0.947,110157000000.0,0.0,-116000000.0,0.0,138.507,
47,FITB,MRQ,2009-09-30,2009-09-30,2009-09-30,2021-09-07,285000000.0,110740000000.0,,,,,17.211,-65000000.0,2130000000.0,2130000000.0,0.0,-97000000.0,,7.09,14269000000.0,,,14269000000.0,0.0,76000000.0,79358000000.0,0.004,0.01,-108000000.0,-32000000.0,-0.042,-32000000.0,-108000000.0,-108000000.0,-0.2,-0.2,-0.2,13688000000.0,,13688000000.0,22496525228.0,-12.0,-12.075,1777000000.0,2.234,1.0,768000000.0,1.0,3162000000.0,0.0,119717000000.0,,0.0,95044000000.0,,,97052000000.0,,,8056525228.0,-769000000.0,0.0,0.0,-3152000000.0,108000000.0,-4672000000.0,2061000000.0,2124000000.0,1842000000.0,0.0,-97000000.0,-159000000.0,-159000000.0,0.0,0.0,-0.207,876000000.0,-108000000.0,0.0,-0.05,0.589,-5.328,-3.605,2912000000.0,62000000.0,10.13,2.669,2.669,0.0,6496000000.0,768000000.0,768000000.0,0.0,,,,,11000000.0,851000000.0,1.0,795313448.0,795313448,,0.966,107578000000.0,0.0,-11000000.0,0.0,135.265,
48,FITB,MRQ,2009-06-30,2009-06-30,2009-06-30,2021-09-07,152000000.0,115984000000.0,,,,,23.746,-47000000.0,2899000000.0,2899000000.0,0.0,882000000.0,,7.466,17339000000.0,,,17339000000.0,0.0,96000000.0,80820000000.0,0.025,0.01,1352000000.0,1448000000.0,0.61,1448000000.0,1352000000.0,1352000000.0,1.35,1.15,1.35,13700000000.0,,13700000000.0,25222245579.0,-13.0,-13.539,649000000.0,1.125,1.0,2373000000.0,1.0,3145000000.0,0.0,127279000000.0,,0.0,99570000000.0,,,102284000000.0,,,4096245579.0,408000000.0,546000000.0,986000000.0,-5941000000.0,-56000000.0,-4501000000.0,4213000000.0,3713000000.0,696000000.0,0.0,882000000.0,856000000.0,856000000.0,0.0,0.0,0.361,1021000000.0,1352000000.0,0.0,0.007,0.299,-2.857,-2.582,2914000000.0,26000000.0,7.1,1.326,1.326,0.0,6663000000.0,2373000000.0,2373000000.0,0.0,,,,,12000000.0,946000000.0,1.0,576935997.0,576935997,,4.113,112839000000.0,0.0,470000000.0,0.0,195.583,
49,FITB,MRQ,2009-03-31,2009-03-31,2009-03-31,2021-09-07,151000000.0,119313000000.0,,,,,20.956,-69000000.0,2491000000.0,2491000000.0,0.0,50000000.0,,8.859,23617000000.0,,,23617000000.0,0.0,86000000.0,79782000000.0,0.11,0.01,-262000000.0,-176000000.0,-0.251,-176000000.0,-262000000.0,-262000000.0,-0.04,-0.04,-0.04,12102000000.0,,12102000000.0,22778260708.0,-7.0,-6.859,-140000000.0,-0.242,1.0,700000000.0,1.0,3258000000.0,0.0,137181000000.0,,0.0,102369000000.0,,,107211000000.0,,,1686260708.0,-248000000.0,0.0,0.0,-104000000.0,-72000000.0,991000000.0,-1168000000.0,-1100000000.0,-71000000.0,0.0,50000000.0,-26000000.0,-26000000.0,0.0,0.0,-0.037,962000000.0,-262000000.0,0.0,-0.25,0.139,-0.677,-0.653,2960000000.0,76000000.0,2.92,1.157,1.157,0.0,5792000000.0,700000000.0,700000000.0,0.0,,,,,11000000.0,895000000.0,1.0,577486544.0,577486544,,1.212,116055000000.0,0.0,-312000000.0,0.0,200.966,
50,FITB,MRQ,2008-12-31,2008-12-31,2008-12-31,2021-09-07,98000000.0,119764000000.0,,,,,20.913,-185000000.0,2739000000.0,2739000000.0,0.0,-2142000000.0,,8.917,23831000000.0,,,23831000000.0,0.0,-260000000.0,78613000000.0,0.091,0.01,-2843000000.0,-3103000000.0,3.775,-3103000000.0,-2843000000.0,-2843000000.0,-3.92,-3.92,-3.92,12077000000.0,,12077000000.0,26255038853.0,-10.0,-9.885,-275000000.0,-0.476,1.0,-822000000.0,1.0,3291000000.0,0.0,137565000000.0,,0.0,100665000000.0,,,107687000000.0,,,4770038853.0,-35000000.0,220000000.0,-2000000.0,-1144000000.0,-62000000.0,3063000000.0,-3008000000.0,-3054000000.0,-90000000.0,0.0,-2142000000.0,-2183000000.0,-2183000000.0,0.0,0.0,2.656,2021000000.0,-2843000000.0,0.0,-0.003,0.395,-2.188,-2.113,2957000000.0,41000000.0,8.26,2.511,2.511,0.0,5824000000.0,-822000000.0,-822000000.0,0.0,,,,,14000000.0,985000000.0,1.0,577486544.0,577486544,,-1.423,116473000000.0,0.0,-701000000.0,0.0,201.69,
51,FITB,MRQ,2008-09-30,2008-09-30,2008-09-30,2021-09-07,-60000000.0,116294000000.0,,,,,18.52,-95000000.0,2774000000.0,2774000000.0,0.0,-56000000.0,,9.873,24259000000.0,,,24259000000.0,0.0,96000000.0,77460000000.0,0.099,0.15,-128000000.0,-32000000.0,-0.038,-32000000.0,-128000000.0,-128000000.0,-0.14,-0.14,-0.14,10696000000.0,,10696000000.0,27140602668.0,111.0,44.935,-274000000.0,-0.474,1.0,839000000.0,1.0,4467000000.0,0.0,133312000000.0,,0.0,99121000000.0,,,105598000000.0,,,6872602668.0,-79000000.0,0.0,0.0,1078000000.0,-111000000.0,1012000000.0,-912000000.0,-817000000.0,-179000000.0,0.0,-56000000.0,-81000000.0,-81000000.0,0.0,0.0,-0.097,967000000.0,-128000000.0,0.0,-1.071,0.643,361.716,198.333,2839000000.0,25000000.0,11.9,1.845,1.845,0.0,8013000000.0,839000000.0,839000000.0,0.0,,,,,15000000.0,897000000.0,1.0,577529636.0,577529636,,1.453,111827000000.0,0.0,-72000000.0,0.0,193.63,
52,FITB,MRQ,2008-06-30,2008-06-30,2008-06-30,2021-09-07,-152000000.0,114975000000.0,,,,,20.21,-168000000.0,2853000000.0,2853000000.0,0.0,-202000000.0,,9.691,23121000000.0,,,23121000000.0,0.0,107000000.0,77416000000.0,0.142,0.15,-117000000.0,-10000000.0,-0.013,-10000000.0,-117000000.0,-117000000.0,-0.37,-0.37,-0.37,10754000000.0,,10754000000.0,28364839844.0,35.0,24.264,1785000000.0,3.355,1.0,741000000.0,1.0,4507000000.0,0.0,130736000000.0,,0.0,98439000000.0,,,104221000000.0,,,5416839844.0,-239000000.0,-154000000.0,2000000.0,-3716000000.0,-233000000.0,-703000000.0,-1489000000.0,-1167000000.0,1953000000.0,0.0,-202000000.0,-202000000.0,-202000000.0,0.0,0.0,-0.273,858000000.0,-117000000.0,0.0,-0.405,0.504,12.746,12.568,2808000000.0,0.0,10.18,1.295,1.295,0.0,8178000000.0,741000000.0,741000000.0,0.0,,,,,16000000.0,791000000.0,1.0,532106075.0,532106075,,1.393,110468000000.0,0.0,85000000.0,0.0,207.605,
53,FITB,MRQ,2008-03-31,2008-03-31,2008-03-31,2021-09-07,11000000.0,111396000000.0,,,,,17.557,-70000000.0,3092000000.0,3092000000.0,0.0,286000000.0,,10.911,26040000000.0,,,26040000000.0,0.0,65000000.0,71401000000.0,0.082,0.44,425000000.0,490000000.0,0.43,490000000.0,425000000.0,425000000.0,0.54,0.54,0.54,9352000000.0,,9352000000.0,30487069234.0,21.0,16.984,1339000000.0,2.514,1.0,1140000000.0,1.0,3199000000.0,0.0,131145000000.0,,0.0,95729000000.0,,,102044000000.0,,,11143069234.0,432000000.0,0.0,0.0,3793000000.0,-233000000.0,-482000000.0,-495000000.0,-425000000.0,1409000000.0,0.0,286000000.0,286000000.0,286000000.0,0.0,0.0,0.251,715000000.0,425000000.0,0.0,0.815,1.192,11.121,11.187,2582000000.0,0.0,20.92,2.357,2.357,0.0,8465000000.0,1140000000.0,1140000000.0,0.0,,,,,12000000.0,649000000.0,1.0,532651493.0,532651493,,2.14,108197000000.0,0.0,139000000.0,0.0,203.129,
54,FITB,MRQ,2007-12-31,2007-12-31,2007-12-31,2021-09-07,-126000000.0,110962000000.0,,,,,17.199,-171000000.0,2660000000.0,2660000000.0,0.0,17000000.0,,11.112,22031000000.0,,,22031000000.0,0.0,92000000.0,75445000000.0,0.068,0.44,64000000.0,156000000.0,0.155,156000000.0,64000000.0,64000000.0,0.03,0.03,0.03,9161000000.0,,9161000000.0,32269532019.0,21.0,16.948,-1086000000.0,-2.039,1.0,1005000000.0,1.0,3235000000.0,0.0,127098000000.0,,0.0,95468000000.0,,,101801000000.0,,,13385532019.0,166000000.0,-230000000.0,0.0,-301000000.0,-222000000.0,3799000000.0,-2718000000.0,-2336000000.0,-915000000.0,0.0,17000000.0,16000000.0,16000000.0,0.0,0.0,0.016,941000000.0,64000000.0,0.0,14.667,1.461,12.452,12.628,2576000000.0,1000000.0,25.13,2.761,2.761,0.0,8413000000.0,1005000000.0,1005000000.0,0.0,,,,,15000000.0,873000000.0,1.0,532651493.0,532651493,,1.887,107727000000.0,0.0,47000000.0,0.0,202.247,
55,FITB,MRQ,2007-09-30,2007-09-30,2007-09-30,2021-09-07,-198000000.0,104265000000.0,,,,,17.362,-190000000.0,2494000000.0,2494000000.0,0.0,325000000.0,,10.22,21424000000.0,,,21424000000.0,0.0,90000000.0,69382000000.0,0.049,0.42,443000000.0,533000000.0,0.411,533000000.0,443000000.0,443000000.0,0.61,0.61,0.61,9293000000.0,,9293000000.0,34918762918.0,23.0,18.378,-169000000.0,-0.316,1.0,1296000000.0,1.0,2956000000.0,0.0,120239000000.0,,0.0,90231000000.0,,,94972000000.0,,,18133762918.0,200000000.0,0.0,-109000000.0,2203000000.0,-224000000.0,2066000000.0,-1887000000.0,-1697000000.0,21000000.0,0.0,325000000.0,325000000.0,325000000.0,0.0,0.0,0.251,853000000.0,443000000.0,0.0,0.689,1.951,16.119,16.367,2410000000.0,0.0,33.88,3.983,3.983,0.0,8593000000.0,1296000000.0,1296000000.0,0.0,,,,,11000000.0,788000000.0,1.0,535235033.0,535235033,,2.421,101309000000.0,0.0,118000000.0,0.0,189.279,
56,FITB,MRQ,2007-06-30,2007-06-30,2007-06-30,2021-09-07,-293000000.0,101390000000.0,,,,,16.709,-108000000.0,2294000000.0,2294000000.0,0.0,376000000.0,,10.031,19112000000.0,,,19112000000.0,0.0,95000000.0,69193000000.0,0.041,0.42,521000000.0,616000000.0,0.479,616000000.0,521000000.0,521000000.0,0.69,0.69,0.69,9191000000.0,,9191000000.0,36257573386.0,23.0,18.192,167000000.0,0.304,1.0,1287000000.0,1.0,2946000000.0,0.0,115262000000.0,,0.0,88560000000.0,,,92199000000.0,,,21876573386.0,83000000.0,0.0,-666000000.0,2535000000.0,-230000000.0,1658000000.0,-1850000000.0,-1742000000.0,275000000.0,0.0,375000000.0,375000000.0,375000000.0,0.0,1000000.0,0.291,765000000.0,522000000.0,0.0,0.609,2.38,18.587,18.584,2272000000.0,0.0,39.77,4.813,4.813,0.0,8489000000.0,1287000000.0,1287000000.0,0.0,,,,,14000000.0,706000000.0,1.0,550077279.0,550077279,,2.34,98444000000.0,0.0,146000000.0,0.0,178.964,
57,FITB,MRQ,2007-03-31,2007-03-31,2007-03-31,2021-09-07,-163000000.0,99824000000.0,,,,,17.568,-116000000.0,2211000000.0,2211000000.0,0.0,359000000.0,,9.182,16625000000.0,,,16625000000.0,0.0,90000000.0,69188000000.0,0.042,0.42,507000000.0,597000000.0,0.474,597000000.0,507000000.0,507000000.0,0.65,0.65,0.65,9804000000.0,,9804000000.0,35629586617.0,22.0,17.717,-202000000.0,-0.362,1.0,1260000000.0,1.0,2922000000.0,0.0,111316000000.0,,0.0,86774000000.0,,,90020000000.0,,,21591586617.0,-494000000.0,0.0,-260000000.0,-173000000.0,-222000000.0,-853000000.0,445000000.0,561000000.0,-86000000.0,0.0,359000000.0,359000000.0,359000000.0,0.0,0.0,0.285,753000000.0,507000000.0,0.0,0.646,2.202,18.236,18.079,2213000000.0,0.0,38.69,4.743,4.743,0.0,8330000000.0,1260000000.0,1260000000.0,0.0,,,,,17000000.0,701000000.0,1.0,558066338.0,558066338,,2.258,96902000000.0,0.0,148000000.0,0.0,173.639,
58,FITB,MRQ,2006-12-31,2006-12-31,2006-12-31,2021-09-07,-179000000.0,100669000000.0,,,,,17.958,-152000000.0,2737000000.0,2737000000.0,0.0,65000000.0,,9.045,16775000000.0,,,16775000000.0,0.0,101000000.0,69380000000.0,0.039,0.4,53000000.0,154000000.0,0.217,154000000.0,53000000.0,53000000.0,0.12,0.12,0.12,10022000000.0,,10022000000.0,43879655214.0,27.0,21.616,-256000000.0,-0.459,1.0,710000000.0,1.0,2883000000.0,0.0,111824000000.0,,0.0,87137000000.0,,,90647000000.0,,,22841655214.0,314000000.0,0.0,-75000000.0,-6674000000.0,-223000000.0,-6232000000.0,6650000000.0,6802000000.0,-104000000.0,0.0,66000000.0,66000000.0,66000000.0,0.0,-1000000.0,0.093,658000000.0,52000000.0,0.0,3.333,2.279,19.227,19.126,2142000000.0,0.0,40.93,5.029,5.029,0.0,8317000000.0,710000000.0,710000000.0,0.0,,,,,21000000.0,710000000.0,1.0,558066338.0,558066338,,1.272,97786000000.0,0.0,-13000000.0,0.0,175.223,
59,FITB,MRQ,2006-09-30,2006-09-30,2006-09-30,2021-09-07,-392000000.0,105828000000.0,,,,,17.964,-86000000.0,2399000000.0,2399000000.0,0.0,377000000.0,,9.56,23437000000.0,,,23437000000.0,0.0,105000000.0,68643000000.0,0.041,0.4,521000000.0,626000000.0,0.486,626000000.0,521000000.0,521000000.0,0.68,0.68,0.68,10022000000.0,,10022000000.0,40844610679.0,20.0,16.726,354000000.0,0.635,1.0,1288000000.0,1.0,2872000000.0,0.0,123994000000.0,,0.0,93753000000.0,,,95806000000.0,,,21244610679.0,-271000000.0,0.0,7000000.0,1082000000.0,-222000000.0,-1015000000.0,304000000.0,390000000.0,440000000.0,0.0,377000000.0,377000000.0,377000000.0,0.0,0.0,0.293,767000000.0,521000000.0,0.0,0.588,2.12,14.621,14.479,2044000000.0,0.0,38.08,4.304,4.304,0.0,8473000000.0,1288000000.0,1288000000.0,0.0,,,,,16000000.0,683000000.0,1.0,557894188.0,557894188,,2.309,102956000000.0,0.0,144000000.0,0.0,184.544,
60,FITB,MRQ,2006-06-30,2006-06-30,2006-06-30,2021-09-07,-683000000.0,106111000000.0,,,,,17.172,-115000000.0,2670000000.0,2670000000.0,0.0,382000000.0,,10.104,22270000000.0,,,22270000000.0,0.0,99000000.0,70523000000.0,0.042,0.4,535000000.0,634000000.0,0.49,634000000.0,535000000.0,535000000.0,0.69,0.69,0.69,9556000000.0,,9556000000.0,41001711617.0,20.0,16.506,-119000000.0,-0.214,1.0,1294000000.0,1.0,2868000000.0,0.0,122843000000.0,,0.0,93838000000.0,,,96555000000.0,,,20562711617.0,176000000.0,0.0,11000000.0,-652000000.0,-211000000.0,664000000.0,-484000000.0,-369000000.0,-4000000.0,0.0,382000000.0,382000000.0,382000000.0,0.0,0.0,0.295,759000000.0,535000000.0,0.0,0.58,2.152,13.979,13.891,2003000000.0,0.0,36.95,4.164,4.164,0.0,8319000000.0,1294000000.0,1294000000.0,0.0,,,,,25000000.0,679000000.0,1.0,556500991.0,556500991,,2.325,103243000000.0,0.0,153000000.0,0.0,185.522,
61,FITB,MRQ,2006-03-31,2006-03-31,2006-03-31,2021-09-07,-568000000.0,105044000000.0,,,,,17.066,-107000000.0,2494000000.0,2494000000.0,0.0,363000000.0,,10.093,22933000000.0,,,22933000000.0,0.0,94000000.0,69010000000.0,0.038,0.38,523000000.0,617000000.0,0.494,617000000.0,523000000.0,523000000.0,0.66,0.65,0.66,9469000000.0,,9469000000.0,43557039703.0,20.0,17.095,1015000000.0,1.829,1.0,1250000000.0,1.0,2851000000.0,0.0,122632000000.0,,0.0,93373000000.0,,,95575000000.0,,,21839039703.0,-584000000.0,-5000000.0,18000000.0,-1830000000.0,-211000000.0,-449000000.0,-1257000000.0,-1145000000.0,1122000000.0,0.0,363000000.0,363000000.0,363000000.0,0.0,0.0,0.29,731000000.0,519000000.0,0.0,0.576,2.306,14.501,14.471,1935000000.0,0.0,39.36,4.395,4.395,0.0,8159000000.0,1250000000.0,1250000000.0,0.0,,,,,15000000.0,731000000.0,1.0,554853651.0,554853651,,2.253,102193000000.0,0.0,160000000.0,0.0,184.18,
62,FITB,MRQ,2005-12-31,2005-12-31,2005-12-31,2021-09-07,-413000000.0,105225000000.0,,,,,17.024,-83000000.0,3078000000.0,3078000000.0,0.0,332000000.0,,10.14,24796000000.0,,,24796000000.0,0.0,99000000.0,67434000000.0,0.039,0.38,466000000.0,565000000.0,0.512,565000000.0,466000000.0,466000000.0,0.6,0.59,0.6,9446000000.0,,9446000000.0,43702079716.0,20.0,16.731,-2337000000.0,-4.212,1.0,1104000000.0,1.0,2818000000.0,0.0,124125000000.0,,0.0,93073000000.0,,,95779000000.0,,,20929079716.0,-294000000.0,0.0,32000000.0,-1357000000.0,-210000000.0,400000000.0,1560000000.0,1643000000.0,-2254000000.0,0.0,331000000.0,331000000.0,331000000.0,0.0,1000000.0,0.3,637000000.0,467000000.0,0.0,0.633,2.216,13.52,13.52,1869000000.0,0.0,37.72,4.178,4.178,0.0,8007000000.0,1104000000.0,1104000000.0,0.0,,,,,-4000000.0,492000000.0,1.0,554853651.0,554853651,,1.99,102407000000.0,0.0,135000000.0,0.0,184.566,
63,FITB,MRQ,2005-09-30,2005-09-30,2005-09-30,2021-09-07,-317000000.0,104608000000.0,,,,,16.875,-96000000.0,3372000000.0,3372000000.0,0.0,395000000.0,,10.146,26145000000.0,,,26145000000.0,0.0,110000000.0,65495000000.0,0.048,0.38,558000000.0,668000000.0,0.518,668000000.0,558000000.0,558000000.0,0.71,0.71,0.71,9385000000.0,,9385000000.0,44645935929.0,23.0,18.798,680000000.0,1.223,1.0,1290000000.0,1.0,2813000000.0,0.0,124568000000.0,,0.0,92351000000.0,,,95223000000.0,,,20437935929.0,591000000.0,0.0,16000000.0,-795000000.0,-194000000.0,1344000000.0,-1529000000.0,-1433000000.0,776000000.0,0.0,395000000.0,395000000.0,395000000.0,0.0,0.0,0.306,732000000.0,558000000.0,0.0,0.535,2.178,14.682,14.641,1802000000.0,0.0,36.75,4.037,4.037,0.0,7886000000.0,1290000000.0,1290000000.0,0.0,,,,,16000000.0,732000000.0,1.0,556134311.0,556134311,,2.32,101795000000.0,0.0,163000000.0,0.0,183.04,
64,FITB,MRQ,2005-06-30,2005-06-30,2005-06-30,2021-09-07,-135000000.0,103160000000.0,,,,,16.851,-37000000.0,2781000000.0,2781000000.0,0.0,417000000.0,,10.03,26989000000.0,,,26989000000.0,0.0,101000000.0,63177000000.0,0.042,0.35,597000000.0,698000000.0,0.527,698000000.0,597000000.0,597000000.0,0.75,0.75,0.75,9353000000.0,,9353000000.0,45120513464.0,21.0,17.976,1265000000.0,2.279,1.0,1325000000.0,1.0,2787000000.0,0.0,124581000000.0,,0.0,91508000000.0,,,93807000000.0,,,22850513464.0,361000000.0,0.0,13000000.0,2200000000.0,-196000000.0,-104000000.0,-837000000.0,-800000000.0,1302000000.0,0.0,417000000.0,417000000.0,417000000.0,0.0,0.0,0.315,728000000.0,597000000.0,0.0,0.467,2.443,15.566,15.595,1742000000.0,0.0,41.17,4.467,4.467,0.0,7702000000.0,1325000000.0,1325000000.0,0.0,,,,,19000000.0,728000000.0,1.0,555028260.0,555028260,,2.387,100373000000.0,0.0,180000000.0,0.0,180.843,
65,FITB,MRQ,2005-03-31,2005-03-31,2005-03-31,2021-09-07,-323000000.0,102713000000.0,,,,,16.064,-41000000.0,2420000000.0,2420000000.0,0.0,405000000.0,,10.556,24690000000.0,,,24690000000.0,0.0,95000000.0,65311000000.0,0.039,0.35,585000000.0,680000000.0,0.527,680000000.0,585000000.0,585000000.0,0.73,0.72,0.73,8888000000.0,,8888000000.0,45228134028.0,21.0,17.329,900000000.0,1.627,1.0,1291000000.0,1.0,2788000000.0,0.0,122195000000.0,,0.0,91739000000.0,,,93825000000.0,,,23780134028.0,-141000000.0,242000000.0,-1614000000.0,-497000000.0,-194000000.0,941000000.0,-2023000000.0,-2224000000.0,941000000.0,0.0,404000000.0,404000000.0,404000000.0,0.0,1000000.0,0.313,705000000.0,586000000.0,0.0,0.479,2.676,15.864,15.978,1753000000.0,0.0,42.98,4.563,4.563,0.0,7480000000.0,1291000000.0,1291000000.0,0.0,,,,,18000000.0,705000000.0,1.0,553283714.0,553283714,,2.333,99925000000.0,0.0,181000000.0,0.0,180.604,
66,FITB,MRQ,2004-12-31,2004-12-31,2004-12-31,2021-09-07,-169000000.0,94456000000.0,,,,,15.899,-33000000.0,2561000000.0,2561000000.0,0.0,176000000.0,,9.584,24009000000.0,,,24009000000.0,0.0,106000000.0,58226000000.0,0.035,0.7,223000000.0,329000000.0,0.284,329000000.0,223000000.0,223000000.0,0.32,0.31,0.32,8924000000.0,,8924000000.0,53337139270.0,24.0,19.791,-986000000.0,-1.757,1.0,1157000000.0,1.0,1481000000.0,0.0,114423000000.0,,0.0,85205000000.0,,,85532000000.0,,,26549139270.0,244000000.0,0.0,-170000000.0,-5075000000.0,-179000000.0,-4047000000.0,5244000000.0,5277000000.0,-953000000.0,0.0,176000000.0,176000000.0,176000000.0,0.0,0.0,0.152,934000000.0,223000000.0,0.0,2.188,2.975,17.421,17.39,1619000000.0,0.0,47.3,5.097,5.097,0.0,7269000000.0,1157000000.0,1157000000.0,0.0,,,,,24000000.0,1028000000.0,1.0,561292585.0,561292585,,2.061,92975000000.0,0.0,47000000.0,0.0,165.644,
67,FITB,MRQ,2004-09-30,2004-09-30,2004-09-30,2021-09-07,-218000000.0,98365000000.0,,,,,16.123,10000000.0,2313000000.0,2313000000.0,0.0,471000000.0,,9.881,29101000000.0,,,29101000000.0,0.0,109000000.0,56860000000.0,0.025,0.32,694000000.0,803000000.0,0.598,803000000.0,694000000.0,694000000.0,0.84,0.83,0.84,9040000000.0,,9040000000.0,51531733152.0,20.0,16.474,1008000000.0,1.798,1.0,1342000000.0,1.0,1486000000.0,0.0,123667000000.0,,0.0,90051000000.0,,,89325000000.0,,,27597171152.0,-41000000.0,10000000.0,-6000000.0,2736000000.0,-180000000.0,1503000000.0,-2542000000.0,-2562000000.0,998000000.0,0.0,471000000.0,471000000.0,471000000.0,0.0,0.0,0.351,648000000.0,694000000.0,0.0,0.381,3.053,15.417,15.478,1627000000.0,0.0,49.22,5.213,5.213,0.0,7289000000.0,1342000000.0,1342000000.0,0.0,,,,,20000000.0,624000000.0,1.0,560690190.0,560690190,,2.393,96879000000.0,0.0,223000000.0,0.0,172.785,
68,FITB,MRQ,2004-06-30,2004-06-30,2004-06-30,2021-09-07,-554000000.0,95682000000.0,,,,,14.912,11000000.0,2358000000.0,2358000000.0,0.0,448000000.0,,10.4,26292000000.0,,,26292000000.0,0.0,119000000.0,57908000000.0,0.023,0.32,679000000.0,798000000.0,0.562,798000000.0,679000000.0,679000000.0,0.8,0.79,0.8,8393000000.0,,8393000000.0,54501580021.0,21.0,17.447,1929000000.0,3.427,1.0,1421000000.0,1.0,1501000000.0,0.0,118115000000.0,,0.0,87259000000.0,,,87289000000.0,,,30270281021.0,346000000.0,252000000.0,-426000000.0,51000000.0,-180000000.0,1333000000.0,-2905000000.0,-3168000000.0,1918000000.0,0.0,448000000.0,448000000.0,448000000.0,0.0,0.0,0.315,742000000.0,679000000.0,0.0,0.4,3.607,17.437,17.518,1693000000.0,0.0,53.78,5.771,5.771,0.0,6999000000.0,1421000000.0,1421000000.0,0.0,,,,,20000000.0,710000000.0,1.0,562853868.0,562853868,,2.525,94181000000.0,0.0,231000000.0,0.0,167.328,
69,FITB,MRQ,2004-03-31,2004-03-31,2004-03-31,2021-09-07,99000000.0,93802000000.0,,,,,15.691,1000000.0,2012000000.0,2012000000.0,0.0,430000000.0,,9.582,26243000000.0,,,26243000000.0,0.0,125000000.0,55250000000.0,0.021,0.32,641000000.0,766000000.0,0.594,766000000.0,641000000.0,641000000.0,0.76,0.75,0.76,8864000000.0,,8864000000.0,51153876929.0,20.0,16.698,919000000.0,1.627,1.0,1289000000.0,1.0,1176000000.0,0.0,116857000000.0,,0.0,85903000000.0,,,84938000000.0,,,31279876929.0,-347000000.0,0.0,-296000000.0,3960000000.0,-165000000.0,1655000000.0,-2920000000.0,-2921000000.0,918000000.0,0.0,430000000.0,430000000.0,430000000.0,0.0,0.0,0.334,648000000.0,641000000.0,0.0,0.421,3.529,18.365,18.518,1760000000.0,0.0,55.37,6.167,6.167,0.0,6731000000.0,1289000000.0,1289000000.0,0.0,,,,,23000000.0,610000000.0,1.0,564924633.0,564924633,,2.282,92626000000.0,0.0,211000000.0,0.0,163.962,
70,FITB,MRQ,2003-12-31,2003-12-31,2003-12-31,2021-09-07,-120000000.0,91254000000.0,,,,,15.232,13000000.0,2359000000.0,2359000000.0,0.0,442000000.0,,9.529,22233000000.0,,,22233000000.0,0.0,138000000.0,57095000000.0,0.019,0.29,623000000.0,761000000.0,0.613,761000000.0,623000000.0,623000000.0,0.78,0.77,0.78,8667000000.0,,8667000000.0,54230776386.0,22.0,18.077,1622000000.0,2.851,1.0,1242000000.0,1.0,1232000000.0,0.0,109896000000.0,,0.0,82949000000.0,,,82587000000.0,,,33628875386.0,-35000000.0,67000000.0,-239000000.0,-734000000.0,-166000000.0,1661000000.0,-3305000000.0,-3385000000.0,1609000000.0,0.0,441000000.0,441000000.0,441000000.0,-41000000.0,1000000.0,0.355,659000000.0,583000000.0,0.0,0.372,3.88,20.21,20.309,1828000000.0,0.0,59.1,6.741,6.741,0.0,6481000000.0,1242000000.0,1242000000.0,0.0,,,,,23000000.0,615000000.0,1.0,569016504.0,569016504,,2.183,90022000000.0,0.0,182000000.0,0.0,158.206,
71,FITB,MRQ,2003-09-30,2003-09-30,2003-09-30,2021-09-07,-9000000.0,89452000000.0,,,,,15.25,45805000.0,2394000000.0,2394000000.0,0.0,418000000.0,,9.289,22996000000.0,,,22996000000.0,0.0,173858000.0,54294000000.0,0.02,0.29,625000000.0,798858000.0,0.618,798858000.0,625000000.0,625000000.0,0.73,0.72,0.73,8694000000.0,,8694000000.0,49734316579.0,21.0,17.529,4412652000.0,7.74,1.0,1293000000.0,1.0,1236000000.0,0.0,108818000000.0,,0.0,80978000000.0,,,80758000000.0,,,31644822579.0,617475000.0,0.0,-26356000.0,1559371000.0,-165661000.0,-213096000.0,-3536276000.0,-3582081000.0,4366847000.0,0.0,417000000.0,417000000.0,417000000.0,-1000000.0,1000000.0,0.323,657000000.0,636000000.0,0.0,0.397,3.64,20.529,20.647,1899000000.0,0.0,55.54,6.398,6.402,0.0,6203000000.0,1293000000.0,1293000000.0,0.0,,,,,24442000.0,607000000.0,1.0,569766341.0,570088000,578777000.0,2.268,88216000000.0,0.0,208000000.0,0.0,154.741,
72,FITB,MRQ,2003-06-30,2003-06-30,2003-06-30,2021-09-07,236093000.0,88302911000.0,,,,,15.144,-48172000.0,1776334000.0,1776334000.0,0.0,415460000.0,,9.105,19865828000.0,,,19865828000.0,0.0,119625000.0,55875063000.0,0.019,0.29,617926000.0,737551000.0,0.591,737551000.0,617926000.0,617926000.0,0.72,0.71,0.72,8690775000.0,,8690775000.0,48434520051.0,21.0,17.716,871018000.0,1.518,1.0,1248263000.0,1.0,1204511000.0,0.0,105187894000.0,,0.0,81307110000.0,,,79130172000.0,,,32973416051.0,4807000.0,0.0,-317857000.0,2638140000.0,-149624000.0,3484428000.0,-4398811000.0,-4350639000.0,919190000.0,0.0,415460000.0,415275000.0,415275000.0,-1136000.0,0.0,0.333,621244000.0,627019000.0,0.0,0.403,3.794,21.398,21.425,947664000.0,185000.0,57.42,6.753,6.749,0.0,5951579000.0,1248263000.0,1248263000.0,0.0,,,,,26650000.0,621244000.0,1.0,574249670.0,573888000,581663000.0,2.175,87098400000.0,0.0,202466000.0,0.0,151.769,
73,FITB,MRQ,2003-03-31,2003-03-31,2003-03-31,2021-09-07,296728000.0,84324818000.0,,,,,15.318,-54633000.0,1771527000.0,1771527000.0,0.0,389947000.0,,8.531,17232631000.0,,,17232631000.0,0.0,118517000.0,54558096000.0,0.02,0.26,583415000.0,701932000.0,0.582,701932000.0,583415000.0,583415000.0,0.68,0.67,0.68,8798282000.0,,8798282000.0,43922097632.0,19.0,16.443,1155330000.0,2.011,1.0,1206759000.0,1.0,1220245000.0,0.0,98565677000.0,,0.0,77666440000.0,,,75054802000.0,,,28845097632.0,-119282000.0,0.0,-8787000.0,245489000.0,-149715000.0,2436668000.0,-3765913000.0,-3711280000.0,1209963000.0,0.0,389947000.0,389762000.0,389762000.0,-813000.0,0.0,0.323,613928000.0,592831000.0,0.0,0.382,3.278,18.856,18.955,921076000.0,185000.0,50.23,6.066,6.067,0.0,5704878000.0,1206759000.0,1206759000.0,0.0,,,,,35908000.0,387469000.0,1.0,574260355.0,574366000,582769000.0,2.101,83104573000.0,0.0,193468000.0,0.0,144.689,
74,FITB,MRQ,2002-12-31,2002-12-31,2002-12-31,2021-09-07,369000000.0,80894000000.0,,,,,14.668,-71245000.0,1891000000.0,1891000000.0,0.0,319844000.0,,8.491,17002000000.0,,,17002000000.0,0.0,97848000.0,52208000000.0,0.017,0.26,501050000.0,598898000.0,0.5,598898000.0,501050000.0,501050000.0,0.56,0.55,0.56,8475000000.0,,8475000000.0,46621727673.0,21.0,17.918,105035000.0,0.182,1.0,1197865000.0,1.0,1201000000.0,0.0,94804000000.0,,0.0,74431000000.0,,,71958000000.0,,,33829466673.0,60857000.0,55000000.0,-251427000.0,2324447000.0,-150793000.0,2782572000.0,-2897995000.0,-2881750000.0,176280000.0,0.0,318844000.0,319399000.0,319399000.0,-4000000.0,1000000.0,0.267,690095000.0,507770000.0,0.0,0.464,3.992,22.111,22.178,891000000.0,-555000.0,58.55,7.297,7.297,0.0,5904000000.0,1197865000.0,1197865000.0,0.0,,,,,128000000.0,1367647000.0,1.0,577787646.0,577787646,,2.073,79693000000.0,0.0,182206000.0,0.0,137.928,
75,FITB,MRQ,2002-09-30,2002-09-30,2002-09-30,2021-09-07,319758000.0,77694010000.0,,,,,14.428,-36253000.0,1830093000.0,1830093000.0,0.0,416739000.0,,8.222,14622354000.0,,,14622354000.0,0.0,94343000.0,51446200000.0,0.016,0.26,601222000.0,695565000.0,0.566,695565000.0,601222000.0,601222000.0,0.72,0.7,0.72,8375738000.0,,8375738000.0,46918889501.0,20.0,17.852,-227629000.0,-0.392,1.0,1229806000.0,1.0,1208402000.0,0.0,89277869000.0,,0.0,71230014000.0,,,68866167000.0,,,35538470501.0,83743000.0,0.0,-173118000.0,1441902000.0,-133810000.0,2489491000.0,-2214372000.0,-2178119000.0,-191376000.0,0.0,416739000.0,416554000.0,416554000.0,0.0,0.0,0.339,619162000.0,610644000.0,0.0,0.361,4.243,22.267,22.265,849540000.0,185000.0,61.23,7.918,7.919,524055000.0,5630445000.0,1229806000.0,1229806000.0,0.0,,,,,0.0,322714000.0,1.0,580409448.0,580504000,592024000.0,2.119,76485608000.0,0.0,184483000.0,0.0,131.757,
76,FITB,MRQ,2002-06-30,2002-06-30,2002-06-30,2021-09-07,224537000.0,74923337000.0,,,,,14.077,-24062000.0,1746350000.0,1746350000.0,0.0,404262000.0,,8.094,13126769000.0,,,13126769000.0,0.0,83197000.0,50089264000.0,0.013,0.23,591544000.0,674741000.0,0.602,674741000.0,591544000.0,591544000.0,0.69,0.68,0.69,8190339000.0,,8190339000.0,51500412501.0,24.0,21.409,615168000.0,1.057,1.0,1120848000.0,1.0,935590000.0,0.0,85368166000.0,,0.0,68442740000.0,,,66292650000.0,,,38849613501.0,401842000.0,0.0,-138767000.0,-911349000.0,-134197000.0,3038535000.0,-3275923000.0,-3251861000.0,639230000.0,0.0,404262000.0,404077000.0,404077000.0,0.0,0.0,0.361,519875000.0,600973000.0,0.0,0.333,4.743,26.629,26.554,837438000.0,185000.0,66.65,9.068,9.051,519475000.0,5364282000.0,1120848000.0,1120848000.0,0.0,,,,,0.0,324344000.0,1.0,582889925.0,581814000,594257000.0,1.926,73987747000.0,0.0,187282000.0,0.0,127.167,
77,FITB,MRQ,2002-03-31,2002-03-31,2002-03-31,2021-09-07,-31081000.0,70565568000.0,,,,,13.395,-28440000.0,1344508000.0,1344508000.0,0.0,390154000.0,,7.988,13995307000.0,,,13995307000.0,0.0,62612000.0,45865743000.0,0.013,0.23,570183000.0,632795000.0,0.582,632795000.0,570183000.0,570183000.0,0.67,0.66,0.67,7803490000.0,,7803490000.0,51456227928.0,29.0,25.608,1557426000.0,2.673,1.0,1087480000.0,1.0,945150000.0,0.0,82271217000.0,,0.0,65060150000.0,,,62331159000.0,,,39274227928.0,-686442000.0,0.0,-52688000.0,-481000000.0,-134200000.0,-656598000.0,-1615710000.0,-1587270000.0,1585866000.0,0.0,390154000.0,389969000.0,389969000.0,0.0,0.0,0.359,507868000.0,579612000.0,0.0,0.343,5.033,33.184,33.078,837663000.0,185000.0,67.48,9.498,9.508,469578000.0,5094405000.0,1087480000.0,1087480000.0,0.0,,,,,0.0,322295000.0,1.0,582012862.0,582583000,594982000.0,1.867,69620418000.0,0.0,180029000.0,0.0,119.503,
78,FITB,MRQ,2001-12-31,2001-12-31,2001-12-31,2021-09-07,7823000.0,71026340000.0,,,,,13.221,-33426000.0,2030950000.0,2030950000.0,0.0,385891000.0,,8.242,14482656000.0,,,14482656000.0,0.0,72445000.0,45854090000.0,0.014,0.23,552724000.0,625169000.0,0.595,625169000.0,552724000.0,552724000.0,0.67,0.65,0.67,7639277000.0,,7639277000.0,48007001343.0,29.0,25.563,-661374000.0,-1.145,1.0,1050071000.0,1.0,949764000.0,0.0,82528282000.0,,0.0,64277991000.0,,,62965573000.0,,,35437029343.0,584402000.0,21807000.0,44471000.0,610830000.0,-116151000.0,1597287000.0,-384937000.0,-373318000.0,-627948000.0,0.0,385891000.0,385446000.0,385446000.0,-4000000.0,0.0,0.367,499128000.0,550943000.0,0.0,0.343,4.639,32.422,32.279,832738000.0,445000.0,61.33,8.897,8.897,617882000.0,4837807000.0,1050071000.0,1050071000.0,0.0,,,,,0.0,303749000.0,1.0,577809055.0,577809055,,1.817,70076576000.0,0.0,166833000.0,0.0,121.28,
79,FITB,MRQ,2001-09-30,2001-09-30,2001-09-30,2021-09-07,237945000.0,70118176000.0,,,,,12.829,-30807000.0,1446136000.0,1446136000.0,0.0,279602000.0,,8.468,14016108000.0,,,14016108000.0,0.0,66211000.0,45572728000.0,0.013,0.2,406629000.0,472840000.0,0.461,472840000.0,406629000.0,406629000.0,0.48,0.47,0.48,7405662000.0,,7405662000.0,49047631778.0,32.0,27.773,2009615000.0,3.481,1.0,1025800000.0,1.0,761774000.0,0.0,81926374000.0,,0.0,64403375000.0,,,62712514000.0,,,35491520778.0,-139164000.0,0.0,18621000.0,-1164588000.0,-115870000.0,-790536000.0,-1389050000.0,-1358243000.0,2040422000.0,0.0,279602000.0,279417000.0,279417000.0,0.0,0.0,0.272,619171000.0,406629000.0,0.0,0.417,4.792,34.586,34.539,826173000.0,185000.0,61.48,9.192,9.191,593645000.0,4571373000.0,1025800000.0,1025800000.0,0.0,,,,,0.0,305747000.0,1.0,577285634.0,577252000,593762000.0,1.777,69356402000.0,0.0,127027000.0,0.0,120.149,
80,FITB,MRQ,2001-06-30,2001-06-30,2001-06-30,2021-09-07,84921000.0,69833640000.0,,,,,12.302,-34277000.0,1585300000.0,1585300000.0,0.0,128888000.0,,8.88,15141411000.0,,,15141411000.0,0.0,39388000.0,45103685000.0,0.013,0.2,239162000.0,278550000.0,0.287,278550000.0,239162000.0,239162000.0,0.22,0.22,0.22,7068224000.0,,7068224000.0,45037011543.0,28.0,25.164,645120000.0,1.123,1.0,971484000.0,1.0,796540000.0,0.0,82593211000.0,,0.0,63879324000.0,,,62765416000.0,,,34559138543.0,163257000.0,-129831000.0,26754000.0,-1077397000.0,-94113000.0,-1951645000.0,1435505000.0,1599613000.0,679397000.0,0.0,128888000.0,128703000.0,128703000.0,0.0,0.0,0.132,732322000.0,239162000.0,0.0,0.909,4.889,32.718,32.459,819061000.0,185000.0,60.05,9.22,9.204,545633000.0,4422847000.0,971484000.0,971484000.0,0.0,,,,,0.0,315366000.0,1.0,575506054.0,574545000,590234000.0,1.691,69037100000.0,0.0,110274000.0,0.0,120.16,
81,FITB,MRQ,2001-03-31,2001-03-31,2001-03-31,2021-09-07,76979000.0,71468335000.0,,,,,12.283,-25490000.0,1422043000.0,1422043000.0,0.0,299619000.0,,9.187,16222977000.0,,,16222977000.0,0.0,57956000.0,45923344000.0,0.014,0.2,443485000.0,501441000.0,0.536,501441000.0,443485000.0,443485000.0,0.52,0.51,0.52,7015864000.0,,7015864000.0,32246794651.0,19.0,16.619,-1214361000.0,-2.126,1.0,935645000.0,1.0,808836000.0,0.0,85460433000.0,,0.0,65454463000.0,,,64452471000.0,,,24937794651.0,-284495000.0,-16976000.0,36154000.0,3551155000.0,-134866000.0,173894000.0,730482000.0,772948000.0,-1188871000.0,0.0,299619000.0,299434000.0,299434000.0,0.0,0.0,0.32,485379000.0,450266000.0,0.0,0.385,3.554,21.221,25.816,811699000.0,185000.0,53.44,6.814,8.341,535793000.0,4409458000.0,935645000.0,935645000.0,0.0,,,,,0.0,299750000.0,1.0,466650349.0,571182000,586852000.0,1.638,70659499000.0,0.0,143866000.0,0.0,123.708,
82,FITB,MRQ,2000-12-31,2000-12-31,2000-12-31,2021-09-07,28000000.0,69658000000.0,,,,,14.423,-32561000.0,1707000000.0,1707000000.0,0.0,319076000.0,,9.456,12583000000.0,,,12583000000.0,0.0,47625000.0,48360000000.0,0.012,0.18,465538000.0,513163000.0,0.553,513163000.0,465538000.0,465538000.0,0.56,0.55,0.56,6662000000.0,,6662000000.0,39907599035.0,24.0,21.456,-29733000.0,-0.064,1.0,928213000.0,1.0,0.0,0.0,80534000000.0,,0.0,63390000000.0,,,62996000000.0,,,27598421035.0,273357000.0,155000000.0,65711000.0,-4450278000.0,-115421000.0,497961000.0,-227432000.0,-349871000.0,2828000.0,0.0,319076000.0,318631000.0,318631000.0,0.0,0.0,0.343,462675000.0,465538000.0,0.0,0.321,4.143,24.209,29.579,835000000.0,445000.0,59.75,7.668,7.668,558000000.0,4225000000.0,928213000.0,928213000.0,0.0,,,,,0.0,290558000.0,1.0,461898260.0,461898260,,2.01,69658000000.0,0.0,146462000.0,0.0,150.808,
83,FITB,MRQ,2000-09-30,2000-09-30,2000-09-30,2021-09-07,-198531000.0,66882911000.0,,,,,10.678,-22255000.0,1433887000.0,1433887000.0,0.0,309680000.0,,10.078,16888298000.0,,,16888298000.0,0.0,40192000.0,42232709000.0,0.013,0.18,456366000.0,496558000.0,0.544,496558000.0,456366000.0,456366000.0,0.55,0.54,0.55,6037675000.0,,6037675000.0,35826476293.0,20.0,18.137,543201000.0,0.961,1.0,913123000.0,1.0,0.0,0.0,82337322000.0,,0.0,61313572000.0,,,60845236000.0,,,25054335293.0,8386000.0,0.0,-154572000.0,1815597000.0,-107528000.0,-470979000.0,-86091000.0,-63836000.0,565456000.0,0.0,309680000.0,309495000.0,309495000.0,0.0,0.0,0.339,456757000.0,456366000.0,0.0,0.327,4.15,21.627,28.209,809478000.0,185000.0,53.88,6.086,7.4,518547000.0,4038491000.0,913123000.0,913123000.0,0.0,,,,,0.0,288358000.0,1.0,465002511.0,565440000,578444000.0,1.615,66882911000.0,0.0,146686000.0,0.0,118.285,
84,FITB,MRQ,2000-06-30,2000-06-30,2000-06-30,2021-09-07,-329443000.0,66895155000.0,,,,,10.33,-33781000.0,1425500000.0,1425500000.0,0.0,247773000.0,,10.436,15072613000.0,,,15072613000.0,0.0,64214000.0,44265636000.0,0.016,0.18,364965000.0,429179000.0,0.486,429179000.0,364965000.0,364965000.0,0.44,0.43,0.44,5849337000.0,,5849337000.0,28559275377.0,18.0,15.842,206686000.0,0.365,1.0,882737000.0,1.0,0.0,0.0,80542268000.0,,0.0,61320490000.0,,,61045818000.0,,,19592694377.0,-201179000.0,0.0,-22042000.0,2209022000.0,-138882000.0,1425405000.0,-1867051000.0,-1833270000.0,240467000.0,0.0,247773000.0,247588000.0,247588000.0,0.0,0.0,0.28,517772000.0,364965000.0,0.0,0.409,3.35,18.759,23.689,809663000.0,185000.0,42.167,5.22,6.362,508953000.0,3940792000.0,882737000.0,882737000.0,0.0,,,,,0.0,290126000.0,1.0,464648878.0,566272000,578856000.0,1.559,66895155000.0,0.0,117192000.0,0.0,118.133,
85,FITB,MRQ,2000-03-31,2000-03-31,2000-03-31,2021-09-07,-298187000.0,44388765000.0,,,,,8.953,-21403000.0,947525000.0,947525000.0,0.0,206369000.0,,9.691,9914106000.0,,,9914106000.0,0.0,27969000.0,28985697000.0,0.015,0.16,308355000.0,336324000.0,0.578,336324000.0,308355000.0,308355000.0,0.45,0.44,0.45,4152051000.0,,4152051000.0,28627950962.0,19.0,17.177,-43154000.0,-0.093,1.0,582255000.0,1.0,0.0,0.0,53355346000.0,,0.0,40927589000.0,,,40236714000.0,,,19490950962.0,-265564000.0,0.0,13903000.0,-511341000.0,-74169000.0,2482613000.0,-2726426000.0,-2705023000.0,-21751000.0,0.0,206369000.0,206369000.0,206369000.0,0.0,0.0,0.354,273900000.0,308355000.0,0.0,0.356,4.694,19.949,24.138,489918000.0,0.0,42.0,5.718,5.714,317760000.0,2836473000.0,582255000.0,582255000.0,0.0,,,,,0.0,167438000.0,1.0,464070261.0,463780000,474623000.0,1.255,44388765000.0,0.0,101986000.0,0.0,95.711,
86,FITB,MRQ,1999-12-31,1999-12-31,1999-12-31,2021-09-07,-225000000.0,41589000000.0,,,,,8.902,-54376000.0,1213000000.0,1213000000.0,0.0,396038000.0,,9.201,10350000000.0,,,10350000000.0,0.0,89429000.0,26083000000.0,0.012,0.16,623797000.0,713226000.0,0.41,713226000.0,623797000.0,623797000.0,0.47,0.47,0.47,4077000000.0,,4077000000.0,30794062114.0,21.0,18.927,1451445000.0,3.169,1.0,1738742000.0,1.0,0.0,0.0,50726000000.0,,0.0,38066000000.0,,,37512000000.0,,,22404519114.0,242022000.0,48000000.0,-118308000.0,-902686000.0,-177295000.0,-1125149000.0,-138650000.0,-132274000.0,1505821000.0,0.0,396038000.0,395038000.0,395038000.0,0.0,0.0,0.227,1114945000.0,623797000.0,0.0,0.34,5.495,23.658,29.119,482000000.0,1000000.0,48.92,6.694,6.694,321000000.0,2704000000.0,1738742000.0,1738742000.0,0.0,,,,,0.0,660392000.0,1.0,457982811.0,457982811,,3.797,41589000000.0,0.0,227759000.0,0.0,90.809,
87,FITB,MRQ,1999-09-30,1999-09-30,1999-09-30,2021-09-07,-190136000.0,41446488000.0,,,,,8.476,-21602000.0,891346000.0,891346000.0,0.0,195448000.0,,9.606,11523694000.0,,,11523694000.0,0.0,30849000.0,25006594000.0,0.014,0.16,293196000.0,324045000.0,0.589,324045000.0,293196000.0,293196000.0,0.42,0.42,0.42,3907742000.0,,3907742000.0,23006860236.0,20.0,17.661,739628000.0,1.604,1.0,549698000.0,1.0,0.0,0.0,52078836000.0,,0.0,38355911000.0,,,37538746000.0,,,16508735236.0,-50555000.0,0.0,11134000.0,2022979000.0,-74902000.0,1348636000.0,-2160421000.0,-2138819000.0,761230000.0,0.0,195448000.0,195448000.0,195448000.0,0.0,0.0,0.356,256502000.0,293196000.0,0.0,0.381,4.225,21.412,25.398,467243000.0,0.0,40.56,6.919,7.837,320217000.0,2733001000.0,549698000.0,549698000.0,0.0,,,,,0.0,156485000.0,1.0,407020100.0,461016000,473598000.0,1.192,41446488000.0,0.0,97748000.0,0.0,89.902,
88,FITB,MRQ,1999-06-30,1999-06-30,1999-06-30,2021-09-07,-82412000.0,39987015000.0,,,,,8.472,-18945000.0,941901000.0,941901000.0,0.0,180172000.0,,9.344,9500226000.0,,,9500226000.0,0.0,21002000.0,25601981000.0,0.012,0.133,272020000.0,293022000.0,0.544,293022000.0,272020000.0,272020000.0,0.4,0.39,0.4,3865742000.0,,3865742000.0,23639763793.0,22.0,19.368,-330995000.0,-0.725,1.0,538262000.0,1.0,0.0,0.0,48545340000.0,,0.0,36514401000.0,,,36121273000.0,,,17883386793.0,40263000.0,0.0,8332000.0,1101379000.0,-63308000.0,2089212000.0,-1736899000.0,-1717954000.0,-312050000.0,0.0,180172000.0,180172000.0,180172000.0,0.0,0.0,0.335,266242000.0,272020000.0,0.0,0.333,4.626,24.827,28.87,455500000.0,0.0,44.373,7.98,9.035,331704000.0,2401447000.0,538262000.0,538262000.0,0.0,,,,,0.0,163526000.0,1.0,403021036.0,456295000,469420000.0,1.18,39987015000.0,0.0,91848000.0,0.0,87.634,
89,FITB,MRQ,1999-03-31,1999-03-31,1999-03-31,2021-09-07,81455000.0,38061118000.0,,,,,8.55,-13077000.0,901638000.0,901638000.0,0.0,176342000.0,,8.789,8407818000.0,,,8407818000.0,0.0,30720000.0,24668315000.0,0.011,0.133,265987000.0,296707000.0,0.57,296707000.0,265987000.0,265987000.0,0.387,0.38,0.387,3888030000.0,,3888030000.0,22777892345.0,25.0,21.948,631922000.0,1.39,1.0,520298000.0,1.0,0.0,0.0,45567298000.0,,0.0,35396066000.0,,,34173088000.0,,,17615676345.0,-143730000.0,0.0,9842000.0,648328000.0,-62495000.0,611301000.0,-1400030000.0,-1386953000.0,644999000.0,0.0,176342000.0,176342000.0,176342000.0,0.0,0.0,0.339,254311000.0,265987000.0,0.0,0.344,4.531,29.462,34.263,453133000.0,0.0,43.96,8.569,9.724,330546000.0,2507406000.0,520298000.0,520298000.0,0.0,,,,,0.0,153597000.0,1.0,400720572.0,454726500,468258000.0,1.144,38061118000.0,0.0,89645000.0,0.0,83.701,
90,FITB,MRQ,1998-12-31,1998-12-31,1998-12-31,2021-09-07,94000000.0,37092000000.0,,,,,9.484,-30414000.0,1045000000.0,1045000000.0,0.0,219026000.0,,8.774,7751000000.0,,,7751000000.0,0.0,57713000.0,24496000000.0,0.01,0.133,331191000.0,388904000.0,0.5,388904000.0,331191000.0,331191000.0,0.39,0.383,0.39,3795000000.0,,3795000000.0,23935153843.0,29.0,25.142,132633000.0,0.331,1.0,777591000.0,1.0,0.0,0.0,43798000000.0,,0.0,34084000000.0,,,33297000000.0,,,19041685843.0,109786000.0,39000000.0,-47808000.0,490484000.0,-43857000.0,741634000.0,-794895000.0,-803481000.0,163047000.0,0.0,219026000.0,219026000.0,219026000.0,0.0,0.0,0.282,446400000.0,331191000.0,0.0,0.341,5.018,34.811,39.328,449000000.0,0.0,47.587,10.022,10.022,343000000.0,2204000000.0,777591000.0,777591000.0,0.0,,,,,0.0,247017000.0,1.0,400147503.0,400147503,,1.943,37092000000.0,0.0,112165000.0,0.0,92.696,
91,FITB,MRQ,1998-09-30,1998-09-30,1998-09-30,2021-09-07,117803000.0,28739713000.0,,,,,7.817,-15704000.0,749403000.0,749403000.0,0.0,144789000.0,,8.135,5807130000.0,,,5807130000.0,0.0,19879000.0,18842047000.0,0.011,0.113,222071000.0,241950000.0,0.598,241950000.0,222071000.0,222071000.0,0.36,0.353,0.36,3146270000.0,,3146270000.0,20093815742.0,26.0,22.584,101629000.0,0.253,1.0,404843000.0,1.0,0.0,0.0,33797440000.0,,0.0,26586260000.0,,,25593443000.0,,,15404010742.0,-133840000.0,0.0,-88180000.0,138909000.0,-47516000.0,-145769000.0,-105404000.0,-89700000.0,117333000.0,0.0,144789000.0,144789000.0,144789000.0,0.0,0.0,0.358,182772000.0,222071000.0,0.0,0.314,4.896,29.915,33.626,328283000.0,0.0,38.333,8.638,8.652,272009000.0,2020766000.0,404843000.0,404843000.0,0.0,,,,,0.0,112613000.0,1.0,401843758.0,402490500,410566500.0,1.006,28739713000.0,0.0,77282000.0,0.0,71.405,
92,FITB,MRQ,1998-06-30,1998-06-30,1998-06-30,2021-09-07,91211000.0,28292682000.0,,,,,7.742,-8958000.0,882432000.0,882432000.0,0.0,57760000.0,,8.194,5572237000.0,,,5572237000.0,0.0,18238000.0,18792343000.0,0.01,0.113,92013000.0,110251000.0,0.312,110251000.0,92013000.0,92013000.0,0.147,0.147,0.147,3077446000.0,,3077446000.0,19030523886.0,26.0,22.612,496509000.0,1.249,1.0,353074000.0,1.0,0.0,0.0,32982487000.0,,0.0,26064685000.0,,,25215236000.0,,,14687222886.0,147838000.0,-15000000.0,137646000.0,-1236649000.0,-40942000.0,-1098017000.0,740388000.0,764346000.0,505467000.0,0.0,57760000.0,57760000.0,57760000.0,0.0,0.0,0.164,261061000.0,92013000.0,0.0,0.769,4.773,30.051,38.889,316588000.0,0.0,42.0,8.555,9.723,221150000.0,1907147000.0,353074000.0,353074000.0,0.0,,,,,0.0,100545000.0,1.0,349695783.0,397482000,405039000.0,0.888,28292682000.0,0.0,34253000.0,0.0,71.18,
93,FITB,MRQ,1998-03-31,1998-03-31,1998-03-31,2021-09-07,86782000.0,28983753000.0,,,,,7.186,-17924000.0,734594000.0,734594000.0,0.0,124231000.0,,9.234,6494182000.0,,,6494182000.0,0.0,22170000.0,18829066000.0,0.011,0.113,186863000.0,209033000.0,0.58,209033000.0,186863000.0,186863000.0,0.313,0.307,0.313,2832179000.0,,2832179000.0,16077587378.0,20.0,17.495,-278771000.0,-0.707,1.0,360146000.0,1.0,0.0,0.0,34743341000.0,,0.0,26925341000.0,,,26151574000.0,,,13278911378.0,-42784000.0,0.0,4342000.0,1650256000.0,-35685000.0,1349152000.0,-1131089000.0,-1113165000.0,-260847000.0,0.0,124231000.0,124231000.0,124231000.0,0.0,0.0,0.345,173283000.0,186863000.0,0.0,0.361,4.689,24.488,31.148,310927000.0,0.0,38.0,7.858,8.863,216743000.0,1897815000.0,360146000.0,360146000.0,0.0,,,,,0.0,104026000.0,1.0,349445036.0,394107000,402109500.0,0.914,28983753000.0,0.0,62632000.0,0.0,73.543,
94,FITB,MRQ,1997-12-31,1997-12-31,1997-12-31,2021-09-07,98254000.0,27710673000.0,,,,,7.928,-33496000.0,777378000.0,777378000.0,0.0,188154000.0,,9.03,5159614000.0,,,5159614000.0,0.0,43225000.0,19019896000.0,0.01,0.098,285274000.0,328499000.0,0.494,328499000.0,285274000.0,285274000.0,0.32,0.313,0.32,2762836000.0,,2762836000.0,15606124335.0,20.0,17.515,122161000.0,0.351,1.0,665129000.0,1.0,0.0,0.0,32092909000.0,,0.0,25730665000.0,,,24947837000.0,,,12661986335.0,46853000.0,-4094000.0,-26902000.0,239800000.0,-35395000.0,586773000.0,-695577000.0,-657987000.0,155657000.0,0.0,188154000.0,188154000.0,188154000.0,0.0,0.0,0.283,379855000.0,285274000.0,0.0,0.306,4.583,23.936,30.609,301029000.0,0.0,36.333,7.693,7.693,212949000.0,1785121000.0,665129000.0,665129000.0,0.0,,,,,0.0,228875000.0,1.0,348495037.0,348495037,,1.909,27710673000.0,0.0,97120000.0,0.0,79.515,
95,FITB,MRQ,1997-09-30,1997-09-30,1997-09-30,2021-09-07,51137000.0,27191443000.0,,,,,6.653,-16624000.0,708580000.0,708580000.0,0.0,118606000.0,,9.416,5183664000.0,,,5183664000.0,0.0,15703000.0,18702347000.0,0.013,0.098,178135000.0,193838000.0,0.573,193838000.0,178135000.0,178135000.0,0.3,0.3,0.3,2610579000.0,,2610579000.0,13361301338.0,19.0,17.346,199209000.0,0.508,1.0,338551000.0,1.0,0.0,0.0,31666527000.0,,0.0,25290970000.0,,,24580864000.0,,,10074844338.0,-190760000.0,-10906000.0,5425000.0,-474002000.0,-35320000.0,121205000.0,-527798000.0,-500268000.0,215833000.0,0.0,118606000.0,118606000.0,118606000.0,0.0,0.0,0.35,160416000.0,178135000.0,0.0,0.327,3.859,21.654,25.602,294351000.0,0.0,29.058,7.292,8.253,203396000.0,1736622000.0,338551000.0,338551000.0,0.0,,,,,0.0,95004000.0,1.0,346717647.0,392419500,399244500.0,0.863,27191443000.0,0.0,59529000.0,0.0,69.292,
96,FITB,MRQ,1997-06-30,1997-06-30,1997-06-30,2021-09-07,21159000.0,26685973000.0,,,,,6.282,-14585000.0,899340000.0,899340000.0,0.0,111272000.0,,9.852,5603055000.0,,,5603055000.0,0.0,19841000.0,17953152000.0,0.015,0.098,167782000.0,187623000.0,0.576,187623000.0,167782000.0,167782000.0,0.287,0.28,0.287,2459177000.0,,2459177000.0,11800388914.0,19.0,16.684,23665000.0,0.06,1.0,325950000.0,1.0,0.0,0.0,31389688000.0,,0.0,24534494000.0,,,24226796000.0,,,8446956914.0,324113000.0,0.0,-17329000.0,510229000.0,-32567000.0,704101000.0,-418238000.0,-403653000.0,38250000.0,0.0,111272000.0,111272000.0,111272000.0,0.0,0.0,0.341,158168000.0,167782000.0,0.0,0.341,3.435,19.841,23.023,278105000.0,0.0,24.335,6.502,7.333,198744000.0,1653600000.0,325950000.0,325950000.0,0.0,,,,,0.0,91885000.0,1.0,347114082.0,391468500,397176000.0,0.833,26685973000.0,0.0,56510000.0,0.0,68.169,
97,FITB,MRQ,1997-03-31,1997-03-31,1997-03-31,2021-09-07,-26978000.0,20175697000.0,,,,,5.435,-7295000.0,506720000.0,506720000.0,0.0,94496000.0,,9.536,3860152000.0,,,3860152000.0,0.0,15231000.0,13922516000.0,0.015,0.086,141455000.0,156686000.0,0.597,156686000.0,141455000.0,141455000.0,0.273,0.26,0.273,1914891000.0,,1914891000.0,10939998595.0,18.0,16.612,269965000.0,0.766,1.0,262430000.0,1.0,0.0,0.0,23529129000.0,,0.0,18836337000.0,,,18260806000.0,,,8205831595.0,-302206000.0,0.0,-250194000.0,316973000.0,-30718000.0,-416079000.0,-163387000.0,-156092000.0,277260000.0,0.0,94496000.0,94496000.0,94496000.0,0.0,0.0,0.36,120975000.0,141455000.0,0.0,0.315,4.285,20.633,22.826,233163000.0,0.0,22.963,6.735,6.64,162036000.0,1197289000.0,262430000.0,262430000.0,0.0,,,,,0.0,72010000.0,1.0,357350731.0,352303500,357559500.0,0.745,20175697000.0,0.0,46959000.0,0.0,57.268,
98,FITB,MRQ,1996-12-31,1996-12-31,1996-12-31,2021-09-07,16598000.0,20548998000.0,,,,,6.109,-15707000.0,808926000.0,808926000.0,0.0,140900000.0,,8.584,3543093000.0,,,3543093000.0,0.0,23729000.0,14374656000.0,0.018,0.086,208397000.0,232126000.0,0.51,232126000.0,208397000.0,208397000.0,0.275,,0.275,2144125000.0,,2144125000.0,,,,119776000.0,0.341,1.0,454762000.0,1.0,0.0,0.0,23283165000.0,,0.0,18772778000.0,,,18404873000.0,,,6650429451.0,137762000.0,0.0,9545000.0,783233000.0,-33665000.0,730833000.0,-728554000.0,-712847000.0,135483000.0,0.0,140900000.0,140900000.0,140900000.0,0.0,0.0,0.31,246365000.0,208397000.0,0.0,0.313,3.102,17.394,19.245,231389000.0,0.0,18.61,5.581,5.482,182854000.0,1279559000.0,454762000.0,454762000.0,0.0,,,,,0.0,136192000.0,1.0,357350731.0,350979750,,1.296,20548998000.0,0.0,67497000.0,0.0,58.548,
99,FITB,MRQ,1996-09-30,1996-09-30,1996-09-30,2021-09-07,,,,,,,,-10011000.0,,,0.0,79055000.0,,,,,,,,12482000.0,,0.018,0.086,118355000.0,130837000.0,0.511,130837000.0,118355000.0,118355000.0,0.222,,0.222,,,,,,,219838000.0,0.616,1.0,256018000.0,1.0,,0.0,,,,,,,,,,,208227000.0,224313000.0,-5807000.0,242109000.0,-27498000.0,70234000.0,-91856000.0,-306158000.0,229849000.0,0.0,79055000.0,79055000.0,79055000.0,0.0,0.0,0.309,137663000.0,118355000.0,,0.387,,,,,0.0,17.221,,,,,256018000.0,256018000.0,0.0,,,,,0.0,72835000.0,1.0,,357039000,,0.717,,,39300000.0,,,
100,FITB,MRQ,1996-06-30,1996-06-30,1996-06-30,2021-09-07,,,,,,,,-9634000.0,,,0.0,83249000.0,,,,,,,,14074000.0,,0.018,0.077,124845000.0,138919000.0,0.566,138919000.0,124845000.0,124845000.0,0.236,,0.236,,,,,,,-96235000.0,-0.276,1.0,245232000.0,1.0,,0.0,,,,,,,,,,,4626000.0,0.0,2401000.0,13774000.0,-26596000.0,1005242000.0,-914015000.0,-904381000.0,-86601000.0,0.0,83249000.0,83249000.0,83249000.0,0.0,0.0,0.339,120387000.0,124845000.0,,0.326,,,,,0.0,16.222,,,,,245232000.0,245232000.0,0.0,,,,,0.0,74034000.0,1.0,,349269750,,0.702,,,41596000.0,,,
101,FITB,MRQ,1996-03-31,1996-03-31,1996-03-31,2021-09-07,,,,,,,,-7577000.0,,,0.0,79140000.0,,,,,,,,12286000.0,,0.017,0.077,118307000.0,130593000.0,0.554,130593000.0,118307000.0,118307000.0,0.234,,0.234,,,,,,,34424000.0,0.101,1.0,235546000.0,1.0,,0.0,,,,,,,,,,,-158198000.0,-399885000.0,3353000.0,455228000.0,-26110000.0,1438747000.0,-1638946000.0,-1231484000.0,42001000.0,0.0,79140000.0,79140000.0,79140000.0,0.0,0.0,0.336,117239000.0,118307000.0,,0.329,,,,,0.0,17.333,,,,,235546000.0,235546000.0,0.0,,,,,0.0,70629000.0,1.0,,340132500,,0.693,,,39167000.0,,,
102,FITB,MRQ,1995-12-31,1995-12-31,1995-12-31,2021-09-07,14802000.0,17052883000.0,,,,,5.168,,628535000.0,628535000.0,,,,8.888,2430891000.0,,,2430891000.0,0.0,,12485780000.0,0.029,0.077,,,,,,,,,,1724575000.0,,1724575000.0,,,,,,1.0,,,0.0,,18855239000.0,,0.0,15858346000.0,,,15328308000.0,,,,,,,,,,,,,,,,,,,,,,0.0,,,,11.19,195990000.0,,9.645,,3.896,133998000.0,1148279000.0,,,,,,,,,,1.0,,333716625,,,17052883000.0,0.0,,0.0,51.1,
0,FITB,MRT,2021-06-30,2021-06-30,2021-06-30,2021-09-07,1974000000.0,205390000000.0,204741250000.0,,,0.039,32.343,-316000000.0,3285000000.0,3285000000.0,0.0,2588000000.0,,7.959,13832000000.0,,,13832000000.0,0.0,504000000.0,162283000000.0,0.028,1.08,3286000000.0,3790000000.0,0.471,3790000000.0,3286000000.0,3286000000.0,3.46,3.44,3.46,22926000000.0,22895750000.0,22926000000.0,39941624500.0,12.0,10.539,-1774000000.0,-2.503,1.0,8051000000.0,1.0,5194000000.0,0.0,210743000000.0,212234500000.0,0.0,182913000000.0,,,182464000000.0,,,26912624500.0,64000000.0,-4000000.0,-527000000.0,-3843000000.0,-935000000.0,345000000.0,1177000000.0,1620000000.0,-1458000000.0,0.0,2588000000.0,2479000000.0,2479000000.0,0.0,0.0,0.308,4765000000.0,3286000000.0,0.0,0.312,1.174,10.856,11.049,2788000000.0,109000000.0,38.23,3.343,3.366,0.0,19343000000.0,8051000000.0,8051000000.0,0.0,0.012,0.108,0.015,0.408,125000000.0,4514000000.0,1.0,703966113.0,708832787,718084745.0,11.358,200196000000.0,0.0,698000000.0,0.0,282.431,
1,FITB,MRT,2021-03-31,2021-03-31,2021-03-31,2021-09-07,1792000000.0,206899000000.0,204120250000.0,,,0.036,31.626,-305000000.0,3122000000.0,3122000000.0,0.0,2074000000.0,,8.157,16151000000.0,,,16151000000.0,0.0,496000000.0,162393000000.0,0.029,1.08,2619000000.0,3115000000.0,0.424,3115000000.0,2619000000.0,2619000000.0,2.74,2.73,2.74,22595000000.0,22748000000.0,22595000000.0,39858738228.0,15.0,12.796,-733000000.0,-1.026,1.0,7352000000.0,1.0,5170000000.0,0.0,214758000000.0,212661500000.0,0.0,184959000000.0,,,184304000000.0,,,26540738228.0,-160000000.0,-4000000.0,-180000000.0,-6224000000.0,-933000000.0,20311000000.0,-20043000000.0,-19698000000.0,-428000000.0,0.0,2074000000.0,1968000000.0,1968000000.0,0.0,0.0,0.268,4733000000.0,2619000000.0,0.0,0.394,1.175,13.486,13.668,2790000000.0,106000000.0,37.45,3.61,3.639,0.0,18863000000.0,7352000000.0,7352000000.0,0.0,0.01,0.087,0.012,0.356,125000000.0,4473000000.0,1.0,708697950.0,714432813,723425111.0,10.291,201729000000.0,0.0,545000000.0,0.0,282.362,
2,FITB,MRT,2020-12-31,2020-12-31,2020-12-31,2021-09-07,2601000000.0,204680000000.0,198743250000.0,,,0.033,32.335,-325000000.0,3147000000.0,3147000000.0,0.0,1427000000.0,,7.856,16465000000.0,,,16465000000.0,0.0,492000000.0,159081000000.0,0.039,1.08,1797000000.0,2289000000.0,0.351,2289000000.0,1797000000.0,1797000000.0,1.84,1.83,1.84,23111000000.0,22567500000.0,23111000000.0,33215417194.0,18.0,14.511,46000000.0,0.064,1.0,6515000000.0,1.0,5053000000.0,0.0,212945000000.0,208829000000.0,0.0,182866000000.0,,,181569000000.0,,,19641417194.0,-131000000.0,-4000000.0,0.0,-60000000.0,-858000000.0,31400000000.0,-31902000000.0,-31529000000.0,371000000.0,0.0,1427000000.0,1323000000.0,1323000000.0,0.0,0.0,0.203,4718000000.0,1797000000.0,0.0,0.587,0.85,14.846,14.984,2865000000.0,104000000.0,27.57,3.015,3.025,0.0,18384000000.0,6515000000.0,6515000000.0,0.0,0.007,0.059,0.009,0.276,123000000.0,4457000000.0,1.0,712419920.0,714729585,719735415.0,9.115,199627000000.0,0.0,370000000.0,0.0,279.304,
3,FITB,MRT,2020-09-30,2020-09-30,2020-09-30,2021-09-07,2831000000.0,201996000000.0,189915500000.0,,,0.035,32.095,-324000000.0,2996000000.0,2996000000.0,0.0,1556000000.0,,7.801,16570000000.0,,,16570000000.0,0.0,541000000.0,156683000000.0,0.037,0.78,1991000000.0,2532000000.0,0.382,2532000000.0,1991000000.0,1991000000.0,2.03,2.01,2.03,22951000000.0,22090500000.0,22951000000.0,29837978589.0,15.0,11.784,3070000000.0,4.293,1.0,6634000000.0,1.0,5078000000.0,0.0,210492000000.0,199814250000.0,0.0,180186000000.0,,,179045000000.0,,,15184978589.0,-265000000.0,0.0,-300000000.0,-3087000000.0,-886000000.0,27404000000.0,-31063000000.0,-30703000000.0,3394000000.0,0.0,1556000000.0,1455000000.0,1455000000.0,0.0,0.0,0.219,4643000000.0,1991000000.0,0.0,0.384,0.662,10.436,10.502,2908000000.0,101000000.0,21.32,2.289,2.298,0.0,18010000000.0,6634000000.0,6634000000.0,0.0,0.008,0.066,0.01,0.3,123000000.0,4383000000.0,1.0,712241022.0,715102136,718893892.0,9.277,196918000000.0,0.0,435000000.0,0.0,275.37,
4,FITB,MRT,2020-06-30,2020-06-30,2020-06-30,2021-09-07,2951000000.0,202906000000.0,182186250000.0,,,0.036,31.248,-236000000.0,3221000000.0,3221000000.0,0.0,1524000000.0,,8.085,17874000000.0,,,17874000000.0,0.0,505000000.0,156946000000.0,0.053,1.02,1934000000.0,2439000000.0,0.371,2439000000.0,1934000000.0,1934000000.0,1.97,1.94,1.97,22335000000.0,21703750000.0,22335000000.0,32892659369.0,17.0,13.486,2732000000.0,3.822,1.0,6575000000.0,1.0,5108000000.0,0.0,212451000000.0,192644500000.0,0.0,180926000000.0,,,180571000000.0,,,13725659369.0,457000000.0,0.0,-650000000.0,555000000.0,-862000000.0,30809000000.0,-33320000000.0,-33054000000.0,2968000000.0,0.0,1524000000.0,1423000000.0,1423000000.0,0.0,0.0,0.216,4641000000.0,1934000000.0,0.0,0.518,0.615,9.646,9.787,2862000000.0,101000000.0,19.28,2.088,2.096,0.0,17643000000.0,6575000000.0,6575000000.0,0.0,0.008,0.066,0.01,0.294,125000000.0,4372000000.0,1.0,711911793.0,714766570,717571890.0,9.199,197798000000.0,0.0,410000000.0,0.0,276.731,
5,FITB,MRT,2020-03-31,2020-03-31,2020-03-31,2021-09-07,2477000000.0,185391000000.0,173660250000.0,,,0.04,30.654,-220000000.0,3282000000.0,3282000000.0,0.0,1782000000.0,,7.476,22449000000.0,,,22449000000.0,0.0,501000000.0,135061000000.0,0.067,0.99,2267000000.0,2768000000.0,0.394,2768000000.0,2267000000.0,2267000000.0,2.31,2.28,2.31,21873000000.0,21238500000.0,21873000000.0,23499853363.0,10.0,8.49,1503000000.0,2.106,1.0,7030000000.0,1.0,5130000000.0,0.0,199428000000.0,183886750000.0,0.0,163192000000.0,,,163518000000.0,,,10536853363.0,533000000.0,0.0,-850000000.0,2737000000.0,-800000000.0,12667000000.0,-13857000000.0,-13585000000.0,1723000000.0,0.0,1782000000.0,1687000000.0,1687000000.0,0.0,0.0,0.24,4763000000.0,2267000000.0,0.0,0.429,0.482,6.246,6.429,2828000000.0,95000000.0,14.85,1.499,1.507,0.0,17677000000.0,7030000000.0,7030000000.0,0.0,0.01,0.079,0.012,0.322,131000000.0,4484000000.0,1.0,709552415.0,713555693,720362697.0,9.852,180261000000.0,0.0,485000000.0,0.0,252.624,
6,FITB,MRT,2019-12-31,2019-12-31,2019-12-31,2021-09-07,1192000000.0,169369000000.0,169275750000.0,,,0.046,29.845,-214000000.0,3278000000.0,3278000000.0,0.0,2512000000.0,,6.988,16241000000.0,,,16241000000.0,0.0,472000000.0,127062000000.0,0.031,0.94,3202000000.0,3674000000.0,0.467,3674000000.0,3202000000.0,3202000000.0,3.38,3.33,3.38,21203000000.0,20682000000.0,21203000000.0,37950175784.0,12.0,10.329,1610000000.0,2.266,1.0,7862000000.0,1.0,5446000000.0,0.0,176886000000.0,178746250000.0,0.0,148612000000.0,,,148166000000.0,,,21815175784.0,597000000.0,1210000000.0,-1763000000.0,-1840000000.0,-753000000.0,-430000000.0,-797000000.0,-1767000000.0,1824000000.0,0.0,2512000000.0,2419000000.0,2419000000.0,0.0,0.0,0.308,4660000000.0,3202000000.0,0.0,0.278,1.029,9.018,9.095,2843000000.0,93000000.0,30.74,2.775,2.778,0.0,18315000000.0,7862000000.0,7862000000.0,0.0,0.014,0.117,0.018,0.407,132000000.0,4397000000.0,1.0,709667397.0,710433611,720065498.0,11.066,163923000000.0,0.0,690000000.0,0.0,230.737,
7,FITB,MRT,2019-09-30,2019-09-30,2019-09-30,2021-09-07,1635000000.0,171079000000.0,163450750000.0,,,0.045,29.453,-182000000.0,3261000000.0,3261000000.0,0.0,2233000000.0,,6.993,19396000000.0,,,19396000000.0,0.0,374000000.0,125347000000.0,0.034,0.92,2848000000.0,3222000000.0,0.44,3222000000.0,2848000000.0,2848000000.0,3.09,3.05,3.09,21404000000.0,19443750000.0,21404000000.0,34156701834.0,12.0,10.601,1192000000.0,1.64,1.0,7321000000.0,1.0,5401000000.0,0.0,181813000000.0,173738750000.0,0.0,150676000000.0,,,149675000000.0,,,20000701834.0,1161000000.0,1187000000.0,-1863000000.0,206000000.0,-764000000.0,4354000000.0,-4567000000.0,-5546000000.0,1374000000.0,0.0,2233000000.0,2150000000.0,2150000000.0,0.0,0.0,0.294,4473000000.0,2848000000.0,0.0,0.298,0.934,9.303,8.861,2922000000.0,83000000.0,27.38,2.732,2.718,0.0,17786000000.0,7321000000.0,7321000000.0,0.0,0.013,0.111,0.016,0.389,130000000.0,4170000000.0,1.0,730485823.0,726715542,736086399.0,10.074,165678000000.0,0.0,615000000.0,0.0,227.982,
8,FITB,MRT,2019-06-30,2019-06-30,2019-06-30,2021-09-07,1178000000.0,168802000000.0,156102250000.0,,,0.045,27.741,-123000000.0,2764000000.0,2764000000.0,0.0,2120000000.0,,7.235,16920000000.0,,,16920000000.0,0.0,332000000.0,125392000000.0,0.031,0.86,2709000000.0,3041000000.0,0.435,3041000000.0,2709000000.0,2709000000.0,2.99,2.95,2.99,20474000000.0,18050250000.0,20474000000.0,37182373501.0,14.0,12.227,2248000000.0,3.046,1.0,6995000000.0,1.0,5538000000.0,0.0,177420000000.0,166779250000.0,0.0,149311000000.0,,,148131000000.0,,,20489373501.0,712000000.0,1187000000.0,-2013000000.0,-945000000.0,-650000000.0,3134000000.0,-4793000000.0,-5799000000.0,2371000000.0,0.0,2120000000.0,2041000000.0,2041000000.0,0.0,0.0,0.292,4286000000.0,2709000000.0,0.0,0.288,1.001,10.039,9.331,2968000000.0,79000000.0,27.9,2.929,2.944,0.0,17431000000.0,6995000000.0,6995000000.0,0.0,0.013,0.113,0.016,0.387,131000000.0,4025000000.0,1.0,734386147.0,738051421,747749591.0,9.478,163264000000.0,0.0,589000000.0,0.0,221.21,
9,FITB,MRT,2019-03-31,2019-03-31,2019-03-31,2021-09-07,409000000.0,167853000000.0,149075500000.0,,,0.046,29.721,-105000000.0,2749000000.0,2749000000.0,0.0,2269000000.0,,7.533,19442000000.0,,,19442000000.0,0.0,356000000.0,123664000000.0,0.032,0.8,2880000000.0,3236000000.0,0.467,3236000000.0,2880000000.0,2880000000.0,3.26,3.2,3.26,19647000000.0,16989750000.0,19647000000.0,30566880832.0,11.0,9.446,3020000000.0,4.568,1.0,6924000000.0,1.0,5680000000.0,0.0,178866000000.0,160392500000.0,0.0,148795000000.0,,,148009000000.0,,,16323880832.0,711000000.0,1187000000.0,-2048000000.0,1979000000.0,-596000000.0,3011000000.0,-5425000000.0,-6449000000.0,3125000000.0,0.0,2269000000.0,2193000000.0,2193000000.0,0.0,0.0,0.317,4044000000.0,2880000000.0,0.0,0.245,0.831,7.444,7.736,3000000000.0,76000000.0,25.22,2.358,2.408,0.0,17184000000.0,6924000000.0,6924000000.0,0.0,0.015,0.129,0.018,0.416,136000000.0,3825000000.0,1.0,647259351.0,661057120,670685025.0,10.474,162173000000.0,0.0,611000000.0,0.0,245.324,
10,FITB,MRT,2018-12-31,2018-12-31,2018-12-31,2021-09-07,-112000000.0,146069000000.0,142487250000.0,,,0.047,24.133,-77000000.0,2681000000.0,2681000000.0,0.0,2193000000.0,,7.989,16924000000.0,,,16924000000.0,0.0,360000000.0,108835000000.0,0.031,0.74,2765000000.0,3125000000.0,0.465,3125000000.0,2765000000.0,2765000000.0,3.11,3.06,3.11,16250000000.0,16124000000.0,16250000000.0,31216635515.0,11.0,9.989,2779000000.0,4.127,1.0,6723000000.0,1.0,3456000000.0,0.0,156856000000.0,153765250000.0,0.0,130181000000.0,,,129819000000.0,,,15426635515.0,167000000.0,-43000000.0,-1453000000.0,-2134000000.0,-565000000.0,1452000000.0,-4141000000.0,-3939000000.0,2856000000.0,0.0,2193000000.0,2118000000.0,2118000000.0,0.0,0.0,0.315,3958000000.0,2765000000.0,0.0,0.238,0.949,7.284,7.566,2379000000.0,75000000.0,23.53,2.295,2.357,0.0,16578000000.0,6723000000.0,6723000000.0,0.0,0.015,0.131,0.018,0.411,127000000.0,3759000000.0,1.0,655615619.0,673346168,685488498.0,9.984,142613000000.0,0.0,572000000.0,0.0,211.797,
11,FITB,MRT,2018-09-30,2018-09-30,2018-09-30,2021-09-07,-775000000.0,141685000000.0,141490250000.0,,,0.047,23.711,-120000000.0,2100000000.0,2100000000.0,0.0,2234000000.0,,7.949,17890000000.0,,,17890000000.0,0.0,361000000.0,104342000000.0,0.024,0.68,2780000000.0,3141000000.0,0.474,3141000000.0,2780000000.0,2780000000.0,3.11,3.04,3.11,15830000000.0,16111500000.0,15830000000.0,33282132800.0,12.0,10.596,2059000000.0,3.084,1.0,6627000000.0,1.0,3500000000.0,0.0,153975000000.0,153383000000.0,0.0,127039000000.0,,,125835000000.0,,,18653132800.0,-105000000.0,-52000000.0,-1326000000.0,-1841000000.0,-438000000.0,-897000000.0,-1387000000.0,-1133000000.0,2179000000.0,0.0,2234000000.0,2158000000.0,2158000000.0,0.0,0.0,0.326,3847000000.0,2780000000.0,0.0,0.219,1.178,8.644,8.977,2442000000.0,76000000.0,27.92,2.815,2.813,0.0,16440000000.0,6627000000.0,6627000000.0,0.0,0.015,0.134,0.018,0.419,129000000.0,3723000000.0,1.0,668092149.0,667624132,679198715.0,9.926,138185000000.0,0.0,546000000.0,0.0,206.98,
12,FITB,MRT,2018-06-30,2018-06-30,2018-06-30,2021-09-07,-552000000.0,140695000000.0,141635000000.0,,,0.053,23.754,-128000000.0,2052000000.0,2052000000.0,0.0,2812000000.0,,7.667,16681000000.0,,,16681000000.0,0.0,397000000.0,104131000000.0,0.023,0.66,3719000000.0,4116000000.0,0.544,4116000000.0,3719000000.0,3719000000.0,3.86,3.78,3.86,16232000000.0,16244000000.0,16232000000.0,33948725901.0,9.0,8.248,2003000000.0,2.931,1.0,7569000000.0,1.0,3451000000.0,0.0,151873000000.0,154043000000.0,0.0,126009000000.0,,,124443000000.0,,,19673725901.0,-151000000.0,-52000000.0,-1816000000.0,-2193000000.0,-418000000.0,-2344000000.0,62000000.0,292000000.0,2131000000.0,0.0,2812000000.0,2736000000.0,2736000000.0,0.0,0.0,0.361,3850000000.0,3719000000.0,0.0,0.171,1.212,7.191,7.435,2521000000.0,76000000.0,28.7,2.599,2.591,0.0,16143000000.0,7569000000.0,7569000000.0,0.0,0.019,0.168,0.024,0.491,129000000.0,3725000000.0,1.0,685495676.0,683344844,696209943.0,11.076,137244000000.0,0.0,907000000.0,0.0,200.841,
13,FITB,MRT,2018-03-31,2018-03-31,2018-03-31,2021-09-07,-389000000.0,141500000000.0,141728000000.0,,,0.051,23.461,-170000000.0,2038000000.0,2038000000.0,0.0,2577000000.0,,7.742,16313000000.0,,,16313000000.0,0.0,345000000.0,105461000000.0,0.02,0.62,3465000000.0,3810000000.0,0.524,3810000000.0,3465000000.0,3465000000.0,3.48,3.41,3.48,16184000000.0,16290750000.0,16184000000.0,38604305353.0,11.0,10.132,1045000000.0,1.515,1.0,7271000000.0,1.0,3418000000.0,0.0,152357000000.0,154708750000.0,0.0,126127000000.0,,,125296000000.0,,,22028305353.0,-167000000.0,-64000000.0,-1923000000.0,537000000.0,-436000000.0,-660000000.0,-722000000.0,-384000000.0,1215000000.0,0.0,2577000000.0,2501000000.0,2501000000.0,0.0,0.0,0.344,3806000000.0,3465000000.0,0.0,0.178,1.361,8.808,9.124,2591000000.0,76000000.0,31.75,3.03,3.012,0.0,15707000000.0,7271000000.0,7271000000.0,0.0,0.018,0.154,0.022,0.477,118000000.0,3678000000.0,1.0,693804893.0,689820295,704100936.0,10.54,138082000000.0,0.0,888000000.0,0.0,200.171,
14,FITB,MRT,2017-12-31,2017-12-31,2017-12-31,2021-09-07,73000000.0,142081000000.0,141403000000.0,,,0.048,22.244,-191000000.0,2514000000.0,2514000000.0,0.0,2180000000.0,,7.769,19090000000.0,,,19090000000.0,0.0,341000000.0,103162000000.0,0.02,0.6,2979000000.0,3320000000.0,0.491,3320000000.0,2979000000.0,2979000000.0,2.86,2.81,2.86,16200000000.0,16352250000.0,16200000000.0,39047335671.0,13.0,11.761,1289000000.0,1.77,1.0,6761000000.0,1.0,3330000000.0,0.0,155327000000.0,154273750000.0,0.0,126725000000.0,,,125861000000.0,,,21407335671.0,122000000.0,-44000000.0,-1605000000.0,1040000000.0,-430000000.0,-1786000000.0,428000000.0,772000000.0,1480000000.0,0.0,2180000000.0,2105000000.0,2105000000.0,0.0,0.0,0.311,3782000000.0,2979000000.0,0.0,0.21,1.321,10.17,10.608,2649000000.0,75000000.0,30.34,3.166,3.268,0.0,14957000000.0,6761000000.0,6761000000.0,0.0,0.015,0.129,0.019,0.441,118000000.0,3653000000.0,1.0,705581268.0,728289200,740691433.0,9.283,138751000000.0,0.0,799000000.0,0.0,190.516,
15,FITB,MRT,2017-09-30,2017-09-30,2017-09-30,2021-09-07,185000000.0,142264000000.0,141427000000.0,,,0.048,22.682,-154000000.0,2205000000.0,2205000000.0,0.0,2063000000.0,,7.695,19845000000.0,,,19845000000.0,0.0,367000000.0,101452000000.0,0.021,0.58,3031000000.0,3398000000.0,0.502,3398000000.0,3031000000.0,3031000000.0,2.68,2.65,2.68,16360000000.0,16353500000.0,16360000000.0,37372588863.0,12.0,10.998,1965000000.0,2.724,1.0,6767000000.0,1.0,3289000000.0,0.0,156615000000.0,154109750000.0,0.0,127042000000.0,,,125884000000.0,,,20613588863.0,41000000.0,-12000000.0,-1487000000.0,-506000000.0,-438000000.0,-2335000000.0,257000000.0,532000000.0,2119000000.0,0.0,2063000000.0,1987000000.0,1987000000.0,0.0,0.0,0.294,3736000000.0,3031000000.0,0.0,0.216,1.26,10.374,10.44,2681000000.0,76000000.0,27.98,3.046,2.982,0.0,14748000000.0,6767000000.0,6767000000.0,0.0,0.014,0.122,0.02,0.448,120000000.0,3610000000.0,1.0,736725835.0,721280389,733284502.0,9.382,138975000000.0,0.0,968000000.0,0.0,192.678,
16,FITB,MRT,2017-06-30,2017-06-30,2017-06-30,2021-09-07,163000000.0,141067000000.0,141680750000.0,,,0.042,22.146,-212000000.0,2203000000.0,2203000000.0,0.0,1565000000.0,,7.59,18962000000.0,,,18962000000.0,0.0,395000000.0,101880000000.0,0.021,0.55,2236000000.0,2631000000.0,0.441,2631000000.0,2236000000.0,2236000000.0,1.97,1.95,1.97,16419000000.0,16457500000.0,16419000000.0,33099993676.0,15.0,12.581,1819000000.0,2.453,1.0,5970000000.0,1.0,3290000000.0,0.0,154536000000.0,154601000000.0,0.0,125840000000.0,,,124621000000.0,,,19476993676.0,-156000000.0,-12000000.0,-738000000.0,-1186000000.0,-435000000.0,-2437000000.0,250000000.0,583000000.0,2031000000.0,0.0,1565000000.0,1489000000.0,1489000000.0,0.0,0.0,0.249,3734000000.0,2236000000.0,0.0,0.279,1.186,13.081,13.178,2760000000.0,76000000.0,25.96,3.262,3.224,0.0,13862000000.0,5970000000.0,5970000000.0,0.0,0.011,0.09,0.014,0.375,117000000.0,3610000000.0,1.0,750269402.0,741400700,752328298.0,8.052,137777000000.0,0.0,671000000.0,0.0,185.833,
17,FITB,MRT,2017-03-31,2017-03-31,2017-03-31,2021-09-07,68000000.0,140200000000.0,142320250000.0,,,0.042,21.975,-206000000.0,2205000000.0,2205000000.0,0.0,1522000000.0,,7.532,15828000000.0,,,15828000000.0,0.0,432000000.0,104156000000.0,0.021,0.54,2173000000.0,2605000000.0,0.439,2605000000.0,2173000000.0,2173000000.0,1.91,1.89,1.91,16430000000.0,16534250000.0,16430000000.0,34713000000.0,16.0,13.326,2020000000.0,2.702,1.0,5929000000.0,1.0,3206000000.0,0.0,150617000000.0,155601250000.0,0.0,124896000000.0,,,123743000000.0,,,19050000000.0,-93000000.0,-176000000.0,-421000000.0,-2991000000.0,-406000000.0,-1952000000.0,-367000000.0,44000000.0,2226000000.0,0.0,1526000000.0,1450000000.0,1450000000.0,0.0,-4000000.0,0.245,3760000000.0,2169000000.0,0.0,0.283,1.159,13.138,13.298,2754000000.0,76000000.0,25.4,3.213,3.203,0.0,13625000000.0,5929000000.0,5929000000.0,0.0,0.01,0.088,0.014,0.367,130000000.0,3632000000.0,1.0,750000000.0,747667521,760809239.0,7.93,136994000000.0,0.0,647000000.0,0.0,183.229,
18,FITB,MRT,2016-12-31,2016-12-31,2016-12-31,2021-09-07,59000000.0,142177000000.0,142877750000.0,,,0.042,21.395,-230000000.0,2392000000.0,2392000000.0,0.0,1543000000.0,,7.772,18055000000.0,,,18055000000.0,0.0,453000000.0,103821000000.0,0.02,0.53,2212000000.0,2665000000.0,0.447,2665000000.0,2212000000.0,2212000000.0,1.92,1.91,1.92,16205000000.0,16507500000.0,16205000000.0,38724896580.0,18.0,14.531,1861000000.0,2.457,1.0,5968000000.0,1.0,3169000000.0,0.0,154671000000.0,156942500000.0,0.0,125969000000.0,,,125945000000.0,,,20378896580.0,-148000000.0,-219000000.0,-661000000.0,625000000.0,-402000000.0,625000000.0,-2864000000.0,-2415000000.0,2091000000.0,0.0,1547000000.0,1472000000.0,1472000000.0,0.0,-4000000.0,0.247,3760000000.0,2208000000.0,0.0,0.276,1.258,13.844,14.047,2803000000.0,75000000.0,26.97,3.415,3.423,0.0,13441000000.0,5968000000.0,5968000000.0,0.0,0.01,0.089,0.014,0.371,111000000.0,3628000000.0,1.0,755613518.0,757432291,764495353.0,7.879,139008000000.0,0.0,665000000.0,0.0,183.525,
19,FITB,MRT,2016-09-30,2016-09-30,2016-09-30,2021-09-07,755000000.0,143279000000.0,142595500000.0,,,0.045,22.342,-290000000.0,2164000000.0,2164000000.0,0.0,1822000000.0,,7.539,20510000000.0,,,20510000000.0,0.0,449000000.0,101271000000.0,0.025,0.52,2508000000.0,2957000000.0,0.462,2957000000.0,2508000000.0,2508000000.0,2.25,2.23,2.25,16776000000.0,16416000000.0,16776000000.0,33639021472.0,13.0,11.376,1811000000.0,2.412,1.0,6407000000.0,1.0,3045000000.0,0.0,158580000000.0,156465500000.0,0.0,127110000000.0,,,126475000000.0,,,15680021472.0,-291000000.0,-219000000.0,-721000000.0,-105000000.0,-406000000.0,-424000000.0,-1968000000.0,-1459000000.0,2101000000.0,0.0,1826000000.0,1750000000.0,1750000000.0,0.0,-4000000.0,0.273,3903000000.0,2504000000.0,0.0,0.231,0.935,8.96,9.093,2855000000.0,76000000.0,20.46,2.447,2.398,0.0,13180000000.0,6407000000.0,6407000000.0,0.0,0.012,0.107,0.016,0.391,108000000.0,3762000000.0,1.0,766374461.0,750885834,757855877.0,8.533,140234000000.0,0.0,682000000.0,0.0,186.758,
20,FITB,MRT,2016-06-30,2016-06-30,2016-06-30,2021-09-07,889000000.0,143625000000.0,142255250000.0,,,0.044,22.034,-293000000.0,2359000000.0,2359000000.0,0.0,1687000000.0,,7.585,20318000000.0,,,20318000000.0,0.0,448000000.0,101871000000.0,0.03,0.52,2329000000.0,2777000000.0,0.448,2777000000.0,2329000000.0,2329000000.0,2.05,2.03,2.05,16726000000.0,16178500000.0,16726000000.0,30168156524.0,13.0,10.864,1877000000.0,2.473,1.0,6198000000.0,1.0,3047000000.0,0.0,158537000000.0,156030500000.0,0.0,127223000000.0,,,126871000000.0,,,13504156524.0,-426000000.0,-219000000.0,-780000000.0,2398000000.0,-411000000.0,480000000.0,-3076000000.0,-2564000000.0,2170000000.0,0.0,1691000000.0,1615000000.0,1615000000.0,0.0,-4000000.0,0.261,3873000000.0,2325000000.0,0.0,0.254,0.807,8.362,8.58,2900000000.0,76000000.0,17.59,2.179,2.154,0.0,12778000000.0,6198000000.0,6198000000.0,0.0,0.011,0.1,0.015,0.376,113000000.0,3722000000.0,1.0,767717824.0,759105385,764811003.0,8.165,140578000000.0,0.0,638000000.0,0.0,185.189,
21,FITB,MRT,2016-03-31,2016-03-31,2016-03-31,2021-09-07,684000000.0,142430000000.0,141763500000.0,,,0.043,21.101,-239000000.0,2298000000.0,2298000000.0,0.0,1672000000.0,,7.724,18962000000.0,,,18962000000.0,0.0,444000000.0,102475000000.0,0.031,0.52,2321000000.0,2765000000.0,0.449,2765000000.0,2321000000.0,2321000000.0,2.01,2.0,2.01,16323000000.0,15898250000.0,16323000000.0,28219387561.0,12.0,10.206,2071000000.0,2.677,1.0,6152000000.0,1.0,3112000000.0,0.0,155982000000.0,154739500000.0,0.0,125251000000.0,,,126075000000.0,,,13257387561.0,-622000000.0,-43000000.0,-910000000.0,3292000000.0,-417000000.0,1152000000.0,-4084000000.0,-3802000000.0,2310000000.0,0.0,1678000000.0,1602000000.0,1602000000.0,0.0,-6000000.0,0.26,3837000000.0,2315000000.0,0.0,0.259,0.812,8.276,8.303,2923000000.0,76000000.0,16.69,2.155,2.099,0.0,12570000000.0,6152000000.0,6152000000.0,0.0,0.011,0.101,0.015,0.377,105000000.0,3685000000.0,1.0,794331190.0,773564178,777757934.0,7.953,139318000000.0,0.0,643000000.0,0.0,180.099,
22,FITB,MRT,2015-12-31,2015-12-31,2015-12-31,2021-09-07,197000000.0,141048000000.0,141273500000.0,,,0.043,19.833,-212000000.0,2540000000.0,2540000000.0,0.0,1706000000.0,,7.903,17468000000.0,,,17468000000.0,0.0,441000000.0,103205000000.0,0.026,0.52,2371000000.0,2812000000.0,0.458,2812000000.0,2371000000.0,2371000000.0,2.03,2.01,2.03,15839000000.0,15783500000.0,15839000000.0,34074056919.0,14.0,12.117,2206000000.0,2.762,1.0,6140000000.0,1.0,3213000000.0,0.0,152763000000.0,153243750000.0,0.0,124384000000.0,,,125178000000.0,,,15966056919.0,-551000000.0,0.0,-850000000.0,844000000.0,-422000000.0,962000000.0,-3931000000.0,-3719000000.0,2418000000.0,0.0,1712000000.0,1637000000.0,1637000000.0,0.0,-6000000.0,0.267,3775000000.0,2365000000.0,0.0,0.256,1.008,9.753,9.901,2946000000.0,75000000.0,20.1,2.6,2.614,0.0,12358000000.0,6140000000.0,6140000000.0,0.0,0.012,0.104,0.015,0.386,100000000.0,3622000000.0,1.0,794331190.0,798628173,807658669.0,7.688,137835000000.0,0.0,659000000.0,0.0,172.59,
23,FITB,MRT,2015-09-30,2015-09-30,2015-09-30,2021-09-07,522000000.0,141918000000.0,140688000000.0,,,0.04,19.887,-198000000.0,2455000000.0,2455000000.0,0.0,1436000000.0,,7.965,20563000000.0,,,20563000000.0,0.0,440000000.0,100893000000.0,0.027,0.52,1942000000.0,2382000000.0,0.42,2382000000.0,1942000000.0,1942000000.0,1.67,1.66,1.67,15826000000.0,15730250000.0,15826000000.0,30301669399.0,16.0,12.721,1840000000.0,2.312,1.0,5666000000.0,1.0,3186000000.0,0.0,156840000000.0,152301250000.0,0.0,124631000000.0,,,126060000000.0,,,15303669399.0,-670000000.0,0.0,-815000000.0,3224000000.0,-428000000.0,5480000000.0,-8188000000.0,-7990000000.0,2038000000.0,0.0,1442000000.0,1366000000.0,1366000000.0,0.0,-6000000.0,0.241,3730000000.0,1936000000.0,0.0,0.311,0.967,11.203,11.323,2944000000.0,76000000.0,18.91,2.701,2.656,0.0,11826000000.0,5666000000.0,5666000000.0,0.0,0.01,0.087,0.013,0.343,98000000.0,3579000000.0,1.0,809289762.0,795792825,805022588.0,7.12,138732000000.0,0.0,500000000.0,0.0,174.332,
24,FITB,MRT,2015-06-30,2015-06-30,2015-06-30,2021-09-07,291000000.0,141658000000.0,138755500000.0,,,0.04,19.41,-257000000.0,2785000000.0,2785000000.0,0.0,1395000000.0,,8.076,17783000000.0,,,17783000000.0,0.0,435000000.0,103023000000.0,0.025,0.52,1891000000.0,2326000000.0,0.418,2326000000.0,1891000000.0,1891000000.0,1.6,1.6,1.6,15605000000.0,15624750000.0,15605000000.0,29610824548.0,16.0,12.73,1804000000.0,2.244,1.0,5560000000.0,1.0,3283000000.0,0.0,153373000000.0,149318750000.0,0.0,124370000000.0,,,126020000000.0,,,16862824548.0,-527000000.0,0.0,-740000000.0,481000000.0,-432000000.0,6285000000.0,-8873000000.0,-8616000000.0,2061000000.0,0.0,1401000000.0,1328000000.0,1328000000.0,0.0,-6000000.0,0.239,3675000000.0,1885000000.0,0.0,0.325,1.081,12.698,13.012,2968000000.0,73000000.0,20.82,3.033,3.011,0.0,11564000000.0,5560000000.0,5560000000.0,0.0,0.01,0.085,0.013,0.34,90000000.0,3527000000.0,1.0,809933936.0,803965057,812842540.0,6.916,138375000000.0,0.0,490000000.0,0.0,172.116,
25,FITB,MRT,2015-03-31,2015-03-31,2015-03-31,2021-09-07,588000000.0,140470000000.0,136481500000.0,,,0.042,19.58,-247000000.0,2920000000.0,2920000000.0,0.0,1525000000.0,,7.852,15668000000.0,,,15668000000.0,0.0,423000000.0,103415000000.0,0.028,0.52,2074000000.0,2497000000.0,0.434,2497000000.0,2074000000.0,2074000000.0,1.73,1.73,1.73,15864000000.0,15590750000.0,15864000000.0,29108530423.0,14.0,11.657,1992000000.0,2.459,1.0,5756000000.0,1.0,3219000000.0,0.0,149999000000.0,146762000000.0,0.0,122565000000.0,,,124566000000.0,,,15532530423.0,-233000000.0,0.0,-735000000.0,1283000000.0,-427000000.0,6865000000.0,-9337000000.0,-9090000000.0,2239000000.0,0.0,1525000000.0,1452000000.0,1452000000.0,0.0,0.0,0.252,3682000000.0,2074000000.0,0.0,0.301,0.979,10.697,10.896,3128000000.0,73000000.0,18.85,2.698,2.653,0.0,11380000000.0,5756000000.0,5756000000.0,0.0,0.011,0.093,0.014,0.36,87000000.0,3535000000.0,1.0,824006919.0,810209585,818672259.0,7.104,137251000000.0,0.0,549000000.0,0.0,169.402,
26,FITB,MRT,2014-12-31,2014-12-31,2014-12-31,2021-09-07,429000000.0,138706000000.0,133777500000.0,,,0.043,18.756,-258000000.0,3091000000.0,3091000000.0,0.0,1483000000.0,,7.874,16667000000.0,,,16667000000.0,0.0,414000000.0,101712000000.0,0.025,0.51,2026000000.0,2440000000.0,0.425,2440000000.0,2026000000.0,2026000000.0,1.68,1.66,1.68,15626000000.0,15331250000.0,15626000000.0,30878140975.0,15.0,12.655,1818000000.0,2.182,1.0,5737000000.0,1.0,3289000000.0,0.0,148993000000.0,143589750000.0,0.0,120892000000.0,,,123041000000.0,,,16789140975.0,-87000000.0,0.0,-654000000.0,5207000000.0,-423000000.0,6775000000.0,-8938000000.0,-8680000000.0,2076000000.0,0.0,1481000000.0,1414000000.0,1414000000.0,0.0,2000000.0,0.246,3709000000.0,2028000000.0,0.0,0.304,1.074,11.874,12.128,3193000000.0,67000000.0,20.375,2.926,2.959,0.0,11141000000.0,5737000000.0,5737000000.0,0.0,0.011,0.092,0.014,0.353,83000000.0,3568000000.0,1.0,824006919.0,833116349,842967356.0,6.886,135417000000.0,0.0,545000000.0,0.0,162.543,
27,FITB,MRT,2014-09-30,2014-09-30,2014-09-30,2021-09-07,301000000.0,134188000000.0,131711750000.0,,,0.044,18.573,-303000000.0,3125000000.0,3125000000.0,0.0,1500000000.0,,7.709,17214000000.0,,,17214000000.0,0.0,404000000.0,97292000000.0,0.025,0.5,2069000000.0,2473000000.0,0.423,2473000000.0,2069000000.0,2069000000.0,1.67,1.68,1.67,15404000000.0,15072000000.0,15404000000.0,30649369285.0,15.0,12.394,2020000000.0,2.436,1.0,5850000000.0,1.0,3367000000.0,0.0,144910000000.0,140130500000.0,0.0,116980000000.0,,,118745000000.0,,,16701369285.0,238000000.0,0.0,-1130000000.0,5391000000.0,-421000000.0,7659000000.0,-9744000000.0,-9441000000.0,2323000000.0,0.0,1500000000.0,1437000000.0,1437000000.0,0.0,0.0,0.246,3781000000.0,2069000000.0,0.0,0.299,1.084,11.622,11.988,3199000000.0,63000000.0,20.02,2.855,2.838,0.0,10886000000.0,5850000000.0,5850000000.0,0.0,0.011,0.095,0.015,0.354,81000000.0,3639000000.0,1.0,834234230.0,829391505,838324420.0,7.053,130821000000.0,0.0,569000000.0,0.0,157.731,
28,FITB,MRT,2014-06-30,2014-06-30,2014-06-30,2021-09-07,382000000.0,132562000000.0,129583000000.0,,,0.047,18.449,-311000000.0,3312000000.0,3312000000.0,0.0,1581000000.0,,7.567,17260000000.0,,,17260000000.0,0.0,431000000.0,95952000000.0,0.023,0.49,2209000000.0,2640000000.0,0.436,2640000000.0,2209000000.0,2209000000.0,1.75,1.76,1.75,15469000000.0,14881250000.0,15469000000.0,29223444224.0,13.0,11.069,2658000000.0,3.17,1.0,6061000000.0,1.0,3364000000.0,0.0,143146000000.0,136713000000.0,0.0,115463000000.0,,,117054000000.0,,,18158444224.0,922000000.0,0.0,-905000000.0,7580000000.0,-413000000.0,9414000000.0,-11461000000.0,-11150000000.0,2969000000.0,0.0,1581000000.0,1530000000.0,1530000000.0,0.0,0.0,0.252,3852000000.0,2209000000.0,0.0,0.28,1.174,11.868,12.2,3158000000.0,51000000.0,21.35,2.996,2.954,0.0,10666000000.0,6061000000.0,6061000000.0,0.0,0.012,0.103,0.016,0.364,80000000.0,3714000000.0,1.0,850512610.0,838492046,848245111.0,7.228,129198000000.0,0.0,628000000.0,0.0,154.084,
29,FITB,MRT,2014-03-31,2014-03-31,2014-03-31,2021-09-07,196000000.0,129654000000.0,127282500000.0,,,0.05,17.528,-419000000.0,3153000000.0,3153000000.0,0.0,1733000000.0,,7.742,14218000000.0,,,14218000000.0,0.0,468000000.0,96874000000.0,0.021,0.48,2444000000.0,2912000000.0,0.457,2912000000.0,2444000000.0,2444000000.0,1.93,1.92,1.93,14826000000.0,14573750000.0,14826000000.0,28384490004.0,12.0,9.747,3291000000.0,3.891,1.0,6377000000.0,1.0,3409000000.0,0.0,137310000000.0,132756500000.0,0.0,112495000000.0,,,114790000000.0,,,20265490004.0,967000000.0,0.0,-1294000000.0,3240000000.0,-408000000.0,7757000000.0,-10500000000.0,-10081000000.0,3710000000.0,0.0,1733000000.0,1696000000.0,1696000000.0,0.0,0.0,0.266,3933000000.0,2444000000.0,0.0,0.249,1.367,11.949,11.894,3242000000.0,37000000.0,22.955,3.178,3.045,0.0,10363000000.0,6377000000.0,6377000000.0,0.0,0.013,0.116,0.018,0.383,78000000.0,3799000000.0,1.0,882835548.0,845860065,857923596.0,7.539,126245000000.0,0.0,711000000.0,0.0,149.25,
30,FITB,MRT,2013-12-31,2013-12-31,2013-12-31,2021-09-07,82000000.0,130443000000.0,125214500000.0,,,0.052,16.779,-447000000.0,3178000000.0,3178000000.0,0.0,1826000000.0,,7.939,11297000000.0,,,11297000000.0,0.0,507000000.0,99275000000.0,0.022,0.47,2608000000.0,3115000000.0,0.475,3115000000.0,2608000000.0,2608000000.0,2.05,2.02,2.05,14589000000.0,14337750000.0,14589000000.0,27489031574.0,11.0,8.825,4148000000.0,4.771,1.0,6559000000.0,1.0,3406000000.0,0.0,135156000000.0,130211000000.0,0.0,112240000000.0,,,115817000000.0,,,18566031574.0,737000000.0,0.0,-1320000000.0,-2699000000.0,-393000000.0,6326000000.0,-10184000000.0,-9737000000.0,4595000000.0,0.0,1836000000.0,1799000000.0,1799000000.0,0.0,-10000000.0,0.274,3961000000.0,2598000000.0,0.0,0.229,1.273,10.32,10.259,3261000000.0,37000000.0,21.03,2.831,2.788,0.0,10156000000.0,6559000000.0,6559000000.0,0.0,0.014,0.125,0.02,0.398,78000000.0,3827000000.0,1.0,882835548.0,869462977,894736445.0,7.544,127037000000.0,0.0,772000000.0,0.0,146.11,
31,FITB,MRT,2013-09-30,2013-09-30,2013-09-30,2021-09-07,218000000.0,125673000000.0,123077250000.0,,,0.055,16.634,-471000000.0,2887000000.0,2887000000.0,0.0,1819000000.0,,7.581,11810000000.0,,,11810000000.0,0.0,553000000.0,94126000000.0,0.025,0.45,2589000000.0,3142000000.0,0.468,3142000000.0,2589000000.0,2589000000.0,2.04,2.01,2.04,14641000000.0,14119500000.0,14641000000.0,22667104888.0,9.0,7.214,3177000000.0,3.609,1.0,6711000000.0,1.0,3356000000.0,0.0,131240000000.0,129066750000.0,0.0,108097000000.0,,,110993000000.0,,,15369104888.0,397000000.0,0.0,-889000000.0,-2383000000.0,-374000000.0,6331000000.0,-9582000000.0,-9111000000.0,3648000000.0,0.0,1832000000.0,1805000000.0,1805000000.0,0.0,-13000000.0,0.269,4135000000.0,2576000000.0,0.0,0.221,1.05,8.515,8.848,3235000000.0,27000000.0,18.05,2.29,2.367,0.0,9876000000.0,6711000000.0,6711000000.0,0.0,0.015,0.128,0.02,0.386,75000000.0,4007000000.0,1.0,851473955.0,880182513,888111269.0,7.625,122317000000.0,0.0,757000000.0,0.0,138.968,
32,FITB,MRT,2013-06-30,2013-06-30,2013-06-30,2021-09-07,149000000.0,123360000000.0,121029750000.0,,,0.055,16.584,-460000000.0,2390000000.0,2390000000.0,0.0,1762000000.0,,7.661,9688000000.0,,,9688000000.0,0.0,553000000.0,93454000000.0,0.024,0.43,2487000000.0,3040000000.0,0.457,3040000000.0,2487000000.0,2487000000.0,1.96,1.92,1.96,14239000000.0,13888750000.0,14239000000.0,24746337286.0,10.0,8.14,2615000000.0,3.046,1.0,6657000000.0,1.0,3338000000.0,0.0,127320000000.0,127802500000.0,0.0,105234000000.0,,,109083000000.0,,,15787337286.0,-3000000.0,0.0,-1239000000.0,-5114000000.0,-345000000.0,3020000000.0,-6098000000.0,-5638000000.0,3075000000.0,0.0,1774000000.0,1738000000.0,1738000000.0,0.0,-12000000.0,0.261,4182000000.0,2475000000.0,0.0,0.219,1.109,9.084,9.209,3185000000.0,36000000.0,18.05,2.372,2.328,0.0,9561000000.0,6657000000.0,6657000000.0,0.0,0.014,0.125,0.019,0.374,73000000.0,4057000000.0,1.0,874644725.0,858582710,900625454.0,7.753,120022000000.0,0.0,713000000.0,0.0,139.791,
33,FITB,MRT,2013-03-31,2013-03-31,2013-03-31,2021-09-07,333000000.0,121382000000.0,119575500000.0,,,0.053,15.939,-460000000.0,2186000000.0,2186000000.0,0.0,1556000000.0,,7.741,11145000000.0,,,11145000000.0,0.0,540000000.0,91624000000.0,0.024,0.39,2211000000.0,2751000000.0,0.438,2751000000.0,2211000000.0,2211000000.0,1.7,1.67,1.7,13882000000.0,13772250000.0,13882000000.0,26462691957.0,12.0,9.619,1427000000.0,1.638,1.0,6283000000.0,1.0,3213000000.0,0.0,127128000000.0,127698250000.0,0.0,104634000000.0,,,107462000000.0,,,14637691957.0,-49000000.0,0.0,-775000000.0,-1764000000.0,-323000000.0,2925000000.0,-4861000000.0,-4401000000.0,1887000000.0,0.0,1568000000.0,1532000000.0,1532000000.0,0.0,-12000000.0,0.244,4084000000.0,2199000000.0,0.0,0.229,1.054,9.555,9.594,3138000000.0,36000000.0,16.31,2.33,2.261,0.0,9084000000.0,6283000000.0,6283000000.0,0.0,0.013,0.111,0.017,0.352,67000000.0,3962000000.0,1.0,897467318.0,870923074,913163262.0,7.214,118169000000.0,0.0,643000000.0,0.0,135.682,
34,FITB,MRT,2012-12-31,2012-12-31,2012-12-31,2021-09-07,375000000.0,121894000000.0,118416750000.0,,,0.053,15.165,-475000000.0,2441000000.0,2441000000.0,0.0,1574000000.0,,7.883,14266000000.0,,,14266000000.0,0.0,531000000.0,89517000000.0,0.024,0.36,2212000000.0,2743000000.0,0.436,2743000000.0,2212000000.0,2212000000.0,1.69,1.66,1.69,13716000000.0,13691750000.0,13716000000.0,25467503234.0,12.0,9.285,2082000000.0,2.302,1.0,6291000000.0,1.0,3140000000.0,0.0,130579000000.0,126950250000.0,0.0,104986000000.0,,,108130000000.0,,,13641503234.0,-222000000.0,0.0,-650000000.0,960000000.0,-309000000.0,3754000000.0,-6533000000.0,-6058000000.0,2557000000.0,0.0,1576000000.0,1541000000.0,1541000000.0,0.0,-2000000.0,0.245,4081000000.0,2210000000.0,0.0,0.213,0.995,8.852,8.994,3123000000.0,35000000.0,15.2,2.168,2.185,0.0,8768000000.0,6291000000.0,6291000000.0,0.0,0.013,0.113,0.017,0.352,69000000.0,3960000000.0,1.0,897467318.0,904425226,945554102.0,6.956,118754000000.0,0.0,636000000.0,0.0,131.303,
35,FITB,MRT,2012-09-30,2012-09-30,2012-09-30,2021-09-07,468000000.0,117483000000.0,117185000000.0,,,0.051,15.167,-483000000.0,2490000000.0,2490000000.0,0.0,1493000000.0,,7.56,14316000000.0,,,14316000000.0,0.0,517000000.0,84688000000.0,0.022,0.34,2088000000.0,2605000000.0,0.434,2605000000.0,2088000000.0,2088000000.0,1.59,1.55,1.59,13718000000.0,13563000000.0,13718000000.0,26793749988.0,13.0,10.286,1959000000.0,2.166,1.0,5998000000.0,1.0,3126000000.0,0.0,126183000000.0,125413750000.0,0.0,100116000000.0,,,103714000000.0,,,14247749988.0,142000000.0,0.0,-425000000.0,-735000000.0,-295000000.0,1167000000.0,-3467000000.0,-2984000000.0,2442000000.0,0.0,1492000000.0,1456000000.0,1456000000.0,0.0,1000000.0,0.243,3909000000.0,2089000000.0,0.0,0.214,1.039,9.786,9.752,3062000000.0,36000000.0,15.505,2.375,2.338,0.0,8466000000.0,5998000000.0,5998000000.0,0.0,0.012,0.107,0.017,0.348,74000000.0,3791000000.0,1.0,918913253.0,904474989,944820608.0,6.631,114357000000.0,0.0,596000000.0,0.0,126.435,
36,FITB,MRT,2012-06-30,2012-06-30,2012-06-30,2021-09-07,454000000.0,117543000000.0,116540500000.0,,,0.051,15.077,-416000000.0,2393000000.0,2393000000.0,0.0,1510000000.0,,7.531,14939000000.0,,,14939000000.0,0.0,494000000.0,84273000000.0,0.024,0.32,2116000000.0,2610000000.0,0.438,2610000000.0,2116000000.0,2116000000.0,1.61,1.57,1.61,13773000000.0,13390750000.0,13773000000.0,22937754956.0,11.0,8.788,1129000000.0,1.236,1.0,5965000000.0,1.0,3186000000.0,0.0,126903000000.0,125006500000.0,0.0,100227000000.0,,,103719000000.0,,,12328754956.0,13000000.0,0.0,-75000000.0,1451000000.0,-230000000.0,4804000000.0,-6336000000.0,-5920000000.0,1545000000.0,0.0,1510000000.0,1475000000.0,1475000000.0,0.0,0.0,0.247,3849000000.0,2116000000.0,0.0,0.199,0.895,8.358,8.323,3017000000.0,35000000.0,13.4,2.067,2.052,0.0,8201000000.0,5965000000.0,5965000000.0,0.0,0.013,0.11,0.017,0.355,65000000.0,3727000000.0,1.0,920056340.0,913540510,954622463.0,6.53,114357000000.0,0.0,606000000.0,0.0,125.18,
37,FITB,MRT,2012-03-31,2012-03-31,2012-03-31,2021-09-07,468000000.0,116747000000.0,114856000000.0,,,0.051,14.816,-345000000.0,2235000000.0,2235000000.0,0.0,1462000000.0,,7.606,12844000000.0,,,12844000000.0,0.0,471000000.0,85791000000.0,0.021,0.3,2057000000.0,2528000000.0,0.431,2528000000.0,2057000000.0,2057000000.0,1.56,1.52,1.56,13560000000.0,13090500000.0,13560000000.0,23522289201.0,11.0,9.305,2033000000.0,2.221,1.0,5870000000.0,1.0,3220000000.0,0.0,124136000000.0,122873000000.0,0.0,99808000000.0,,,103137000000.0,,,12918289201.0,114000000.0,0.0,0.0,458000000.0,-211000000.0,3704000000.0,-5968000000.0,-5623000000.0,2378000000.0,0.0,1462000000.0,1427000000.0,1427000000.0,0.0,0.0,0.243,3813000000.0,2057000000.0,0.0,0.192,0.953,9.053,9.003,2980000000.0,35000000.0,14.045,2.201,2.19,0.0,7902000000.0,5870000000.0,5870000000.0,0.0,0.012,0.109,0.017,0.35,61000000.0,3692000000.0,1.0,919778512.0,915225816,957415527.0,6.414,113527000000.0,0.0,595000000.0,0.0,124.043,
38,FITB,MRT,2011-12-31,2011-12-31,2011-12-31,2021-09-07,470000000.0,116967000000.0,113290500000.0,,,0.049,14.563,-343000000.0,2663000000.0,2663000000.0,0.0,1298000000.0,,7.857,13267000000.0,,,13267000000.0,0.0,455000000.0,85710000000.0,0.022,0.28,1830000000.0,2285000000.0,0.409,2285000000.0,1830000000.0,1830000000.0,1.2,1.18,1.2,13201000000.0,12741250000.0,13201000000.0,24472582673.0,13.0,10.71,2023000000.0,2.232,1.0,5589000000.0,1.0,3138000000.0,0.0,124433000000.0,121134500000.0,0.0,99359000000.0,,,103716000000.0,,,11699582673.0,504000000.0,0.0,1648000000.0,1625000000.0,-192000000.0,3423000000.0,-5285000000.0,-4942000000.0,2366000000.0,0.0,1297000000.0,1094000000.0,1094000000.0,0.0,1000000.0,0.196,3758000000.0,1831000000.0,0.0,0.233,0.886,10.694,10.6,2944000000.0,203000000.0,12.72,2.093,2.063,0.0,7554000000.0,5589000000.0,5589000000.0,0.0,0.01,0.086,0.015,0.327,59000000.0,3638000000.0,1.0,919778512.0,906460550,949545420.0,6.166,113829000000.0,0.0,533000000.0,0.0,125.575,
39,FITB,MRT,2011-09-30,2011-09-30,2011-09-30,2021-09-07,542000000.0,114905000000.0,111800500000.0,,,0.05,14.24,-290000000.0,2348000000.0,2348000000.0,0.0,1316000000.0,,7.817,15121000000.0,,,15121000000.0,0.0,456000000.0,82047000000.0,0.021,0.21,1830000000.0,2286000000.0,0.41,2286000000.0,1830000000.0,1830000000.0,1.21,1.19,1.21,13029000000.0,12953750000.0,13029000000.0,20167163184.0,11.0,8.822,3384000000.0,3.699,1.0,5581000000.0,1.0,3124000000.0,0.0,124554000000.0,119265750000.0,0.0,97398000000.0,,,101847000000.0,,,9290163184.0,133000000.0,0.0,1648000000.0,2023000000.0,-126000000.0,441000000.0,-3982000000.0,-3683000000.0,3674000000.0,0.0,1316000000.0,1059000000.0,1059000000.0,0.0,0.0,0.19,3751000000.0,1830000000.0,0.0,0.174,0.713,8.773,8.347,2872000000.0,257000000.0,10.1,1.665,1.656,0.0,7323000000.0,5581000000.0,5581000000.0,0.0,0.009,0.082,0.015,0.328,74000000.0,3633000000.0,1.0,919818137.0,914946545,,6.1,111781000000.0,0.0,514000000.0,0.0,122.172,
40,FITB,MRT,2011-06-30,2011-06-30,2011-06-30,2021-09-07,396000000.0,110805000000.0,111154750000.0,,,0.048,13.746,-290000000.0,2380000000.0,2380000000.0,0.0,1173000000.0,,7.811,13257000000.0,,,13257000000.0,0.0,466000000.0,80598000000.0,0.011,0.14,1603000000.0,2069000000.0,0.384,2069000000.0,1603000000.0,1603000000.0,1.02,1.01,1.02,12572000000.0,13167500000.0,12572000000.0,21776782102.0,14.0,10.525,4665000000.0,5.101,1.0,5387000000.0,1.0,3313000000.0,0.0,118369000000.0,118156000000.0,0.0,93971000000.0,,,98204000000.0,,,11713782102.0,164000000.0,0.0,1648000000.0,609000000.0,-126000000.0,-3183000000.0,-1608000000.0,-1315000000.0,4955000000.0,0.0,1173000000.0,861000000.0,861000000.0,0.0,0.0,0.16,3784000000.0,1603000000.0,0.0,0.137,0.932,13.605,12.5,2887000000.0,312000000.0,12.75,2.174,2.165,0.0,7024000000.0,5387000000.0,5387000000.0,0.0,0.008,0.065,0.014,0.298,73000000.0,3674000000.0,1.0,918728008.0,914600600,,5.89,107492000000.0,0.0,430000000.0,0.0,117.529,
41,FITB,MRT,2011-03-31,2011-03-31,2011-03-31,2021-09-07,263000000.0,110485000000.0,111459750000.0,,,0.046,13.809,-293000000.0,2121000000.0,2121000000.0,0.0,1028000000.0,,8.081,12184000000.0,,,12184000000.0,0.0,472000000.0,82317000000.0,0.006,0.09,1339000000.0,1811000000.0,0.351,1811000000.0,1339000000.0,1339000000.0,0.82,0.82,0.82,12163000000.0,13449750000.0,12163000000.0,20308392204.0,15.0,11.214,3985000000.0,4.524,1.0,5157000000.0,1.0,3366000000.0,0.0,117182000000.0,118425750000.0,0.0,94129000000.0,,,98293000000.0,,,11056392204.0,-12000000.0,0.0,1648000000.0,-432000000.0,-79000000.0,-3953000000.0,-337000000.0,-40000000.0,4278000000.0,0.0,1028000000.0,663000000.0,663000000.0,0.0,0.0,0.129,3818000000.0,1339000000.0,0.0,0.11,0.909,16.676,16.933,2902000000.0,365000000.0,13.885,2.144,2.372,0.0,6752000000.0,5157000000.0,5157000000.0,0.0,0.006,0.049,0.011,0.26,71000000.0,3706000000.0,1.0,796283198.0,880829800,,5.855,107119000000.0,0.0,311000000.0,0.0,121.611,
42,FITB,MRT,2010-12-31,2010-12-31,2010-12-31,2021-09-07,314000000.0,111007000000.0,112001250000.0,,,0.043,17.767,-235000000.0,2159000000.0,2159000000.0,0.0,753000000.0,,6.898,11411000000.0,,,11411000000.0,0.0,457000000.0,81648000000.0,0.003,0.04,940000000.0,1397000000.0,0.291,1397000000.0,940000000.0,940000000.0,0.63,0.63,0.63,14051000000.0,13761000000.0,14051000000.0,22570437347.0,24.0,16.156,3070000000.0,3.882,1.0,4795000000.0,1.0,3301000000.0,0.0,116958000000.0,119095000000.0,0.0,94279000000.0,,,96927000000.0,,,11689437347.0,-159000000.0,63000000.0,0.0,-2324000000.0,-32000000.0,-5172000000.0,1708000000.0,1880000000.0,3305000000.0,0.0,753000000.0,503000000.0,503000000.0,0.0,0.0,0.105,3855000000.0,940000000.0,0.0,0.063,0.832,23.239,23.302,2868000000.0,250000000.0,14.68,2.438,2.421,0.0,6719000000.0,4795000000.0,4795000000.0,0.0,0.004,0.037,0.008,0.196,64000000.0,3747000000.0,1.0,796283198.0,790852185,799381153.0,6.063,107706000000.0,0.0,187000000.0,0.0,136.19,
43,FITB,MRT,2010-09-30,2010-09-30,2010-09-30,2021-09-07,432000000.0,112322000000.0,112594500000.0,,,0.037,17.435,-194000000.0,2215000000.0,2215000000.0,0.0,322000000.0,,7.088,13096000000.0,,,13096000000.0,0.0,410000000.0,81362000000.0,0.003,0.04,309000000.0,719000000.0,0.173,719000000.0,309000000.0,309000000.0,0.02,0.05,0.02,13884000000.0,13622500000.0,13884000000.0,20148726135.0,65.0,28.023,3424000000.0,4.3,1.0,4146000000.0,1.0,3088000000.0,0.0,120115000000.0,119841250000.0,0.0,95468000000.0,,,98409000000.0,,,9579726135.0,85000000.0,63000000.0,0.0,-2871000000.0,-31000000.0,-1064000000.0,-2469000000.0,-2343000000.0,3618000000.0,0.0,322000000.0,74000000.0,74000000.0,0.0,0.0,0.018,3837000000.0,309000000.0,0.0,2.0,0.69,129.456,601.5,2847000000.0,248000000.0,12.03,2.311,2.311,0.0,6456000000.0,4146000000.0,4146000000.0,0.0,0.001,0.005,0.003,0.075,40000000.0,3729000000.0,1.0,796319712.0,796319712,,5.206,109234000000.0,0.0,-13000000.0,0.0,137.174,
44,FITB,MRT,2010-06-30,2010-06-30,2010-06-30,2021-09-07,440000000.0,112025000000.0,112199000000.0,,,0.032,17.238,-209000000.0,2216000000.0,2216000000.0,0.0,-13000000.0,,7.176,12785000000.0,,,12785000000.0,0.0,365000000.0,82115000000.0,0.003,0.04,-102000000.0,263000000.0,0.072,263000000.0,-102000000.0,-102000000.0,-0.4,-0.37,-0.4,13701000000.0,13573500000.0,13701000000.0,20212290250.0,-198.0,76.853,4204000000.0,5.289,1.0,3632000000.0,1.0,3146000000.0,0.0,119448000000.0,119741750000.0,0.0,95656000000.0,,,98324000000.0,,,9768290250.0,-683000000.0,63000000.0,0.0,-6217000000.0,85000000.0,-5152000000.0,56000000.0,201000000.0,4413000000.0,0.0,-13000000.0,-260000000.0,-260000000.0,0.0,0.0,-0.072,3734000000.0,-102000000.0,0.0,-0.1,0.713,-37.57,-30.725,2863000000.0,247000000.0,12.29,2.69,2.69,0.0,6289000000.0,3632000000.0,3632000000.0,0.0,-0.002,-0.019,-0.001,-0.028,44000000.0,3627000000.0,1.0,794816131.0,794816131,,4.57,108879000000.0,0.0,-89000000.0,0.0,136.986,
45,FITB,MRT,2010-03-31,2010-03-31,2010-03-31,2021-09-07,288000000.0,112651000000.0,113188750000.0,,,0.043,16.859,-202000000.0,2133000000.0,2133000000.0,0.0,677000000.0,,7.402,12577000000.0,,,12577000000.0,0.0,352000000.0,83574000000.0,0.003,0.04,1008000000.0,1360000000.0,0.282,1360000000.0,1008000000.0,1008000000.0,0.79,0.62,0.79,13408000000.0,13573250000.0,13408000000.0,20570487496.0,20.0,15.125,4573000000.0,5.75,1.0,4828000000.0,1.0,3236000000.0,0.0,119859000000.0,121699500000.0,0.0,96727000000.0,,,99243000000.0,,,10784487496.0,-358000000.0,609000000.0,986000000.0,-12141000000.0,37000000.0,-8117000000.0,2984000000.0,2574000000.0,4775000000.0,0.0,677000000.0,466000000.0,466000000.0,0.0,0.0,0.097,3820000000.0,1008000000.0,0.0,0.051,0.804,23.143,17.165,2876000000.0,211000000.0,13.56,2.234,2.234,0.0,6169000000.0,4828000000.0,4828000000.0,0.0,0.004,0.034,0.008,0.209,44000000.0,3669000000.0,1.0,795316187.0,795316187,,6.071,109415000000.0,0.0,331000000.0,0.0,137.574,
46,FITB,MRT,2009-12-31,2009-12-31,2009-12-31,2021-09-07,241000000.0,113380000000.0,114854250000.0,,,0.04,16.971,-228000000.0,2318000000.0,2318000000.0,0.0,737000000.0,,7.4,12104000000.0,,,12104000000.0,0.0,341000000.0,84305000000.0,0.004,0.04,767000000.0,1108000000.0,0.241,1108000000.0,767000000.0,767000000.0,0.73,0.67,0.73,13497000000.0,13246750000.0,13497000000.0,19893332823.0,26.0,17.954,3566000000.0,4.484,1.0,4593000000.0,1.0,3223000000.0,0.0,119943000000.0,126030000000.0,0.0,97389000000.0,,,99883000000.0,,,7754332823.0,-421000000.0,546000000.0,986000000.0,-11186000000.0,-27000000.0,-5291000000.0,1076000000.0,758000000.0,3794000000.0,0.0,737000000.0,511000000.0,511000000.0,0.0,0.0,0.111,3826000000.0,767000000.0,0.0,0.055,0.575,15.175,13.356,2899000000.0,226000000.0,9.75,1.688,1.688,0.0,6326000000.0,4593000000.0,4593000000.0,0.0,0.004,0.039,0.006,0.167,45000000.0,3633000000.0,1.0,795316187.0,795316187,,5.775,110157000000.0,0.0,30000000.0,0.0,138.507,
47,FITB,MRT,2009-09-30,2009-09-30,2009-09-30,2021-09-07,285000000.0,110740000000.0,116450250000.0,,,0.026,17.211,-366000000.0,2130000000.0,2130000000.0,0.0,-1307000000.0,,7.09,14269000000.0,,,14269000000.0,0.0,-2000000.0,79358000000.0,0.004,0.04,-1861000000.0,-1863000000.0,-0.617,-1863000000.0,-1861000000.0,-1861000000.0,-2.81,-3.01,-2.81,13688000000.0,12891750000.0,13688000000.0,22496525228.0,-12.0,-12.075,2011000000.0,2.529,1.0,3019000000.0,1.0,3162000000.0,0.0,119717000000.0,130435500000.0,0.0,95044000000.0,,,97052000000.0,,,8056525228.0,-644000000.0,766000000.0,984000000.0,-10341000000.0,-82000000.0,-5119000000.0,2098000000.0,1683000000.0,2377000000.0,0.0,-1307000000.0,-1512000000.0,-1512000000.0,0.0,0.0,-0.501,4880000000.0,-1861000000.0,0.0,-0.014,0.589,-5.328,-3.605,2912000000.0,205000000.0,10.13,2.669,2.669,0.0,6496000000.0,3019000000.0,3019000000.0,0.0,-0.013,-0.117,-0.014,-0.616,48000000.0,3677000000.0,1.0,795313448.0,795313448,,3.796,107578000000.0,0.0,-554000000.0,0.0,135.265,
48,FITB,MRT,2009-06-30,2009-06-30,2009-06-30,2021-09-07,152000000.0,115984000000.0,117838750000.0,,,0.026,23.746,-396000000.0,2899000000.0,2899000000.0,0.0,-1266000000.0,,7.466,17339000000.0,,,17339000000.0,0.0,18000000.0,80820000000.0,0.025,0.18,-1881000000.0,-1863000000.0,-0.603,-1863000000.0,-1881000000.0,-1881000000.0,-2.75,-2.95,-2.75,13700000000.0,12143750000.0,13700000000.0,25222245579.0,-13.0,-13.539,-40000000.0,-0.069,1.0,3090000000.0,1.0,3145000000.0,0.0,127279000000.0,133834250000.0,0.0,99570000000.0,,,102284000000.0,,,4096245579.0,46000000.0,766000000.0,984000000.0,-6111000000.0,-301000000.0,565000000.0,-875000000.0,-1258000000.0,356000000.0,0.0,-1266000000.0,-1434000000.0,-1434000000.0,0.0,0.0,-0.464,4971000000.0,-1881000000.0,0.0,-0.065,0.299,-2.857,-2.582,2914000000.0,168000000.0,7.1,1.326,1.326,0.0,6663000000.0,3090000000.0,3090000000.0,0.0,-0.012,-0.118,-0.014,-0.609,52000000.0,3723000000.0,1.0,576935997.0,576935997,,5.356,112839000000.0,0.0,-615000000.0,0.0,195.583,
49,FITB,MRT,2009-03-31,2009-03-31,2009-03-31,2021-09-07,151000000.0,119313000000.0,117586500000.0,,,0.012,20.956,-517000000.0,2491000000.0,2491000000.0,0.0,-2350000000.0,,8.859,23617000000.0,,,23617000000.0,0.0,29000000.0,79782000000.0,0.11,0.32,-3350000000.0,-3321000000.0,-2.278,-3321000000.0,-3350000000.0,-3350000000.0,-4.47,-4.47,-4.47,12102000000.0,11407250000.0,12102000000.0,22778260708.0,-7.0,-6.859,1096000000.0,1.898,1.0,1458000000.0,1.0,3258000000.0,0.0,137181000000.0,134698500000.0,0.0,102369000000.0,,,107211000000.0,,,1686260708.0,-601000000.0,66000000.0,0.0,-3886000000.0,-478000000.0,4363000000.0,-6577000000.0,-6138000000.0,1613000000.0,0.0,-2350000000.0,-2492000000.0,-2492000000.0,0.0,0.0,-1.709,4808000000.0,-3350000000.0,0.0,-0.072,0.139,-0.677,-0.653,2960000000.0,142000000.0,2.92,1.157,1.157,0.0,5792000000.0,1458000000.0,1458000000.0,0.0,-0.021,-0.218,-0.025,-2.298,56000000.0,3568000000.0,1.0,577486544.0,577486544,,2.525,116055000000.0,0.0,-1000000000.0,0.0,200.966,
50,FITB,MRT,2008-12-31,2008-12-31,2008-12-31,2021-09-07,98000000.0,119764000000.0,115607250000.0,,,0.016,20.913,-518000000.0,2739000000.0,2739000000.0,0.0,-2113000000.0,,8.917,23831000000.0,,,23831000000.0,0.0,8000000.0,78613000000.0,0.091,0.75,-2664000000.0,-2656000000.0,-1.398,-2656000000.0,-2664000000.0,-2664000000.0,-3.91,-3.91,-3.91,12077000000.0,10719750000.0,12077000000.0,26255038853.0,-10.0,-9.885,2575000000.0,4.459,1.0,1900000000.0,1.0,3291000000.0,0.0,137565000000.0,133189500000.0,0.0,100665000000.0,,,107687000000.0,,,4770038853.0,79000000.0,66000000.0,0.0,11000000.0,-639000000.0,2890000000.0,-5904000000.0,-5463000000.0,3093000000.0,0.0,-2113000000.0,-2180000000.0,-2180000000.0,0.0,0.0,-1.147,4564000000.0,-2664000000.0,0.0,-0.192,0.395,-2.188,-2.113,2957000000.0,67000000.0,8.26,2.511,2.511,0.0,5824000000.0,1900000000.0,1900000000.0,0.0,-0.019,-0.203,-0.02,-1.402,57000000.0,3325000000.0,1.0,577486544.0,577486544,,3.29,116473000000.0,0.0,-551000000.0,0.0,201.69,
51,FITB,MRT,2008-09-30,2008-09-30,2008-09-30,2021-09-07,-60000000.0,116294000000.0,113406750000.0,,,0.033,18.52,-504000000.0,2774000000.0,2774000000.0,0.0,45000000.0,,9.873,24259000000.0,,,24259000000.0,0.0,360000000.0,77460000000.0,0.099,1.18,244000000.0,604000000.0,0.162,604000000.0,244000000.0,244000000.0,0.06,0.06,0.06,10696000000.0,9990750000.0,10696000000.0,27140602668.0,111.0,44.935,1764000000.0,3.054,1.0,3725000000.0,1.0,4467000000.0,0.0,133312000000.0,130572750000.0,0.0,99121000000.0,,,105598000000.0,,,6872602668.0,280000000.0,-384000000.0,2000000.0,854000000.0,-799000000.0,3626000000.0,-5614000000.0,-4745000000.0,2268000000.0,0.0,45000000.0,19000000.0,19000000.0,0.0,0.0,0.005,3481000000.0,244000000.0,0.0,19.667,0.643,361.716,198.333,2839000000.0,26000000.0,11.9,1.845,1.845,0.0,8013000000.0,3725000000.0,3725000000.0,0.0,0.0,0.002,0.002,0.066,58000000.0,3210000000.0,1.0,577529636.0,577529636,,6.45,111827000000.0,0.0,199000000.0,0.0,193.63,
52,FITB,MRT,2008-06-30,2008-06-30,2008-06-30,2021-09-07,-152000000.0,114975000000.0,110399500000.0,,,0.038,20.21,-599000000.0,2853000000.0,2853000000.0,0.0,426000000.0,,9.691,23121000000.0,,,23121000000.0,0.0,354000000.0,77416000000.0,0.142,1.45,815000000.0,1169000000.0,0.28,1169000000.0,815000000.0,815000000.0,0.81,0.81,0.81,10754000000.0,9640000000.0,10754000000.0,28364839844.0,35.0,24.264,1869000000.0,3.512,1.0,4182000000.0,1.0,4507000000.0,0.0,130736000000.0,127304500000.0,0.0,98439000000.0,,,104221000000.0,,,5416839844.0,559000000.0,-384000000.0,-107000000.0,1979000000.0,-912000000.0,4680000000.0,-6589000000.0,-5625000000.0,2468000000.0,0.0,426000000.0,425000000.0,425000000.0,0.0,0.0,0.102,3367000000.0,815000000.0,0.0,1.79,0.504,12.746,12.568,2808000000.0,1000000.0,10.18,1.295,1.295,0.0,8178000000.0,4182000000.0,4182000000.0,0.0,0.004,0.044,0.006,0.195,54000000.0,3101000000.0,1.0,532106075.0,532106075,,7.859,110468000000.0,0.0,389000000.0,0.0,207.605,
53,FITB,MRT,2008-03-31,2008-03-31,2008-03-31,2021-09-07,11000000.0,111396000000.0,107003250000.0,,,0.044,17.557,-539000000.0,3092000000.0,3092000000.0,0.0,1004000000.0,,10.911,26040000000.0,,,26040000000.0,0.0,342000000.0,71401000000.0,0.082,1.72,1453000000.0,1795000000.0,0.38,1795000000.0,1453000000.0,1453000000.0,1.87,1.87,1.87,9352000000.0,9249250000.0,9352000000.0,30487069234.0,21.0,16.984,251000000.0,0.471,1.0,4728000000.0,1.0,3199000000.0,0.0,131145000000.0,123436000000.0,0.0,95729000000.0,,,102044000000.0,,,11143069234.0,881000000.0,-230000000.0,-775000000.0,8230000000.0,-909000000.0,7041000000.0,-6950000000.0,-6200000000.0,790000000.0,0.0,1003000000.0,1002000000.0,1002000000.0,0.0,1000000.0,0.212,3274000000.0,1454000000.0,0.0,0.92,1.192,11.121,11.187,2582000000.0,1000000.0,20.92,2.357,2.357,0.0,8465000000.0,4728000000.0,4728000000.0,0.0,0.009,0.108,0.012,0.307,52000000.0,3016000000.0,1.0,532651493.0,532651493,,8.876,108197000000.0,0.0,450000000.0,0.0,203.129,
54,FITB,MRT,2007-12-31,2007-12-31,2007-12-31,2021-09-07,-126000000.0,110962000000.0,104110250000.0,,,0.047,17.199,-585000000.0,2660000000.0,2660000000.0,0.0,1076000000.0,,11.112,22031000000.0,,,22031000000.0,0.0,367000000.0,75445000000.0,0.068,1.7,1537000000.0,1904000000.0,0.393,1904000000.0,1537000000.0,1537000000.0,1.99,1.98,1.99,9161000000.0,9362250000.0,9161000000.0,32269532019.0,21.0,16.948,-1290000000.0,-2.422,1.0,4848000000.0,1.0,3235000000.0,0.0,127098000000.0,118478750000.0,0.0,95468000000.0,,,101801000000.0,,,13385532019.0,-45000000.0,-230000000.0,-1035000000.0,4264000000.0,-898000000.0,6670000000.0,-6010000000.0,-5214000000.0,-705000000.0,0.0,1076000000.0,1075000000.0,1075000000.0,0.0,0.0,0.222,3311000000.0,1537000000.0,0.0,0.854,1.461,12.452,12.628,2576000000.0,1000000.0,25.13,2.761,2.761,0.0,8413000000.0,4848000000.0,4848000000.0,0.0,0.01,0.115,0.013,0.317,57000000.0,3067000000.0,1.0,532651493.0,532651493,,9.102,107727000000.0,0.0,461000000.0,0.0,202.247,
55,FITB,MRT,2007-09-30,2007-09-30,2007-09-30,2021-09-07,-198000000.0,104265000000.0,101537000000.0,,,0.045,17.362,-566000000.0,2494000000.0,2494000000.0,0.0,1125000000.0,,10.22,21424000000.0,,,21424000000.0,0.0,376000000.0,69382000000.0,0.049,1.66,1524000000.0,1900000000.0,0.417,1900000000.0,1524000000.0,1524000000.0,2.07,2.07,2.07,9293000000.0,9577500000.0,9293000000.0,34918762918.0,23.0,18.378,-460000000.0,-0.859,1.0,4553000000.0,1.0,2956000000.0,0.0,120239000000.0,114660250000.0,0.0,90231000000.0,,,94972000000.0,,,18133762918.0,103000000.0,0.0,-1110000000.0,-2109000000.0,-899000000.0,-3361000000.0,3358000000.0,3924000000.0,106000000.0,0.0,1125000000.0,1125000000.0,1125000000.0,0.0,0.0,0.247,3029000000.0,1524000000.0,0.0,0.802,1.951,16.119,16.367,2410000000.0,0.0,33.88,3.983,3.983,0.0,8593000000.0,4553000000.0,4553000000.0,0.0,0.011,0.117,0.013,0.335,63000000.0,2905000000.0,1.0,535235033.0,535235033,,8.507,101309000000.0,0.0,399000000.0,0.0,189.279,
56,FITB,MRT,2007-06-30,2007-06-30,2007-06-30,2021-09-07,-293000000.0,101390000000.0,101927750000.0,,,0.045,16.709,-462000000.0,2294000000.0,2294000000.0,0.0,1177000000.0,,10.031,19112000000.0,,,19112000000.0,0.0,391000000.0,69193000000.0,0.041,1.64,1602000000.0,1993000000.0,0.439,1993000000.0,1602000000.0,1602000000.0,2.14,2.14,2.14,9191000000.0,9759750000.0,9191000000.0,36257573386.0,23.0,18.192,63000000.0,0.115,1.0,4545000000.0,1.0,2946000000.0,0.0,115262000000.0,115599000000.0,0.0,88560000000.0,,,92199000000.0,,,21876573386.0,-368000000.0,0.0,-994000000.0,-3230000000.0,-897000000.0,-6442000000.0,5549000000.0,6011000000.0,525000000.0,0.0,1177000000.0,1177000000.0,1177000000.0,0.0,0.0,0.259,2943000000.0,1602000000.0,0.0,0.766,2.38,18.587,18.584,2272000000.0,0.0,39.77,4.813,4.813,0.0,8489000000.0,4545000000.0,4545000000.0,0.0,0.012,0.121,0.014,0.352,68000000.0,2800000000.0,1.0,550077279.0,550077279,,8.262,98444000000.0,0.0,425000000.0,0.0,178.964,
57,FITB,MRT,2007-03-31,2007-03-31,2007-03-31,2021-09-07,-163000000.0,99824000000.0,103108000000.0,,,0.044,17.568,-469000000.0,2211000000.0,2211000000.0,0.0,1183000000.0,,9.182,16625000000.0,,,16625000000.0,0.0,395000000.0,69188000000.0,0.042,1.62,1616000000.0,2011000000.0,0.442,2011000000.0,1616000000.0,1616000000.0,2.14,2.14,2.14,9804000000.0,9851000000.0,9804000000.0,35629586617.0,22.0,17.717,-223000000.0,-0.4,1.0,4552000000.0,1.0,2922000000.0,0.0,111316000000.0,117494250000.0,0.0,86774000000.0,,,90020000000.0,,,21591586617.0,-275000000.0,0.0,-317000000.0,-6417000000.0,-878000000.0,-7436000000.0,6915000000.0,7384000000.0,246000000.0,0.0,1184000000.0,1184000000.0,1184000000.0,0.0,-1000000.0,0.26,2937000000.0,1615000000.0,0.0,0.757,2.202,18.236,18.079,2213000000.0,0.0,38.69,4.743,4.743,0.0,8330000000.0,4552000000.0,4552000000.0,0.0,0.011,0.12,0.014,0.355,79000000.0,2773000000.0,1.0,558066338.0,558066338,,8.157,96902000000.0,0.0,432000000.0,0.0,173.639,
58,FITB,MRT,2006-12-31,2006-12-31,2006-12-31,2021-09-07,-179000000.0,100669000000.0,104413000000.0,,,0.044,17.958,-460000000.0,2737000000.0,2737000000.0,0.0,1188000000.0,,9.045,16775000000.0,,,16775000000.0,0.0,399000000.0,69380000000.0,0.039,1.58,1631000000.0,2030000000.0,0.447,2030000000.0,1631000000.0,1631000000.0,2.14,2.13,2.14,10022000000.0,9767250000.0,10022000000.0,43879655214.0,27.0,21.616,994000000.0,1.781,1.0,4542000000.0,1.0,2883000000.0,0.0,111824000000.0,120323250000.0,0.0,87137000000.0,,,90647000000.0,,,22841655214.0,-365000000.0,-5000000.0,-39000000.0,-8074000000.0,-867000000.0,-7032000000.0,5213000000.0,5678000000.0,1454000000.0,0.0,1188000000.0,1188000000.0,1188000000.0,0.0,0.0,0.262,2915000000.0,1627000000.0,0.0,0.738,2.279,19.227,19.126,2142000000.0,0.0,40.93,5.029,5.029,0.0,8317000000.0,4542000000.0,4542000000.0,0.0,0.011,0.122,0.014,0.359,77000000.0,2731000000.0,1.0,558066338.0,558066338,,8.139,97786000000.0,0.0,443000000.0,0.0,175.223,
59,FITB,MRT,2006-09-30,2006-09-30,2006-09-30,2021-09-07,-392000000.0,105828000000.0,105552000000.0,,,0.047,17.964,-391000000.0,2399000000.0,2399000000.0,0.0,1454000000.0,,9.56,23437000000.0,,,23437000000.0,0.0,397000000.0,68643000000.0,0.041,1.56,2045000000.0,2442000000.0,0.495,2442000000.0,2045000000.0,2045000000.0,2.63,2.61,2.63,10022000000.0,9623250000.0,10022000000.0,40844610679.0,20.0,16.726,-1087000000.0,-1.948,1.0,4936000000.0,1.0,2872000000.0,0.0,123994000000.0,123398500000.0,0.0,93753000000.0,,,95806000000.0,,,21244610679.0,-973000000.0,-5000000.0,68000000.0,-2757000000.0,-854000000.0,-400000000.0,123000000.0,519000000.0,-696000000.0,0.0,1453000000.0,1453000000.0,1453000000.0,0.0,1000000.0,0.294,2894000000.0,2042000000.0,0.0,0.593,2.12,14.621,14.479,2044000000.0,0.0,38.08,4.304,4.304,0.0,8473000000.0,4936000000.0,4936000000.0,0.0,0.014,0.151,0.017,0.414,52000000.0,2585000000.0,1.0,557894188.0,557894188,,8.848,102956000000.0,0.0,592000000.0,0.0,184.544,
60,FITB,MRT,2006-06-30,2006-06-30,2006-06-30,2021-09-07,-683000000.0,106111000000.0,105247000000.0,,,0.047,17.172,-401000000.0,2670000000.0,2670000000.0,0.0,1472000000.0,,10.104,22270000000.0,,,22270000000.0,0.0,402000000.0,70523000000.0,0.042,1.54,2082000000.0,2484000000.0,0.503,2484000000.0,2082000000.0,2082000000.0,2.66,2.64,2.66,9556000000.0,9464000000.0,9556000000.0,41001711617.0,20.0,16.506,-761000000.0,-1.367,1.0,4938000000.0,1.0,2868000000.0,0.0,122843000000.0,123542000000.0,0.0,93838000000.0,,,96555000000.0,,,20562711617.0,-111000000.0,-5000000.0,77000000.0,-4634000000.0,-826000000.0,1959000000.0,-1710000000.0,-1304000000.0,-360000000.0,0.0,1471000000.0,1471000000.0,1471000000.0,0.0,1000000.0,0.298,2859000000.0,2079000000.0,0.0,0.579,2.152,13.979,13.891,2003000000.0,0.0,36.95,4.164,4.164,0.0,8319000000.0,4938000000.0,4938000000.0,0.0,0.014,0.155,0.017,0.422,52000000.0,2634000000.0,1.0,556500991.0,556500991,,8.873,103243000000.0,0.0,611000000.0,0.0,185.522,
61,FITB,MRT,2006-03-31,2006-03-31,2006-03-31,2021-09-07,-568000000.0,105044000000.0,104509250000.0,,,0.048,17.066,-323000000.0,2494000000.0,2494000000.0,0.0,1507000000.0,,10.093,22933000000.0,,,22933000000.0,0.0,404000000.0,69010000000.0,0.038,1.49,2144000000.0,2548000000.0,0.513,2548000000.0,2144000000.0,2144000000.0,2.72,2.7,2.72,9469000000.0,9413250000.0,9469000000.0,43557039703.0,20.0,17.095,623000000.0,1.123,1.0,4969000000.0,1.0,2851000000.0,0.0,122632000000.0,123976500000.0,0.0,93373000000.0,,,95575000000.0,,,21839039703.0,74000000.0,-5000000.0,79000000.0,-1782000000.0,-811000000.0,1191000000.0,-2063000000.0,-1735000000.0,946000000.0,0.0,1506000000.0,1506000000.0,1506000000.0,0.0,1000000.0,0.303,2828000000.0,2141000000.0,0.0,0.548,2.306,14.501,14.471,1935000000.0,0.0,39.36,4.395,4.395,0.0,8159000000.0,4969000000.0,4969000000.0,0.0,0.014,0.16,0.017,0.431,46000000.0,2683000000.0,1.0,554853651.0,554853651,,8.956,102193000000.0,0.0,638000000.0,0.0,184.18,
62,FITB,MRT,2005-12-31,2005-12-31,2005-12-31,2021-09-07,-413000000.0,105225000000.0,103926500000.0,,,0.048,17.024,-257000000.0,3078000000.0,3078000000.0,0.0,1549000000.0,,10.14,24796000000.0,,,24796000000.0,0.0,405000000.0,67434000000.0,0.039,1.46,2207000000.0,2612000000.0,0.521,2612000000.0,2207000000.0,2207000000.0,2.79,2.77,2.79,9446000000.0,9268000000.0,9446000000.0,43702079716.0,20.0,16.731,508000000.0,0.916,1.0,5009000000.0,1.0,2818000000.0,0.0,124125000000.0,123867250000.0,0.0,93073000000.0,,,95779000000.0,,,20929079716.0,517000000.0,242000000.0,-1553000000.0,-449000000.0,-794000000.0,2581000000.0,-2829000000.0,-2814000000.0,765000000.0,0.0,1548000000.0,1548000000.0,1548000000.0,0.0,1000000.0,0.309,2801000000.0,2208000000.0,0.0,0.523,2.216,13.52,13.52,1869000000.0,0.0,37.72,4.178,4.178,0.0,8007000000.0,5009000000.0,5009000000.0,0.0,0.015,0.167,0.018,0.441,49000000.0,2656000000.0,1.0,554853651.0,554853651,,9.028,102407000000.0,0.0,659000000.0,0.0,184.566,
63,FITB,MRT,2005-09-30,2005-09-30,2005-09-30,2021-09-07,-317000000.0,104608000000.0,101234250000.0,,,0.05,16.875,-207000000.0,3372000000.0,3372000000.0,0.0,1393000000.0,,10.146,26145000000.0,,,26145000000.0,0.0,412000000.0,65495000000.0,0.048,1.78,1963000000.0,2375000000.0,0.469,2375000000.0,1963000000.0,1963000000.0,2.51,2.49,2.51,9385000000.0,9137500000.0,9385000000.0,44645935929.0,23.0,18.798,1859000000.0,3.343,1.0,5063000000.0,1.0,2813000000.0,0.0,124568000000.0,121441750000.0,0.0,92351000000.0,,,95223000000.0,,,20437935929.0,1055000000.0,242000000.0,-1755000000.0,-4167000000.0,-763000000.0,-1866000000.0,855000000.0,820000000.0,2066000000.0,0.0,1392000000.0,1392000000.0,1392000000.0,0.0,1000000.0,0.275,3099000000.0,1964000000.0,0.0,0.709,2.178,14.682,14.641,1802000000.0,0.0,36.75,4.037,4.037,0.0,7886000000.0,5063000000.0,5063000000.0,0.0,0.014,0.152,0.016,0.388,77000000.0,3193000000.0,1.0,556134311.0,556134311,,9.104,101795000000.0,0.0,571000000.0,0.0,183.04,
64,FITB,MRT,2005-06-30,2005-06-30,2005-06-30,2021-09-07,-135000000.0,103160000000.0,99673500000.0,,,0.051,16.851,-101000000.0,2781000000.0,2781000000.0,0.0,1469000000.0,,10.03,26989000000.0,,,26989000000.0,0.0,411000000.0,63177000000.0,0.042,1.72,2099000000.0,2510000000.0,0.491,2510000000.0,2099000000.0,2099000000.0,2.64,2.61,2.64,9353000000.0,9051250000.0,9353000000.0,45120513464.0,21.0,17.976,2187000000.0,3.94,1.0,5115000000.0,1.0,2787000000.0,0.0,124581000000.0,121216500000.0,0.0,91508000000.0,,,93807000000.0,,,22850513464.0,423000000.0,252000000.0,-1777000000.0,-636000000.0,-749000000.0,-1707000000.0,-158000000.0,-309000000.0,2288000000.0,0.0,1468000000.0,1468000000.0,1468000000.0,0.0,1000000.0,0.287,3015000000.0,2100000000.0,0.0,0.652,2.443,15.566,15.595,1742000000.0,0.0,41.17,4.467,4.467,0.0,7702000000.0,5115000000.0,5115000000.0,0.0,0.015,0.162,0.017,0.41,81000000.0,3085000000.0,1.0,555028260.0,555028260,,9.216,100373000000.0,0.0,631000000.0,0.0,180.843,
65,FITB,MRT,2005-03-31,2005-03-31,2005-03-31,2021-09-07,-323000000.0,102713000000.0,97804000000.0,,,0.053,16.064,-53000000.0,2420000000.0,2420000000.0,0.0,1500000000.0,,10.556,24690000000.0,,,24690000000.0,0.0,429000000.0,65311000000.0,0.039,1.69,2181000000.0,2610000000.0,0.501,2610000000.0,2181000000.0,2181000000.0,2.69,2.65,2.69,8888000000.0,8811250000.0,8888000000.0,45228134028.0,21.0,17.329,2851000000.0,5.153,1.0,5211000000.0,1.0,2788000000.0,0.0,122195000000.0,119600000000.0,0.0,91739000000.0,,,93825000000.0,,,23780134028.0,408000000.0,504000000.0,-2216000000.0,-2785000000.0,-733000000.0,-270000000.0,-2226000000.0,-2677000000.0,2904000000.0,0.0,1499000000.0,1499000000.0,1499000000.0,0.0,1000000.0,0.288,3029000000.0,2182000000.0,0.0,0.628,2.676,15.864,15.978,1753000000.0,0.0,42.98,4.563,4.563,0.0,7480000000.0,5211000000.0,5211000000.0,0.0,0.015,0.17,0.018,0.419,82000000.0,3067000000.0,1.0,553283714.0,553283714,,9.418,99925000000.0,0.0,682000000.0,0.0,180.604,
66,FITB,MRT,2004-12-31,2004-12-31,2004-12-31,2021-09-07,-169000000.0,94456000000.0,95576250000.0,,,0.055,15.899,-11000000.0,2561000000.0,2561000000.0,0.0,1525000000.0,,9.584,24009000000.0,,,24009000000.0,0.0,459000000.0,58226000000.0,0.035,1.66,2236000000.0,2695000000.0,0.517,2695000000.0,2236000000.0,2236000000.0,2.72,2.68,2.72,8924000000.0,8805250000.0,8924000000.0,53337139270.0,24.0,19.791,2870000000.0,5.113,1.0,5209000000.0,1.0,1481000000.0,0.0,114423000000.0,118265500000.0,0.0,85205000000.0,,,85532000000.0,,,26549139270.0,202000000.0,262000000.0,-898000000.0,1672000000.0,-704000000.0,444000000.0,-3123000000.0,-3374000000.0,2881000000.0,0.0,1524000000.0,1524000000.0,1524000000.0,0.0,1000000.0,0.293,2972000000.0,2237000000.0,0.0,0.61,2.975,17.421,17.39,1619000000.0,0.0,47.3,5.097,5.097,0.0,7269000000.0,5209000000.0,5209000000.0,0.0,0.016,0.173,0.019,0.429,87000000.0,2972000000.0,1.0,561292585.0,561292585,,9.28,92975000000.0,0.0,712000000.0,0.0,165.644,
67,FITB,MRT,2004-09-30,2004-09-30,2004-09-30,2021-09-07,-218000000.0,98365000000.0,94775750000.0,,,0.056,16.123,35000000.0,2313000000.0,2313000000.0,0.0,1791000000.0,,9.881,29101000000.0,,,29101000000.0,0.0,491000000.0,56860000000.0,0.025,1.25,2637000000.0,3128000000.0,0.591,3128000000.0,2637000000.0,2637000000.0,3.18,3.14,3.18,9040000000.0,8741000000.0,9040000000.0,51531733152.0,20.0,16.474,5478000000.0,9.77,1.0,5294000000.0,1.0,1486000000.0,0.0,123667000000.0,117133750000.0,0.0,90051000000.0,,,89325000000.0,,,27597171152.0,-77000000.0,329000000.0,-967000000.0,6013000000.0,-691000000.0,6152000000.0,-11672000000.0,-12036000000.0,5443000000.0,0.0,1790000000.0,1790000000.0,1790000000.0,-41000000.0,1000000.0,0.338,2697000000.0,2597000000.0,0.0,0.393,3.053,15.417,15.478,1627000000.0,0.0,49.22,5.213,5.213,0.0,7289000000.0,5294000000.0,5294000000.0,0.0,0.019,0.205,0.023,0.498,86000000.0,2559000000.0,1.0,560690190.0,560690190,,9.442,96879000000.0,0.0,847000000.0,0.0,172.785,
68,FITB,MRT,2004-06-30,2004-06-30,2004-06-30,2021-09-07,-554000000.0,95682000000.0,92547500000.0,,,0.057,14.912,70805000.0,2358000000.0,2358000000.0,0.0,1738000000.0,,10.4,26292000000.0,,,26292000000.0,0.0,555858000.0,57908000000.0,0.023,1.22,2568000000.0,3123858000.0,0.596,3123858000.0,2568000000.0,2568000000.0,3.07,3.03,3.07,8393000000.0,8654500000.0,8393000000.0,54501580021.0,21.0,17.447,8882652000.0,15.781,1.0,5245000000.0,1.0,1501000000.0,0.0,118115000000.0,113421500000.0,0.0,87259000000.0,,,87289000000.0,,,30270281021.0,581475000.0,319000000.0,-987356000.0,4836371000.0,-676661000.0,4435904000.0,-12666276000.0,-13056081000.0,8811847000.0,0.0,1736000000.0,1736000000.0,1736000000.0,-42000000.0,2000000.0,0.331,2706000000.0,2539000000.0,0.0,0.397,3.607,17.437,17.518,1693000000.0,0.0,53.78,5.771,5.771,0.0,6999000000.0,5245000000.0,5245000000.0,0.0,0.019,0.201,0.023,0.49,90442000.0,2542000000.0,1.0,562853868.0,562853868,,9.319,94181000000.0,0.0,832000000.0,0.0,167.328,
69,FITB,MRT,2004-03-31,2004-03-31,2004-03-31,2021-09-07,99000000.0,93802000000.0,90702727750.0,,,0.056,15.691,11633000.0,2012000000.0,2012000000.0,0.0,1705460000.0,,9.582,26243000000.0,,,26243000000.0,0.0,556483000.0,55250000000.0,0.021,1.19,2506926000.0,3063409000.0,0.604,3063409000.0,2506926000.0,2506926000.0,2.99,2.95,2.99,8864000000.0,8728943750.0,8864000000.0,51153876929.0,20.0,16.698,7824670000.0,13.851,1.0,5072263000.0,1.0,1176000000.0,0.0,116857000000.0,110189723500.0,0.0,85903000000.0,,,84938000000.0,,,31279876929.0,240282000.0,67000000.0,-879213000.0,7423511000.0,-646285000.0,6587332000.0,-14160087000.0,-14238720000.0,7813037000.0,0.0,1703460000.0,1703275000.0,1703275000.0,-43136000.0,2000000.0,0.336,2585244000.0,2487019000.0,0.0,0.398,3.529,18.365,18.518,1760000000.0,185000.0,55.37,6.167,6.167,0.0,6731000000.0,5072263000.0,5072263000.0,0.0,0.019,0.195,0.023,0.494,97092000.0,2453244000.0,1.0,564924633.0,564924633,,8.979,92626000000.0,0.0,803466000.0,0.0,163.962,
70,FITB,MRT,2003-12-31,2003-12-31,2003-12-31,2021-09-07,-120000000.0,91254000000.0,88333432250.0,,,0.056,15.232,-44000000.0,2359000000.0,2359000000.0,0.0,1665000000.0,,9.529,22233000000.0,,,22233000000.0,0.0,550000000.0,57095000000.0,0.019,1.13,2450000000.0,3000000000.0,0.601,3000000000.0,2450000000.0,2450000000.0,2.91,2.87,2.91,8667000000.0,8712514250.0,8667000000.0,54230776386.0,22.0,18.077,8061000000.0,14.167,1.0,4989000000.0,1.0,1232000000.0,0.0,109896000000.0,105616892750.0,0.0,82949000000.0,,,82587000000.0,,,33628875386.0,468000000.0,67000000.0,-592000000.0,3709000000.0,-631000000.0,7369000000.0,-15006000000.0,-15029000000.0,8105000000.0,0.0,1664000000.0,1664000000.0,1664000000.0,-44000000.0,1000000.0,0.334,2551000000.0,2438000000.0,0.0,0.388,3.88,20.21,20.309,1828000000.0,0.0,59.1,6.741,6.741,0.0,6481000000.0,4989000000.0,4989000000.0,0.0,0.019,0.191,0.023,0.491,110000000.0,2457000000.0,1.0,569016504.0,569016504,,8.768,90022000000.0,0.0,786000000.0,0.0,158.206,
71,FITB,MRT,2003-09-30,2003-09-30,2003-09-30,2021-09-07,-9000000.0,89452000000.0,85743432250.0,,,0.058,15.25,-128245000.0,2394000000.0,2394000000.0,0.0,1543251000.0,,9.289,22996000000.0,,,22996000000.0,0.0,509848000.0,54294000000.0,0.02,1.1,2327391000.0,2837239000.0,0.574,2837239000.0,2327391000.0,2327391000.0,2.69,2.65,2.69,8694000000.0,8664514250.0,8694000000.0,49734316579.0,21.0,17.529,6544035000.0,11.479,1.0,4945887000.0,1.0,1236000000.0,0.0,108818000000.0,101843892750.0,0.0,80978000000.0,,,80758000000.0,,,31644822579.0,563857000.0,55000000.0,-604427000.0,6767447000.0,-615793000.0,8490572000.0,-14598995000.0,-14525750000.0,6672280000.0,0.0,1541251000.0,1541436000.0,1541436000.0,-6949000.0,2000000.0,0.312,2582267000.0,2363620000.0,0.0,0.409,3.64,20.529,20.647,1899000000.0,-185000.0,55.54,6.398,6.402,0.0,6203000000.0,4945887000.0,4945887000.0,0.0,0.018,0.178,0.023,0.471,215000000.0,2983360000.0,1.0,569766341.0,570088000,,8.676,88216000000.0,0.0,786140000.0,0.0,154.741,
72,FITB,MRT,2003-06-30,2003-06-30,2003-06-30,2021-09-07,236093000.0,88302911000.0,82803934750.0,,,0.059,15.144,-210303000.0,1776334000.0,1776334000.0,0.0,1541990000.0,,9.105,19865828000.0,,,19865828000.0,0.0,430333000.0,55875063000.0,0.019,1.07,2303613000.0,2733946000.0,0.56,2733946000.0,2303613000.0,2303613000.0,2.68,2.63,2.68,8690775000.0,8584948750.0,8690775000.0,48434520051.0,21.0,17.716,1903754000.0,3.317,1.0,4882693000.0,1.0,1204511000.0,0.0,105187894000.0,96958860000.0,0.0,81307110000.0,,,79130172000.0,,,32973416051.0,30125000.0,55000000.0,-751189000.0,6649978000.0,-583942000.0,11193159000.0,-13277091000.0,-13121788000.0,2114057000.0,0.0,1540990000.0,1540990000.0,1540990000.0,-5949000.0,1000000.0,0.316,2544429000.0,2338264000.0,0.0,0.399,3.794,21.398,21.425,947664000.0,0.0,57.42,6.753,6.749,0.0,5951579000.0,4882693000.0,4882693000.0,0.0,0.019,0.179,0.024,0.472,190558000.0,2699074000.0,1.0,574249670.0,573888000,,8.508,87098400000.0,0.0,762623000.0,0.0,151.769,
73,FITB,MRT,2003-03-31,2003-03-31,2003-03-31,2021-09-07,296728000.0,84324818000.0,79459041250.0,,,0.06,15.318,-186193000.0,1771527000.0,1771527000.0,0.0,1530792000.0,,8.531,17232631000.0,,,17232631000.0,0.0,393905000.0,54558096000.0,0.02,1.01,2277231000.0,2671136000.0,0.562,2671136000.0,2277231000.0,2277231000.0,2.65,2.6,2.65,8798282000.0,8459839750.0,8798282000.0,43922097632.0,19.0,16.443,1647904000.0,2.869,1.0,4755278000.0,1.0,1220245000.0,0.0,98565677000.0,92003928000.0,0.0,77666440000.0,,,75054802000.0,,,28845097632.0,427160000.0,55000000.0,-572099000.0,3100489000.0,-568515000.0,10747266000.0,-12154203000.0,-12023010000.0,1834097000.0,0.0,1529792000.0,1529792000.0,1529792000.0,-4813000.0,1000000.0,0.322,2443060000.0,2312218000.0,0.0,0.381,3.278,18.856,18.955,921076000.0,0.0,50.23,6.066,6.067,0.0,5704878000.0,4755278000.0,4755278000.0,0.0,0.019,0.181,0.025,0.479,163908000.0,2402174000.0,1.0,574260355.0,574366000,,8.279,83104573000.0,0.0,747439000.0,0.0,144.689,
74,FITB,MRT,2002-12-31,2002-12-31,2002-12-31,2021-09-07,369000000.0,80894000000.0,76019228750.0,,,0.061,14.668,-160000000.0,1891000000.0,1891000000.0,0.0,1531000000.0,,8.491,17002000000.0,,,17002000000.0,0.0,338000000.0,52208000000.0,0.017,0.98,2264000000.0,2602000000.0,0.561,2602000000.0,2264000000.0,2264000000.0,2.64,2.59,2.64,8475000000.0,8211141750.0,8475000000.0,46621727673.0,21.0,17.918,2050000000.0,3.548,1.0,4636000000.0,1.0,1201000000.0,0.0,94804000000.0,87930313000.0,0.0,74431000000.0,,,71958000000.0,,,33829466673.0,-140000000.0,55000000.0,-616000000.0,2374000000.0,-553000000.0,7654000000.0,-10004000000.0,-9899000000.0,2210000000.0,0.0,1530000000.0,1530000000.0,1530000000.0,-4000000.0,1000000.0,0.33,2337000000.0,2299000000.0,0.0,0.371,3.992,22.111,22.178,891000000.0,0.0,58.55,7.297,7.297,0.0,5904000000.0,4636000000.0,4636000000.0,0.0,0.02,0.186,0.026,0.488,128000000.0,2337000000.0,1.0,577787646.0,577787646,,8.024,79693000000.0,0.0,734000000.0,0.0,137.928,
75,FITB,MRT,2002-09-30,2002-09-30,2002-09-30,2021-09-07,319758000.0,77694010000.0,73552313750.0,,,0.061,14.428,-122181000.0,1830093000.0,1830093000.0,0.0,1597046000.0,,8.222,14622354000.0,,,14622354000.0,0.0,312597000.0,51446200000.0,0.016,0.95,2315673000.0,2628270000.0,0.586,2628270000.0,2315673000.0,2315673000.0,2.75,2.69,2.75,8375738000.0,8002211000.0,8375738000.0,46918889501.0,20.0,17.852,1283591000.0,2.211,1.0,4488205000.0,1.0,1208402000.0,0.0,89277869000.0,84861383500.0,0.0,71230014000.0,,,68866167000.0,,,35538470501.0,383545000.0,21807000.0,-320102000.0,660383000.0,-518358000.0,6468715000.0,-7490942000.0,-7390568000.0,1405772000.0,0.0,1597046000.0,1596046000.0,1596046000.0,-4000000.0,0.0,0.356,2146033000.0,2342172000.0,0.0,0.345,4.243,22.267,22.265,849540000.0,1000000.0,61.23,7.918,7.919,524055000.0,5630445000.0,4488205000.0,4488205000.0,0.0,0.022,0.199,0.027,0.516,0.0,1273102000.0,1.0,580409448.0,580504000,,7.732,76485608000.0,0.0,718627000.0,0.0,131.757,
76,FITB,MRT,2002-06-30,2002-06-30,2002-06-30,2021-09-07,224537000.0,74923337000.0,71658355250.0,,,0.06,14.077,-116735000.0,1746350000.0,1746350000.0,0.0,1459909000.0,,8.094,13126769000.0,,,13126769000.0,0.0,284465000.0,50089264000.0,0.013,0.89,2121080000.0,2405545000.0,0.561,2405545000.0,2121080000.0,2121080000.0,2.51,2.46,2.51,8190339000.0,7759692000.0,8190339000.0,51500412501.0,24.0,21.409,3520835000.0,6.051,1.0,4284199000.0,1.0,935590000.0,0.0,85368166000.0,83023509750.0,0.0,68442740000.0,,,66292650000.0,,,38849613501.0,160638000.0,21807000.0,-128363000.0,-1946107000.0,-500418000.0,3188688000.0,-6665620000.0,-6570692000.0,3637570000.0,0.0,1459909000.0,1458909000.0,1458909000.0,-4000000.0,0.0,0.341,2146042000.0,2138157000.0,0.0,0.355,4.743,26.629,26.554,837438000.0,1000000.0,66.65,9.068,9.051,519475000.0,5364282000.0,4284199000.0,4284199000.0,0.0,0.02,0.188,0.026,0.495,0.0,1256135000.0,1.0,582889925.0,581814000,,7.364,73987747000.0,0.0,661171000.0,0.0,127.167,
77,FITB,MRT,2002-03-31,2002-03-31,2002-03-31,2021-09-07,-31081000.0,70565568000.0,70385931000.0,,,0.059,13.395,-126950000.0,1344508000.0,1344508000.0,0.0,1184535000.0,,7.988,13995307000.0,,,13995307000.0,0.0,240656000.0,45865743000.0,0.013,0.86,1768698000.0,2009354000.0,0.486,2009354000.0,1768698000.0,1768698000.0,2.04,2.0,2.04,7803490000.0,7479163250.0,7803490000.0,51456227928.0,29.0,25.608,3550787000.0,6.095,1.0,4134835000.0,1.0,945150000.0,0.0,82271217000.0,82329771000.0,0.0,65060150000.0,,,62331159000.0,,,39274227928.0,-77947000.0,-108024000.0,37158000.0,-2112155000.0,-460334000.0,-1801492000.0,-1954192000.0,-1719218000.0,3677737000.0,0.0,1184535000.0,1183535000.0,1183535000.0,-4000000.0,0.0,0.286,2358489000.0,1776346000.0,0.0,0.422,5.033,33.184,33.078,837663000.0,1000000.0,67.48,9.498,9.508,469578000.0,5094405000.0,4134835000.0,4134835000.0,0.0,0.017,0.158,0.021,0.428,0.0,1247157000.0,1.0,582012862.0,582583000,,7.097,69620418000.0,0.0,584163000.0,0.0,119.503,
78,FITB,MRT,2001-12-31,2001-12-31,2001-12-31,2021-09-07,7823000.0,71026340000.0,70611622750.0,,,0.056,13.221,-124000000.0,2030950000.0,2030950000.0,0.0,1094000000.0,,8.242,14482656000.0,,,14482656000.0,0.0,236000000.0,45854090000.0,0.014,0.83,1642000000.0,1878000000.0,0.472,1878000000.0,1642000000.0,1642000000.0,1.9,1.86,1.9,7639277000.0,7282256750.0,7639277000.0,48007001343.0,29.0,25.563,779000000.0,1.348,1.0,3983000000.0,1.0,949764000.0,0.0,82528282000.0,83127075000.0,0.0,64277991000.0,,,62965573000.0,,,35437029343.0,324000000.0,-125000000.0,126000000.0,1920000000.0,-461000000.0,-971000000.0,392000000.0,641000000.0,903000000.0,0.0,1094000000.0,1093000000.0,1093000000.0,-4000000.0,0.0,0.274,2336000000.0,1647000000.0,0.0,0.437,4.639,32.422,32.279,832738000.0,1000000.0,61.33,8.897,8.897,617882000.0,4837807000.0,3983000000.0,3983000000.0,0.0,0.015,0.15,0.02,0.412,0.0,1227000000.0,1.0,577809055.0,577809055,,6.893,70076576000.0,0.0,548000000.0,0.0,121.28,
79,FITB,MRT,2001-09-30,2001-09-30,2001-09-30,2021-09-07,237945000.0,70118176000.0,70269537750.0,,,0.055,12.829,-123135000.0,1446136000.0,1446136000.0,0.0,1027185000.0,,8.468,14016108000.0,,,14016108000.0,0.0,211180000.0,45572728000.0,0.013,0.78,1554814000.0,1765994000.0,0.457,1765994000.0,1554814000.0,1554814000.0,1.78,1.75,1.78,7405662000.0,7037937500.0,7405662000.0,49047631778.0,32.0,27.773,1410641000.0,2.444,1.0,3861142000.0,1.0,761774000.0,0.0,81926374000.0,82628504500.0,0.0,64403375000.0,,,62712514000.0,,,35491520778.0,12955000.0,8193000.0,147240000.0,-3141108000.0,-460270000.0,-2070326000.0,549505000.0,664447000.0,1533776000.0,0.0,1027185000.0,1026185000.0,1026185000.0,0.0,0.0,0.266,2299547000.0,1561595000.0,0.0,0.438,4.792,34.586,34.539,826173000.0,1000000.0,61.48,9.192,9.191,593645000.0,4571373000.0,3861142000.0,3861142000.0,0.0,0.015,0.146,0.019,0.403,0.0,1211421000.0,1.0,577285634.0,577252000,,6.689,69356402000.0,0.0,527629000.0,0.0,120.149,
80,FITB,MRT,2001-06-30,2001-06-30,2001-06-30,2021-09-07,84921000.0,69833640000.0,69460721500.0,,,0.054,12.302,-114583000.0,1585300000.0,1585300000.0,0.0,1057263000.0,,8.88,15141411000.0,,,15141411000.0,0.0,185161000.0,45103685000.0,0.013,0.76,1604551000.0,1789712000.0,0.477,1789712000.0,1604551000.0,1604551000.0,1.85,1.82,1.85,7068224000.0,6695940750.0,7068224000.0,45037011543.0,28.0,25.164,-55773000.0,-0.097,1.0,3748465000.0,1.0,796540000.0,0.0,82593211000.0,82731241500.0,0.0,63879324000.0,,,62765416000.0,,,34559138543.0,160505000.0,8193000.0,-25953000.0,-160923000.0,-451928000.0,-1750769000.0,1852464000.0,1958854000.0,58810000.0,0.0,1057263000.0,1056263000.0,1056263000.0,0.0,0.0,0.282,2137133000.0,1611332000.0,0.0,0.411,4.889,32.718,32.459,819061000.0,1000000.0,60.05,9.22,9.204,545633000.0,4422847000.0,3748465000.0,3748465000.0,0.0,0.015,0.158,0.019,0.428,0.0,1194032000.0,1.0,575506054.0,574545000,,6.524,69037100000.0,0.0,547288000.0,0.0,120.16,
81,FITB,MRT,2001-03-31,2001-03-31,2001-03-31,2021-09-07,76979000.0,71468335000.0,68726100250.0,,,0.053,12.283,-114087000.0,1422043000.0,1422043000.0,0.0,1176148000.0,,9.187,16222977000.0,,,16222977000.0,0.0,209987000.0,45923344000.0,0.014,0.74,1730354000.0,1940341000.0,0.53,1940341000.0,1730354000.0,1730354000.0,2.07,2.03,2.07,7015864000.0,6391219000.0,7015864000.0,32246794651.0,19.0,16.619,-494207000.0,-0.865,1.0,3659718000.0,1.0,808836000.0,0.0,85460433000.0,82218505750.0,0.0,65454463000.0,,,64452471000.0,,,24937794651.0,-203931000.0,138024000.0,-74749000.0,3125496000.0,-496697000.0,1626281000.0,-1450092000.0,-1474029000.0,-380120000.0,0.0,1176148000.0,1175148000.0,1175148000.0,0.0,0.0,0.321,1922583000.0,1737135000.0,0.0,0.357,3.554,21.221,25.816,811699000.0,1000000.0,53.44,6.814,8.341,535793000.0,4409458000.0,3659718000.0,3659718000.0,0.0,0.017,0.184,0.021,0.473,0.0,1168792000.0,1.0,466650349.0,571182000,,6.407,70659499000.0,0.0,554206000.0,0.0,123.708,
82,FITB,MRT,2000-12-31,2000-12-31,2000-12-31,2021-09-07,28000000.0,69658000000.0,61956207750.0,,,0.058,14.423,-110000000.0,1707000000.0,1707000000.0,0.0,1141000000.0,,9.456,12583000000.0,,,12583000000.0,0.0,180000000.0,48360000000.0,0.012,0.7,1680000000.0,1860000000.0,0.517,1860000000.0,1680000000.0,1680000000.0,2.02,1.98,2.02,6662000000.0,5675265750.0,6662000000.0,39907599035.0,24.0,21.456,677000000.0,1.466,1.0,3599000000.0,1.0,0.0,0.0,80534000000.0,74192234000.0,0.0,63390000000.0,,,62996000000.0,,,27598421035.0,-185000000.0,155000000.0,-97000000.0,-937000000.0,-436000000.0,3935000000.0,-4907000000.0,-4952000000.0,787000000.0,0.0,1141000000.0,1140000000.0,1140000000.0,0.0,0.0,0.317,1919000000.0,1680000000.0,0.0,0.347,4.143,24.209,29.579,835000000.0,1000000.0,59.75,7.668,7.668,558000000.0,4225000000.0,3599000000.0,3599000000.0,0.0,0.018,0.201,0.023,0.467,0.0,1166000000.0,1.0,461898260.0,461898260,,7.792,69658000000.0,0.0,539000000.0,0.0,150.808,
83,FITB,MRT,2000-09-30,2000-09-30,2000-09-30,2021-09-07,-198531000.0,66882911000.0,54938957750.0,,,0.075,10.678,-131815000.0,1433887000.0,1433887000.0,0.0,1159860000.0,,10.078,16888298000.0,,,16888298000.0,0.0,221804000.0,42232709000.0,0.013,0.68,1753483000.0,1975287000.0,0.48,1975287000.0,1753483000.0,1753483000.0,1.91,1.88,1.91,6037675000.0,5029015750.0,6037675000.0,35826476293.0,20.0,18.137,2158178000.0,3.817,1.0,4116857000.0,1.0,0.0,0.0,82337322000.0,66740234000.0,0.0,61313572000.0,,,60845236000.0,,,25054335293.0,-216335000.0,48000000.0,-281019000.0,2610592000.0,-497874000.0,2311890000.0,-4818218000.0,-4734403000.0,2289993000.0,0.0,1159860000.0,1158490000.0,1158490000.0,0.0,0.0,0.281,2363374000.0,1753483000.0,0.0,0.356,4.15,21.627,28.209,809478000.0,1370000.0,53.88,6.086,7.4,518547000.0,4038491000.0,4116857000.0,4116857000.0,0.0,0.021,0.23,0.026,0.426,0.0,1406314000.0,1.0,465002511.0,565440000,,7.281,66882911000.0,0.0,593623000.0,0.0,118.285,
84,FITB,MRT,2000-06-30,2000-06-30,2000-06-30,2021-09-07,-329443000.0,66895155000.0,48579852000.0,,,0.077,10.33,-131162000.0,1425500000.0,1425500000.0,0.0,1045628000.0,,10.436,15072613000.0,,,15072613000.0,0.0,212461000.0,44265636000.0,0.016,0.66,1590313000.0,1802774000.0,0.48,1802774000.0,1590313000.0,1590313000.0,1.78,1.76,1.78,5849337000.0,4496532500.0,5849337000.0,28559275377.0,18.0,15.842,2354605000.0,4.158,1.0,3753432000.0,1.0,0.0,0.0,80542268000.0,59175612500.0,0.0,61320490000.0,,,61045818000.0,,,19592694377.0,-275276000.0,48000000.0,-115313000.0,2817974000.0,-465248000.0,4131505000.0,-6892548000.0,-6809386000.0,2485767000.0,0.0,1045628000.0,1044443000.0,1044443000.0,0.0,0.0,0.278,2163119000.0,1590313000.0,0.0,0.371,3.35,18.759,23.689,809663000.0,1185000.0,42.167,5.22,6.362,508953000.0,3940792000.0,3753432000.0,3753432000.0,0.0,0.021,0.232,0.027,0.424,0.0,1274441000.0,1.0,464648878.0,566272000,,6.628,66895155000.0,0.0,544685000.0,0.0,118.133,
85,FITB,MRT,2000-03-31,2000-03-31,2000-03-31,2021-09-07,-298187000.0,44388765000.0,41852817000.0,,,0.081,8.953,-116326000.0,947525000.0,947525000.0,0.0,978027000.0,,9.691,9914106000.0,,,9914106000.0,0.0,169249000.0,28985697000.0,0.015,0.613,1497368000.0,1666617000.0,0.489,1666617000.0,1497368000.0,1497368000.0,1.74,1.72,1.74,4152051000.0,4000633750.0,4152051000.0,28627950962.0,19.0,17.177,1816924000.0,3.918,1.0,3408957000.0,1.0,0.0,0.0,53355346000.0,51176380500.0,0.0,40927589000.0,,,40236714000.0,,,19490950962.0,-33834000.0,48000000.0,-84939000.0,1710331000.0,-389674000.0,4795312000.0,-6762396000.0,-6694070000.0,1933250000.0,0.0,978027000.0,977027000.0,977027000.0,0.0,0.0,0.287,1911589000.0,1497368000.0,0.0,0.352,4.694,19.949,24.138,489918000.0,1000000.0,42.0,5.718,5.714,317760000.0,2836473000.0,3408957000.0,3408957000.0,0.0,0.023,0.244,0.029,0.439,0.0,1147841000.0,1.0,464070261.0,463780000,,7.35,44388765000.0,0.0,519341000.0,0.0,95.711,
86,FITB,MRT,1999-12-31,1999-12-31,1999-12-31,2021-09-07,-225000000.0,41589000000.0,40270905250.0,,,0.083,8.902,-108000000.0,1213000000.0,1213000000.0,0.0,948000000.0,,9.201,10350000000.0,,,10350000000.0,0.0,172000000.0,26083000000.0,0.012,0.587,1455000000.0,1627000000.0,0.486,1627000000.0,1455000000.0,1455000000.0,1.68,1.66,1.68,4077000000.0,3934628500.0,4077000000.0,30794062114.0,21.0,18.927,2492000000.0,5.441,1.0,3347000000.0,1.0,0.0,0.0,50726000000.0,49229368500.0,0.0,38066000000.0,,,37512000000.0,,,22404519114.0,88000000.0,48000000.0,-89000000.0,2870000000.0,-378000000.0,2924000000.0,-5436000000.0,-5376000000.0,2600000000.0,0.0,948000000.0,947000000.0,947000000.0,0.0,0.0,0.283,1892000000.0,1455000000.0,0.0,0.349,5.495,23.658,29.119,482000000.0,1000000.0,48.92,6.694,6.694,321000000.0,2704000000.0,3347000000.0,3347000000.0,0.0,0.024,0.241,0.03,0.435,0.0,1134000000.0,1.0,457982811.0,457982811,,7.308,41589000000.0,0.0,507000000.0,0.0,90.809,
87,FITB,MRT,1999-09-30,1999-09-30,1999-09-30,2021-09-07,-190136000.0,41446488000.0,39146655250.0,,,0.061,8.476,-84038000.0,891346000.0,891346000.0,0.0,770988000.0,,9.606,11523694000.0,,,11523694000.0,0.0,140284000.0,25006594000.0,0.014,0.56,1162394000.0,1302678000.0,0.546,1302678000.0,1162394000.0,1162394000.0,1.597,1.573,1.597,3907742000.0,3864128500.0,3907742000.0,23006860236.0,20.0,17.661,1173188000.0,2.545,1.0,2385849000.0,1.0,0.0,0.0,52078836000.0,47497368500.0,0.0,38355911000.0,,,37538746000.0,,,16508735236.0,-44236000.0,39000000.0,-18500000.0,4263170000.0,-244562000.0,4790783000.0,-6092245000.0,-6047207000.0,1257226000.0,0.0,770988000.0,770988000.0,770988000.0,0.0,0.0,0.323,1223455000.0,1162394000.0,0.0,0.351,4.225,21.412,25.398,467243000.0,0.0,40.56,6.919,7.837,320217000.0,2733001000.0,2385849000.0,2385849000.0,0.0,0.02,0.2,0.024,0.487,0.0,720625000.0,1.0,407020100.0,461016000,,5.175,41446488000.0,0.0,391406000.0,0.0,89.902,
88,FITB,MRT,1999-06-30,1999-06-30,1999-06-30,2021-09-07,-82412000.0,39987015000.0,35969961500.0,,,0.062,8.472,-78140000.0,941901000.0,941901000.0,0.0,720329000.0,,9.344,9500226000.0,,,9500226000.0,0.0,129314000.0,25601981000.0,0.012,0.513,1091269000.0,1220583000.0,0.545,1220583000.0,1091269000.0,1091269000.0,1.537,1.507,1.537,3865742000.0,3673760500.0,3865742000.0,23639763793.0,22.0,19.368,535189000.0,1.173,1.0,2240994000.0,1.0,0.0,0.0,48545340000.0,42927019500.0,0.0,36514401000.0,,,36121273000.0,,,17883386793.0,-127521000.0,39000000.0,-117814000.0,2379100000.0,-217176000.0,3296378000.0,-4037228000.0,-3998088000.0,613329000.0,0.0,720329000.0,720329000.0,720329000.0,0.0,0.0,0.321,1149725000.0,1091269000.0,0.0,0.334,4.626,24.827,28.87,455500000.0,0.0,44.373,7.98,9.035,331704000.0,2401447000.0,2240994000.0,2240994000.0,0.0,0.02,0.196,0.025,0.487,0.0,676753000.0,1.0,403021036.0,456295000,,4.911,39987015000.0,0.0,370940000.0,0.0,87.634,
89,FITB,MRT,1999-03-31,1999-03-31,1999-03-31,2021-09-07,81455000.0,38061118000.0,33046378250.0,,,0.062,8.55,-68153000.0,901638000.0,901638000.0,0.0,597917000.0,,8.789,8407818000.0,,,8407818000.0,0.0,126550000.0,24668315000.0,0.011,0.493,911262000.0,1037812000.0,0.505,1037812000.0,911262000.0,911262000.0,1.283,1.263,1.283,3888030000.0,3476686500.0,3888030000.0,22777892345.0,25.0,21.948,1362693000.0,2.997,1.0,2055806000.0,1.0,0.0,0.0,45567298000.0,39036306250.0,0.0,35396066000.0,,,34173088000.0,,,17615676345.0,-19946000.0,24000000.0,11500000.0,41072000.0,-194810000.0,109149000.0,-1559941000.0,-1515788000.0,1430846000.0,0.0,597917000.0,597917000.0,597917000.0,0.0,0.0,0.291,1144544000.0,911262000.0,0.0,0.384,4.531,29.462,34.263,453133000.0,0.0,43.96,8.569,9.724,330546000.0,2507406000.0,2055806000.0,2055806000.0,0.0,0.018,0.172,0.023,0.443,0.0,613772000.0,1.0,400720572.0,454726500,,4.521,38061118000.0,0.0,313345000.0,0.0,83.701,
90,FITB,MRT,1998-12-31,1998-12-31,1998-12-31,2021-09-07,94000000.0,37092000000.0,30777037000.0,,,0.062,9.484,-73000000.0,1045000000.0,1045000000.0,0.0,547000000.0,,8.774,7751000000.0,,,7751000000.0,0.0,118000000.0,24496000000.0,0.01,0.473,834000000.0,952000000.0,0.501,952000000.0,834000000.0,834000000.0,1.21,1.19,1.21,3795000000.0,3212723750.0,3795000000.0,23935153843.0,29.0,25.142,452000000.0,1.13,1.0,1900000000.0,1.0,0.0,0.0,43798000000.0,36330317000.0,0.0,34084000000.0,,,33297000000.0,,,19041685843.0,81000000.0,24000000.0,6000000.0,1043000000.0,-168000000.0,847000000.0,-1291000000.0,-1242000000.0,525000000.0,0.0,547000000.0,547000000.0,547000000.0,0.0,0.0,0.288,1066000000.0,834000000.0,0.0,0.391,5.018,34.811,39.328,449000000.0,0.0,47.587,10.022,10.022,343000000.0,2204000000.0,1900000000.0,1900000000.0,0.0,0.018,0.17,0.023,0.439,0.0,566000000.0,1.0,400147503.0,400147503,,4.748,37092000000.0,0.0,287000000.0,0.0,92.696,
91,FITB,MRT,1998-09-30,1998-09-30,1998-09-30,2021-09-07,117803000.0,28739713000.0,28431705250.0,,,0.063,7.817,-76082000.0,749403000.0,749403000.0,0.0,514934000.0,,8.135,5807130000.0,,,5807130000.0,0.0,103512000.0,18842047000.0,0.011,0.438,786221000.0,889733000.0,0.499,889733000.0,786221000.0,786221000.0,1.14,1.12,1.14,3146270000.0,2954682750.0,3146270000.0,20093815742.0,26.0,22.584,441528000.0,1.097,1.0,1783192000.0,1.0,0.0,0.0,33797440000.0,33404044250.0,0.0,26586260000.0,,,25593443000.0,,,15404010742.0,18067000.0,-19094000.0,26906000.0,792316000.0,-159538000.0,692139000.0,-1191682000.0,-1096506000.0,517610000.0,0.0,514934000.0,514934000.0,514934000.0,0.0,0.0,0.289,996971000.0,786221000.0,0.0,0.384,4.896,29.915,33.626,328283000.0,0.0,38.333,8.638,8.652,272009000.0,2020766000.0,1783192000.0,1783192000.0,0.0,0.018,0.174,0.024,0.441,0.0,546059000.0,1.0,401843758.0,402490500,,4.43,28739713000.0,0.0,271287000.0,0.0,71.405,
92,FITB,MRT,1998-06-30,1998-06-30,1998-06-30,2021-09-07,91211000.0,28292682000.0,28044637750.0,,,0.061,7.742,-77002000.0,882432000.0,882432000.0,0.0,488751000.0,,8.194,5572237000.0,,,5572237000.0,0.0,99336000.0,18792343000.0,0.01,0.422,742285000.0,841621000.0,0.49,841621000.0,742285000.0,742285000.0,1.08,1.067,1.08,3077446000.0,2820760000.0,3077446000.0,19030523886.0,26.0,22.612,539108000.0,1.356,1.0,1716900000.0,1.0,0.0,0.0,32982487000.0,32871316000.0,0.0,26064685000.0,,,25215236000.0,,,14687222886.0,-38853000.0,-30000000.0,120511000.0,179405000.0,-147342000.0,959113000.0,-1614076000.0,-1507074000.0,616110000.0,0.0,488751000.0,488751000.0,488751000.0,0.0,0.0,0.285,974615000.0,742285000.0,0.0,0.391,4.773,30.051,38.889,316588000.0,0.0,42.0,8.555,9.723,221150000.0,1907147000.0,1716900000.0,1716900000.0,0.0,0.017,0.173,0.023,0.432,0.0,528450000.0,1.0,349695783.0,397482000,,4.319,28292682000.0,0.0,253534000.0,0.0,71.18,
93,FITB,MRT,1998-03-31,1998-03-31,1998-03-31,2021-09-07,86782000.0,28983753000.0,27642960500.0,,,0.061,7.186,-82629000.0,734594000.0,734594000.0,0.0,542263000.0,,9.234,6494182000.0,,,6494182000.0,0.0,100939000.0,18829066000.0,0.011,0.407,818054000.0,918993000.0,0.544,918993000.0,818054000.0,818054000.0,1.22,1.2,1.22,2832179000.0,2666192750.0,2832179000.0,16077587378.0,20.0,17.495,66264000.0,0.168,1.0,1689776000.0,1.0,0.0,0.0,34743341000.0,32473116250.0,0.0,26925341000.0,,,26151574000.0,,,13278911378.0,137422000.0,-15000000.0,-34464000.0,1926283000.0,-138967000.0,2761231000.0,-2772702000.0,-2675073000.0,148893000.0,0.0,542263000.0,542263000.0,542263000.0,0.0,0.0,0.321,871722000.0,818054000.0,0.0,0.334,4.689,24.488,31.148,310927000.0,0.0,38.0,7.858,8.863,216743000.0,1897815000.0,1689776000.0,1689776000.0,0.0,0.02,0.203,0.025,0.484,0.0,519790000.0,1.0,349445036.0,394107000,,4.288,28983753000.0,0.0,275791000.0,0.0,73.543,
94,FITB,MRT,1997-12-31,1997-12-31,1997-12-31,2021-09-07,98254000.0,27710673000.0,25440946500.0,,,0.065,7.928,-72000000.0,777378000.0,777378000.0,0.0,529000000.0,,9.03,5159614000.0,,,5159614000.0,0.0,94000000.0,19019896000.0,0.01,0.379,797000000.0,891000000.0,0.541,891000000.0,797000000.0,797000000.0,1.187,1.167,1.187,2762836000.0,2436870750.0,2762836000.0,15606124335.0,20.0,17.515,615000000.0,1.765,1.0,1646000000.0,1.0,0.0,0.0,32092909000.0,29669563250.0,0.0,25730665000.0,,,24947837000.0,,,12661986335.0,-122000000.0,-15000000.0,-289000000.0,593000000.0,-134000000.0,996000000.0,-1805000000.0,-1718000000.0,687000000.0,0.0,529000000.0,529000000.0,529000000.0,0.0,0.0,0.321,849000000.0,797000000.0,0.0,0.319,4.583,23.936,30.609,301029000.0,0.0,36.333,7.693,7.693,212949000.0,1785121000.0,1646000000.0,1646000000.0,0.0,0.021,0.217,0.027,0.484,0.0,505000000.0,1.0,348495037.0,348495037,,4.723,27710673000.0,0.0,268000000.0,0.0,79.515,
95,FITB,MRT,1997-09-30,1997-09-30,1997-09-30,2021-09-07,51137000.0,27191443000.0,23650527750.0,,,0.058,6.653,-54211000.0,708580000.0,708580000.0,0.0,465274000.0,,9.416,5183664000.0,,,5183664000.0,0.0,74504000.0,18702347000.0,0.013,0.367,695769000.0,770273000.0,0.557,770273000.0,695769000.0,695769000.0,1.135,,1.135,2610579000.0,2282193000.0,2610579000.0,13361301338.0,19.0,17.346,612615000.0,1.561,1.0,1381693000.0,1.0,0.0,0.0,31666527000.0,27467127250.0,0.0,25290970000.0,,,24580864000.0,,,10074844338.0,-31091000.0,-10906000.0,-252553000.0,1136433000.0,-132270000.0,1140060000.0,-1837977000.0,-1772860000.0,666826000.0,0.0,465274000.0,465274000.0,465274000.0,0.0,0.0,0.337,685924000.0,695769000.0,0.0,0.323,3.859,21.654,25.602,294351000.0,0.0,29.058,7.292,8.253,203396000.0,1736622000.0,1381693000.0,1381693000.0,0.0,0.02,0.204,0.025,0.504,0.0,395091000.0,1.0,346717647.0,392419500,,3.521,27191443000.0,0.0,230495000.0,0.0,69.292,
96,FITB,MRT,1997-06-30,1997-06-30,1997-06-30,2021-09-07,21159000.0,26685973000.0,,,,,6.282,-47598000.0,899340000.0,899340000.0,0.0,425723000.0,,9.852,5603055000.0,,,5603055000.0,0.0,71283000.0,17953152000.0,0.015,0.356,635989000.0,707272000.0,0.544,707272000.0,635989000.0,635989000.0,1.057,,1.057,2459177000.0,,2459177000.0,11800388914.0,19.0,16.684,633244000.0,1.618,1.0,1299160000.0,1.0,0.0,0.0,31389688000.0,,0.0,24534494000.0,,,24226796000.0,,,8446956914.0,367896000.0,224313000.0,-263785000.0,1852544000.0,-124448000.0,1089089000.0,-1402035000.0,-1578750000.0,680842000.0,0.0,425723000.0,425723000.0,425723000.0,0.0,0.0,0.328,663171000.0,635989000.0,0.0,0.337,3.435,19.841,23.023,278105000.0,0.0,24.335,6.502,7.333,198744000.0,1653600000.0,1299160000.0,1299160000.0,0.0,,,,0.49,0.0,372922000.0,1.0,347114082.0,391468500,,3.319,26685973000.0,0.0,210266000.0,0.0,68.169,
97,FITB,MRT,1997-03-31,1997-03-31,1997-03-31,2021-09-07,-26978000.0,20175697000.0,,,,,5.435,-42647000.0,506720000.0,506720000.0,0.0,397700000.0,,9.536,3860152000.0,,,3860152000.0,0.0,65516000.0,13922516000.0,0.015,0.335,593052000.0,658568000.0,0.541,658568000.0,593052000.0,593052000.0,1.006,,1.006,1914891000.0,,1914891000.0,10939998595.0,18.0,16.612,513344000.0,1.457,1.0,1218442000.0,1.0,0.0,0.0,23529129000.0,,0.0,18836337000.0,,,18260806000.0,,,8205831595.0,48409000.0,224313000.0,-244055000.0,1356089000.0,-118477000.0,1390230000.0,-1897812000.0,-2079478000.0,555991000.0,0.0,397700000.0,397700000.0,397700000.0,0.0,0.0,0.326,625390000.0,593052000.0,0.0,0.333,4.285,20.633,22.826,233163000.0,0.0,22.963,6.735,6.64,162036000.0,1197289000.0,1218442000.0,1218442000.0,0.0,,,,0.487,0.0,355071000.0,1.0,357350731.0,352303500,,3.459,20175697000.0,0.0,195352000.0,0.0,57.268,
98,FITB,MRT,1996-12-31,1996-12-31,1996-12-31,2021-09-07,16598000.0,20548998000.0,18800940500.0,,,0.063,6.109,-42929000.0,808926000.0,808926000.0,0.0,382344000.0,,8.584,3543093000.0,,,3543093000.0,0.0,62571000.0,14374656000.0,0.018,0.326,569904000.0,632475000.0,0.531,632475000.0,569904000.0,569904000.0,0.967,0.947,0.967,2144125000.0,1934350000.0,2144125000.0,,,,277803000.0,0.792,1.0,1191558000.0,1.0,0.0,0.0,23283165000.0,21069202000.0,0.0,18772778000.0,,,18404873000.0,,,6650429451.0,192417000.0,-175572000.0,9492000.0,1494344000.0,-113869000.0,3245056000.0,-3373371000.0,-3154870000.0,320732000.0,0.0,382344000.0,382344000.0,382344000.0,0.0,0.0,0.321,621654000.0,569904000.0,0.0,0.337,3.102,17.394,19.245,231389000.0,0.0,18.61,5.581,5.482,182854000.0,1279559000.0,1191558000.0,1191558000.0,0.0,0.02,0.198,0.027,0.478,0.0,353690000.0,1.0,357350731.0,350979750,,3.395,20548998000.0,0.0,187560000.0,0.0,58.548,
99,FITB,MRT,1996-09-30,1996-09-30,1996-09-30,2021-09-07,,,,,,,,,,,,,,,,,,,,,,0.018,0.317,,,,,,,,,,,,,,,,,,1.0,,,,,,,,,,,,,,,,,,,,,,,,,,,,,,,,,,,,,,,,17.221,,,,,,,,,,,,,,1.0,,357039000,,,,,,,,
100,FITB,MRT,1996-06-30,1996-06-30,1996-06-30,2021-09-07,,,,,,,,,,,,,,,,,,,,,,0.018,0.3,,,,,,,,,,,,,,,,,,1.0,,,,,,,,,,,,,,,,,,,,,,,,,,,,,,,,,,,,,,,,16.222,,,,,,,,,,,,,,1.0,,349269750,,,,,,,,
101,FITB,MRT,1996-03-31,1996-03-31,1996-03-31,2021-09-07,,,,,,,,,,,,,,,,,,,,,,0.017,0.292,,,,,,,,,,,,,,,,,,1.0,,,,,,,,,,,,,,,,,,,,,,,,,,,,,,,,,,,,,,,,17.333,,,,,,,,,,,,,,1.0,,340132500,,,,,,,,
102,FITB,MRT,1995-12-31,1995-12-31,1995-12-31,2021-09-07,14802000.0,17052883000.0,,,,,5.168,-28416000.0,628535000.0,628535000.0,0.0,287685000.0,,8.888,2430891000.0,,,2430891000.0,0.0,27612000.0,12485780000.0,0.029,0.284,430568000.0,458180000.0,0.555,458180000.0,430568000.0,430568000.0,0.862,0.84,0.862,1724575000.0,,1724575000.0,,,,431916000.0,1.294,1.0,826185000.0,1.0,0.0,0.0,18855239000.0,,0.0,15858346000.0,,,15328308000.0,,,,-66474000.0,-218676000.0,3974000.0,-183561000.0,-89131000.0,982401000.0,-1509207000.0,-1262115000.0,460332000.0,0.0,287685000.0,287685000.0,287685000.0,0.0,0.0,0.348,395617000.0,430568000.0,0.0,0.329,,,11.19,195990000.0,0.0,9.645,,3.896,133998000.0,1148279000.0,826185000.0,826185000.0,0.0,,,,0.521,0.0,240369000.0,1.0,,333716625,,2.476,17052883000.0,0.0,142883000.0,0.0,51.1,
103,FITB,MRT,1994-12-31,1994-12-31,1994-12-31,2021-09-07,,,,,,,,-25836000.0,,,0.0,244459000.0,,,,,,,,29987000.0,,0.025,0.237,365336000.0,395323000.0,0.536,395323000.0,365336000.0,365336000.0,0.75,,0.75,,,,,,,415840000.0,1.276,1.0,736881000.0,1.0,,0.0,,,,,,,,,,,100117000.0,-10012000.0,10307000.0,526668000.0,-73425000.0,1536602000.0,-1878161000.0,-1842313000.0,441676000.0,0.0,244459000.0,244459000.0,244459000.0,0.0,0.0,0.332,371545000.0,365336000.0,,0.316,,,12.642,,0.0,9.481,,4.194,,,736881000.0,736881000.0,0.0,,,,0.496,0.0,226931000.0,1.0,,325957500,,2.261,,,120877000.0,,,
