None,ticker,dimension,calendardate,datekey,reportperiod,lastupdated,accoci,assets,assetsavg,assetsc,assetsnc,assetturnover,bvps,capex,cashneq,cashnequsd,cor,consolinc,currentratio,de,debt,debtc,debtnc,debtusd,deferredrev,depamor,deposits,divyield,dps,ebit,ebitda,ebitdamargin,ebitdausd,ebitusd,ebt,eps,epsdil,epsusd,equity,equityavg,equityusd,ev,evebit,evebitda,fcf,fcfps,fxusd,gp,grossmargin,intangibles,intexp,invcap,invcapavg,inventory,investments,investmentsc,investmentsnc,liabilities,liabilitiesc,liabilitiesnc,marketcap,ncf,ncfbus,ncfcommon,ncfdebt,ncfdiv,ncff,ncfi,ncfinv,ncfo,ncfx,netinc,netinccmn,netinccmnusd,netincdis,netincnci,netmargin,opex,opinc,payables,payoutratio,pb,pe,pe1,ppnenet,prefdivis,price,ps,ps1,receivables,retearn,revenue,revenueusd,rnd,roa,roe,roic,ros,sbcomp,sgna,sharefactor,sharesbas,shareswa,shareswadil,sps,tangibles,taxassets,taxexp,taxliabilities,tbvps,workingcapital
0,SEE,MRY,2020-12-31,2020-12-31,2020-12-31,2021-08-03,-963500000.0,6083800000.0,5834825000.0,1881500000.0,4202300000.0,0.84,1.111,-181100000.0,548700000.0,548700000.0,3293900000.0,502900000.0,1.376,34.268,3838400000.0,53800000.0,3784600000.0,3838400000.0,0.0,174200000.0,0.0,0.014,0.64,819400000.0,993600000.0,0.203,993600000.0,819400000.0,645000000.0,3.24,3.22,3.24,172500000.0,-13750000.0,172500000.0,10605766768.0,13.0,10.674,555900000.0,3.582,1.0,1609300000.0,0.328,2393600000.0,174400000.0,5612500000.0,5623075000.0,596700000.0,0.0,0.0,0.0,5911300000.0,1367400000.0,4543900000.0,7104466768.0,286300000.0,5400000.0,-33000000.0,-116200000.0,-100400000.0,-261700000.0,-159800000.0,15400000.0,737000000.0,-29200000.0,502900000.0,502900000.0,502900000.0,-18800000.0,0.0,0.103,821200000.0,788100000.0,754200000.0,0.198,41.185,14.127,14.133,1265800000.0,0.0,45.79,1.449,1.449,610500000.0,2400700000.0,4903200000.0,4903200000.0,0.0,0.086,-36.575,0.146,0.167,69500000.0,772700000.0,1.0,155153238.0,155200000.0,156000000.0,31.593,3690200000.0,258300000.0,142100000.0,50900000.0,23.777,514100000.0
1,SEE,MRY,2019-12-31,2019-12-31,2019-12-31,2021-08-03,-909000000.0,5765200000.0,5453275000.0,1564000000.0,4201200000.0,0.879,-1.272,-189700000.0,262400000.0,262400000.0,3226300000.0,263000000.0,1.089,-30.384,3906100000.0,141800000.0,3764300000.0,3906100000.0,0.0,150800000.0,0.0,0.016,0.64,523700000.0,674500000.0,0.141,674500000.0,523700000.0,339600000.0,1.7,1.69,1.7,-196200000.0,-283475000.0,-196200000.0,9949562044.0,19.0,14.751,321400000.0,2.083,1.0,1564800000.0,0.327,2399000000.0,184100000.0,5573700000.0,5259425000.0,570300000.0,0.0,0.0,0.0,5961400000.0,1436200000.0,4525200000.0,6154362044.0,-9300000.0,-455200000.0,-67300000.0,317600000.0,-99100000.0,139900000.0,-665600000.0,-20700000.0,511100000.0,5300000.0,263000000.0,263000000.0,263000000.0,30700000.0,0.0,0.055,986300000.0,578500000.0,738500000.0,0.376,-31.368,23.401,23.429,1232000000.0,0.0,39.83,1.285,1.283,636800000.0,1998500000.0,4791100000.0,4791100000.0,0.0,0.048,-0.928,0.1,0.109,57400000.0,915500000.0,1.0,154515743.0,154300000.0,155200000.0,31.051,3366200000.0,271400000.0,76600000.0,43000000.0,21.816,127800000.0
2,SEE,MRY,2018-12-31,2018-12-31,2018-12-31,2021-08-03,-920400000.0,5050200000.0,4986875000.0,1554800000.0,3495400000.0,0.949,-2.187,-168600000.0,271700000.0,271700000.0,3230600000.0,193100000.0,1.044,-15.487,3474200000.0,237700000.0,3236500000.0,3474200000.0,0.0,131200000.0,0.0,0.018,0.64,678500000.0,809700000.0,0.171,809700000.0,678500000.0,500600000.0,1.21,1.2,1.21,-348600000.0,-382875000.0,-348600000.0,8831871320.0,13.0,10.908,259400000.0,1.627,1.0,1502100000.0,0.317,2049300000.0,177900000.0,4714800000.0,4686200000.0,544900000.0,0.0,0.0,0.0,5398800000.0,1488600000.0,3910200000.0,5467271320.0,-322300000.0,-84400000.0,-582600000.0,216300000.0,-104100000.0,-478300000.0,-266700000.0,-11100000.0,428000000.0,-5300000.0,193100000.0,193100000.0,193100000.0,-42800000.0,0.0,0.041,845800000.0,656300000.0,765000000.0,0.529,-15.684,28.313,28.793,1036200000.0,0.0,34.84,1.155,1.173,554700000.0,1835500000.0,4732700000.0,4732700000.0,0.0,0.039,-0.504,0.145,0.143,50800000.0,782300000.0,1.0,156925124.0,159400000.0,160200000.0,29.691,3000900000.0,228900000.0,307500000.0,43900000.0,18.826,66200000.0
3,SEE,MRY,2017-12-31,2017-12-31,2017-12-31,2021-08-03,-844900000.0,5280300000.0,6566950000.0,1866400000.0,3413900000.0,0.679,0.815,-183800000.0,594000000.0,594000000.0,3049500000.0,814900000.0,1.354,33.67,3258000000.0,27500000.0,3230500000.0,3258000000.0,0.0,149300000.0,0.0,0.013,0.64,1329600000.0,1478900000.0,0.331,1478900000.0,1329600000.0,1145400000.0,4.33,4.29,4.33,152300000.0,461800000.0,152300000.0,13339528337.0,10.0,9.02,240600000.0,1.287,1.0,1412100000.0,0.317,2023400000.0,184200000.0,4542700000.0,5646375000.0,506800000.0,0.0,0.0,0.0,5128000000.0,1378200000.0,3749800000.0,11338828337.0,207400000.0,2040400000.0,-1302100000.0,-463200000.0,-119700000.0,-1889700000.0,1786100000.0,-8700000.0,424400000.0,-113400000.0,814900000.0,814900000.0,814900000.0,-752100000.0,0.0,0.183,840800000.0,571300000.0,723800000.0,0.148,74.451,13.914,11.386,998400000.0,0.0,49.3,2.541,2.065,642600000.0,1735200000.0,4461600000.0,4461600000.0,0.0,0.124,1.765,0.235,0.298,68100000.0,815600000.0,1.0,229996518.0,186900000.0,188900000.0,23.872,3256900000.0,261300000.0,330500000.0,75800000.0,17.426,488200000.0
4,SEE,MRY,2016-12-31,2016-12-31,2016-12-31,2021-08-03,-949100000.0,7415500000.0,7521825000.0,2215300000.0,5200200000.0,0.56,3.138,-270800000.0,333700000.0,333700000.0,2810300000.0,486400000.0,1.045,11.163,4142600000.0,380000000.0,3762600000.0,4142600000.0,0.0,214000000.0,0.0,0.013,0.61,773900000.0,987900000.0,0.235,987900000.0,773900000.0,582000000.0,2.49,2.46,2.49,609700000.0,577650000.0,609700000.0,13093262957.0,17.0,13.254,636100000.0,3.274,1.0,1401000000.0,0.333,1923000000.0,191900000.0,7182400000.0,6441125000.0,456700000.0,0.0,0.0,0.0,6805800000.0,2119000000.0,4686800000.0,8764562957.0,8400000.0,2000000.0,-217000000.0,-181400000.0,-121600000.0,-544500000.0,-314800000.0,-46000000.0,906900000.0,-39200000.0,486400000.0,486400000.0,486400000.0,-194100000.0,0.0,0.115,772100000.0,628900000.0,539200000.0,0.245,14.375,18.019,18.209,889600000.0,0.0,45.34,2.081,2.092,533200000.0,1040000000.0,4211300000.0,4211300000.0,0.0,0.065,0.842,0.12,0.184,84500000.0,754300000.0,1.0,193307520.0,194300000.0,197200000.0,21.674,5492500000.0,208600000.0,95600000.0,53200000.0,28.268,96300000.0
5,SEE,MRY,2015-12-31,2015-12-31,2015-12-31,2021-08-03,-820000000.0,7405000000.0,7700050000.0,2215700000.0,5189300000.0,0.573,2.585,-151100000.0,351700000.0,351700000.0,2955100000.0,335400000.0,1.226,13.049,4561600000.0,294800000.0,4266800000.0,4561600000.0,0.0,213300000.0,0.0,0.012,0.52,679000000.0,892300000.0,0.202,892300000.0,679000000.0,468000000.0,1.63,1.62,1.63,527100000.0,798375000.0,527100000.0,13120903888.0,19.0,14.705,831000000.0,4.076,1.0,1455200000.0,0.33,3693800000.0,211000000.0,6114000000.0,6246425000.0,660800000.0,0.0,0.0,0.0,6877900000.0,1807100000.0,5070800000.0,8805103888.0,73000000.0,67100000.0,-802000000.0,103700000.0,-106800000.0,-788700000.0,-60000000.0,24000000.0,982100000.0,-60400000.0,335400000.0,335400000.0,335400000.0,-176600000.0,0.0,0.076,837800000.0,617400000.0,669000000.0,0.319,16.705,26.253,27.362,945700000.0,0.0,44.6,1.996,2.062,889900000.0,675200000.0,4410300000.0,4410300000.0,0.0,0.044,0.42,0.109,0.154,97200000.0,778000000.0,1.0,197423854.0,203900000.0,206700000.0,21.63,3711200000.0,227400000.0,132600000.0,75000000.0,18.201,408600000.0
6,SEE,MRY,2014-12-31,2014-12-31,2014-12-31,2021-08-03,-613800000.0,7953200000.0,8352575000.0,2618600000.0,5334600000.0,0.928,5.537,-137800000.0,286400000.0,286400000.0,5062900000.0,258100000.0,1.516,5.84,4426300000.0,144300000.0,4282000000.0,4426300000.0,0.0,266700000.0,0.0,0.012,0.52,554900000.0,821600000.0,0.106,821600000.0,554900000.0,267200000.0,1.22,1.2,1.22,1162800000.0,1345850000.0,1162800000.0,13154717604.0,24.0,16.011,-356600000.0,-1.698,1.0,2687600000.0,0.347,3869100000.0,287700000.0,6496800000.0,6608600000.0,688500000.0,0.0,0.0,0.0,6790400000.0,1727200000.0,5063200000.0,8959417604.0,-703700000.0,-3600000.0,-184000000.0,-27900000.0,-110900000.0,-321200000.0,-126300000.0,15100000.0,-218800000.0,-37400000.0,258100000.0,258100000.0,258100000.0,0.0,0.0,0.033,2012900000.0,674700000.0,624200000.0,0.426,7.705,34.713,34.779,943000000.0,0.0,42.43,1.156,1.15,1128800000.0,448500000.0,7750500000.0,7750500000.0,0.0,0.031,0.192,0.084,0.072,90800000.0,1841300000.0,1.0,211157615.0,210000000.0,213900000.0,36.907,4084100000.0,399900000.0,9100000.0,77100000.0,19.448,891400000.0
7,SEE,MRY,2013-12-31,2013-12-31,2013-12-31,2021-08-03,-277400000.0,9176000000.0,9253125000.0,3459500000.0,5716500000.0,0.831,7.271,-104400000.0,992400000.0,992400000.0,5100900000.0,125800000.0,1.281,5.484,4399500000.0,283100000.0,4116400000.0,4399500000.0,0.0,283400000.0,0.0,0.015,0.52,571700000.0,855100000.0,0.111,855100000.0,571700000.0,210700000.0,0.65,0.58,0.65,1414900000.0,1407100000.0,1414900000.0,10493337362.0,18.0,12.271,536000000.0,2.754,1.0,2589900000.0,0.337,4131500000.0,361000000.0,5750800000.0,6241200000.0,730200000.0,0.0,0.0,0.0,7759700000.0,2700800000.0,5058900000.0,6679637362.0,312800000.0,-1000000.0,0.0,-213900000.0,-102000000.0,-319900000.0,-113900000.0,-8500000.0,640400000.0,-20800000.0,125800000.0,125800000.0,125800000.0,-30500000.0,0.0,0.016,1985300000.0,604600000.0,524500000.0,0.8,4.721,53.097,52.385,1134500000.0,0.0,34.05,0.869,0.862,1249700000.0,302200000.0,7690800000.0,7690800000.0,0.0,0.014,0.089,0.092,0.074,58800000.0,1750200000.0,1.0,196171435.0,194600000.0,214200000.0,39.521,5044500000.0,465400000.0,84900000.0,302700000.0,25.922,758700000.0
8,SEE,MRY,2012-12-31,2012-12-31,2012-12-31,2021-08-03,-164900000.0,9331700000.0,10484800000.0,3289300000.0,6042400000.0,0.721,7.489,-115000000.0,679600000.0,679600000.0,5038700000.0,-1411400000.0,1.409,5.463,4581800000.0,41000000.0,4540800000.0,4581800000.0,0.0,300200000.0,0.0,0.03,0.52,-1292100000.0,-991900000.0,-0.131,-991900000.0,-1292100000.0,-1676800000.0,-7.32,-7.32,-7.32,1443800000.0,2265100000.0,1443800000.0,7802435045.0,-6.0,-7.866,282000000.0,1.463,1.0,2520500000.0,0.333,4282800000.0,384700000.0,6616100000.0,6911525000.0,728900000.0,0.0,0.0,0.0,7887400000.0,2335000000.0,5552400000.0,3405935045.0,-24000000.0,0.0,-9600000.0,-475000000.0,-100900000.0,-629300000.0,197200000.0,0.0,397000000.0,11100000.0,-1411400000.0,-1411400000.0,-1411400000.0,-207600000.0,0.0,-0.187,3950000000.0,-1429500000.0,480200000.0,-0.071,2.359,-2.413,-2.392,1194200000.0,0.0,17.51,0.451,0.447,1313900000.0,254800000.0,7559200000.0,7559200000.0,0.0,-0.135,-0.623,-0.187,-0.171,35900000.0,1756700000.0,1.0,194513709.0,192800000.0,192800000.0,39.207,5048900000.0,543300000.0,-265400000.0,377000000.0,26.187,954300000.0
9,SEE,MRY,2011-12-31,2011-12-31,2011-12-31,2021-08-03,-145100000.0,11432000000.0,7031975000.0,3350200000.0,8081800000.0,0.777,17.71,-111300000.0,703600000.0,703600000.0,3886700000.0,149100000.0,1.337,2.867,5003100000.0,36400000.0,4966700000.0,5003100000.0,0.0,182700000.0,0.0,0.03,0.52,422400000.0,605100000.0,0.111,605100000.0,422400000.0,205800000.0,0.89,0.8,0.89,2957500000.0,2642950000.0,2957500000.0,3932068571.0,9.0,6.498,268100000.0,1.605,1.0,1580600000.0,0.289,6245300000.0,216600000.0,6980000000.0,3859675000.0,777500000.0,0.0,0.0,0.0,8479600000.0,2506200000.0,5973400000.0,3304668571.0,28000000.0,-2246600000.0,-12200000.0,1850500000.0,-87400000.0,2016400000.0,-2377100000.0,0.0,379400000.0,2000000.0,149100000.0,149100000.0,149100000.0,-16400000.0,0.0,0.027,1159800000.0,420800000.0,554900000.0,0.584,1.117,22.164,19.337,1269200000.0,0.0,17.21,0.604,0.526,1314200000.0,1766500000.0,5467300000.0,5467300000.0,0.0,0.021,0.056,0.109,0.077,43700000.0,1004400000.0,1.0,192020254.0,167000000.0,185400000.0,32.738,5186700000.0,268500000.0,56700000.0,455700000.0,31.058,844000000.0
10,SEE,MRY,2010-12-31,2010-12-31,2010-12-31,2021-08-03,-110300000.0,5399400000.0,5411425000.0,2040000000.0,3359400000.0,0.83,15.19,-83400000.0,675600000.0,675600000.0,3237300000.0,255900000.0,1.409,1.247,1429200000.0,30000000.0,1399200000.0,1429200000.0,0.0,154700000.0,0.0,0.02,0.5,505000000.0,659700000.0,0.147,659700000.0,505000000.0,343400000.0,1.61,1.44,1.61,2404600000.0,2314900000.0,2404600000.0,4889965849.0,10.0,7.412,399700000.0,2.525,1.0,1252800000.0,0.279,2023900000.0,161600000.0,2681400000.0,2892275000.0,495800000.0,0.0,0.0,0.0,2997800000.0,1447700000.0,1550100000.0,4063865849.0,-18900000.0,-24100000.0,-9800000.0,-280500000.0,-79700000.0,-373000000.0,-96900000.0,12600000.0,483100000.0,-32100000.0,255900000.0,255900000.0,255900000.0,0.0,0.0,0.057,717800000.0,535000000.0,232000000.0,0.311,1.69,15.881,15.807,948300000.0,0.0,25.45,0.905,0.897,697100000.0,1706100000.0,4490100000.0,4490100000.0,0.0,0.047,0.111,0.175,0.112,48600000.0,699000000.0,1.0,159680387.0,158300000.0,176700000.0,28.364,3375500000.0,325800000.0,87500000.0,13000000.0,21.323,592300000.0
11,SEE,MRY,2009-12-31,2009-12-31,2009-12-31,2021-08-03,-112700000.0,5420100000.0,5392500000.0,2073400000.0,3346700000.0,0.787,13.992,-73100000.0,694500000.0,694500000.0,3024300000.0,244300000.0,1.446,1.464,1661000000.0,34700000.0,1626300000.0,1661000000.0,0.0,154500000.0,0.0,0.022,0.48,484800000.0,639300000.0,0.151,639300000.0,484800000.0,329900000.0,1.54,1.35,1.54,2199600000.0,2089600000.0,2199600000.0,4587166256.0,9.0,7.175,478900000.0,3.046,1.0,1218500000.0,0.287,1948700000.0,154900000.0,3004100000.0,3047475000.0,469400000.0,0.0,0.0,0.0,3219800000.0,1433800000.0,1786000000.0,3474866256.0,565600000.0,0.0,0.0,166000000.0,-75700000.0,90300000.0,-70300000.0,0.0,552000000.0,-6400000.0,244300000.0,244300000.0,244300000.0,0.0,0.0,0.058,726200000.0,492300000.0,214200000.0,0.312,1.58,14.224,14.195,1010700000.0,0.0,21.86,0.819,0.81,666700000.0,1531100000.0,4242800000.0,4242800000.0,0.0,0.045,0.117,0.159,0.114,38800000.0,707500000.0,1.0,158960030.0,157200000.0,182600000.0,26.99,3471400000.0,322100000.0,85600000.0,14400000.0,22.083,639600000.0
12,SEE,MRY,2008-12-31,2008-12-31,2008-12-31,2021-08-03,-177600000.0,4986000000.0,5302375000.0,1672700000.0,3313300000.0,0.913,12.212,-176800000.0,128900000.0,128900000.0,3606900000.0,179900000.0,1.031,1.59,1479000000.0,189100000.0,1289900000.0,1479000000.0,0.0,155000000.0,0.0,0.032,0.48,350400000.0,505400000.0,0.104,505400000.0,350400000.0,222300000.0,1.13,0.99,1.13,1924600000.0,2052575000.0,1924600000.0,3745042909.0,11.0,7.41,227600000.0,1.444,1.0,1236600000.0,0.255,1938100000.0,128100000.0,2775800000.0,3033475000.0,564300000.0,0.0,0.0,0.0,3060400000.0,1622200000.0,1438200000.0,2358642909.0,-301400000.0,-2900000.0,-95100000.0,-391400000.0,-76400000.0,-562900000.0,-176700000.0,0.0,404400000.0,33800000.0,179900000.0,179900000.0,179900000.0,0.0,0.0,0.037,840100000.0,396500000.0,277200000.0,0.425,1.226,13.111,13.221,1051400000.0,0.0,14.94,0.487,0.486,682800000.0,1364300000.0,4843500000.0,4843500000.0,0.0,0.034,0.088,0.116,0.072,16500000.0,755000000.0,1.0,157874358.0,157600000.0,188600000.0,30.733,3047900000.0,314600000.0,42400000.0,17100000.0,19.339,50500000.0
13,SEE,MRY,2007-12-31,2007-12-31,2007-12-31,2021-08-03,-59000000.0,5438300000.0,5275875000.0,1936100000.0,3502200000.0,0.882,12.623,-208900000.0,430300000.0,430300000.0,3350100000.0,353000000.0,1.112,1.693,1871800000.0,340200000.0,1531600000.0,1871800000.0,0.0,150400000.0,0.0,0.017,0.4,596600000.0,747000000.0,0.161,747000000.0,596600000.0,456000000.0,2.19,1.88,2.19,2019600000.0,1910800000.0,2019600000.0,5232249486.0,9.0,7.004,169200000.0,1.058,1.0,1301100000.0,0.28,1969700000.0,140600000.0,3168500000.0,3159475000.0,581700000.0,40800000.0,0.0,40800000.0,3418700000.0,1741600000.0,1677100000.0,3737649486.0,57200000.0,-32900000.0,-6100000.0,11200000.0,-64600000.0,-59500000.0,-274100000.0,25200000.0,378100000.0,12700000.0,353000000.0,353000000.0,353000000.0,0.0,0.0,0.076,751800000.0,549300000.0,316300000.0,0.183,1.851,10.588,10.566,1080100000.0,0.0,23.14,0.804,0.796,789800000.0,1260800000.0,4651200000.0,4651200000.0,0.0,0.067,0.185,0.189,0.128,15900000.0,750200000.0,1.0,161523314.0,160000000.0,190600000.0,29.07,3468600000.0,275600000.0,103000000.0,22000000.0,21.679,194500000.0
14,SEE,MRY,2006-12-31,2006-12-31,2006-12-31,2021-08-03,-124800000.0,5020900000.0,4944625000.0,1756700000.0,3264200000.0,0.875,10.291,-152300000.0,373100000.0,373100000.0,3087800000.0,274100000.0,1.249,2.034,1852300000.0,25700000.0,1826600000.0,1852300000.0,0.0,168000000.0,0.0,0.009,0.3,548100000.0,716100000.0,0.165,716100000.0,548100000.0,400100000.0,1.7,1.47,1.7,1654800000.0,1537025000.0,1654800000.0,6850631249.0,12.0,9.567,280600000.0,1.745,1.0,1240100000.0,0.287,1957100000.0,148000000.0,3136900000.0,3117600000.0,509400000.0,33900000.0,33900000.0,0.0,3366100000.0,1406100000.0,1960000000.0,5233831249.0,-82700000.0,-53300000.0,-49600000.0,-251800000.0,-48600000.0,-350000000.0,-202500000.0,10100000.0,432900000.0,36900000.0,274100000.0,274100000.0,274100000.0,0.0,0.0,0.063,714000000.0,526100000.0,283900000.0,0.176,3.163,19.095,19.094,970100000.0,0.0,32.46,1.209,1.206,721300000.0,972400000.0,4327900000.0,4327900000.0,0.0,0.055,0.178,0.176,0.127,0.0,701100000.0,1.0,161239410.0,160800000.0,192000000.0,26.915,3063800000.0,276200000.0,126000000.0,15400000.0,19.053,350600000.0
15,SEE,MRY,2005-12-31,2005-12-31,2005-12-31,2021-08-03,-168200000.0,4864200000.0,4834650000.0,1695400000.0,3168800000.0,0.845,8.552,-93600000.0,455800000.0,455800000.0,2927100000.0,255800000.0,1.106,2.494,2076200000.0,263200000.0,1813000000.0,2076200000.0,0.0,174600000.0,0.0,0.0,0.0,526300000.0,700900000.0,0.172,700900000.0,526300000.0,376600000.0,1.56,1.35,1.56,1392100000.0,1370800000.0,1392100000.0,6234904463.0,12.0,8.896,269700000.0,1.657,1.0,1158000000.0,0.283,1908800000.0,149700000.0,3042300000.0,3156925000.0,409100000.0,44100000.0,44100000.0,0.0,3472100000.0,1533500000.0,1938600000.0,4571904463.0,97800000.0,-200000.0,-113900000.0,-4500000.0,0.0,-118400000.0,-88900000.0,10000000.0,363300000.0,-58200000.0,255800000.0,255800000.0,255800000.0,0.0,0.0,0.063,647600000.0,510400000.0,250300000.0,0.0,3.284,17.873,18.003,911200000.0,0.0,28.085,1.119,1.119,674000000.0,715100000.0,4085100000.0,4085100000.0,0.0,0.053,0.187,0.167,0.129,0.0,645900000.0,1.0,162788124.0,162788124.0,,25.095,2955400000.0,231400000.0,120800000.0,28500000.0,18.155,161900000.0
16,SEE,MRY,2004-12-31,2004-12-31,2004-12-31,2021-08-03,-73500000.0,4855000000.0,4794400000.0,1611200000.0,3243800000.0,0.792,7.979,-97700000.0,358000000.0,358000000.0,2636000000.0,215600000.0,1.236,2.641,2111600000.0,23600000.0,2088000000.0,2111600000.0,0.0,179500000.0,0.0,0.0,0.0,476600000.0,656100000.0,0.173,656100000.0,476600000.0,322900000.0,1.28,1.125,1.28,1333500000.0,1227800000.0,1333500000.0,6222479423.0,13.0,9.484,338500000.0,2.025,1.0,1162100000.0,0.306,1918000000.0,153700000.0,3386800000.0,3439900000.0,417900000.0,54100000.0,54100000.0,0.0,3521500000.0,1303800000.0,2217700000.0,4451479423.0,60200000.0,-6400000.0,-85100000.0,-216800000.0,0.0,-300300000.0,-91000000.0,13100000.0,436200000.0,15300000.0,215600000.0,215600000.0,215600000.0,0.0,0.0,0.057,659100000.0,503000000.0,248500000.0,0.0,3.338,20.647,20.809,1008600000.0,0.0,26.635,1.172,1.172,662500000.0,459300000.0,3798100000.0,3798100000.0,0.0,0.045,0.176,0.139,0.125,0.0,626100000.0,1.0,167128944.0,167128944.0,,22.726,2937000000.0,203400000.0,107300000.0,32600000.0,17.573,307400000.0
17,SEE,MRY,2003-12-31,2003-12-31,2003-12-31,2021-08-03,-140600000.0,4704100000.0,4627675000.0,1470800000.0,3233300000.0,0.763,6.611,-120900000.0,297800000.0,297800000.0,2419100000.0,240400000.0,1.236,3.187,2280400000.0,20600000.0,2259800000.0,2280400000.0,0.0,173200000.0,0.0,0.0,0.0,512900000.0,686100000.0,0.194,686100000.0,512900000.0,376900000.0,1.105,0.985,1.105,1123600000.0,999325000.0,1123600000.0,6586334207.0,13.0,9.6,348800000.0,2.052,1.0,1112800000.0,0.315,1939500000.0,136000000.0,3556800000.0,2913725000.0,371200000.0,67200000.0,67200000.0,0.0,3580500000.0,1190400000.0,2390100000.0,4600634207.0,171000000.0,-2500000.0,4700000.0,1248500000.0,0.0,-108900000.0,-190600000.0,-67200000.0,469700000.0,800000.0,240400000.0,187100000.0,187100000.0,0.0,0.0,0.053,571900000.0,540900000.0,191700000.0,0.0,4.095,24.589,24.498,1042400000.0,53300000.0,27.07,1.303,1.303,615200000.0,243700000.0,3531900000.0,3531900000.0,0.0,0.04,0.187,0.176,0.145,0.0,572400000.0,1.0,169953240.0,169953240.0,,20.782,2764600000.0,142600000.0,136500000.0,40700000.0,16.267,280400000.0
18,SEE,MRY,2002-12-31,2002-12-31,2002-12-31,2021-08-03,-224400000.0,4260800000.0,4102810000.0,1056300000.0,3204500000.0,0.781,4.843,-86400000.0,126800000.0,126800000.0,2146700000.0,-309100000.0,0.916,2.609,923400000.0,55400000.0,868000000.0,923400000.0,0.0,165000000.0,0.0,0.0,0.0,-326000000.0,-161000000.0,-0.05,-161000000.0,-326000000.0,-391900000.0,-2.1,-2.15,-2.1,813000000.0,905103000.0,813000000.0,3981332924.0,-12.0,-24.729,237500000.0,1.415,1.0,1057600000.0,0.33,1926200000.0,65900000.0,1978400000.0,2306043750.0,329400000.0,0.0,0.0,0.0,2120800000.0,1152800000.0,968000000.0,3130903924.0,113000000.0,-10500000.0,800000.0,-35700000.0,0.0,-101500000.0,-96900000.0,0.0,323900000.0,-12500000.0,-309100000.0,-352600000.0,-352600000.0,0.0,0.0,-0.11,1390700000.0,-333100000.0,167000000.0,0.0,3.851,-8.879,-8.881,1013000000.0,43500000.0,18.65,0.977,0.977,546800000.0,31900000.0,3204300000.0,3204300000.0,0.0,-0.086,-0.39,-0.141,-0.102,0.0,541900000.0,1.0,167876886.0,167876886.0,,19.087,2334600000.0,125900000.0,-82800000.0,35300000.0,13.907,-96500000.0
19,SEE,MRY,2001-12-31,2001-12-31,2001-12-31,2021-08-03,-210078000.0,3907909000.0,4004043750.0,776352000.0,3131557000.0,0.766,5.077,-141900000.0,13805000.0,13805000.0,2077200000.0,156700000.0,1.238,1.99,925602000.0,137491000.0,788111000.0,925602000.0,0.0,141700000.0,0.0,0.0,0.0,373900000.0,515600000.0,0.168,515600000.0,373900000.0,297500000.0,0.65,0.61,0.65,850152000.0,810262250.0,850152000.0,4452969009.0,12.0,8.636,436800000.0,2.609,1.0,990300000.0,0.323,1913000000.0,76400000.0,2279726000.0,2480919500.0,288570000.0,0.0,0.0,0.0,1691603000.0,626980000.0,1064623000.0,3417646009.0,2600000.0,-36000000.0,500000.0,-315100000.0,0.0,-402600000.0,-177900000.0,0.0,578700000.0,4400000.0,156700000.0,109100000.0,109100000.0,0.0,0.0,0.036,614900000.0,375400000.0,135533000.0,0.0,4.02,31.326,31.4,1050438000.0,47600000.0,20.41,1.114,1.114,418161000.0,394799000.0,3067500000.0,3067500000.0,0.0,0.027,0.135,0.151,0.122,0.0,513100000.0,1.0,167449584.0,167449584.0,,18.319,1994909000.0,51330000.0,140800000.0,215927000.0,11.913,149372000.0
20,SEE,MRY,2000-12-31,2000-12-31,2000-12-31,2021-08-03,-186258000.0,4090882000.0,3954388750.0,919864000.0,3171018000.0,0.776,4.501,-111448000.0,11229000.0,11229000.0,2032410000.0,225319000.0,1.282,2.583,1236299000.0,291846000.0,944453000.0,1236299000.0,0.0,219641000.0,0.0,0.0,0.0,477942000.0,697583000.0,0.227,697583000.0,477942000.0,413429000.0,1.235,0.965,1.235,753129000.0,667198000.0,753129000.0,3606339820.0,8.0,5.17,217965000.0,1.303,1.0,1035304000.0,0.337,1959909000.0,64513000.0,2638691000.0,2428571250.0,309116000.0,0.0,0.0,0.0,1945380000.0,717352000.0,1228028000.0,2551606820.0,-2443000.0,-237541000.0,-22012000.0,420869000.0,0.0,7671000.0,-348989000.0,0.0,329413000.0,9462000.0,225319000.0,206336000.0,206336000.0,0.0,0.0,0.067,566841000.0,468463000.0,140532000.0,0.0,3.388,12.366,12.348,1032141000.0,18983000.0,15.25,0.832,0.832,548719000.0,293126000.0,3067714000.0,3067714000.0,0.0,0.052,0.309,0.197,0.156,0.0,516312000.0,1.0,167318480.0,167318480.0,,18.335,2130973000.0,50031000.0,188110000.0,215399000.0,12.736,202512000.0
21,SEE,MRY,1999-12-31,1999-12-31,1999-12-31,2021-08-03,-169519000.0,3855233000.0,3946686250.0,803224000.0,3052009000.0,0.743,3.299,-71474000.0,13672000.0,13672000.0,1903131000.0,211461000.0,1.38,2.799,824677000.0,159561000.0,665116000.0,824677000.0,0.0,146549000.0,0.0,0.0,0.0,453779000.0,600328000.0,0.205,600328000.0,453779000.0,395653000.0,0.845,0.84,0.845,551030000.0,489311250.0,551030000.0,5191940216.0,11.0,8.649,358880000.0,2.149,1.0,1028722000.0,0.351,1859958000.0,58126000.0,2224186000.0,2338917000.0,245934000.0,0.0,0.0,0.0,1542541000.0,582094000.0,960447000.0,4327014216.0,-31314000.0,-25811000.0,-8341000.0,-259674000.0,0.0,-367183000.0,-97285000.0,0.0,430354000.0,2800000.0,211461000.0,141607000.0,141607000.0,0.0,0.0,0.048,576530000.0,452192000.0,175166000.0,0.0,7.853,30.556,30.657,1023409000.0,69854000.0,25.905,1.476,1.476,470046000.0,132073000.0,2931853000.0,2931853000.0,0.0,0.036,0.289,0.194,0.155,0.0,527126000.0,1.0,167033940.0,167033940.0,,17.552,1995275000.0,72090000.0,184192000.0,214906000.0,11.945,221130000.0
22,SEE,MRY,1998-12-31,1998-12-31,1998-12-31,2021-08-03,-121729000.0,4039930000.0,2843380500.0,844614000.0,3195316000.0,0.907,2.619,-81267000.0,44986000.0,44986000.0,1711471000.0,73007000.0,1.579,4.146,1081657000.0,85131000.0,996526000.0,1081657000.0,0.0,141457000.0,0.0,0.0,0.0,252576000.0,394033000.0,0.153,394033000.0,252576000.0,198947000.0,0.02,0.01,0.02,437045000.0,894836500.0,437045000.0,5429149191.0,21.0,13.778,330379000.0,1.98,1.0,868736000.0,0.337,1907736000.0,53629000.0,2633875000.0,2041828000.0,275312000.0,0.0,0.0,0.0,1811792000.0,534990000.0,1276802000.0,4259663191.0,44986000.0,42951000.0,-17052000.0,1015347000.0,0.0,-325093000.0,-38316000.0,0.0,411646000.0,-3251000.0,73007000.0,2873000.0,2873000.0,0.0,0.0,0.001,609404000.0,259332000.0,176594000.0,0.0,9.747,1482.653,1276.5,1116582000.0,70134000.0,25.53,1.651,1.651,453124000.0,-7966000.0,2580207000.0,2580207000.0,0.0,0.001,0.003,0.124,0.098,0.0,486160000.0,1.0,166849322.0,166849322.0,,15.464,2132194000.0,70634000.0,125940000.0,200699000.0,12.779,309624000.0
23,SEE,MRY,1997-12-31,1997-12-31,1997-12-31,2021-08-03,-130054000.0,1646831000.0,1056975000.0,527358000.0,1119473000.0,1.734,15.867,-100115000.0,0.0,0.0,1187109000.0,173732000.0,2.872,0.218,0.0,0.0,0.0,0.0,0.0,106563000.0,0.0,0.0,0.0,263672000.0,370235000.0,0.202,370235000.0,263672000.0,263672000.0,1.27,1.195,1.27,1352628000.0,769638500.0,1352628000.0,,,,135199000.0,1.586,1.0,646002000.0,0.352,13433000.0,0.0,1449781000.0,910743000.0,225976000.0,0.0,0.0,0.0,294203000.0,183617000.0,110586000.0,2632047190.0,0.0,-15224000.0,0.0,0.0,0.0,-119975000.0,-115339000.0,0.0,235314000.0,-614000.0,173732000.0,101688000.0,101688000.0,0.0,0.0,0.055,378258000.0,267744000.0,114907000.0,0.0,1.946,25.884,24.311,1040152000.0,72044000.0,30.875,1.436,1.436,272194000.0,95942000.0,1833111000.0,1833111000.0,0.0,0.096,0.132,0.29,0.144,0.0,363454000.0,1.0,85248492.0,85248492.0,,21.503,1633398000.0,22323000.0,89940000.0,13939000.0,19.16,343741000.0
24,SEE,MRY,1996-12-31,1996-12-31,1996-12-31,2021-08-03,8615000.0,467119000.0,,206966000.0,260153000.0,,,-293046000.0,2985000.0,2985000.0,1151006000.0,99830000.0,1.398,1.503,115465000.0,15565000.0,99900000.0,115465000.0,0.0,90914000.0,0.0,0.0,0.0,169822000.0,260736000.0,0.15,260736000.0,169822000.0,169822000.0,0.28,0.275,0.28,186649000.0,,186649000.0,,,,-85445000.0,,1.0,590596000.0,0.339,59838000.0,0.0,371705000.0,,57231000.0,0.0,0.0,0.0,280470000.0,148056000.0,132414000.0,,0.0,-16037000.0,0.0,0.0,0.0,101482000.0,-309083000.0,0.0,207601000.0,-76000.0,99830000.0,27786000.0,27786000.0,0.0,0.0,0.016,417096000.0,173500000.0,46934000.0,0.0,,,74.321,174562000.0,72044000.0,20.81,,,132462000.0,16021000.0,1741602000.0,1741602000.0,0.0,,,,0.098,0.0,341807000.0,1.0,,,,,407281000.0,13193000.0,69992000.0,35571000.0,,58910000.0
25,SEE,MRY,1995-12-31,1995-12-31,1995-12-31,2021-08-03,,,,,,,,-20280000.0,,,466952000.0,52728000.0,,,,,,,,35280000.0,,0.0,0.0,106260000.0,141540000.0,0.196,141540000.0,106260000.0,87154000.0,0.625,,0.625,,,,,,,54938000.0,,1.0,256168000.0,0.354,,19106000.0,,,,,,,,,,,-3492000.0,-27713000.0,0.0,-30912000.0,0.0,-30912000.0,-47993000.0,0.0,75218000.0,195000.0,52728000.0,52728000.0,52728000.0,0.0,0.0,0.073,147288000.0,108880000.0,,0.0,,,22.4,,0.0,14.0,,,,,723120000.0,723120000.0,0.0,,,,0.147,3556000.0,147288000.0,1.0,,,,,,,34426000.0,,,
0,SEE,MRQ,2021-06-30,2021-06-30,2021-06-30,2021-08-03,-944800000.0,6006600000.0,,1806700000.0,4199900000.0,,0.62,-53200000.0,273100000.0,273100000.0,927800000.0,108100000.0,1.285,63.036,3807600000.0,47000000.0,3760600000.0,3807600000.0,0.0,45700000.0,0.0,0.011,0.2,196000000.0,241700000.0,0.182,241700000.0,196000000.0,153900000.0,0.71,0.71,0.71,93800000.0,,93800000.0,12445002345.0,15.0,12.31,66400000.0,0.439,1.0,400700000.0,0.302,2383000000.0,42100000.0,5752200000.0,,730700000.0,0.0,0.0,0.0,5912800000.0,1405900000.0,4506900000.0,9005402345.0,-96900000.0,400000.0,-122400000.0,-12600000.0,-30300000.0,-165600000.0,-54400000.0,-9200000.0,119600000.0,3500000.0,108100000.0,108100000.0,108100000.0,500000.0,0.0,0.081,203800000.0,196900000.0,880700000.0,0.282,96.006,18.215,18.516,1273500000.0,0.0,59.25,1.741,1.734,713900000.0,2562800000.0,1328500000.0,1328500000.0,0.0,,,,,17700000.0,192000000.0,1.0,151989913.0,151400000.0,152700000.0,8.775,3623600000.0,209900000.0,45800000.0,61700000.0,23.934,400800000.0
1,SEE,MRQ,2021-03-31,2021-03-31,2021-03-31,2021-08-03,-969600000.0,5918700000.0,,1759500000.0,4159200000.0,,0.658,-43900000.0,370000000.0,370000000.0,866000000.0,110100000.0,1.327,57.37,3809600000.0,54700000.0,3754900000.0,3809600000.0,0.0,45500000.0,0.0,0.014,0.16,207800000.0,253300000.0,0.2,253300000.0,207800000.0,164700000.0,0.71,0.71,0.71,101400000.0,,101400000.0,10388099210.0,13.0,10.387,36000000.0,0.234,1.0,401100000.0,0.317,2381400000.0,43100000.0,5650500000.0,,652300000.0,0.0,0.0,0.0,5817300000.0,1326400000.0,4490900000.0,7098399210.0,-178700000.0,600000.0,-177100000.0,-3700000.0,-25800000.0,-220300000.0,-41000000.0,2200000.0,79900000.0,2700000.0,110100000.0,110100000.0,110100000.0,-4300000.0,0.0,0.087,198600000.0,202500000.0,814000000.0,0.225,70.004,14.594,14.639,1247700000.0,0.0,45.82,1.421,1.413,656700000.0,2485600000.0,1267100000.0,1267100000.0,0.0,,,,,16900000.0,188900000.0,1.0,154919232.0,154100000.0,155400000.0,8.223,3537300000.0,206400000.0,54600000.0,57900000.0,22.955,433100000.0
2,SEE,MRQ,2020-12-31,2020-12-31,2020-12-31,2021-08-03,-963500000.0,6083800000.0,,1881500000.0,4202300000.0,,1.111,-62800000.0,548700000.0,548700000.0,916500000.0,142200000.0,1.376,34.268,3838400000.0,53800000.0,3784600000.0,3838400000.0,0.0,44500000.0,0.0,0.014,0.16,233300000.0,277800000.0,0.207,277800000.0,233300000.0,189600000.0,0.92,0.91,0.92,172500000.0,,172500000.0,10605766768.0,13.0,10.674,264000000.0,1.701,1.0,424400000.0,0.317,2393600000.0,43700000.0,5612500000.0,,596700000.0,0.0,0.0,0.0,5911300000.0,1367400000.0,4543900000.0,7104466768.0,231900000.0,-3400000.0,-13000000.0,-6200000.0,-24800000.0,-44600000.0,-58700000.0,5100000.0,326800000.0,8400000.0,142200000.0,142200000.0,142200000.0,-4700000.0,0.0,0.106,203600000.0,220800000.0,754200000.0,0.174,41.185,14.127,14.133,1265800000.0,0.0,45.79,1.449,1.449,610500000.0,2400700000.0,1340900000.0,1340900000.0,0.0,,,,,17500000.0,194800000.0,1.0,155153238.0,155200000.0,156600000.0,8.64,3690200000.0,258300000.0,47400000.0,50900000.0,23.777,514100000.0
3,SEE,MRQ,2020-09-30,2020-09-30,2020-09-30,2021-08-03,-998900000.0,5828200000.0,,1667400000.0,4160800000.0,,0.158,-34700000.0,316800000.0,316800000.0,832700000.0,134000000.0,1.27,236.886,3818100000.0,53500000.0,3764600000.0,3818100000.0,0.0,43800000.0,0.0,0.016,0.16,194400000.0,238200000.0,0.193,238200000.0,194400000.0,151400000.0,0.86,0.86,0.86,24500000.0,,24500000.0,9631904111.0,13.0,10.444,162500000.0,1.045,1.0,404500000.0,0.327,2375300000.0,43000000.0,5641000000.0,,630900000.0,0.0,0.0,0.0,5803700000.0,1313200000.0,4490500000.0,6041804111.0,27100000.0,-600000.0,-20000000.0,-83700000.0,-24900000.0,-128900000.0,-33900000.0,3300000.0,197200000.0,-7300000.0,134000000.0,134000000.0,134000000.0,-2200000.0,0.0,0.108,210000000.0,194500000.0,718800000.0,0.186,246.604,12.993,12.98,1213700000.0,0.0,38.81,1.243,1.241,648600000.0,2283800000.0,1237200000.0,1237200000.0,0.0,,,,,18700000.0,199300000.0,1.0,155676478.0,155500000.0,156100000.0,7.956,3452900000.0,261500000.0,17400000.0,74400000.0,22.205,354200000.0
4,SEE,MRQ,2020-06-30,2020-06-30,2020-06-30,2021-08-03,-993000000.0,5756300000.0,,1632100000.0,4124200000.0,,-0.451,-34900000.0,289700000.0,289700000.0,761300000.0,100100000.0,1.205,-83.116,3879800000.0,128400000.0,3751400000.0,3879800000.0,0.0,42800000.0,0.0,0.019,0.16,188000000.0,230800000.0,0.2,230800000.0,188000000.0,144700000.0,0.64,0.64,0.64,-70100000.0,,-70100000.0,8797317888.0,13.0,10.175,137100000.0,0.881,1.0,389900000.0,0.339,2368200000.0,43300000.0,5623500000.0,,638200000.0,0.0,0.0,0.0,5826400000.0,1354700000.0,4471700000.0,5113517888.0,15100000.0,100000.0,0.0,-92700000.0,-25000000.0,-117700000.0,-42500000.0,-7700000.0,172000000.0,3300000.0,100100000.0,100100000.0,100100000.0,200000.0,0.0,0.087,203900000.0,186000000.0,724100000.0,0.25,-72.946,12.816,12.782,1196900000.0,0.0,32.85,1.056,1.056,585600000.0,2175100000.0,1151200000.0,1151200000.0,0.0,,,,,18400000.0,184500000.0,1.0,155662645.0,155600000.0,155900000.0,7.398,3388100000.0,250900000.0,44600000.0,75000000.0,21.774,277400000.0
5,SEE,MRQ,2020-03-31,2020-03-31,2020-03-31,2021-08-03,-1018300000.0,5671000000.0,,1560200000.0,4110800000.0,,-1.177,-48700000.0,274600000.0,274600000.0,783400000.0,126600000.0,1.141,-32.176,3958400000.0,211300000.0,3747100000.0,3958400000.0,0.0,43100000.0,0.0,0.026,0.16,203700000.0,246800000.0,0.21,246800000.0,203700000.0,159300000.0,0.82,0.82,0.82,-181900000.0,,-181900000.0,7465613985.0,13.0,9.878,-7700000.0,-0.05,1.0,390500000.0,0.333,2371700000.0,44400000.0,5615300000.0,,568200000.0,0.0,0.0,0.0,5852900000.0,1367800000.0,4485100000.0,3821913985.0,12200000.0,9300000.0,0.0,66400000.0,-25700000.0,29500000.0,-24700000.0,14700000.0,41000000.0,-33600000.0,126600000.0,126600000.0,126600000.0,-12100000.0,0.0,0.108,203700000.0,186800000.0,715300000.0,0.195,-21.011,11.508,11.493,1184000000.0,0.0,24.71,0.788,0.787,565800000.0,2099900000.0,1173900000.0,1173900000.0,0.0,,,,,14900000.0,194100000.0,1.0,154670740.0,154500000.0,154800000.0,7.598,3299300000.0,244700000.0,32700000.0,50100000.0,21.355,192400000.0
6,SEE,MRQ,2019-12-31,2019-12-31,2019-12-31,2021-08-03,-909000000.0,5765200000.0,,1564000000.0,4201200000.0,,-1.274,-48100000.0,262400000.0,262400000.0,869600000.0,104300000.0,1.089,-30.384,3906100000.0,141800000.0,3764300000.0,3906100000.0,0.0,43500000.0,0.0,0.016,0.16,162900000.0,206400000.0,0.159,206400000.0,162900000.0,115400000.0,0.67,0.67,0.67,-196200000.0,,-196200000.0,9949562044.0,19.0,14.751,211800000.0,1.375,1.0,429300000.0,0.331,2399000000.0,47500000.0,5573700000.0,,570300000.0,0.0,0.0,0.0,5961400000.0,1436200000.0,4525200000.0,6154362044.0,62400000.0,100000.0,0.0,-130800000.0,-24700000.0,-155500000.0,-50200000.0,-2200000.0,259900000.0,8200000.0,104300000.0,104300000.0,104300000.0,20100000.0,0.0,0.08,224300000.0,205000000.0,738500000.0,0.239,-31.368,23.401,23.429,1232000000.0,0.0,39.83,1.285,1.283,636800000.0,1998500000.0,1298900000.0,1298900000.0,0.0,,,,,18100000.0,215600000.0,1.0,154515743.0,154000000.0,155200000.0,8.434,3366200000.0,271400000.0,11100000.0,43000000.0,21.858,127800000.0
7,SEE,MRQ,2019-09-30,2019-09-30,2019-09-30,2021-08-03,-928800000.0,5676400000.0,,1591400000.0,4085000000.0,,-1.975,-47100000.0,200000000.0,200000000.0,826500000.0,68000000.0,1.059,-19.666,3995200000.0,243800000.0,3751400000.0,3995200000.0,0.0,41300000.0,0.0,0.015,0.16,139300000.0,180600000.0,0.148,180600000.0,139300000.0,90800000.0,0.44,0.44,0.44,-304100000.0,,-304100000.0,9780777954.0,19.0,14.666,34800000.0,0.226,1.0,392000000.0,0.322,2395200000.0,48500000.0,5574100000.0,,618300000.0,0.0,0.0,0.0,5980500000.0,1502300000.0,4478200000.0,6414377954.0,-22200000.0,-429500000.0,0.0,419000000.0,-24700000.0,393600000.0,-491000000.0,-14400000.0,81900000.0,-6700000.0,68000000.0,68000000.0,68000000.0,11500000.0,0.0,0.056,238000000.0,154000000.0,712700000.0,0.364,-21.093,17.867,18.127,1196100000.0,0.0,41.51,1.35,1.345,528600000.0,1919200000.0,1218500000.0,1218500000.0,0.0,,,,,15500000.0,221600000.0,1.0,154526089.0,154000000.0,154800000.0,7.912,3281200000.0,218900000.0,22800000.0,42600000.0,21.306,89100000.0
8,SEE,MRQ,2019-06-30,2019-06-30,2019-06-30,2021-08-03,-911400000.0,5216500000.0,,1576600000.0,3639900000.0,,-2.208,-45100000.0,222200000.0,222200000.0,782700000.0,33200000.0,0.993,-16.289,3588600000.0,296900000.0,3291700000.0,3588600000.0,0.0,33300000.0,0.0,0.015,0.16,88700000.0,122000000.0,0.105,122000000.0,88700000.0,45500000.0,0.22,0.21,0.22,-341200000.0,,-341200000.0,9992503516.0,18.0,14.777,59100000.0,0.383,1.0,378300000.0,0.326,2057700000.0,43200000.0,4937800000.0,,596100000.0,0.0,0.0,0.0,5557700000.0,1587400000.0,3970300000.0,6661003516.0,-13800000.0,-21500000.0,-49600000.0,10400000.0,-24700000.0,-64200000.0,-67200000.0,-600000.0,104200000.0,13400000.0,33200000.0,33200000.0,33200000.0,-7700000.0,0.0,0.029,299900000.0,78400000.0,753000000.0,0.727,-19.522,18.003,18.204,1050100000.0,0.0,42.78,1.411,1.4,576900000.0,1876400000.0,1161000000.0,1161000000.0,0.0,,,,,9900000.0,266200000.0,1.0,155703682.0,154500000.0,155300000.0,7.515,3158800000.0,228900000.0,12300000.0,45200000.0,20.445,-10800000.0
9,SEE,MRQ,2019-03-31,2019-03-31,2019-03-31,2021-08-03,-898600000.0,5155000000.0,,1555200000.0,3599800000.0,,-1.889,-49400000.0,236000000.0,236000000.0,747500000.0,57500000.0,1.05,-18.63,3567500000.0,282900000.0,3284600000.0,3567500000.0,0.0,32700000.0,0.0,0.014,0.16,132800000.0,165500000.0,0.149,165500000.0,132800000.0,87900000.0,0.37,0.37,0.37,-292400000.0,,-292400000.0,10370939398.0,16.0,13.305,15700000.0,0.101,1.0,365200000.0,0.328,2053300000.0,44900000.0,4952100000.0,,597400000.0,0.0,0.0,0.0,5447400000.0,1481100000.0,3966300000.0,7168439398.0,-35700000.0,-4300000.0,-17700000.0,19000000.0,-25000000.0,-34000000.0,-57200000.0,-3500000.0,65100000.0,-9600000.0,57500000.0,57500000.0,57500000.0,6800000.0,0.0,0.052,224100000.0,141100000.0,769100000.0,0.432,-24.516,15.887,16.218,1026100000.0,0.0,46.06,1.521,1.512,546700000.0,1868000000.0,1112700000.0,1112700000.0,0.0,,,,,13900000.0,212100000.0,1.0,155632640.0,154800000.0,155400000.0,7.188,3101700000.0,213100000.0,30400000.0,45900000.0,20.037,74100000.0
10,SEE,MRQ,2018-12-31,2018-12-31,2018-12-31,2021-08-03,-920400000.0,5050200000.0,,1554800000.0,3495400000.0,,-2.246,-53800000.0,271700000.0,271700000.0,861200000.0,200300000.0,1.044,-15.487,3474200000.0,237700000.0,3236500000.0,3474200000.0,0.0,32800000.0,0.0,0.018,0.16,166000000.0,198800000.0,0.158,198800000.0,166000000.0,119400000.0,1.26,1.25,1.26,-348600000.0,,-348600000.0,8831871320.0,13.0,10.908,224200000.0,1.445,1.0,399100000.0,0.317,2049300000.0,46600000.0,4714800000.0,,544900000.0,0.0,0.0,0.0,5398800000.0,1488600000.0,3910200000.0,5467271320.0,80400000.0,-3600000.0,-48300000.0,-73400000.0,-24800000.0,-144100000.0,-55500000.0,1900000.0,278000000.0,2000000.0,200300000.0,200300000.0,200300000.0,-900000.0,0.0,0.159,233700000.0,165400000.0,765000000.0,0.127,-15.684,28.313,28.793,1036200000.0,0.0,34.84,1.155,1.173,554700000.0,1835500000.0,1260300000.0,1260300000.0,0.0,,,,,11800000.0,203400000.0,1.0,156925124.0,155200000.0,158400000.0,8.12,3000900000.0,228900000.0,-80900000.0,43900000.0,19.336,66200000.0
11,SEE,MRQ,2018-09-30,2018-09-30,2018-09-30,2021-08-03,-870700000.0,4997000000.0,,1595400000.0,3401600000.0,,-2.835,-41100000.0,191300000.0,191300000.0,820700000.0,79000000.0,1.018,-12.212,3555900000.0,313400000.0,3242500000.0,3555900000.0,0.0,32700000.0,0.0,0.016,0.16,157200000.0,189900000.0,0.16,189900000.0,157200000.0,112400000.0,0.5,0.5,0.5,-445700000.0,,-445700000.0,9531916656.0,16.0,12.759,72300000.0,0.46,1.0,365500000.0,0.308,2054200000.0,44800000.0,4740800000.0,,605400000.0,0.0,0.0,0.0,5442700000.0,1566600000.0,3876100000.0,6376316656.0,11200000.0,-89100000.0,-126400000.0,184400000.0,-25300000.0,28500000.0,-130400000.0,-200000.0,113400000.0,-300000.0,79000000.0,79000000.0,79000000.0,-3400000.0,0.0,0.067,202300000.0,163200000.0,775300000.0,0.32,-14.306,-156.666,-446.111,1022000000.0,0.0,40.15,1.357,1.343,597500000.0,1646700000.0,1186200000.0,1186200000.0,0.0,,,,,14400000.0,192100000.0,1.0,158812370.0,157200000.0,158000000.0,7.546,2942800000.0,146300000.0,33400000.0,77100000.0,18.72,28800000.0
12,SEE,MRQ,2018-06-30,2018-06-30,2018-06-30,2021-08-03,-858800000.0,4859200000.0,,1531000000.0,3328200000.0,,-2.332,-30300000.0,180100000.0,180100000.0,791700000.0,114400000.0,1.114,-14.048,3335700000.0,118600000.0,3217100000.0,3335700000.0,0.0,32900000.0,0.0,0.015,0.16,192400000.0,225300000.0,0.195,225300000.0,192400000.0,147900000.0,0.71,0.71,0.71,-372400000.0,,-372400000.0,9919496918.0,7.0,6.751,40000000.0,0.25,1.0,363500000.0,0.315,2017600000.0,44500000.0,4623100000.0,,580200000.0,0.0,0.0,0.0,5231600000.0,1374100000.0,3857500000.0,6841196918.0,-146800000.0,-700000.0,-96200000.0,-24300000.0,-26200000.0,-146500000.0,-44800000.0,-13800000.0,70300000.0,-25800000.0,114400000.0,114400000.0,114400000.0,-31100000.0,0.0,0.099,203300000.0,160200000.0,790700000.0,0.225,-18.371,10.244,11.792,983700000.0,0.0,42.45,1.473,1.459,595500000.0,1593200000.0,1155200000.0,1155200000.0,0.0,,,,,13000000.0,192800000.0,1.0,161158938.0,159700000.0,160600000.0,7.234,2841600000.0,133500000.0,33500000.0,83900000.0,17.793,156900000.0
13,SEE,MRQ,2018-03-31,2018-03-31,2018-03-31,2021-08-03,-825800000.0,5041100000.0,,1665200000.0,3375900000.0,,-2.207,-43400000.0,326900000.0,326900000.0,757000000.0,-200600000.0,1.17,-14.819,3405200000.0,157300000.0,3247900000.0,3405200000.0,0.0,32800000.0,0.0,0.015,0.16,162900000.0,195700000.0,0.173,195700000.0,162900000.0,120900000.0,-1.21,-1.21,-1.21,-364800000.0,,-364800000.0,9825975394.0,7.0,6.63,-77100000.0,-0.466,1.0,374000000.0,0.331,2030500000.0,42000000.0,4666100000.0,,563800000.0,0.0,0.0,0.0,5405900000.0,1422800000.0,3983100000.0,7161975394.0,-267100000.0,9000000.0,-311700000.0,129600000.0,-27800000.0,-216200000.0,-36000000.0,1000000.0,-33700000.0,18800000.0,-200600000.0,-200600000.0,-200600000.0,-7400000.0,0.0,-0.177,206500000.0,167500000.0,729900000.0,-0.132,-19.633,10.893,12.512,1013600000.0,0.0,42.79,1.57,1.551,564400000.0,1502900000.0,1131000000.0,1131000000.0,0.0,,,,,11600000.0,194000000.0,1.0,167374980.0,165300000.0,165300000.0,6.842,3010600000.0,140400000.0,321500000.0,73600000.0,18.213,242400000.0
14,SEE,MRQ,2017-12-31,2017-12-31,2017-12-31,2021-08-03,-844900000.0,5280300000.0,,1866400000.0,3413900000.0,,0.871,-57300000.0,594000000.0,594000000.0,855300000.0,-33500000.0,1.354,33.67,3258000000.0,27500000.0,3230500000.0,3258000000.0,0.0,34900000.0,0.0,0.013,0.16,101300000.0,136200000.0,0.111,136200000.0,101300000.0,60500000.0,-0.09,-0.08,-0.09,152300000.0,,152300000.0,13339528337.0,10.0,9.02,34600000.0,0.198,1.0,372500000.0,0.303,2023400000.0,40800000.0,4542700000.0,,506800000.0,0.0,0.0,0.0,5128000000.0,1378200000.0,3749800000.0,11338828337.0,-737900000.0,35900000.0,-544800000.0,-72200000.0,-27300000.0,-644500000.0,-90800000.0,-7600000.0,91900000.0,-94500000.0,-33500000.0,-33500000.0,-33500000.0,58500000.0,0.0,-0.027,214200000.0,158300000.0,723800000.0,-1.778,74.451,13.914,11.386,998400000.0,0.0,49.3,2.541,2.065,642600000.0,1735200000.0,1227800000.0,1227800000.0,0.0,,,,,10800000.0,207400000.0,1.0,229996518.0,174900000.0,176900000.0,7.02,3256900000.0,261300000.0,94000000.0,75800000.0,18.621,488200000.0
15,SEE,MRQ,2017-09-30,2017-09-30,2017-09-30,2021-08-03,-835900000.0,5939400000.0,,2575700000.0,3363700000.0,,4.07,-33300000.0,1304700000.0,1304700000.0,770600000.0,787500000.0,1.698,6.809,3305400000.0,86000000.0,3219400000.0,3305400000.0,0.0,31900000.0,0.0,0.015,0.16,880300000.0,912200000.0,0.806,912200000.0,880300000.0,831200000.0,4.19,4.15,4.19,760600000.0,,760600000.0,12320739101.0,9.0,7.808,157900000.0,0.845,1.0,360700000.0,0.319,1943100000.0,49100000.0,4480100000.0,,547700000.0,0.0,0.0,0.0,5178800000.0,1516900000.0,3661900000.0,8118139101.0,1034000000.0,2004400000.0,-452000000.0,-643200000.0,-30600000.0,-1109100000.0,1958700000.0,-12400000.0,191200000.0,-6800000.0,787500000.0,787500000.0,787500000.0,-725000000.0,0.0,0.696,217200000.0,143500000.0,778200000.0,0.038,10.673,7.963,7.926,951000000.0,0.0,42.72,1.873,1.842,622200000.0,1796000000.0,1131300000.0,1131300000.0,0.0,,,,,21400000.0,207900000.0,1.0,190031346.0,186900000.0,188900000.0,6.053,3996300000.0,292400000.0,43700000.0,188300000.0,21.382,1058800000.0
16,SEE,MRQ,2017-06-30,2017-06-30,2017-06-30,2021-08-03,-920600000.0,7626900000.0,,4446900000.0,3180000000.0,,1.764,-42800000.0,243000000.0,243000000.0,726800000.0,104100000.0,1.449,21.465,4445600000.0,655500000.0,3790100000.0,4445600000.0,0.0,29700000.0,0.0,0.014,0.16,208200000.0,237900000.0,0.222,237900000.0,208200000.0,160500000.0,0.53,0.52,0.53,339500000.0,,339500000.0,12662268350.0,16.0,12.824,81300000.0,0.422,1.0,343500000.0,0.321,1930100000.0,47700000.0,6829400000.0,,532100000.0,0.0,0.0,0.0,7287400000.0,3070000000.0,4217400000.0,8764568350.0,-14600000.0,-2200000.0,-305300000.0,242000000.0,-30400000.0,-91600000.0,-26500000.0,18600000.0,124100000.0,-20600000.0,104100000.0,104100000.0,104100000.0,-75100000.0,0.0,0.097,205100000.0,138400000.0,646700000.0,0.302,25.816,22.172,21.941,926700000.0,0.0,44.76,2.053,2.018,387600000.0,1022800000.0,1070300000.0,1070300000.0,0.0,,,,,18200000.0,202900000.0,1.0,195812519.0,192500000.0,194800000.0,5.56,5696800000.0,145600000.0,56400000.0,4400000.0,29.594,1376900000.0
17,SEE,MRQ,2017-03-31,2017-03-31,2017-03-31,2021-08-03,-899000000.0,7421200000.0,,4287500000.0,3133700000.0,,3.075,-50400000.0,258400000.0,258400000.0,696800000.0,-43200000.0,1.611,11.477,4156100000.0,393400000.0,3762700000.0,4156100000.0,0.0,52800000.0,0.0,0.015,0.16,139800000.0,192600000.0,0.187,192600000.0,139800000.0,93200000.0,-0.22,-0.22,-0.22,594800000.0,,594800000.0,12427031016.0,17.0,12.938,-33200000.0,-0.172,1.0,335400000.0,0.325,1924000000.0,46600000.0,6733300000.0,,507000000.0,0.0,0.0,0.0,6826400000.0,2661600000.0,4164800000.0,8431731016.0,-74100000.0,2300000.0,0.0,10200000.0,-31400000.0,-44500000.0,-55300000.0,-7300000.0,17200000.0,8500000.0,-43200000.0,-43200000.0,-43200000.0,-10500000.0,0.0,-0.042,204300000.0,131100000.0,581100000.0,-0.727,14.176,24.741,24.761,910100000.0,0.0,43.58,1.99,1.989,524200000.0,965400000.0,1032200000.0,1032200000.0,0.0,,,,,17700000.0,197400000.0,1.0,193477077.0,193400000.0,195700000.0,5.337,5497200000.0,132700000.0,136400000.0,4300000.0,28.424,1625900000.0
18,SEE,MRQ,2016-12-31,2016-12-31,2016-12-31,2021-08-03,-949100000.0,7415500000.0,,2215300000.0,5200200000.0,,3.172,-80600000.0,333700000.0,333700000.0,742300000.0,171100000.0,1.045,11.163,4142600000.0,380000000.0,3762600000.0,4142600000.0,0.0,52800000.0,0.0,0.013,0.16,182500000.0,235300000.0,0.214,235300000.0,182500000.0,142000000.0,0.89,0.87,0.89,609700000.0,,609700000.0,13093262957.0,17.0,13.254,357900000.0,1.862,1.0,359100000.0,0.326,1923000000.0,40500000.0,7182400000.0,,456700000.0,0.0,0.0,0.0,6805800000.0,2119000000.0,4686800000.0,8764562957.0,36100000.0,-600000.0,0.0,-255600000.0,-31500000.0,-295000000.0,-84100000.0,-2900000.0,438500000.0,-23300000.0,171100000.0,171100000.0,171100000.0,-19900000.0,0.0,0.155,193600000.0,165500000.0,539200000.0,0.18,14.375,18.019,18.209,889600000.0,0.0,45.34,2.081,2.092,533200000.0,1040000000.0,1101400000.0,1101400000.0,0.0,,,,,10200000.0,187600000.0,1.0,193307520.0,192200000.0,196300000.0,5.73,5492500000.0,208600000.0,-29100000.0,53200000.0,28.577,96300000.0
19,SEE,MRQ,2016-09-30,2016-09-30,2016-09-30,2021-08-03,-858900000.0,7605800000.0,,2376100000.0,5229700000.0,,2.848,-76700000.0,332800000.0,332800000.0,708400000.0,163300000.0,1.04,12.759,4661500000.0,660800000.0,4000700000.0,4661500000.0,0.0,54600000.0,0.0,0.013,0.16,267000000.0,321600000.0,0.302,321600000.0,267000000.0,217400000.0,0.84,0.83,0.84,552800000.0,,552800000.0,13332129810.0,17.0,13.195,204800000.0,1.055,1.0,356700000.0,0.335,3655300000.0,49600000.0,5995400000.0,,766000000.0,0.0,0.0,0.0,7053000000.0,2283800000.0,4769200000.0,9012929810.0,34300000.0,-5600000.0,-165000000.0,38900000.0,-33100000.0,-153500000.0,-94100000.0,-11800000.0,281500000.0,400000.0,163300000.0,163300000.0,163300000.0,-99500000.0,0.0,0.153,189600000.0,167100000.0,823300000.0,0.19,16.304,20.54,20.733,1033500000.0,0.0,45.82,4.019,3.966,923600000.0,900300000.0,1065100000.0,1065100000.0,0.0,,,,,27000000.0,184200000.0,1.0,196702964.0,194100000.0,196700000.0,5.487,3950500000.0,203400000.0,54100000.0,58600000.0,20.353,92300000.0
20,SEE,MRQ,2016-06-30,2016-06-30,2016-06-30,2021-08-03,-843500000.0,7526700000.0,,2360000000.0,5166700000.0,,3.001,-63000000.0,297500000.0,297500000.0,689300000.0,49600000.0,1.246,11.822,4616700000.0,357600000.0,4259100000.0,4616700000.0,0.0,57500000.0,0.0,0.012,0.16,153500000.0,211000000.0,0.203,211000000.0,153500000.0,102600000.0,0.25,0.25,0.25,587000000.0,,587000000.0,13441658377.0,19.0,14.572,109200000.0,0.558,1.0,349600000.0,0.337,3671200000.0,50900000.0,6281300000.0,,748000000.0,0.0,0.0,0.0,6939700000.0,1893400000.0,5046300000.0,9062658377.0,-23200000.0,4000000.0,-20000000.0,-71500000.0,-30800000.0,-122100000.0,-67900000.0,-8900000.0,172200000.0,-5400000.0,49600000.0,49600000.0,49600000.0,-48000000.0,0.0,0.048,202000000.0,147600000.0,777600000.0,0.64,15.439,25.028,25.539,980000000.0,0.0,45.97,3.1,3.075,993500000.0,758600000.0,1038900000.0,1038900000.0,0.0,,,,,30800000.0,197300000.0,1.0,197142884.0,195600000.0,198400000.0,5.311,3855500000.0,194300000.0,53000000.0,61400000.0,19.711,466600000.0
21,SEE,MRQ,2016-03-31,2016-03-31,2016-03-31,2021-08-03,-854300000.0,7539300000.0,,2319100000.0,5220200000.0,,2.874,-50500000.0,315700000.0,315700000.0,670300000.0,102400000.0,1.221,12.437,4694700000.0,414700000.0,4280000000.0,4694700000.0,0.0,49100000.0,0.0,0.011,0.13,170900000.0,220000000.0,0.219,220000000.0,170900000.0,120000000.0,0.51,0.51,0.51,561100000.0,,561100000.0,13642439773.0,21.0,15.723,-35800000.0,-0.183,1.0,335600000.0,0.334,3713000000.0,50900000.0,6305400000.0,,736500000.0,0.0,0.0,0.0,6978200000.0,1899900000.0,5078300000.0,9409639773.0,-38800000.0,4200000.0,-32000000.0,106800000.0,-26200000.0,26100000.0,-68700000.0,-22400000.0,14700000.0,-10900000.0,102400000.0,102400000.0,102400000.0,-27500000.0,0.0,0.102,187700000.0,147900000.0,719700000.0,0.255,16.77,27.627,28.577,954400000.0,0.0,48.01,2.564,2.554,929400000.0,740800000.0,1005900000.0,1005900000.0,0.0,,,,,16500000.0,185100000.0,1.0,195993330.0,195200000.0,197500000.0,5.153,3826300000.0,226900000.0,17600000.0,63600000.0,19.602,419200000.0
22,SEE,MRQ,2015-12-31,2015-12-31,2015-12-31,2021-08-03,-820000000.0,7405000000.0,,2215700000.0,5189300000.0,,2.696,-71200000.0,351700000.0,351700000.0,-372500000.0,123500000.0,1.226,13.049,4561600000.0,294800000.0,4266800000.0,4561600000.0,0.0,51300000.0,0.0,0.012,0.13,206500000.0,257800000.0,-0.297,257800000.0,206500000.0,167800000.0,0.61,0.61,0.61,527100000.0,,527100000.0,13120903888.0,19.0,14.705,210000000.0,1.074,1.0,-494800000.0,0.571,3693800000.0,38700000.0,6114000000.0,,660800000.0,0.0,0.0,0.0,6877900000.0,1807100000.0,5070800000.0,8805103888.0,75600000.0,16500000.0,-116300000.0,-139600000.0,-25600000.0,-148400000.0,-52200000.0,2500000.0,281200000.0,-5000000.0,123500000.0,123500000.0,123500000.0,-176600000.0,0.0,-0.142,-545400000.0,50600000.0,669000000.0,0.213,16.705,26.253,27.362,945700000.0,0.0,44.6,1.996,2.062,889900000.0,675200000.0,-867300000.0,-867300000.0,0.0,,,,,21800000.0,-465700000.0,1.0,197423854.0,195500000.0,198300000.0,-4.436,3711200000.0,227400000.0,44300000.0,75000000.0,18.983,408600000.0
23,SEE,MRQ,2015-09-30,2015-09-30,2015-09-30,2021-08-03,-813200000.0,7586300000.0,,2485600000.0,5100700000.0,,2.178,-48700000.0,334300000.0,334300000.0,1109600000.0,86600000.0,1.253,16.164,4650100000.0,315200000.0,4334900000.0,4650100000.0,0.0,52800000.0,0.0,0.011,0.13,180800000.0,233600000.0,0.134,233600000.0,180800000.0,126000000.0,0.43,0.42,0.43,442000000.0,,442000000.0,13543980930.0,25.0,17.882,196100000.0,0.966,1.0,636600000.0,0.365,3729800000.0,54800000.0,6189100000.0,,765500000.0,0.0,0.0,0.0,7144300000.0,1983200000.0,5161100000.0,9649880930.0,-234700000.0,-16500000.0,-536000000.0,173700000.0,-26400000.0,-375100000.0,-83300000.0,-18100000.0,244800000.0,-21100000.0,86600000.0,86600000.0,86600000.0,0.0,0.0,0.05,460400000.0,176200000.0,716600000.0,0.302,21.832,34.687,35.248,905900000.0,0.0,46.88,1.331,1.312,1025800000.0,577900000.0,1746200000.0,1746200000.0,0.0,,,,,22900000.0,400600000.0,1.0,205842170.0,202900000.0,205800000.0,8.606,3856500000.0,257900000.0,39400000.0,154900000.0,19.007,502400000.0
24,SEE,MRQ,2015-06-30,2015-06-30,2015-06-30,2021-08-03,-684100000.0,7955400000.0,,2745000000.0,5210400000.0,,5.154,-35900000.0,569200000.0,569200000.0,1121200000.0,28100000.0,1.66,6.402,4463300000.0,94300000.0,4369000000.0,4463300000.0,0.0,54400000.0,0.0,0.01,0.13,101900000.0,156300000.0,0.088,156300000.0,101900000.0,42900000.0,0.13,0.13,0.13,1074700000.0,,1074700000.0,14610311457.0,28.0,19.277,95100000.0,0.456,1.0,663800000.0,0.372,3792100000.0,59000000.0,6403400000.0,,765200000.0,0.0,0.0,0.0,6880700000.0,1654000000.0,5226700000.0,10798311457.0,32500000.0,75600000.0,-80500000.0,108700000.0,-27300000.0,-109000000.0,47300000.0,7600000.0,131000000.0,-36800000.0,28100000.0,28100000.0,28100000.0,0.0,0.0,0.016,456800000.0,207000000.0,733300000.0,1.0,10.048,42.783,43.176,928400000.0,0.0,51.38,1.444,1.432,1180300000.0,517900000.0,1785000000.0,1785000000.0,0.0,,,,,24400000.0,415300000.0,1.0,210165657.0,208500000.0,211300000.0,8.561,4163300000.0,256600000.0,14800000.0,164000000.0,19.968,1091000000.0
25,SEE,MRQ,2015-03-31,2015-03-31,2015-03-31,2021-08-03,-675300000.0,7853500000.0,,2676600000.0,5176900000.0,,5.504,4700000.0,536300000.0,536300000.0,1096800000.0,97200000.0,1.679,5.831,4348300000.0,86500000.0,4261800000.0,4348300000.0,0.0,54800000.0,0.0,0.011,0.13,189800000.0,244600000.0,0.14,244600000.0,189800000.0,131300000.0,0.46,0.46,0.46,1149700000.0,,1149700000.0,13665889629.0,23.0,16.302,329800000.0,1.579,1.0,649600000.0,0.372,3792100000.0,58500000.0,6279200000.0,,744300000.0,0.0,0.0,0.0,6703800000.0,1594200000.0,5109600000.0,9574489629.0,199600000.0,-8500000.0,-69200000.0,-39100000.0,-27500000.0,-156200000.0,28200000.0,32000000.0,325100000.0,2500000.0,97200000.0,97200000.0,97200000.0,0.0,0.0,0.056,466000000.0,183600000.0,686800000.0,0.283,8.328,33.666,34.0,913700000.0,0.0,45.56,1.248,1.241,1119300000.0,517600000.0,1746400000.0,1746400000.0,0.0,,,,,28100000.0,427800000.0,1.0,210151221.0,208900000.0,211700000.0,8.36,4061400000.0,237400000.0,34100000.0,161000000.0,19.442,1082400000.0
26,SEE,MRQ,2014-12-31,2014-12-31,2014-12-31,2021-08-03,-613800000.0,7953200000.0,,2618600000.0,5334600000.0,,5.553,-52700000.0,286400000.0,286400000.0,1301400000.0,66300000.0,1.516,5.84,4426300000.0,144300000.0,4282000000.0,4426300000.0,0.0,61700000.0,0.0,0.012,0.13,61200000.0,122900000.0,0.062,122900000.0,61200000.0,-4400000.0,0.31,0.31,0.31,1162800000.0,,1162800000.0,13154717604.0,24.0,16.011,193300000.0,0.923,1.0,672300000.0,0.341,3869100000.0,65600000.0,6496800000.0,,688500000.0,0.0,0.0,0.0,6790400000.0,1727200000.0,5063200000.0,8959417604.0,-132000000.0,0.0,-50000000.0,-261700000.0,-27000000.0,-321900000.0,-46700000.0,6000000.0,246000000.0,-9400000.0,66300000.0,66300000.0,66300000.0,0.0,0.0,0.034,528600000.0,143700000.0,624200000.0,0.419,7.705,34.713,34.779,943000000.0,0.0,42.43,1.156,1.15,1128800000.0,448500000.0,1973700000.0,1973700000.0,0.0,,,,,25700000.0,463500000.0,1.0,211157615.0,209400000.0,209700000.0,9.426,4084100000.0,399900000.0,-70700000.0,77100000.0,19.504,891400000.0
27,SEE,MRQ,2014-09-30,2014-09-30,2014-09-30,2021-08-03,-380800000.0,8354500000.0,,2912700000.0,5441800000.0,,6.308,-31200000.0,420700000.0,420700000.0,1279400000.0,60800000.0,1.442,5.294,4616000000.0,418300000.0,4197700000.0,4616000000.0,0.0,66900000.0,0.0,0.015,0.13,167200000.0,234100000.0,0.119,234100000.0,167200000.0,97500000.0,0.29,0.28,0.29,1327300000.0,,1327300000.0,11807548846.0,17.0,12.373,259800000.0,1.235,1.0,696100000.0,0.352,3966600000.0,69700000.0,6562900000.0,,765700000.0,0.0,0.0,0.0,7027200000.0,2020300000.0,5006900000.0,7395348846.0,64200000.0,-3600000.0,-4000000.0,-128400000.0,-27900000.0,-172800000.0,-31500000.0,3300000.0,291000000.0,-22500000.0,60800000.0,60800000.0,60800000.0,0.0,0.0,0.031,511600000.0,184500000.0,660200000.0,0.448,5.572,33.463,32.598,1024300000.0,0.0,34.88,0.949,0.942,1405300000.0,383900000.0,1975500000.0,1975500000.0,0.0,,,,,19600000.0,468800000.0,1.0,212022616.0,210400000.0,213500000.0,9.389,4387900000.0,179800000.0,36700000.0,240800000.0,20.855,892400000.0
28,SEE,MRQ,2014-06-30,2014-06-30,2014-06-30,2021-08-03,-255300000.0,8532300000.0,,2887400000.0,5644900000.0,,6.624,-26900000.0,356500000.0,356500000.0,1294000000.0,60100000.0,1.302,5.032,4768700000.0,713800000.0,4054900000.0,4768700000.0,0.0,69800000.0,0.0,0.015,0.13,166900000.0,236700000.0,0.12,236700000.0,166900000.0,93000000.0,0.28,0.28,0.28,1414300000.0,,1414300000.0,11771206796.0,18.0,12.724,149800000.0,0.702,1.0,679600000.0,0.344,4084300000.0,73900000.0,6642700000.0,,783500000.0,0.0,0.0,0.0,7116700000.0,2217500000.0,4899200000.0,7378206796.0,-56600000.0,0.0,-130000000.0,-40800000.0,-27600000.0,-198500000.0,-21100000.0,5800000.0,176700000.0,-13700000.0,60100000.0,60100000.0,60100000.0,0.0,0.0,0.03,507700000.0,171900000.0,592000000.0,0.464,5.217,37.301,35.227,1099700000.0,0.0,34.17,0.955,0.944,1332100000.0,352600000.0,1973600000.0,1973600000.0,0.0,,,,,21500000.0,460700000.0,1.0,215926450.0,213500000.0,215500000.0,9.244,4448000000.0,181500000.0,32900000.0,241300000.0,20.834,669900000.0
29,SEE,MRQ,2014-03-31,2014-03-31,2014-03-31,2021-08-03,-274900000.0,8570300000.0,,2670500000.0,5899800000.0,,7.155,-27000000.0,413100000.0,413100000.0,1188100000.0,70900000.0,1.256,4.794,4806100000.0,695600000.0,4110500000.0,4806100000.0,0.0,68300000.0,0.0,0.016,0.13,159600000.0,227900000.0,0.125,227900000.0,159600000.0,81100000.0,0.34,0.33,0.34,1479000000.0,,1479000000.0,9856161327.0,15.0,10.635,-959500000.0,-4.642,1.0,639600000.0,0.35,4105900000.0,78500000.0,6732000000.0,,774000000.0,0.0,0.0,0.0,7089900000.0,2125400000.0,4964500000.0,6449061327.0,-579300000.0,0.0,0.0,403000000.0,-28400000.0,372000000.0,-27000000.0,0.0,-932500000.0,8200000.0,70900000.0,70900000.0,70900000.0,0.0,0.0,0.039,465000000.0,174600000.0,573000000.0,0.382,4.36,33.243,33.541,1118400000.0,0.0,32.87,0.839,0.884,1066200000.0,319700000.0,1827700000.0,1827700000.0,0.0,,,,,24000000.0,447400000.0,1.0,196199006.0,206700000.0,215100000.0,8.842,4464400000.0,181200000.0,10200000.0,237400000.0,21.598,545100000.0
30,SEE,MRQ,2013-12-31,2013-12-31,2013-12-31,2021-08-03,-277400000.0,9176000000.0,,3459500000.0,5716500000.0,,7.26,-30600000.0,992400000.0,992400000.0,1343800000.0,29200000.0,1.281,5.484,4399500000.0,283100000.0,4116400000.0,4399500000.0,0.0,69800000.0,0.0,0.015,0.13,185800000.0,255600000.0,0.127,255600000.0,185800000.0,94200000.0,0.16,0.13,0.16,1414900000.0,,1414900000.0,10493337362.0,18.0,12.271,331600000.0,1.701,1.0,668700000.0,0.332,4131500000.0,91600000.0,5750800000.0,,730200000.0,0.0,0.0,0.0,7759700000.0,2700800000.0,5058900000.0,6679637362.0,215700000.0,500000.0,3900000.0,-192400000.0,-25600000.0,-218100000.0,-38500000.0,-8500000.0,362200000.0,-16900000.0,29200000.0,29200000.0,29200000.0,-24000000.0,0.0,0.015,493600000.0,175100000.0,524500000.0,0.812,4.721,53.097,52.385,1134500000.0,0.0,34.05,0.869,0.862,1249700000.0,302200000.0,2012500000.0,2012500000.0,0.0,,,,,8900000.0,439600000.0,1.0,196171435.0,194900000.0,212100000.0,10.326,5044500000.0,465400000.0,65000000.0,302700000.0,25.883,758700000.0
31,SEE,MRQ,2013-09-30,2013-09-30,2013-09-30,2021-08-03,-249000000.0,9343800000.0,,3434500000.0,5909300000.0,,7.257,-30200000.0,776700000.0,776700000.0,1262100000.0,37600000.0,1.305,5.605,4590400000.0,255200000.0,4335200000.0,4590400000.0,0.0,67200000.0,0.0,0.019,0.13,137700000.0,204900000.0,0.107,204900000.0,137700000.0,48800000.0,0.19,0.18,0.19,1414300000.0,,1414300000.0,9267826619.0,84.0,23.588,185600000.0,0.952,1.0,649900000.0,0.34,4203800000.0,88900000.0,6322000000.0,,829900000.0,0.0,0.0,0.0,7927800000.0,2631700000.0,5296100000.0,5326326619.0,136600000.0,-1500000.0,0.0,1300000.0,-25500000.0,-24200000.0,-31700000.0,0.0,215800000.0,-23300000.0,37600000.0,37600000.0,37600000.0,-2500000.0,0.0,0.02,513600000.0,136300000.0,525000000.0,0.684,3.766,-84.814,-82.394,1145400000.0,0.0,27.19,0.704,0.7,1349700000.0,274500000.0,1912000000.0,1912000000.0,0.0,,,,,15100000.0,426000000.0,1.0,195892851.0,194900000.0,215300000.0,9.81,5140000000.0,543900000.0,11200000.0,331300000.0,26.372,802800000.0
32,SEE,MRQ,2013-06-30,2013-06-30,2013-06-30,2021-08-03,-272700000.0,9219400000.0,,3332200000.0,5887200000.0,,7.05,-19400000.0,640100000.0,640100000.0,1278300000.0,56300000.0,1.299,5.713,4581600000.0,229900000.0,4351700000.0,4581600000.0,0.0,74500000.0,0.0,0.022,0.13,163900000.0,238400000.0,0.123,238400000.0,163900000.0,74200000.0,0.29,0.26,0.29,1373400000.0,,1373400000.0,8672440625.0,-7.0,-9.426,82300000.0,0.422,1.0,659100000.0,0.34,4193400000.0,89700000.0,6402800000.0,,819400000.0,0.0,0.0,0.0,7846100000.0,2564700000.0,5281400000.0,4690340625.0,14300000.0,0.0,0.0,-23600000.0,-25500000.0,-48600000.0,-19200000.0,0.0,101700000.0,-19600000.0,56300000.0,56300000.0,56300000.0,-2000000.0,0.0,0.029,493300000.0,165800000.0,557500000.0,0.448,3.415,-3.519,-3.471,1140100000.0,0.0,23.95,0.621,0.617,1373400000.0,262400000.0,1937400000.0,1937400000.0,0.0,,,,,17300000.0,449900000.0,1.0,195838857.0,194800000.0,213600000.0,9.946,5026000000.0,537600000.0,17900000.0,330300000.0,25.801,767500000.0
33,SEE,MRQ,2013-03-31,2013-03-31,2013-03-31,2021-08-03,-181600000.0,9273300000.0,,3276700000.0,5996600000.0,,7.357,-24200000.0,625800000.0,625800000.0,1216700000.0,2700000.0,1.303,5.504,4607900000.0,231400000.0,4376500000.0,4607900000.0,0.0,71900000.0,0.0,0.022,0.13,84300000.0,156200000.0,0.085,156200000.0,84300000.0,-6500000.0,0.01,0.01,0.01,1425800000.0,,1425800000.0,8593907053.0,-7.0,-8.618,-63500000.0,-0.328,1.0,612200000.0,0.335,4252400000.0,90800000.0,6489200000.0,,803900000.0,0.0,0.0,0.0,7847300000.0,2513800000.0,5333500000.0,4691707053.0,-53800000.0,0.0,-3900000.0,800000.0,-25400000.0,-29000000.0,-24500000.0,0.0,-39300000.0,39000000.0,2700000.0,2700000.0,2700000.0,-2000000.0,0.0,0.001,484800000.0,127400000.0,573900000.0,13.0,3.291,-3.345,-3.321,1181400000.0,0.0,24.11,0.622,0.619,1325300000.0,231900000.0,1828900000.0,1828900000.0,0.0,,,,,17500000.0,434700000.0,1.0,194595896.0,193800000.0,212700000.0,9.437,5020900000.0,549000000.0,-9200000.0,343300000.0,25.908,762900000.0
34,SEE,MRQ,2012-12-31,2012-12-31,2012-12-31,2021-08-03,-164900000.0,9331700000.0,,3289300000.0,6042400000.0,,7.477,-18600000.0,679600000.0,679600000.0,1261400000.0,-159400000.0,1.409,5.463,4581800000.0,41000000.0,4540800000.0,4581800000.0,0.0,69300000.0,0.0,0.03,0.13,-275900000.0,-206600000.0,-0.109,-206600000.0,-275900000.0,-369400000.0,-0.82,-0.82,-0.82,1443800000.0,,1443800000.0,7802435045.0,-6.0,-7.866,297700000.0,1.542,1.0,627500000.0,0.332,4282800000.0,93500000.0,6616100000.0,,728900000.0,0.0,0.0,0.0,7887400000.0,2335000000.0,5552400000.0,3405935045.0,138800000.0,2600000.0,-200000.0,-404900000.0,-25200000.0,-470000000.0,295100000.0,0.0,316300000.0,-2600000.0,-159400000.0,-159400000.0,-159400000.0,-192300000.0,0.0,-0.084,1057500000.0,-430000000.0,480200000.0,-0.159,2.359,-2.413,-2.392,1194200000.0,0.0,17.51,0.451,0.447,1313900000.0,254800000.0,1888900000.0,1888900000.0,0.0,,,,,4600000.0,418500000.0,1.0,194513709.0,193100000.0,193100000.0,9.782,5048900000.0,543300000.0,-210000000.0,377000000.0,26.147,954300000.0
35,SEE,MRQ,2012-09-30,2012-09-30,2012-09-30,2021-08-03,-93300000.0,10177700000.0,,3481900000.0,6695800000.0,,8.799,-30600000.0,540800000.0,540800000.0,1256700000.0,-1232400000.0,1.194,4.987,4937300000.0,451000000.0,4486300000.0,4937300000.0,0.0,75700000.0,0.0,0.034,0.13,-1183800000.0,-1108100000.0,-0.583,-1108100000.0,-1183800000.0,-1280400000.0,-6.38,-6.38,-6.38,1699900000.0,,1699900000.0,7484615223.0,-8.0,-11.128,102600000.0,0.531,1.0,643600000.0,0.339,4889800000.0,96600000.0,6768600000.0,,861000000.0,0.0,0.0,0.0,8477200000.0,2915800000.0,5561400000.0,3001715223.0,49600000.0,-2600000.0,-100000.0,-28400000.0,-25300000.0,-55700000.0,-29000000.0,0.0,133200000.0,1100000.0,-1232400000.0,-1232400000.0,-1232400000.0,-5900000.0,0.0,-0.649,1834600000.0,-1191000000.0,545900000.0,-0.02,1.766,-2.307,-2.264,1233900000.0,0.0,15.46,0.398,0.396,1354500000.0,438400000.0,1900300000.0,1900300000.0,0.0,,,,,11200000.0,426300000.0,1.0,194160105.0,193200000.0,193200000.0,9.836,5287900000.0,480900000.0,-48000000.0,545400000.0,27.37,566100000.0
36,SEE,MRQ,2012-06-30,2012-06-30,2012-06-30,2021-08-03,-183900000.0,11108800000.0,,3039100000.0,8069700000.0,,14.864,-34800000.0,503900000.0,503900000.0,1296300000.0,-13700000.0,1.308,2.875,4986800000.0,51200000.0,4935600000.0,4986800000.0,0.0,75200000.0,0.0,0.034,0.13,86100000.0,161300000.0,0.084,161300000.0,86100000.0,-11200000.0,-0.07,-0.07,-0.07,2868800000.0,,2868800000.0,7482764860.0,22.0,12.289,1800000.0,0.009,1.0,628300000.0,0.326,6203800000.0,97300000.0,7065100000.0,,883300000.0,0.0,0.0,0.0,8246700000.0,2322800000.0,5923900000.0,2996864860.0,-35000000.0,0.0,700000.0,-14500000.0,-25200000.0,-38400000.0,-41900000.0,0.0,36600000.0,8700000.0,-13700000.0,-13700000.0,-13700000.0,-7000000.0,0.0,-0.007,519900000.0,108400000.0,621200000.0,-1.857,1.045,637.631,1544.0,1286800000.0,0.0,15.44,0.435,0.432,1359900000.0,1696200000.0,1924600000.0,1924600000.0,0.0,,,,,7800000.0,467200000.0,1.0,194097465.0,193000000.0,193000000.0,9.972,4905000000.0,274500000.0,2500000.0,430600000.0,25.415,716300000.0
37,SEE,MRQ,2012-03-31,2012-03-31,2012-03-31,2021-08-03,-37300000.0,11321000000.0,,3010600000.0,8310400000.0,,15.883,-31000000.0,538200000.0,538200000.0,1224300000.0,-6000000.0,1.347,2.716,5024100000.0,36100000.0,4988000000.0,5024100000.0,0.0,80000000.0,0.0,0.027,0.13,81400000.0,161400000.0,0.087,161400000.0,81400000.0,-15900000.0,-0.03,-0.03,-0.03,3047900000.0,,3047900000.0,8033094833.0,21.0,13.135,-120100000.0,-0.626,1.0,621100000.0,0.337,6376300000.0,97300000.0,7196300000.0,,891000000.0,0.0,0.0,0.0,8278900000.0,2234300000.0,6044600000.0,3708594833.0,-177400000.0,0.0,-10000000.0,-27200000.0,-25200000.0,-65200000.0,-27000000.0,0.0,-89100000.0,3900000.0,-6000000.0,-6000000.0,-6000000.0,-2400000.0,0.0,-0.003,538000000.0,83100000.0,621500000.0,-4.333,1.217,44.468,39.408,1329800000.0,0.0,19.31,0.6,0.599,1330600000.0,1735200000.0,1845400000.0,1845400000.0,0.0,,,,,12300000.0,444700000.0,1.0,192055662.0,191900000.0,191900000.0,9.616,4944700000.0,287600000.0,-9900000.0,461700000.0,25.767,776300000.0
38,SEE,MRQ,2011-12-31,2011-12-31,2011-12-31,2021-08-03,-145100000.0,11432000000.0,,3350200000.0,8081800000.0,,15.509,-38200000.0,703600000.0,703600000.0,1267500000.0,-49300000.0,1.337,2.867,5003100000.0,36400000.0,4966700000.0,5003100000.0,0.0,73100000.0,0.0,0.03,0.13,39700000.0,112800000.0,0.06,112800000.0,39700000.0,-66400000.0,-0.35,-0.31,-0.35,2957500000.0,,2957500000.0,3932068571.0,9.0,6.498,64200000.0,0.337,1.0,611600000.0,0.325,6245300000.0,106100000.0,6980000000.0,,777500000.0,0.0,0.0,0.0,8479600000.0,2506200000.0,5973400000.0,3304668571.0,-96700000.0,-2246600000.0,600000.0,1861500000.0,-25000000.0,2100800000.0,-2305700000.0,0.0,102400000.0,-1500000.0,-49300000.0,-49300000.0,-49300000.0,-16400000.0,0.0,-0.026,572800000.0,38800000.0,554900000.0,-0.371,1.117,22.164,19.337,1269200000.0,0.0,17.21,0.604,0.526,1314200000.0,1766500000.0,1879100000.0,1879100000.0,0.0,,,,,12000000.0,455400000.0,1.0,192020254.0,190700000.0,209100000.0,9.854,5186700000.0,268500000.0,-17100000.0,455700000.0,27.198,844000000.0
39,SEE,MRQ,2011-09-30,2011-09-30,2011-09-30,2021-08-03,-119300000.0,5618300000.0,,2290600000.0,3327700000.0,,15.933,-27200000.0,800300000.0,800300000.0,911400000.0,73700000.0,1.491,1.216,1427700000.0,24100000.0,1403600000.0,1427700000.0,0.0,36700000.0,0.0,0.031,0.13,136700000.0,173400000.0,0.139,173400000.0,136700000.0,100100000.0,0.46,0.41,0.46,2538200000.0,,2538200000.0,3384116319.0,7.0,5.36,129700000.0,0.814,1.0,335700000.0,0.269,1947600000.0,36600000.0,2762300000.0,,575900000.0,0.0,0.0,0.0,3085200000.0,1535800000.0,1549400000.0,2675516319.0,95300000.0,0.0,0.0,7400000.0,-20800000.0,-13400000.0,-26600000.0,0.0,156900000.0,-21600000.0,73700000.0,73700000.0,73700000.0,0.0,0.0,0.059,205800000.0,129900000.0,279200000.0,0.283,1.054,10.715,10.705,915200000.0,0.0,16.7,0.558,0.555,717100000.0,1841100000.0,1247100000.0,1247100000.0,0.0,,,,,13800000.0,179400000.0,1.0,160210558.0,159300000.0,177900000.0,7.829,3670700000.0,328100000.0,26400000.0,0.0,23.043,754800000.0
40,SEE,MRQ,2011-06-30,2011-06-30,2011-06-30,2021-08-03,-23400000.0,5587300000.0,,2207800000.0,3379500000.0,,16.187,-26700000.0,705000000.0,705000000.0,888300000.0,65000000.0,1.513,1.17,1413600000.0,11700000.0,1401900000.0,1413600000.0,0.0,36900000.0,0.0,0.022,0.13,127100000.0,164000000.0,0.135,164000000.0,127100000.0,90200000.0,0.41,0.37,0.41,2576900000.0,,2576900000.0,4526871796.0,9.0,7.056,26200000.0,0.165,1.0,324300000.0,0.267,1954200000.0,36900000.0,2882400000.0,,601800000.0,0.0,0.0,0.0,3014600000.0,1459300000.0,1555300000.0,3810071796.0,9000000.0,0.0,-800000.0,-2300000.0,-20800000.0,-23700000.0,-26200000.0,0.0,52900000.0,6000000.0,65000000.0,65000000.0,65000000.0,0.0,0.0,0.054,195200000.0,129100000.0,263600000.0,0.317,1.479,15.089,15.057,957000000.0,0.0,23.79,0.814,0.809,731500000.0,1788500000.0,1212600000.0,1212600000.0,0.0,,,,,7400000.0,186100000.0,1.0,160154342.0,159200000.0,177500000.0,7.617,3633100000.0,307800000.0,25200000.0,15200000.0,22.821,748500000.0
41,SEE,MRQ,2011-03-31,2011-03-31,2011-03-31,2021-08-03,-50400000.0,5490300000.0,,2122100000.0,3368200000.0,,15.748,-19200000.0,696000000.0,696000000.0,819500000.0,59700000.0,1.473,1.198,1412800000.0,14000000.0,1398800000.0,1412800000.0,0.0,36000000.0,0.0,0.019,0.13,118900000.0,154900000.0,0.137,154900000.0,118900000.0,81900000.0,0.37,0.34,0.37,2499200000.0,,2499200000.0,5000684817.0,10.0,7.712,48000000.0,0.302,1.0,309000000.0,0.274,1952100000.0,37000000.0,2814000000.0,,559000000.0,0.0,0.0,0.0,2994700000.0,1441000000.0,1553700000.0,4247084817.0,20400000.0,0.0,-12000000.0,-16100000.0,-20800000.0,-47300000.0,-18600000.0,0.0,67200000.0,19100000.0,59700000.0,59700000.0,59700000.0,0.0,0.0,0.053,186000000.0,123000000.0,265500000.0,0.351,1.699,16.688,16.767,958300000.0,0.0,26.66,0.932,0.928,696100000.0,1744800000.0,1128500000.0,1128500000.0,0.0,,,,,10500000.0,183500000.0,1.0,159305507.0,158700000.0,176900000.0,7.111,3538200000.0,310000000.0,22200000.0,5100000.0,22.295,681100000.0
42,SEE,MRQ,2010-12-31,2010-12-31,2010-12-31,2021-08-03,-110300000.0,5399400000.0,,2040000000.0,3359400000.0,,15.161,-25800000.0,675600000.0,675600000.0,877400000.0,51300000.0,1.409,1.247,1429200000.0,30000000.0,1399200000.0,1429200000.0,0.0,40700000.0,0.0,0.02,0.13,98400000.0,139100000.0,0.115,139100000.0,98400000.0,59200000.0,0.32,0.29,0.32,2404600000.0,,2404600000.0,4889965849.0,10.0,7.412,168100000.0,1.06,1.0,331800000.0,0.274,2023900000.0,39200000.0,2681400000.0,,495800000.0,0.0,0.0,0.0,2997800000.0,1447700000.0,1550100000.0,4063865849.0,-86200000.0,-16500000.0,-9800000.0,-193000000.0,-20700000.0,-224500000.0,-40000000.0,6400000.0,193900000.0,-15600000.0,51300000.0,51300000.0,51300000.0,0.0,0.0,0.042,197000000.0,134800000.0,232000000.0,0.406,1.69,15.881,15.807,948300000.0,0.0,25.45,0.905,0.897,697100000.0,1706100000.0,1209200000.0,1209200000.0,0.0,,,,,26600000.0,178600000.0,1.0,159680387.0,158600000.0,177600000.0,7.624,3375500000.0,325800000.0,7900000.0,13000000.0,21.283,592300000.0
43,SEE,MRQ,2010-09-30,2010-09-30,2010-09-30,2021-08-03,-86500000.0,5571600000.0,,2219600000.0,3352000000.0,,15.158,-19500000.0,761800000.0,761800000.0,809500000.0,76500000.0,1.536,1.322,1587900000.0,28300000.0,1559600000.0,1587900000.0,0.0,37400000.0,0.0,0.022,0.13,146200000.0,183600000.0,0.162,183600000.0,146200000.0,105500000.0,0.48,0.43,0.48,2399500000.0,,2399500000.0,4509915230.0,8.0,6.547,82900000.0,0.524,1.0,320500000.0,0.284,1947800000.0,40700000.0,3004800000.0,,539100000.0,0.0,0.0,0.0,3173000000.0,1445100000.0,1727900000.0,3587915230.0,99600000.0,0.0,0.0,-200000.0,-20700000.0,-22900000.0,-13900000.0,5100000.0,102400000.0,34000000.0,76500000.0,76500000.0,76500000.0,0.0,0.0,0.068,173400000.0,147100000.0,238200000.0,0.271,1.495,13.298,13.302,965300000.0,0.0,22.48,0.81,0.804,691900000.0,1675900000.0,1130000000.0,1130000000.0,0.0,,,,,8500000.0,173300000.0,1.0,159604770.0,158300000.0,176700000.0,7.138,3623800000.0,351200000.0,29000000.0,16100000.0,22.892,774500000.0
44,SEE,MRQ,2010-06-30,2010-06-30,2010-06-30,2021-08-03,-197200000.0,5338800000.0,,2056600000.0,3282200000.0,,14.053,-25100000.0,662200000.0,662200000.0,789200000.0,67000000.0,1.468,1.4,1584200000.0,24900000.0,1559300000.0,1584200000.0,0.0,37000000.0,0.0,0.024,0.12,133800000.0,170800000.0,0.157,170800000.0,133800000.0,92800000.0,0.42,0.38,0.42,2224600000.0,,2224600000.0,4099392159.0,8.0,6.159,78400000.0,0.495,1.0,300500000.0,0.276,1938800000.0,41000000.0,2920700000.0,,512400000.0,0.0,0.0,0.0,3114600000.0,1401300000.0,1713300000.0,3144792159.0,34700000.0,-7600000.0,0.0,-2200000.0,-19200000.0,-21400000.0,-31200000.0,1100000.0,103500000.0,-16200000.0,67000000.0,67000000.0,67000000.0,0.0,0.0,0.061,171300000.0,129200000.0,239600000.0,0.286,1.414,12.386,12.403,943300000.0,0.0,19.72,0.718,0.713,642800000.0,1620500000.0,1089700000.0,1089700000.0,0.0,,,,,6000000.0,171600000.0,1.0,159472219.0,158300000.0,176500000.0,6.884,3400000000.0,344900000.0,25800000.0,15100000.0,21.478,655300000.0
45,SEE,MRQ,2010-03-31,2010-03-31,2010-03-31,2021-08-03,-137600000.0,5335900000.0,,2036000000.0,3299900000.0,,14.138,-13000000.0,627500000.0,627500000.0,761200000.0,61200000.0,1.468,1.392,1582100000.0,21500000.0,1560600000.0,1582100000.0,0.0,39600000.0,0.0,0.023,0.12,126700000.0,166300000.0,0.157,166300000.0,126700000.0,86000000.0,0.38,0.35,0.38,2230900000.0,,2230900000.0,4316916708.0,9.0,6.632,70300000.0,0.446,1.0,300000000.0,0.283,1941400000.0,40700000.0,2962200000.0,,502100000.0,0.0,0.0,0.0,3104900000.0,1386900000.0,1718000000.0,3350416708.0,-67000000.0,0.0,0.0,-85100000.0,-19100000.0,-104200000.0,-11800000.0,0.0,83300000.0,-34300000.0,61200000.0,61200000.0,61200000.0,0.0,0.0,0.058,176100000.0,123900000.0,223900000.0,0.316,1.502,13.543,13.6,979700000.0,0.0,21.08,0.776,0.771,641500000.0,1573100000.0,1061200000.0,1061200000.0,0.0,,,,,7500000.0,175500000.0,1.0,158938174.0,157800000.0,176100000.0,6.725,3394500000.0,337500000.0,24800000.0,15200000.0,21.511,649100000.0
46,SEE,MRQ,2009-12-31,2009-12-31,2009-12-31,2021-08-03,-112700000.0,5420100000.0,,2073400000.0,3346700000.0,,13.966,-15000000.0,694500000.0,694500000.0,812800000.0,65100000.0,1.446,1.464,1661000000.0,34700000.0,1626300000.0,1661000000.0,0.0,40700000.0,0.0,0.022,0.12,127400000.0,168100000.0,0.147,168100000.0,127400000.0,87100000.0,0.41,0.36,0.41,2199600000.0,,2199600000.0,4587166256.0,9.0,7.175,178300000.0,1.132,1.0,333600000.0,0.291,1948700000.0,40300000.0,3004100000.0,,469400000.0,0.0,0.0,0.0,3219800000.0,1433800000.0,1786000000.0,3474866256.0,207400000.0,700000.0,0.0,60700000.0,-18600000.0,42100000.0,-13000000.0,0.0,193300000.0,-15000000.0,65100000.0,65100000.0,65100000.0,0.0,0.0,0.057,209500000.0,124100000.0,214200000.0,0.293,1.58,14.224,14.195,1010700000.0,0.0,21.86,0.819,0.81,666700000.0,1531100000.0,1146400000.0,1146400000.0,0.0,,,,,17400000.0,192000000.0,1.0,158960030.0,157500000.0,175700000.0,7.279,3471400000.0,322100000.0,22000000.0,14400000.0,22.041,639600000.0
47,SEE,MRQ,2009-09-30,2009-09-30,2009-09-30,2021-08-03,-80100000.0,5332800000.0,,1943700000.0,3389100000.0,,13.795,-15900000.0,487100000.0,487100000.0,768800000.0,60600000.0,1.337,1.455,1599400000.0,34000000.0,1565400000.0,1599400000.0,0.0,39200000.0,0.0,0.024,0.12,121200000.0,160400000.0,0.149,160400000.0,121200000.0,79300000.0,0.38,0.34,0.38,2171300000.0,,2171300000.0,4376189193.0,10.0,7.537,148900000.0,0.946,1.0,311100000.0,0.288,1949700000.0,41900000.0,3041900000.0,,513200000.0,13800000.0,0.0,13800000.0,3160300000.0,1453500000.0,1706800000.0,3116789193.0,-302100000.0,0.0,0.0,-452200000.0,-19100000.0,-471300000.0,-13500000.0,0.0,164800000.0,17900000.0,60600000.0,60600000.0,60600000.0,0.0,0.0,0.056,180900000.0,130200000.0,228100000.0,0.316,1.435,13.761,13.727,1037900000.0,0.0,19.63,0.731,0.724,690500000.0,1486000000.0,1079900000.0,1079900000.0,0.0,,,,,7700000.0,180000000.0,1.0,158776831.0,157400000.0,178300000.0,6.861,3383100000.0,327200000.0,18700000.0,0.0,21.494,490200000.0
48,SEE,MRQ,2009-06-30,2009-06-30,2009-06-30,2021-08-03,-132400000.0,5636200000.0,,2302000000.0,3334200000.0,,13.156,-19500000.0,789200000.0,789200000.0,739900000.0,60500000.0,1.235,1.723,2048600000.0,483400000.0,1565200000.0,2048600000.0,0.0,36400000.0,0.0,0.026,0.12,119700000.0,156100000.0,0.152,156100000.0,119700000.0,81900000.0,0.38,0.33,0.38,2069400000.0,,2069400000.0,4276125755.0,12.0,8.599,118200000.0,0.751,1.0,288100000.0,0.28,1949200000.0,37800000.0,3082600000.0,,529300000.0,17000000.0,0.0,17000000.0,3565100000.0,1863800000.0,1701300000.0,2926325755.0,363000000.0,-700000.0,0.0,258700000.0,-19000000.0,239700000.0,-19900000.0,0.0,137700000.0,5500000.0,60500000.0,60500000.0,60500000.0,0.0,0.0,0.059,170000000.0,118100000.0,218600000.0,0.316,1.414,16.712,16.622,1037200000.0,0.0,18.45,0.665,0.659,677800000.0,1444600000.0,1028000000.0,1028000000.0,0.0,,,,,7400000.0,169300000.0,1.0,158608442.0,157300000.0,188600000.0,6.535,3687000000.0,0.0,21400000.0,0.0,23.439,438200000.0
49,SEE,MRQ,2009-03-31,2009-03-31,2009-03-31,2021-08-03,-235000000.0,5180900000.0,,1908500000.0,3272400000.0,,12.241,-22700000.0,426200000.0,426200000.0,702800000.0,58100000.0,1.242,1.7,1776000000.0,186400000.0,1589600000.0,1776000000.0,0.0,38200000.0,0.0,0.035,0.12,116500000.0,154700000.0,0.156,154700000.0,116500000.0,81600000.0,0.37,0.32,0.37,1918100000.0,,1918100000.0,3528790125.0,10.0,7.079,33500000.0,0.214,1.0,285700000.0,0.289,1932600000.0,34900000.0,3061300000.0,,549000000.0,10700000.0,0.0,10700000.0,3260700000.0,1536800000.0,1723900000.0,2178690125.0,297300000.0,0.0,0.0,298800000.0,-19000000.0,279800000.0,-23900000.0,0.0,56200000.0,-14800000.0,58100000.0,58100000.0,58100000.0,0.0,0.0,0.059,165800000.0,119900000.0,216400000.0,0.324,1.136,12.295,12.321,1009700000.0,0.0,13.8,0.468,0.465,637900000.0,1403300000.0,988500000.0,988500000.0,0.0,,,,,6300000.0,166200000.0,1.0,157876096.0,156700000.0,187900000.0,6.308,3248300000.0,0.0,23500000.0,0.0,20.729,371700000.0
50,SEE,MRQ,2008-12-31,2008-12-31,2008-12-31,2021-08-03,-177600000.0,4986000000.0,,1672700000.0,3313300000.0,,12.306,-38500000.0,128900000.0,128900000.0,860700000.0,47300000.0,1.031,1.59,1479000000.0,189100000.0,1289900000.0,1479000000.0,0.0,24400000.0,0.0,0.032,0.12,85000000.0,109400000.0,0.094,109400000.0,85000000.0,53300000.0,0.3,0.26,0.3,1924600000.0,,1924600000.0,3745042909.0,11.0,7.41,39800000.0,0.254,1.0,307600000.0,0.263,1938100000.0,31700000.0,2775800000.0,,564300000.0,0.0,0.0,0.0,3060400000.0,1622200000.0,1438200000.0,2358642909.0,-145500000.0,0.0,0.0,-177700000.0,-19000000.0,-196700000.0,-37700000.0,0.0,78300000.0,10600000.0,47300000.0,47300000.0,47300000.0,0.0,0.0,0.04,193400000.0,114200000.0,277200000.0,0.4,1.226,13.111,13.221,1051400000.0,0.0,14.94,0.487,0.486,682800000.0,1364300000.0,1168300000.0,1168300000.0,0.0,,,,,16500000.0,172100000.0,1.0,157874358.0,156400000.0,187400000.0,7.47,3047900000.0,314600000.0,6000000.0,17100000.0,19.488,50500000.0
51,SEE,MRQ,2008-09-30,2008-09-30,2008-09-30,2021-08-03,-52700000.0,5283300000.0,,1694800000.0,3588500000.0,,12.901,-42600000.0,274400000.0,274400000.0,925300000.0,9200000.0,0.974,1.618,1660800000.0,286700000.0,1374100000.0,1660800000.0,0.0,42900000.0,0.0,0.021,0.12,34200000.0,77100000.0,0.063,77100000.0,34200000.0,3500000.0,0.06,0.05,0.06,2017700000.0,,2017700000.0,4870283509.0,12.0,8.688,48700000.0,0.311,1.0,293700000.0,0.241,1963100000.0,30700000.0,2966800000.0,,635900000.0,33400000.0,0.0,33400000.0,3265600000.0,1739800000.0,1525800000.0,3476383509.0,7400000.0,0.0,-10400000.0,100000.0,-18900000.0,-29200000.0,-40300000.0,0.0,91300000.0,-14400000.0,9200000.0,9200000.0,9200000.0,0.0,0.0,0.008,254500000.0,39200000.0,306300000.0,2.0,1.723,16.375,16.786,1105200000.0,0.0,21.99,0.706,0.698,689300000.0,1336000000.0,1219000000.0,1219000000.0,0.0,,,,,0.0,193200000.0,1.0,158089291.0,156400000.0,174600000.0,7.794,3320200000.0,0.0,-5700000.0,0.0,21.229,-45000000.0
52,SEE,MRQ,2008-06-30,2008-06-30,2008-06-30,2021-08-03,47800000.0,5381600000.0,,1778000000.0,3603600000.0,,13.509,-55300000.0,267000000.0,267000000.0,948600000.0,62600000.0,1.038,1.521,1660900000.0,295400000.0,1365500000.0,1660900000.0,0.0,43000000.0,0.0,0.023,0.12,114300000.0,157300000.0,0.123,157300000.0,114300000.0,84000000.0,0.39,0.34,0.39,2134500000.0,,2134500000.0,4494896511.0,9.0,6.753,147800000.0,0.935,1.0,330200000.0,0.258,1975000000.0,30300000.0,3087300000.0,,655100000.0,33000000.0,0.0,33000000.0,3247100000.0,1713200000.0,1533900000.0,3044296511.0,-163900000.0,-2900000.0,-57600000.0,-221400000.0,-19100000.0,-298100000.0,-57700000.0,0.0,203100000.0,-11200000.0,62600000.0,62600000.0,62600000.0,0.0,0.0,0.049,203800000.0,126400000.0,319400000.0,0.308,1.426,11.05,11.182,1140400000.0,0.0,19.01,0.625,0.617,716700000.0,1345700000.0,1278800000.0,1278800000.0,0.0,,,,,0.0,203300000.0,1.0,160141847.0,158000000.0,189000000.0,8.094,3406600000.0,0.0,21400000.0,0.0,21.561,64800000.0
53,SEE,MRQ,2008-03-31,2008-03-31,2008-03-31,2021-08-03,38800000.0,5558600000.0,,2015000000.0,3543600000.0,,13.359,-40400000.0,430900000.0,430900000.0,872300000.0,60800000.0,1.165,1.605,1881500000.0,350800000.0,1530700000.0,1881500000.0,0.0,44700000.0,0.0,0.017,0.12,116900000.0,161600000.0,0.137,161600000.0,116900000.0,81500000.0,0.38,0.33,0.38,2133500000.0,,2133500000.0,5522077508.0,10.0,7.978,-8700000.0,-0.054,1.0,305100000.0,0.259,1975600000.0,35400000.0,3304000000.0,,642400000.0,38700000.0,0.0,38700000.0,3425100000.0,1729600000.0,1695500000.0,4080577508.0,600000.0,0.0,-27100000.0,7600000.0,-19400000.0,-38900000.0,-41000000.0,0.0,31700000.0,48800000.0,60800000.0,60800000.0,60800000.0,0.0,0.0,0.052,188400000.0,116700000.0,313700000.0,0.316,1.913,14.228,14.266,1115300000.0,0.0,25.25,0.862,0.852,796200000.0,1302300000.0,1177400000.0,1177400000.0,0.0,,,,,0.0,186400000.0,1.0,161607030.0,159700000.0,190500000.0,7.373,3583000000.0,0.0,20700000.0,0.0,22.436,285400000.0
54,SEE,MRQ,2007-12-31,2007-12-31,2007-12-31,2021-08-03,-59000000.0,5438300000.0,,1936100000.0,3502200000.0,,12.623,-52500000.0,430300000.0,430300000.0,906700000.0,79700000.0,1.112,1.693,1871800000.0,340200000.0,1531600000.0,1871800000.0,0.0,27000000.0,0.0,0.017,0.1,137600000.0,164600000.0,0.132,164600000.0,137600000.0,103000000.0,0.48,0.42,0.48,2019600000.0,,2019600000.0,5232249486.0,9.0,7.004,102100000.0,0.638,1.0,343500000.0,0.275,1969700000.0,34600000.0,3168500000.0,,581700000.0,40800000.0,0.0,40800000.0,3418700000.0,1741600000.0,1677100000.0,3737649486.0,55800000.0,-200000.0,0.0,600000.0,-16200000.0,-15400000.0,-91800000.0,100000.0,154600000.0,8400000.0,79700000.0,79700000.0,79700000.0,0.0,0.0,0.064,198300000.0,145200000.0,316300000.0,0.208,1.851,10.588,10.566,1080100000.0,0.0,23.14,0.804,0.796,789800000.0,1260800000.0,1250200000.0,1250200000.0,0.0,,,,,15900000.0,197500000.0,1.0,161523314.0,160000000.0,188500000.0,7.814,3468600000.0,275600000.0,23300000.0,22000000.0,21.679,194500000.0
55,SEE,MRQ,2007-09-30,2007-09-30,2007-09-30,2021-08-03,-42600000.0,5350300000.0,,1939300000.0,3411000000.0,,12.304,-46000000.0,374500000.0,374500000.0,840800000.0,72400000.0,1.145,1.719,1869100000.0,336300000.0,1532800000.0,1869100000.0,0.0,41500000.0,0.0,0.015,0.1,140600000.0,182100000.0,0.157,182100000.0,140600000.0,105400000.0,0.45,0.39,0.45,1967400000.0,,1967400000.0,5615316278.0,9.0,7.183,46600000.0,0.291,1.0,320100000.0,0.276,1987300000.0,35200000.0,3163200000.0,,604200000.0,44700000.0,44700000.0,0.0,3382900000.0,1694400000.0,1688500000.0,4128216278.0,-4700000.0,-25000000.0,-2300000.0,300000.0,-16100000.0,-18100000.0,-90700000.0,-5100000.0,92600000.0,11500000.0,72400000.0,72400000.0,72400000.0,0.0,0.0,0.062,186000000.0,134100000.0,312200000.0,0.222,2.098,11.577,11.514,1058400000.0,0.0,25.56,0.908,0.899,792000000.0,1197300000.0,1160900000.0,1160900000.0,0.0,,,,,0.0,185800000.0,1.0,161510809.0,159900000.0,191300000.0,7.26,3363000000.0,0.0,33000000.0,0.0,21.032,244900000.0
56,SEE,MRQ,2007-06-30,2007-06-30,2007-06-30,2021-08-03,-88500000.0,5198000000.0,,1860500000.0,3337500000.0,,11.646,-59600000.0,379200000.0,379200000.0,822100000.0,73900000.0,1.128,1.79,1866300000.0,332900000.0,1533400000.0,1866300000.0,0.0,41300000.0,0.0,0.011,0.1,142600000.0,183900000.0,0.161,183900000.0,142600000.0,107500000.0,0.46,0.4,0.46,1863300000.0,,1863300000.0,6444938294.0,10.0,8.183,-9700000.0,-0.061,1.0,323300000.0,0.282,1970600000.0,35100000.0,3065300000.0,,572600000.0,39700000.0,39700000.0,0.0,3334700000.0,1649200000.0,1685500000.0,5011338294.0,-36700000.0,0.0,-4500000.0,15200000.0,-16200000.0,-5700000.0,-67100000.0,100000.0,49900000.0,-13800000.0,73900000.0,73900000.0,73900000.0,0.0,0.0,0.065,189200000.0,134100000.0,295700000.0,0.217,2.689,13.866,13.787,1028000000.0,0.0,31.02,1.122,1.111,748100000.0,1141100000.0,1145400000.0,1145400000.0,0.0,,,,,0.0,189000000.0,1.0,161551847.0,160000000.0,191300000.0,7.159,3227400000.0,0.0,33600000.0,8200000.0,20.171,211300000.0
57,SEE,MRQ,2007-03-31,2007-03-31,2007-03-31,2021-08-03,-100800000.0,5116900000.0,,1825100000.0,3291800000.0,,11.213,-50800000.0,415900000.0,415900000.0,780500000.0,127000000.0,1.359,1.854,1849500000.0,22400000.0,1827100000.0,1849500000.0,0.0,40600000.0,0.0,0.01,0.1,175700000.0,216300000.0,0.198,216300000.0,175700000.0,140100000.0,0.79,0.67,0.79,1792900000.0,,1792900000.0,6577721592.0,11.0,8.535,30200000.0,0.189,1.0,314200000.0,0.287,1967100000.0,35600000.0,3240900000.0,,545600000.0,39900000.0,39900000.0,0.0,3324000000.0,1342500000.0,1981500000.0,5098521592.0,42800000.0,-7700000.0,700000.0,-4900000.0,-16100000.0,-20300000.0,-24500000.0,30100000.0,81000000.0,6600000.0,127000000.0,127000000.0,127000000.0,0.0,0.0,0.116,178300000.0,135900000.0,292900000.0,0.127,2.844,14.765,14.698,991600000.0,0.0,31.6,1.158,1.147,704200000.0,1083300000.0,1094700000.0,1094700000.0,0.0,,,,,0.0,177900000.0,1.0,161345620.0,159900000.0,191200000.0,6.846,3149800000.0,0.0,13100000.0,48900000.0,19.699,482600000.0
58,SEE,MRQ,2006-12-31,2006-12-31,2006-12-31,2021-08-03,-124800000.0,5020900000.0,,1756700000.0,3264200000.0,,10.291,-56600000.0,373100000.0,373100000.0,806100000.0,83300000.0,1.249,2.034,1852300000.0,25700000.0,1826600000.0,1852300000.0,0.0,42500000.0,0.0,0.009,0.075,156900000.0,199400000.0,0.174,199400000.0,156900000.0,121800000.0,0.52,0.29,0.52,1654800000.0,,1654800000.0,6850631249.0,12.0,9.567,82500000.0,0.513,1.0,339400000.0,0.296,1957100000.0,35100000.0,3136900000.0,,509400000.0,33900000.0,33900000.0,0.0,3366100000.0,1406100000.0,1960000000.0,5233831249.0,145900000.0,-1200000.0,-2000000.0,6700000.0,-12100000.0,-7100000.0,-7800000.0,50700000.0,139100000.0,21700000.0,83300000.0,83300000.0,83300000.0,0.0,0.0,0.073,188000000.0,151400000.0,283900000.0,0.144,3.163,19.095,19.094,970100000.0,0.0,32.46,1.209,1.206,721300000.0,972400000.0,1145500000.0,1145500000.0,0.0,,,,,0.0,187200000.0,1.0,161239410.0,160800000.0,,7.124,3063800000.0,276200000.0,38500000.0,15400000.0,19.053,350600000.0
59,SEE,MRQ,2006-09-30,2006-09-30,2006-09-30,2021-08-03,-124600000.0,4844600000.0,,1601100000.0,3243500000.0,,9.565,-35600000.0,227200000.0,227200000.0,771600000.0,77200000.0,1.195,2.124,1844000000.0,19500000.0,1824500000.0,1844000000.0,0.0,41200000.0,0.0,0.008,0.075,146800000.0,188000000.0,0.174,188000000.0,146800000.0,111300000.0,0.48,0.48,0.48,1550900000.0,,1550900000.0,5960544566.0,11.0,8.504,67000000.0,0.413,1.0,309800000.0,0.286,1959000000.0,35500000.0,3163000000.0,,470600000.0,84700000.0,84700000.0,0.0,3293700000.0,1339400000.0,1954300000.0,4387644566.0,-303800000.0,-10900000.0,-42800000.0,-263700000.0,-12100000.0,-318600000.0,-83700000.0,-36900000.0,102600000.0,-4100000.0,77200000.0,77200000.0,77200000.0,0.0,0.0,0.071,170000000.0,139800000.0,276900000.0,0.156,2.829,16.632,16.5,934900000.0,0.0,27.06,1.03,1.03,699100000.0,869300000.0,1081400000.0,1081400000.0,0.0,,,,,0.0,170100000.0,1.0,162145032.0,162145032.0,,6.669,2885600000.0,0.0,34100000.0,54000000.0,17.796,261700000.0
60,SEE,MRQ,2006-06-30,2006-06-30,2006-06-30,2021-08-03,-143800000.0,5031000000.0,,1814000000.0,3217000000.0,,9.231,-36400000.0,531000000.0,531000000.0,774600000.0,57800000.0,1.164,2.34,2103900000.0,271500000.0,1832400000.0,2103900000.0,0.0,43000000.0,0.0,0.006,0.075,124000000.0,167000000.0,0.154,167000000.0,124000000.0,85000000.0,0.36,0.36,0.36,1506100000.0,,1506100000.0,5883919262.0,11.0,8.539,87300000.0,0.535,1.0,307300000.0,0.284,1946800000.0,39000000.0,3099300000.0,,440200000.0,47800000.0,47800000.0,0.0,3524900000.0,1557800000.0,1967100000.0,4248719262.0,92800000.0,100000.0,-6500000.0,19900000.0,-12200000.0,900000.0,-44900000.0,-5300000.0,123700000.0,13100000.0,57800000.0,57800000.0,57800000.0,0.0,0.0,0.053,188400000.0,118900000.0,257600000.0,0.208,2.821,16.941,16.8,924600000.0,0.0,26.04,1.012,1.012,673300000.0,804100000.0,1081900000.0,1081900000.0,0.0,,,,,0.0,176400000.0,1.0,163161262.0,163161262.0,,6.631,3084200000.0,0.0,27200000.0,65500000.0,18.903,256200000.0
61,SEE,MRQ,2006-03-31,2006-03-31,2006-03-31,2021-08-03,-171900000.0,4882000000.0,,1683600000.0,3198400000.0,,8.814,-23700000.0,438200000.0,438200000.0,735500000.0,55800000.0,1.118,2.399,2073400000.0,261700000.0,1811700000.0,2073400000.0,0.0,41300000.0,0.0,0.003,0.075,120400000.0,161700000.0,0.159,161700000.0,120400000.0,82000000.0,0.34,0.3,0.34,1436300000.0,,1436300000.0,6335473874.0,12.0,9.078,43800000.0,0.269,1.0,283600000.0,0.278,1940300000.0,38400000.0,3071200000.0,,429700000.0,42500000.0,42500000.0,0.0,3445700000.0,1505700000.0,1940000000.0,4715073874.0,-17600000.0,-41300000.0,1700000.0,-14700000.0,-12200000.0,-25200000.0,-66100000.0,1600000.0,67500000.0,6200000.0,55800000.0,55800000.0,55800000.0,0.0,0.0,0.055,167700000.0,115900000.0,248100000.0,0.221,3.283,18.44,18.489,913100000.0,0.0,28.935,1.14,1.14,657900000.0,758600000.0,1019100000.0,1019100000.0,0.0,,,,,0.0,167500000.0,1.0,162953996.0,162953996.0,,6.254,2941700000.0,0.0,26200000.0,82700000.0,18.052,177900000.0
62,SEE,MRQ,2005-12-31,2005-12-31,2005-12-31,2021-08-03,-168200000.0,4864200000.0,,1695400000.0,3168800000.0,,8.552,-29400000.0,455800000.0,455800000.0,778900000.0,73000000.0,1.106,2.494,2076200000.0,263200000.0,1813000000.0,2076200000.0,0.0,44300000.0,0.0,0.0,0.0,139900000.0,184200000.0,0.171,184200000.0,139900000.0,102700000.0,0.46,0.39,0.46,1392100000.0,,1392100000.0,6234904463.0,12.0,8.896,98200000.0,0.603,1.0,296800000.0,0.276,1908800000.0,37200000.0,3042300000.0,,409100000.0,44100000.0,44100000.0,0.0,3472100000.0,1533500000.0,1938600000.0,4571904463.0,38800000.0,0.0,-39700000.0,-200000.0,0.0,-39900000.0,-41600000.0,-7100000.0,127600000.0,-7300000.0,73000000.0,73000000.0,73000000.0,0.0,0.0,0.068,161100000.0,135700000.0,250300000.0,0.0,3.284,17.873,18.003,911200000.0,0.0,28.085,1.119,1.119,674000000.0,715100000.0,1075700000.0,1075700000.0,0.0,,,,,0.0,160700000.0,1.0,162788124.0,162788124.0,,6.608,2955400000.0,231400000.0,29700000.0,28500000.0,18.155,161900000.0
63,SEE,MRQ,2005-09-30,2005-09-30,2005-09-30,2021-08-03,-147400000.0,4825600000.0,,1672500000.0,3153100000.0,,8.299,-24900000.0,417000000.0,417000000.0,731900000.0,64200000.0,1.103,2.508,2080000000.0,266000000.0,1814000000.0,2080000000.0,0.0,42300000.0,0.0,0.0,0.0,133900000.0,176200000.0,0.173,176200000.0,133900000.0,96200000.0,0.39,0.34,0.39,1375500000.0,,1375500000.0,5567510624.0,12.0,8.665,50400000.0,0.304,1.0,287800000.0,0.282,1945300000.0,37700000.0,3027600000.0,,434400000.0,37000000.0,37000000.0,0.0,3450100000.0,1515700000.0,1934400000.0,3933210624.0,-38100000.0,0.0,-38100000.0,-6700000.0,0.0,-44800000.0,-61900000.0,-37000000.0,75300000.0,-6700000.0,64200000.0,64200000.0,64200000.0,0.0,0.0,0.063,156500000.0,131300000.0,241100000.0,0.0,2.859,18.466,18.539,924300000.0,0.0,23.73,0.977,0.977,669200000.0,642000000.0,1019700000.0,1019700000.0,0.0,,,,,0.0,156400000.0,1.0,165748446.0,165748446.0,,6.152,2880300000.0,0.0,32000000.0,57700000.0,17.378,156800000.0
64,SEE,MRQ,2005-06-30,2005-06-30,2005-06-30,2021-08-03,-138300000.0,4828700000.0,,1669500000.0,3159200000.0,,8.102,-20000000.0,455100000.0,455100000.0,724100000.0,62700000.0,1.288,2.56,2089400000.0,29800000.0,2059600000.0,2089400000.0,0.0,43800000.0,0.0,0.0,0.0,132000000.0,175800000.0,0.172,175800000.0,132000000.0,94000000.0,0.375,0.33,0.375,1356400000.0,,1356400000.0,5890830702.0,13.0,9.108,104200000.0,0.622,1.0,295900000.0,0.29,1947400000.0,38000000.0,3219200000.0,,454000000.0,0.0,0.0,0.0,3472300000.0,1296400000.0,2175900000.0,4167730702.0,77400000.0,0.0,-34800000.0,-600000.0,0.0,-35400000.0,17000000.0,37000000.0,124200000.0,-28400000.0,62700000.0,62700000.0,62700000.0,0.0,0.0,0.061,169700000.0,126200000.0,271800000.0,0.0,3.073,19.604,19.602,939400000.0,0.0,24.895,1.055,1.055,642500000.0,577800000.0,1020000000.0,1020000000.0,0.0,,,,,0.0,169500000.0,1.0,167412360.0,167412360.0,,6.093,2881300000.0,0.0,31300000.0,86600000.0,17.211,373100000.0
65,SEE,MRQ,2005-03-31,2005-03-31,2005-03-31,2021-08-03,-104600000.0,4820100000.0,,1619800000.0,3200300000.0,,8.119,-19300000.0,377700000.0,377700000.0,692300000.0,55800000.0,1.29,2.546,2100800000.0,28100000.0,2072700000.0,2100800000.0,0.0,44200000.0,0.0,0.0,0.0,120400000.0,164600000.0,0.17,164600000.0,120400000.0,83600000.0,0.335,0.29,0.335,1359200000.0,,1359200000.0,6101304599.0,13.0,9.484,16900000.0,0.101,1.0,277500000.0,0.286,1949100000.0,36800000.0,3338600000.0,,453600000.0,37000000.0,37000000.0,0.0,3460900000.0,1255500000.0,2205400000.0,4347704599.0,19700000.0,-200000.0,-1300000.0,3000000.0,0.0,1700000.0,-2400000.0,17100000.0,36200000.0,-15800000.0,55800000.0,55800000.0,55800000.0,0.0,0.0,0.058,160300000.0,117200000.0,239500000.0,0.0,3.199,20.576,20.611,972500000.0,0.0,25.97,1.128,1.128,634200000.0,515000000.0,969800000.0,969800000.0,0.0,,,,,0.0,159300000.0,1.0,167412576.0,167412576.0,,5.793,2871000000.0,0.0,27800000.0,110700000.0,17.149,364300000.0
66,SEE,MRQ,2004-12-31,2004-12-31,2004-12-31,2021-08-03,-73500000.0,4855000000.0,,1611200000.0,3243800000.0,,7.979,-25100000.0,358000000.0,358000000.0,709300000.0,30300000.0,1.236,2.641,2111600000.0,23600000.0,2088000000.0,2111600000.0,0.0,46100000.0,0.0,0.0,0.0,79800000.0,125900000.0,0.124,125900000.0,79800000.0,41100000.0,0.18,0.165,0.18,1333500000.0,,1333500000.0,6222479423.0,13.0,9.484,95200000.0,0.57,1.0,307800000.0,0.303,1918000000.0,38700000.0,3386800000.0,,417900000.0,54100000.0,54100000.0,0.0,3521500000.0,1303800000.0,2217700000.0,4451479423.0,26700000.0,100000.0,400000.0,-228300000.0,0.0,-226300000.0,106900000.0,131900000.0,120300000.0,25800000.0,30300000.0,30300000.0,30300000.0,0.0,0.0,0.03,192500000.0,115300000.0,248500000.0,0.0,3.338,20.647,20.809,1008600000.0,0.0,26.635,1.172,1.172,662500000.0,459300000.0,1017100000.0,1017100000.0,0.0,,,,,0.0,159500000.0,1.0,167128944.0,167128944.0,,6.086,2937000000.0,203400000.0,10800000.0,32600000.0,17.573,307400000.0
67,SEE,MRQ,2004-09-30,2004-09-30,2004-09-30,2021-08-03,-142400000.0,4846100000.0,,1611200000.0,3234900000.0,,7.351,-25500000.0,517300000.0,517300000.0,658800000.0,63800000.0,1.325,2.934,2288300000.0,16400000.0,2271900000.0,2288300000.0,0.0,44500000.0,0.0,0.0,0.0,136000000.0,180500000.0,0.191,180500000.0,136000000.0,97000000.0,0.38,0.33,0.38,1231700000.0,,1231700000.0,5695055016.0,11.0,8.26,81300000.0,0.485,1.0,285400000.0,0.302,1944400000.0,39000000.0,3456900000.0,,406000000.0,0.0,0.0,0.0,3614400000.0,1215800000.0,2398600000.0,3892255016.0,6000000.0,-6000000.0,-27000000.0,-1500000.0,0.0,-28500000.0,-67000000.0,-35500000.0,106800000.0,-5300000.0,63800000.0,63800000.0,63800000.0,0.0,0.0,0.068,152700000.0,132700000.0,217200000.0,0.0,3.16,16.763,16.855,1003100000.0,0.0,23.175,1.047,1.045,613600000.0,428900000.0,944200000.0,944200000.0,0.0,,,,,0.0,152700000.0,1.0,167950594.0,167560000.0,185620000.0,5.635,2901700000.0,0.0,33200000.0,112600000.0,17.317,395400000.0
68,SEE,MRQ,2004-06-30,2004-06-30,2004-06-30,2021-08-03,-147600000.0,4763000000.0,,1532200000.0,3230800000.0,,7.031,-20800000.0,475800000.0,475800000.0,640900000.0,61400000.0,1.293,3.021,2278600000.0,16600000.0,2262000000.0,2278600000.0,0.0,44200000.0,0.0,0.0,0.0,128100000.0,172300000.0,0.187,172300000.0,128100000.0,90800000.0,0.365,0.32,0.365,1184600000.0,,1184600000.0,6365332276.0,12.0,9.101,88000000.0,0.522,1.0,282800000.0,0.306,1942000000.0,37300000.0,3438600000.0,,392800000.0,0.0,0.0,0.0,3578400000.0,1185200000.0,2393200000.0,4492032276.0,-2600000.0,0.0,-33700000.0,6800000.0,0.0,-26900000.0,-86400000.0,-65600000.0,108800000.0,1900000.0,61400000.0,61400000.0,61400000.0,0.0,0.0,0.066,155100000.0,127700000.0,200800000.0,0.0,3.792,21.743,21.832,1008700000.0,0.0,26.635,1.221,1.219,589900000.0,365200000.0,923700000.0,923700000.0,0.0,,,,,0.0,155100000.0,1.0,168651484.0,168480000.0,186560000.0,5.483,2821000000.0,0.0,29400000.0,116600000.0,16.744,347000000.0
69,SEE,MRQ,2004-03-31,2004-03-31,2004-03-31,2021-08-03,-140600000.0,4713500000.0,,1454900000.0,3258600000.0,,6.786,-26300000.0,412800000.0,412800000.0,627000000.0,60200000.0,1.246,3.058,2286100000.0,22000000.0,2264100000.0,2286100000.0,0.0,44700000.0,0.0,0.0,0.0,132700000.0,177400000.0,0.194,177400000.0,132700000.0,94000000.0,0.355,0.31,0.355,1161400000.0,,1161400000.0,6171118450.0,12.0,8.811,74000000.0,0.432,1.0,286100000.0,0.313,1942200000.0,38700000.0,3477300000.0,,390300000.0,0.0,0.0,0.0,3552100000.0,1167300000.0,2384800000.0,4255718450.0,30100000.0,-500000.0,-24800000.0,6200000.0,0.0,-18600000.0,-44500000.0,-17700000.0,100300000.0,-7100000.0,60200000.0,60200000.0,60200000.0,0.0,0.0,0.066,158700000.0,127400000.0,185500000.0,0.0,3.664,21.396,21.252,1026700000.0,0.0,24.865,1.175,1.175,578800000.0,303900000.0,913100000.0,913100000.0,0.0,,,,,0.0,158700000.0,1.0,171152964.0,171152964.0,,5.335,2771300000.0,0.0,33800000.0,133700000.0,16.192,287600000.0
70,SEE,MRQ,2003-12-31,2003-12-31,2003-12-31,2021-08-03,-140600000.0,4704100000.0,,1470800000.0,3233300000.0,,6.611,-45300000.0,297800000.0,297800000.0,639900000.0,46900000.0,1.236,3.187,2280400000.0,20600000.0,2259800000.0,2280400000.0,0.0,43900000.0,0.0,0.0,0.0,115400000.0,159300000.0,0.17,159300000.0,115400000.0,72100000.0,0.275,0.235,0.275,1123600000.0,,1123600000.0,6586334207.0,13.0,9.6,109900000.0,0.647,1.0,294900000.0,0.315,1939500000.0,43300000.0,3556800000.0,,371200000.0,67200000.0,67200000.0,0.0,3580500000.0,1190400000.0,2390100000.0,4600634207.0,-213400000.0,-1000000.0,2400000.0,-266900000.0,0.0,-263800000.0,-113500000.0,-67200000.0,155200000.0,8700000.0,46900000.0,46800000.0,46800000.0,0.0,0.0,0.05,146700000.0,148200000.0,191700000.0,0.0,4.095,24.589,24.498,1042400000.0,100000.0,27.07,1.303,1.303,615200000.0,243700000.0,934800000.0,934800000.0,0.0,,,,,0.0,147200000.0,1.0,169953240.0,169953240.0,,5.5,2764600000.0,142600000.0,25200000.0,40700000.0,16.267,280400000.0
71,SEE,MRQ,2003-09-30,2003-09-30,2003-09-30,2021-08-03,-183900000.0,4790000000.0,,1547300000.0,3242700000.0,,6.064,-24300000.0,511200000.0,511200000.0,619800000.0,66100000.0,1.321,3.654,2496900000.0,36200000.0,2460700000.0,2496900000.0,0.0,43000000.0,0.0,0.0,0.0,147400000.0,190400000.0,0.21,190400000.0,147400000.0,104000000.0,0.225,0.205,0.225,1029300000.0,,1029300000.0,4781645107.0,-16.0,-36.585,122000000.0,0.719,1.0,288900000.0,0.318,1931900000.0,43400000.0,3672700000.0,,375500000.0,0.0,0.0,0.0,3760700000.0,1171100000.0,2589600000.0,4009045107.0,60900000.0,-1500000.0,600000.0,1252100000.0,0.0,-60600000.0,-25800000.0,0.0,146300000.0,1000000.0,66100000.0,38200000.0,38200000.0,0.0,0.0,0.042,144700000.0,144200000.0,169700000.0,0.0,3.895,-10.717,-10.542,1012800000.0,27900000.0,23.615,1.164,1.164,588700000.0,196800000.0,908700000.0,908700000.0,0.0,,,,,0.0,144700000.0,1.0,169766890.0,169740000.0,187840000.0,5.353,2858100000.0,0.0,37900000.0,129000000.0,16.838,376200000.0
72,SEE,MRQ,2003-06-30,2003-06-30,2003-06-30,2021-08-03,-186800000.0,4701000000.0,,1464200000.0,3236800000.0,,5.731,-29900000.0,450300000.0,450300000.0,596100000.0,65800000.0,1.286,2.522,1222900000.0,43500000.0,1179400000.0,1222900000.0,0.0,43700000.0,0.0,0.0,0.0,129600000.0,173300000.0,0.2,173300000.0,129600000.0,102800000.0,0.315,0.28,0.315,968700000.0,,968700000.0,4788112665.0,-15.0,-30.891,57300000.0,0.339,1.0,269500000.0,0.311,1932000000.0,26800000.0,2403300000.0,,381600000.0,0.0,0.0,0.0,2442800000.0,1138300000.0,1304500000.0,4022612665.0,299800000.0,0.0,1700000.0,283400000.0,0.0,248900000.0,-29900000.0,0.0,87200000.0,-6400000.0,65800000.0,53700000.0,53700000.0,0.0,0.0,0.062,141800000.0,127700000.0,165300000.0,0.0,4.153,-11.389,-11.267,1026900000.0,12100000.0,23.83,1.197,1.199,570000000.0,133100000.0,865600000.0,865600000.0,0.0,,,,,0.0,141800000.0,1.0,168804560.0,169020000.0,187840000.0,5.121,2769000000.0,0.0,37000000.0,127900000.0,16.383,325900000.0
73,SEE,MRQ,2003-03-31,2003-03-31,2003-03-31,2021-08-03,-222200000.0,4315600000.0,,1114600000.0,3201000000.0,,5.199,-21400000.0,150500000.0,150500000.0,563400000.0,61700000.0,0.983,2.413,916000000.0,46900000.0,869100000.0,916000000.0,0.0,42600000.0,0.0,0.0,0.0,120300000.0,162900000.0,0.198,162900000.0,120300000.0,97900000.0,0.285,0.26,0.285,875700000.0,,875700000.0,4182061036.0,-13.0,-26.335,59600000.0,0.354,1.0,259500000.0,0.315,1925500000.0,22400000.0,2022100000.0,,355600000.0,0.0,0.0,0.0,2112900000.0,1133500000.0,979400000.0,3385378036.0,23700000.0,0.0,0.0,-20100000.0,0.0,-33400000.0,-21400000.0,0.0,81000000.0,-2500000.0,61700000.0,48400000.0,48400000.0,0.0,0.0,0.059,138700000.0,120800000.0,168600000.0,0.0,3.866,-9.639,-9.555,1007900000.0,13300000.0,20.065,1.032,1.03,553600000.0,80300000.0,822900000.0,822900000.0,0.0,,,,,0.0,138700000.0,1.0,168720560.0,168426000.0,186426000.0,4.886,2390100000.0,0.0,36200000.0,142000000.0,14.191,-18900000.0
74,SEE,MRQ,2002-12-31,2002-12-31,2002-12-31,2021-08-03,-224400000.0,4260800000.0,,1056300000.0,3204500000.0,,4.843,-30400000.0,126800000.0,126800000.0,563200000.0,-501800000.0,0.916,2.609,923400000.0,55400000.0,868000000.0,923400000.0,0.0,41300000.0,0.0,0.0,0.0,-698600000.0,-657300000.0,-0.777,-657300000.0,-698600000.0,-715800000.0,-3.065,-3.045,-3.065,813000000.0,,813000000.0,3981332924.0,-12.0,-24.729,85600000.0,0.51,1.0,282900000.0,0.334,1926200000.0,17200000.0,1978400000.0,,329400000.0,0.0,0.0,0.0,2120800000.0,1152800000.0,968000000.0,3130903924.0,49600000.0,-100000.0,-100000.0,-20000000.0,0.0,-36300000.0,-30500000.0,0.0,116000000.0,400000.0,-501800000.0,-514400000.0,-514400000.0,0.0,0.0,-0.608,996200000.0,-713300000.0,167000000.0,0.0,3.851,-8.879,-8.881,1013000000.0,12600000.0,18.65,0.977,0.977,546800000.0,31900000.0,846100000.0,846100000.0,0.0,,,,,0.0,146100000.0,1.0,167876886.0,167876886.0,,5.04,2334600000.0,125900000.0,-214000000.0,35300000.0,13.907,-96500000.0
75,SEE,MRQ,2002-09-30,2002-09-30,2002-09-30,2021-08-03,-242323000.0,4094285000.0,,986291000.0,3107994000.0,,5.882,-13300000.0,77234000.0,77234000.0,561700000.0,66200000.0,1.562,1.799,927663000.0,66190000.0,861473000.0,927663000.0,0.0,41200000.0,0.0,0.0,0.0,124900000.0,166100000.0,0.201,166100000.0,124900000.0,109500000.0,0.35,0.31,0.35,987481000.0,,987481000.0,2366799720.0,5.0,4.202,111800000.0,0.666,1.0,264100000.0,0.32,1922163000.0,15400000.0,2391157000.0,,317168000.0,0.0,0.0,0.0,1776169000.0,631394000.0,1144775000.0,1417726720.0,62000000.0,-200000.0,0.0,-30200000.0,0.0,-47300000.0,-13500000.0,0.0,125100000.0,-2300000.0,66200000.0,59100000.0,59100000.0,0.0,0.0,0.072,135400000.0,128700000.0,156187000.0,0.0,1.436,7.583,7.608,1011941000.0,7100000.0,8.445,0.452,0.452,535581000.0,547006000.0,825800000.0,825800000.0,0.0,,,,,0.0,136700000.0,1.0,167877646.0,167880000.0,215120000.0,4.919,2172122000.0,0.0,43300000.0,298183000.0,12.939,354897000.0
76,SEE,MRQ,2002-06-30,2002-06-30,2002-06-30,2021-08-03,-226975000.0,4073761000.0,,933392000.0,3140369000.0,,5.582,-25600000.0,15200000.0,15200000.0,526300000.0,66000000.0,1.459,1.914,964273000.0,95560000.0,868713000.0,964273000.0,0.0,41800000.0,0.0,0.0,0.0,127700000.0,169500000.0,0.216,169500000.0,127700000.0,111200000.0,0.33,0.305,0.33,936915000.0,,936915000.0,4302659696.0,10.0,7.755,55700000.0,0.332,1.0,260000000.0,0.331,1921342000.0,16500000.0,2461900000.0,,317147000.0,0.0,0.0,0.0,1793687000.0,639592000.0,1154095000.0,3379824696.0,-13800000.0,-10200000.0,600000.0,-11700000.0,0.0,-42800000.0,-35800000.0,0.0,81300000.0,-16500000.0,66000000.0,55700000.0,55700000.0,0.0,0.0,0.071,131400000.0,128600000.0,158407000.0,0.0,3.607,20.928,20.974,1042430000.0,10300000.0,20.135,1.097,1.097,543296000.0,494114000.0,786300000.0,786300000.0,0.0,,,,,0.0,131400000.0,1.0,167858192.0,167840000.0,216020000.0,4.685,2152419000.0,0.0,45200000.0,282616000.0,12.824,293800000.0
77,SEE,MRQ,2002-03-31,2002-03-31,2002-03-31,2021-08-03,-222002000.0,3982394000.0,,876901000.0,3105493000.0,,5.266,-17100000.0,28983000.0,28983000.0,495500000.0,60500000.0,1.46,1.965,951818000.0,95619000.0,856199000.0,951818000.0,0.0,40700000.0,0.0,0.0,0.0,120000000.0,160700000.0,0.215,160700000.0,120000000.0,103300000.0,0.28,0.28,0.28,883016000.0,,883016000.0,4852929994.0,12.0,9.063,-15600000.0,-0.093,1.0,250600000.0,0.336,1911733000.0,16700000.0,2392718000.0,,293301000.0,0.0,0.0,0.0,1734974000.0,600778000.0,1134196000.0,3941132994.0,15200000.0,0.0,300000.0,26200000.0,0.0,24900000.0,-17100000.0,0.0,1500000.0,5900000.0,60500000.0,47000000.0,47000000.0,0.0,0.0,0.063,127700000.0,122900000.0,132213000.0,0.0,4.463,30.026,30.179,1024943000.0,13500000.0,23.54,1.29,1.292,499706000.0,441667000.0,746100000.0,746100000.0,0.0,,,,,0.0,127700000.0,1.0,167422812.0,167682000.0,167814000.0,4.449,2070661000.0,0.0,42800000.0,307005000.0,12.349,276123000.0
78,SEE,MRQ,2001-12-31,2001-12-31,2001-12-31,2021-08-03,-210078000.0,3907909000.0,,776352000.0,3131557000.0,,5.077,-35094000.0,13805000.0,13805000.0,523111000.0,38466000.0,1.238,1.99,925602000.0,137491000.0,788111000.0,925602000.0,0.0,-25024000.0,0.0,0.0,0.0,91956000.0,66932000.0,0.086,66932000.0,91956000.0,75316000.0,0.15,0.15,0.15,850152000.0,,850152000.0,4452969009.0,12.0,8.636,174069000.0,1.04,1.0,258297000.0,0.331,1913000000.0,16640000.0,2279726000.0,,288570000.0,0.0,0.0,0.0,1691603000.0,626980000.0,1064623000.0,3417646009.0,-37705000.0,-23912000.0,456000.0,-157801000.0,0.0,-186282000.0,-59006000.0,0.0,209163000.0,-1580000.0,38466000.0,25152000.0,25152000.0,0.0,0.0,0.032,177261000.0,81036000.0,135533000.0,0.0,4.02,31.326,31.4,1050438000.0,13314000.0,20.41,1.114,1.114,418161000.0,394799000.0,781408000.0,781408000.0,0.0,,,,,0.0,127915000.0,1.0,167449584.0,167449584.0,,4.667,1994909000.0,51330000.0,36850000.0,215927000.0,11.913,149372000.0
79,SEE,MRQ,2001-09-30,2001-09-30,2001-09-30,2021-08-03,-207561000.0,4018714000.0,,896829000.0,3121885000.0,,4.927,-27586000.0,51534000.0,51534000.0,516617000.0,44410000.0,1.377,2.213,1086857000.0,192335000.0,894522000.0,1086857000.0,0.0,53350000.0,0.0,0.0,0.0,104373000.0,157723000.0,0.206,157723000.0,104373000.0,83505000.0,0.2,0.185,0.2,824944000.0,,824944000.0,4133574715.0,10.0,6.484,97620000.0,0.583,1.0,249604000.0,0.326,1914806000.0,20868000.0,2487943000.0,,299308000.0,0.0,0.0,0.0,1825853000.0,651288000.0,1174565000.0,3055474715.0,-13141000.0,0.0,44000.0,-88854000.0,0.0,-111945000.0,-27586000.0,0.0,125206000.0,1184000.0,44410000.0,33647000.0,33647000.0,0.0,0.0,0.044,144374000.0,105230000.0,142880000.0,0.0,3.704,18.504,18.523,1039027000.0,10763000.0,18.245,0.991,0.991,486040000.0,369998000.0,766221000.0,766221000.0,0.0,,,,,0.0,126341000.0,1.0,167469154.0,167424000.0,167810000.0,4.577,2103908000.0,0.0,39095000.0,303620000.0,12.566,245541000.0
80,SEE,MRQ,2001-06-30,2001-06-30,2001-06-30,2021-08-03,-200072000.0,4013235000.0,,890834000.0,3122401000.0,,4.76,-40546000.0,64675000.0,64675000.0,519445000.0,39264000.0,1.428,2.306,1142775000.0,209056000.0,933719000.0,1142775000.0,0.0,56207000.0,0.0,0.0,0.0,93911000.0,150118000.0,0.197,150118000.0,93911000.0,75033000.0,0.15,0.15,0.15,796476000.0,,796476000.0,4239118881.0,10.0,6.496,66289000.0,0.396,1.0,242154000.0,0.318,1927239000.0,18878000.0,2540320000.0,,307433000.0,0.0,0.0,0.0,1836331000.0,623776000.0,1212555000.0,3116242881.0,-37683000.0,-12088000.0,0.0,-75544000.0,0.0,-89420000.0,-52634000.0,0.0,106835000.0,-2464000.0,39264000.0,25460000.0,25460000.0,0.0,0.0,0.033,146843000.0,95311000.0,153662000.0,0.0,3.913,17.398,17.407,1021558000.0,13804000.0,18.625,1.009,1.009,460610000.0,339392000.0,761599000.0,761599000.0,0.0,,,,,0.0,126682000.0,1.0,167315054.0,167320000.0,167320000.0,4.552,2085996000.0,0.0,35769000.0,280855000.0,12.467,267058000.0
81,SEE,MRQ,2001-03-31,2001-03-31,2001-03-31,2021-08-03,-197930000.0,4076317000.0,,945791000.0,3130526000.0,,4.599,-38674000.0,102358000.0,102358000.0,518027000.0,34560000.0,1.476,2.504,1225234000.0,222946000.0,1002288000.0,1225234000.0,0.0,57167000.0,0.0,0.0,0.0,83660000.0,140827000.0,0.186,140827000.0,83660000.0,63646000.0,0.15,0.125,0.15,769477000.0,,769477000.0,4012308015.0,9.0,5.994,98822000.0,0.591,1.0,240245000.0,0.317,1942936000.0,20014000.0,2615689000.0,,313506000.0,0.0,0.0,0.0,1926412000.0,640568000.0,1285844000.0,2787238015.0,91129000.0,0.0,0.0,7099000.0,0.0,-14953000.0,-38674000.0,0.0,137496000.0,7260000.0,34560000.0,24841000.0,24841000.0,0.0,0.0,0.033,156585000.0,83660000.0,162365000.0,0.0,3.622,14.63,14.618,1015314000.0,9719000.0,16.665,0.904,0.904,473692000.0,313932000.0,758272000.0,758272000.0,0.0,,,,,0.0,132162000.0,1.0,167251006.0,167298000.0,167464000.0,4.532,2133381000.0,0.0,29086000.0,285769000.0,12.752,305223000.0
82,SEE,MRQ,2000-12-31,2000-12-31,2000-12-31,2021-08-03,-186258000.0,4090882000.0,,919864000.0,3171018000.0,,4.501,-31143000.0,11229000.0,11229000.0,526246000.0,61791000.0,1.282,2.583,1236299000.0,291846000.0,944453000.0,1236299000.0,0.0,55067000.0,0.0,0.0,0.0,133797000.0,188864000.0,0.237,188864000.0,133797000.0,113377000.0,0.485,0.285,0.485,753129000.0,,753129000.0,3606339820.0,8.0,5.17,37542000.0,0.224,1.0,269908000.0,0.339,1959909000.0,20420000.0,2638691000.0,,309116000.0,0.0,0.0,0.0,1945380000.0,717352000.0,1228028000.0,2551606820.0,4978000.0,-61039000.0,-3221000.0,156628000.0,0.0,28184000.0,-92182000.0,0.0,68685000.0,291000.0,61791000.0,81173000.0,81173000.0,0.0,0.0,0.102,139938000.0,129970000.0,140532000.0,0.0,3.388,12.366,12.348,1032141000.0,-19382000.0,15.25,0.832,0.832,548719000.0,293126000.0,796154000.0,796154000.0,0.0,,,,,0.0,127538000.0,1.0,167318480.0,167318480.0,,4.758,2130973000.0,50031000.0,51586000.0,215399000.0,12.736,202512000.0
83,SEE,MRQ,2000-09-30,2000-09-30,2000-09-30,2021-08-03,-180006000.0,3989601000.0,,871714000.0,3117887000.0,,4.044,-25153000.0,6251000.0,6251000.0,519821000.0,54714000.0,1.433,2.624,1060984000.0,176289000.0,884695000.0,1060984000.0,0.0,55285000.0,0.0,0.0,0.0,117475000.0,172760000.0,0.223,172760000.0,117475000.0,100393000.0,0.285,0.23,0.285,677123000.0,,677123000.0,4611097611.0,10.0,7.521,80955000.0,0.483,1.0,253434000.0,0.328,1919375000.0,17082000.0,2516578000.0,,298629000.0,0.0,0.0,0.0,1776669000.0,608381000.0,1168288000.0,3790145611.0,-12515000.0,-148160000.0,-4076000.0,226277000.0,0.0,51512000.0,-173313000.0,0.0,106108000.0,3178000.0,54714000.0,47637000.0,47637000.0,0.0,0.0,0.062,143228000.0,110206000.0,160648000.0,0.0,5.597,22.443,22.401,1018278000.0,7077000.0,22.625,1.217,1.216,491335000.0,245511000.0,773255000.0,773255000.0,0.0,,,,,0.0,129790000.0,1.0,167520248.0,167446000.0,170232000.0,4.618,2070226000.0,0.0,45679000.0,268387000.0,12.364,263333000.0
84,SEE,MRQ,2000-06-30,2000-06-30,2000-06-30,2021-08-03,-173100000.0,3865078000.0,,848830000.0,3016248000.0,,3.805,-31581000.0,18766000.0,18766000.0,502868000.0,53831000.0,1.541,2.403,839718000.0,149443000.0,690275000.0,839718000.0,0.0,54198000.0,0.0,0.0,0.0,112695000.0,166893000.0,0.221,166893000.0,112695000.0,98772000.0,0.22,0.22,0.22,636780000.0,,636780000.0,5206085943.0,11.0,8.517,14653000.0,0.088,1.0,253973000.0,0.336,1843946000.0,13923000.0,2291226000.0,,272291000.0,0.0,0.0,0.0,1529881000.0,550858000.0,979023000.0,4381061943.0,1045000.0,-800000.0,-803000.0,3116000.0,0.0,-17712000.0,-32381000.0,0.0,46234000.0,4904000.0,53831000.0,36861000.0,36861000.0,0.0,0.0,0.049,141607000.0,112366000.0,159305000.0,0.0,6.88,27.891,27.862,995590000.0,16970000.0,26.19,1.434,1.434,483415000.0,206788000.0,756841000.0,756841000.0,0.0,,,,,0.0,129226000.0,1.0,167279952.0,167348000.0,167662000.0,4.523,2021132000.0,0.0,44941000.0,252862000.0,12.077,297972000.0
85,SEE,MRQ,2000-03-31,2000-03-31,2000-03-31,2021-08-03,-166914000.0,3871994000.0,,830985000.0,3041009000.0,,3.598,-23571000.0,17721000.0,17721000.0,483475000.0,54983000.0,1.454,2.607,842745000.0,135843000.0,706902000.0,842745000.0,0.0,55091000.0,0.0,0.0,0.0,113975000.0,169066000.0,0.228,169066000.0,113975000.0,100887000.0,0.245,0.225,0.245,601760000.0,,601760000.0,5363336110.0,12.0,8.779,84815000.0,0.507,1.0,257989000.0,0.348,1857843000.0,13088000.0,2267790000.0,,265675000.0,0.0,0.0,0.0,1568827000.0,571385000.0,997442000.0,4552331110.0,4049000.0,-27542000.0,-13912000.0,34848000.0,0.0,-54313000.0,-51113000.0,0.0,108386000.0,1089000.0,54983000.0,40665000.0,40665000.0,0.0,0.0,0.055,142068000.0,115921000.0,173024000.0,0.0,7.565,29.646,29.516,1006448000.0,14318000.0,27.155,1.52,1.517,473055000.0,169959000.0,741464000.0,741464000.0,0.0,,,,,0.0,129758000.0,1.0,167642464.0,167258000.0,168764000.0,4.433,2014151000.0,0.0,45904000.0,279497000.0,12.042,259600000.0
86,SEE,MRQ,1999-12-31,1999-12-31,1999-12-31,2021-08-03,-169519000.0,3855233000.0,,803224000.0,3052009000.0,,3.299,-22700000.0,13672000.0,13672000.0,570800000.0,59943000.0,1.38,2.799,824677000.0,159561000.0,665116000.0,824677000.0,0.0,-21322000.0,0.0,0.0,0.0,125660000.0,104338000.0,0.124,104338000.0,125660000.0,111622000.0,0.26,0.255,0.26,551030000.0,,551030000.0,5191940216.0,11.0,8.649,96935000.0,0.58,1.0,272240000.0,0.323,1859958000.0,14038000.0,2224186000.0,,245934000.0,0.0,0.0,0.0,1542541000.0,582094000.0,960447000.0,4327014216.0,-60731000.0,-15381000.0,3924000.0,-107565000.0,0.0,-146273000.0,-38081000.0,0.0,119635000.0,3988000.0,59943000.0,43718000.0,43718000.0,0.0,0.0,0.052,148366000.0,123874000.0,175166000.0,0.0,7.853,30.556,30.657,1023409000.0,16225000.0,25.905,1.476,1.476,470046000.0,132073000.0,843040000.0,843040000.0,0.0,,,,,0.0,135822000.0,1.0,167033940.0,167033940.0,,5.047,1995275000.0,72090000.0,51679000.0,214906000.0,11.945,221130000.0
87,SEE,MRQ,1999-09-30,1999-09-30,1999-09-30,2021-08-03,-172411000.0,3956246000.0,,873480000.0,3082766000.0,,2.976,-19086000.0,74403000.0,74403000.0,457551000.0,53712000.0,1.287,3.356,939329000.0,238115000.0,701214000.0,939329000.0,0.0,55925000.0,0.0,0.0,0.0,115027000.0,170952000.0,0.239,170952000.0,115027000.0,100396000.0,0.215,0.215,0.215,497819000.0,,497819000.0,5224457021.0,11.0,8.263,111166000.0,0.664,1.0,257204000.0,0.36,1873088000.0,14631000.0,2269619000.0,,263415000.0,0.0,0.0,0.0,1670489000.0,678465000.0,992024000.0,4290496021.0,14376000.0,-1525000.0,-13928000.0,-62633000.0,0.0,-94440000.0,-20611000.0,0.0,130252000.0,-825000.0,53712000.0,35833000.0,35833000.0,0.0,0.0,0.05,142999000.0,114205000.0,168841000.0,0.0,8.619,29.497,27.735,1030700000.0,17879000.0,25.655,1.488,1.488,465351000.0,89884000.0,714755000.0,714755000.0,0.0,,,,,0.0,130721000.0,1.0,167238200.0,167296000.0,167568000.0,4.272,2083158000.0,0.0,46684000.0,248577000.0,12.452,195015000.0
88,SEE,MRQ,1999-06-30,1999-06-30,1999-06-30,2021-08-03,-169770000.0,3956646000.0,,851436000.0,3105210000.0,,2.812,-13606000.0,60027000.0,60027000.0,441541000.0,51192000.0,1.508,3.61,993988000.0,148656000.0,845332000.0,993988000.0,0.0,56159000.0,0.0,0.0,0.0,110423000.0,166582000.0,0.24,166582000.0,110423000.0,95685000.0,0.2,0.2,0.2,470381000.0,,470381000.0,6416936553.0,19.0,12.873,93870000.0,0.561,1.0,253580000.0,0.365,1883948000.0,14738000.0,2441977000.0,,269065000.0,0.0,0.0,0.0,1698305000.0,564682000.0,1133623000.0,5417532553.0,-25253000.0,-8905000.0,1663000.0,-93893000.0,0.0,-111736000.0,-22511000.0,0.0,107476000.0,1518000.0,51192000.0,33342000.0,33342000.0,0.0,0.0,0.048,144300000.0,109280000.0,163992000.0,0.0,11.517,141.324,113.825,1043403000.0,17850000.0,32.44,1.899,1.902,450118000.0,54051000.0,695121000.0,695121000.0,0.0,,,,,0.0,131969000.0,1.0,167001620.0,167252000.0,167516000.0,4.156,2072698000.0,0.0,44493000.0,249315000.0,12.393,286754000.0
89,SEE,MRQ,1999-03-31,1999-03-31,1999-03-31,2021-08-03,-162408000.0,4018620000.0,,875614000.0,3143006000.0,,2.627,-16082000.0,85280000.0,85280000.0,433239000.0,46614000.0,1.245,4.089,1084684000.0,278857000.0,805827000.0,1084684000.0,0.0,55787000.0,0.0,0.0,0.0,102669000.0,158456000.0,0.233,158456000.0,102669000.0,87950000.0,0.17,0.17,0.17,438015000.0,,438015000.0,5143374493.0,17.0,10.76,56909000.0,0.341,1.0,245698000.0,0.362,1894863000.0,14719000.0,2419886000.0,,269504000.0,0.0,0.0,0.0,1790898000.0,703275000.0,1087623000.0,4106703493.0,40294000.0,0.0,0.0,4417000.0,0.0,-14734000.0,-16082000.0,0.0,72991000.0,-1881000.0,46614000.0,28714000.0,28714000.0,0.0,0.0,0.042,140865000.0,104833000.0,167089000.0,0.0,9.376,182.148,129.447,1070809000.0,17900000.0,24.595,1.452,1.45,449204000.0,20738000.0,678937000.0,678937000.0,0.0,,,,,0.0,128614000.0,1.0,166973104.0,166728000.0,166992000.0,4.072,2123757000.0,0.0,41336000.0,264468000.0,12.738,172339000.0
90,SEE,MRQ,1998-12-31,1998-12-31,1998-12-31,2021-08-03,-121729000.0,4039930000.0,,844614000.0,3195316000.0,,2.619,-27822000.0,44986000.0,44986000.0,534364000.0,64493000.0,1.579,4.146,1081657000.0,85131000.0,996526000.0,1081657000.0,0.0,2180000.0,0.0,0.0,0.0,134100000.0,136280000.0,0.171,136280000.0,134100000.0,120163000.0,0.34,0.33,0.34,437045000.0,,437045000.0,5429149191.0,21.0,13.778,107358000.0,0.643,1.0,260501000.0,0.328,1907736000.0,13937000.0,2633875000.0,,275312000.0,0.0,0.0,0.0,1811792000.0,534990000.0,1276802000.0,4259663191.0,5072000.0,-6043000.0,-6857000.0,-54249000.0,0.0,-92623000.0,-33865000.0,0.0,135180000.0,-3620000.0,64493000.0,47564000.0,47564000.0,0.0,0.0,0.06,124935000.0,135566000.0,176594000.0,0.0,9.747,1482.653,1276.5,1116582000.0,16929000.0,25.53,1.651,1.651,453124000.0,-7966000.0,794865000.0,794865000.0,0.0,,,,,0.0,136629000.0,1.0,166849322.0,166849322.0,,4.764,2132194000.0,70634000.0,55670000.0,200699000.0,12.779,309624000.0
91,SEE,MRQ,1998-09-30,1998-09-30,1998-09-30,2021-08-03,,,,,,,,-25174000.0,,,443249000.0,-54103000.0,,,,,,,,53271000.0,,0.0,0.0,-16113000.0,37158000.0,0.054,37158000.0,-16113000.0,-35081000.0,-0.425,-0.425,-0.425,,,,3824199305.0,15.0,,95422000.0,0.57,1.0,241053000.0,0.352,,18968000.0,,,,,,,,,,2654713305.0,5850000.0,0.0,-10195000.0,-67673000.0,0.0,-89019000.0,-25174000.0,0.0,120596000.0,-553000.0,-54103000.0,-71286000.0,-71286000.0,0.0,0.0,-0.104,253824000.0,-12771000.0,,0.0,,31.726,11.551,,17183000.0,15.94,1.448,1.455,,,684302000.0,684302000.0,0.0,,,,,0.0,130994000.0,1.0,166544122.0,167274000.0,167274000.0,4.091,,,19022000.0,,,
92,SEE,MRQ,1998-06-30,1998-06-30,1998-06-30,2021-08-03,-142732000.0,4055594000.0,,800991000.0,3254603000.0,,3.758,-14009000.0,34064000.0,34064000.0,442945000.0,35565000.0,1.502,3.818,1203550000.0,164062000.0,1039488000.0,1203550000.0,0.0,56710000.0,0.0,0.0,0.0,89421000.0,146131000.0,0.218,146131000.0,89421000.0,68779000.0,0.105,0.105,0.105,467896000.0,,467896000.0,4328147242.0,16.0,10.663,77986000.0,0.626,1.0,227060000.0,0.339,1894398000.0,20642000.0,2797576000.0,,301492000.0,0.0,0.0,0.0,1786605000.0,533106000.0,1253499000.0,3060248242.0,-25448000.0,-2265000.0,0.0,-122524000.0,0.0,-102851000.0,-16274000.0,0.0,91995000.0,1682000.0,35565000.0,17554000.0,17554000.0,0.0,0.0,0.026,136102000.0,90958000.0,163166000.0,0.0,6.54,36.572,13.315,1180598000.0,18011000.0,18.375,1.669,1.248,423544000.0,17554000.0,670005000.0,670005000.0,0.0,,,,,0.0,124084000.0,1.0,166544122.0,124498000.0,124852000.0,5.382,2161196000.0,0.0,33214000.0,154908000.0,17.359,267885000.0
93,SEE,MRQ,1998-03-31,1998-03-31,1998-03-31,2021-08-03,-140171000.0,4146887000.0,,846386000.0,3300501000.0,,5.888,-14262000.0,59512000.0,59512000.0,290913000.0,27052000.0,1.368,3.901,1327411000.0,284270000.0,1043141000.0,1327411000.0,0.0,29296000.0,0.0,0.0,0.0,45168000.0,74464000.0,0.173,74464000.0,45168000.0,45086000.0,0.11,0.11,0.11,478657000.0,,478657000.0,2831483113.0,12.0,,49613000.0,0.61,1.0,140122000.0,0.325,1906278000.0,82000.0,2889907000.0,,312609000.0,0.0,0.0,0.0,1867137000.0,618601000.0,1248536000.0,2791888113.0,59512000.0,51259000.0,0.0,1259793000.0,0.0,-40600000.0,36997000.0,0.0,63875000.0,-760000.0,27052000.0,9041000.0,9041000.0,0.0,0.0,0.021,94543000.0,45579000.0,152687000.0,0.0,5.833,26.747,21.405,1214894000.0,18011000.0,32.75,1.717,1.637,416865000.0,27052000.0,431035000.0,431035000.0,0.0,,,,,0.0,94453000.0,1.0,85248492.0,81296000.0,81718000.0,5.302,2240609000.0,0.0,18034000.0,140266000.0,27.561,227785000.0
94,SEE,MRQ,1997-12-31,1997-12-31,1997-12-31,2021-08-03,-130054000.0,1646831000.0,,527358000.0,1119473000.0,,15.867,,0.0,0.0,10002000.0,165218000.0,2.872,0.218,0.0,0.0,0.0,0.0,0.0,,0.0,0.0,0.0,144380000.0,,,,144380000.0,184072000.0,1.59,1.515,1.59,1352628000.0,,1352628000.0,,,,,,1.0,37767000.0,0.791,13433000.0,-39692000.0,1449781000.0,,225976000.0,0.0,0.0,0.0,294203000.0,183617000.0,110586000.0,2632047190.0,,,,,,,,,,,164402000.0,128368000.0,128368000.0,0.0,816000.0,2.687,-106211000.0,143978000.0,114907000.0,0.0,1.946,25.884,24.311,1040152000.0,36034000.0,30.875,1.436,1.436,272194000.0,95942000.0,47769000.0,47769000.0,0.0,,,,,,13923000.0,1.0,85248492.0,85248492.0,,0.56,1633398000.0,22323000.0,19670000.0,13939000.0,19.16,343741000.0
95,SEE,MRQ,1997-09-30,1997-09-30,1997-09-30,2021-08-03,,,,,,,,,,,443249000.0,-54103000.0,,,,,,,,,,0.0,0.0,-15297000.0,,,,-15297000.0,-34265000.0,-0.425,-0.425,-0.425,,,,,,,,,1.0,241053000.0,0.352,,18968000.0,,,,,,,,,,,,,,,,,,,,,-53287000.0,-71286000.0,-71286000.0,0.0,-816000.0,-0.104,253824000.0,-12771000.0,,0.0,,,,,17999000.0,27.5,,,,,684302000.0,684302000.0,0.0,,,,,,130994000.0,1.0,,167274000.0,167274000.0,4.091,,,19022000.0,,,
96,SEE,MRQ,1997-06-30,1997-06-30,1997-06-30,2021-08-03,,,,,,,,-6162000.0,,,299528000.0,38259000.0,,,,,,,,25349000.0,,0.0,0.0,65208000.0,90557000.0,0.195,90557000.0,65208000.0,65093000.0,0.255,0.255,0.255,,,,,,,23539000.0,0.299,1.0,163683000.0,0.353,,115000.0,,,,,,,,,,,0.0,-13709000.0,0.0,0.0,0.0,-9830000.0,-19871000.0,0.0,29701000.0,,38259000.0,38259000.0,38259000.0,0.0,0.0,0.083,95606000.0,68077000.0,,0.0,,,,,0.0,23.75,,,,,463211000.0,463211000.0,0.0,,,,,0.0,85978000.0,1.0,,78806000.0,79006000.0,5.878,,,26834000.0,,,
97,SEE,MRQ,1997-03-31,1997-03-31,1997-03-31,2021-08-03,,,,,,,,-42459000.0,,,274629000.0,37260000.0,,,,,,,,24977000.0,,0.0,0.0,63374000.0,88351000.0,0.209,88351000.0,63374000.0,63374000.0,0.235,0.235,0.235,,,,,,,-8026000.0,-0.098,1.0,148064000.0,0.35,,0.0,,,,,,,,,,,0.0,0.0,0.0,0.0,0.0,8026000.0,-42459000.0,0.0,34433000.0,,37260000.0,37260000.0,37260000.0,0.0,0.0,0.088,84759000.0,63305000.0,,0.0,,,,,0.0,20.565,,,,,422693000.0,422693000.0,0.0,,,,,0.0,84759000.0,1.0,,81512000.0,81934000.0,5.186,,,26114000.0,,,
98,SEE,MRQ,1996-12-31,1996-12-31,1996-12-31,2021-08-03,8615000.0,467119000.0,,206966000.0,260153000.0,,,,2985000.0,2985000.0,,,1.398,1.503,115465000.0,15565000.0,99900000.0,115465000.0,0.0,,0.0,0.0,0.0,,,,,,,,,,186649000.0,,186649000.0,,,,,,1.0,,,59838000.0,,371705000.0,,57231000.0,0.0,0.0,0.0,280470000.0,148056000.0,132414000.0,,,,,,,,,,,,,,,,,,,,46934000.0,,,,74.321,174562000.0,,20.81,,,132462000.0,16021000.0,,,,,,,,,,1.0,,,,,407281000.0,13193000.0,,35571000.0,,58910000.0
0,SEE,MRT,2021-06-30,2021-06-30,2021-06-30,2021-08-03,-944800000.0,6006600000.0,5959325000.0,1806700000.0,4199900000.0,0.868,0.62,-194600000.0,273100000.0,273100000.0,3543000000.0,494400000.0,1.285,63.036,3807600000.0,47000000.0,3760600000.0,3807600000.0,0.0,179500000.0,0.0,0.011,0.68,831500000.0,1011000000.0,0.195,1011000000.0,831500000.0,659600000.0,3.2,3.19,3.2,93800000.0,98050000.0,93800000.0,12445002345.0,15.0,12.31,528900000.0,3.493,1.0,1630700000.0,0.315,2383000000.0,171900000.0,5752200000.0,5664050000.0,730700000.0,0.0,0.0,0.0,5912800000.0,1405900000.0,4506900000.0,9005402345.0,-16600000.0,-3000000.0,-332500000.0,-106200000.0,-105800000.0,-559400000.0,-188000000.0,1400000.0,723500000.0,7300000.0,494400000.0,494400000.0,494400000.0,-10700000.0,0.0,0.096,816000000.0,814700000.0,880700000.0,0.212,96.006,18.215,18.516,1273500000.0,0.0,59.25,1.741,1.734,713900000.0,2562800000.0,5173700000.0,5173700000.0,0.0,0.083,5.042,0.147,0.161,70800000.0,775000000.0,1.0,151989913.0,151400000.0,152700000.0,34.172,3623600000.0,209900000.0,165200000.0,61700000.0,23.934,400800000.0
1,SEE,MRT,2021-03-31,2021-03-31,2021-03-31,2021-08-03,-969600000.0,5918700000.0,5896750000.0,1759500000.0,4159200000.0,0.847,0.658,-176300000.0,370000000.0,370000000.0,3376500000.0,486400000.0,1.327,57.37,3809600000.0,54700000.0,3754900000.0,3809600000.0,0.0,176600000.0,0.0,0.014,0.64,823500000.0,1000100000.0,0.2,1000100000.0,823500000.0,650400000.0,3.13,3.12,3.13,101400000.0,57075000.0,101400000.0,10388099210.0,13.0,10.387,599600000.0,3.891,1.0,1619900000.0,0.324,2381400000.0,173100000.0,5650500000.0,5631875000.0,652300000.0,0.0,0.0,0.0,5817300000.0,1326400000.0,4490900000.0,7098399210.0,95400000.0,-3300000.0,-210100000.0,-186300000.0,-100500000.0,-511500000.0,-176100000.0,2900000.0,775900000.0,7100000.0,486400000.0,486400000.0,486400000.0,-11000000.0,0.0,0.097,816100000.0,803800000.0,814000000.0,0.204,70.004,14.594,14.639,1247700000.0,0.0,45.82,1.421,1.413,656700000.0,2485600000.0,4996400000.0,4996400000.0,0.0,0.082,8.522,0.146,0.165,71500000.0,767500000.0,1.0,154919232.0,154100000.0,155400000.0,32.423,3537300000.0,206400000.0,164000000.0,57900000.0,22.955,433100000.0
2,SEE,MRT,2020-12-31,2020-12-31,2020-12-31,2021-08-03,-963500000.0,6083800000.0,5834825000.0,1881500000.0,4202300000.0,0.84,1.111,-181100000.0,548700000.0,548700000.0,3293900000.0,502900000.0,1.376,34.268,3838400000.0,53800000.0,3784600000.0,3838400000.0,0.0,174200000.0,0.0,0.014,0.64,819400000.0,993600000.0,0.203,993600000.0,819400000.0,645000000.0,3.24,3.22,3.24,172500000.0,-13750000.0,172500000.0,10605766768.0,13.0,10.674,555900000.0,3.582,1.0,1609300000.0,0.328,2393600000.0,174400000.0,5612500000.0,5623075000.0,596700000.0,0.0,0.0,0.0,5911300000.0,1367400000.0,4543900000.0,7104466768.0,286300000.0,5400000.0,-33000000.0,-116200000.0,-100400000.0,-261700000.0,-159800000.0,15400000.0,737000000.0,-29200000.0,502900000.0,502900000.0,502900000.0,-18800000.0,0.0,0.103,821200000.0,788100000.0,754200000.0,0.198,41.185,14.127,14.133,1265800000.0,0.0,45.79,1.449,1.449,610500000.0,2400700000.0,4903200000.0,4903200000.0,0.0,0.086,-36.575,0.146,0.167,69500000.0,772700000.0,1.0,155153238.0,155200000.0,156000000.0,31.593,3690200000.0,258300000.0,142100000.0,50900000.0,23.777,514100000.0
3,SEE,MRT,2020-09-30,2020-09-30,2020-09-30,2021-08-03,-998900000.0,5828200000.0,5755175000.0,1667400000.0,4160800000.0,0.845,0.158,-166400000.0,316800000.0,316800000.0,3247000000.0,465000000.0,1.27,236.886,3818100000.0,53500000.0,3764600000.0,3818100000.0,0.0,173200000.0,0.0,0.016,0.64,749000000.0,922200000.0,0.19,922200000.0,749000000.0,570800000.0,2.99,2.99,2.99,24500000.0,-105925000.0,24500000.0,9631904111.0,13.0,10.444,503700000.0,3.239,1.0,1614200000.0,0.332,2375300000.0,178200000.0,5641000000.0,5613375000.0,630900000.0,0.0,0.0,0.0,5803700000.0,1313200000.0,4490500000.0,6041804111.0,116800000.0,8900000.0,-20000000.0,-240800000.0,-100300000.0,-372600000.0,-151300000.0,8100000.0,670100000.0,-29400000.0,465000000.0,465000000.0,465000000.0,6000000.0,0.0,0.096,841900000.0,772300000.0,718800000.0,0.214,246.604,12.993,12.98,1213700000.0,0.0,38.81,1.243,1.241,648600000.0,2283800000.0,4861200000.0,4861200000.0,0.0,0.081,-4.39,0.133,0.154,70100000.0,793500000.0,1.0,155676478.0,155500000.0,156100000.0,31.262,3452900000.0,261500000.0,105800000.0,74400000.0,22.205,354200000.0
4,SEE,MRT,2020-06-30,2020-06-30,2020-06-30,2021-08-03,-993000000.0,5756300000.0,5717225000.0,1632100000.0,4124200000.0,0.847,-0.451,-178800000.0,289700000.0,289700000.0,3240800000.0,399000000.0,1.205,-83.116,3879800000.0,128400000.0,3751400000.0,3879800000.0,0.0,170700000.0,0.0,0.019,0.64,693900000.0,864600000.0,0.179,864600000.0,693900000.0,510200000.0,2.57,2.57,2.57,-70100000.0,-188075000.0,-70100000.0,8797317888.0,13.0,10.175,376000000.0,2.416,1.0,1601700000.0,0.331,2368200000.0,183700000.0,5623500000.0,5596650000.0,638200000.0,0.0,0.0,0.0,5826400000.0,1354700000.0,4471700000.0,5113517888.0,67500000.0,-420000000.0,0.0,261900000.0,-100100000.0,149900000.0,-608400000.0,-9600000.0,554800000.0,-28800000.0,399000000.0,399000000.0,399000000.0,19700000.0,0.0,0.082,869900000.0,731800000.0,724100000.0,0.249,-72.946,12.816,12.782,1196900000.0,0.0,32.85,1.056,1.056,585600000.0,2175100000.0,4842500000.0,4842500000.0,0.0,0.07,-2.121,0.124,0.143,66900000.0,815800000.0,1.0,155662645.0,155600000.0,155900000.0,31.121,3388100000.0,250900000.0,111200000.0,75000000.0,21.774,277400000.0
5,SEE,MRT,2020-03-31,2020-03-31,2020-03-31,2021-08-03,-1018300000.0,5671000000.0,5582275000.0,1560200000.0,4110800000.0,0.869,-1.177,-189000000.0,274600000.0,274600000.0,3262200000.0,332100000.0,1.141,-32.176,3958400000.0,211300000.0,3747100000.0,3958400000.0,0.0,161200000.0,0.0,0.026,0.64,594600000.0,755800000.0,0.156,755800000.0,594600000.0,411000000.0,2.15,2.14,2.15,-181900000.0,-255850000.0,-181900000.0,7465613985.0,13.0,9.878,298000000.0,1.929,1.0,1590100000.0,0.328,2371700000.0,183600000.0,5615300000.0,5425225000.0,568200000.0,0.0,0.0,0.0,5852900000.0,1367800000.0,4485100000.0,3821913985.0,38600000.0,-441600000.0,-49600000.0,365000000.0,-99800000.0,203400000.0,-633100000.0,-2500000.0,487000000.0,-18700000.0,332100000.0,332100000.0,332100000.0,11800000.0,0.0,0.068,965900000.0,624200000.0,715300000.0,0.298,-21.011,11.508,11.493,1184000000.0,0.0,24.71,0.788,0.787,565800000.0,2099900000.0,4852300000.0,4852300000.0,0.0,0.059,-1.298,0.11,0.123,58400000.0,897500000.0,1.0,154670740.0,154500000.0,154800000.0,31.406,3299300000.0,244700000.0,78900000.0,50100000.0,21.355,192400000.0
6,SEE,MRT,2019-12-31,2019-12-31,2019-12-31,2021-08-03,-909000000.0,5765200000.0,5453275000.0,1564000000.0,4201200000.0,0.879,-1.272,-189700000.0,262400000.0,262400000.0,3226300000.0,263000000.0,1.089,-30.384,3906100000.0,141800000.0,3764300000.0,3906100000.0,0.0,150800000.0,0.0,0.016,0.64,523700000.0,674500000.0,0.141,674500000.0,523700000.0,339600000.0,1.7,1.69,1.7,-196200000.0,-283475000.0,-196200000.0,9949562044.0,19.0,14.751,321400000.0,2.083,1.0,1564800000.0,0.327,2399000000.0,184100000.0,5573700000.0,5259425000.0,570300000.0,0.0,0.0,0.0,5961400000.0,1436200000.0,4525200000.0,6154362044.0,-9300000.0,-455200000.0,-67300000.0,317600000.0,-99100000.0,139900000.0,-665600000.0,-20700000.0,511100000.0,5300000.0,263000000.0,263000000.0,263000000.0,30700000.0,0.0,0.055,986300000.0,578500000.0,738500000.0,0.376,-31.368,23.401,23.429,1232000000.0,0.0,39.83,1.285,1.283,636800000.0,1998500000.0,4791100000.0,4791100000.0,0.0,0.048,-0.928,0.1,0.109,57400000.0,915500000.0,1.0,154515743.0,154300000.0,155200000.0,31.051,3366200000.0,271400000.0,76600000.0,43000000.0,21.816,127800000.0
7,SEE,MRT,2019-09-30,2019-09-30,2019-09-30,2021-08-03,-928800000.0,5676400000.0,5274525000.0,1591400000.0,4085000000.0,0.901,-1.975,-195400000.0,200000000.0,200000000.0,3217900000.0,359000000.0,1.059,-19.666,3995200000.0,243800000.0,3751400000.0,3995200000.0,0.0,140100000.0,0.0,0.015,0.64,526800000.0,666900000.0,0.14,666900000.0,526800000.0,343600000.0,2.29,2.27,2.29,-304100000.0,-321575000.0,-304100000.0,9780777954.0,19.0,14.666,333800000.0,2.168,1.0,1534600000.0,0.323,2395200000.0,183200000.0,5574100000.0,5044700000.0,618300000.0,0.0,0.0,0.0,5980500000.0,1502300000.0,4478200000.0,6414377954.0,8700000.0,-458900000.0,-115600000.0,375000000.0,-99200000.0,151300000.0,-670900000.0,-16600000.0,529200000.0,-900000.0,359000000.0,359000000.0,359000000.0,9700000.0,0.0,0.076,995700000.0,538900000.0,712700000.0,0.279,-21.093,17.867,18.127,1196100000.0,0.0,41.51,1.35,1.345,528600000.0,1919200000.0,4752500000.0,4752500000.0,0.0,0.068,-1.116,0.104,0.111,51100000.0,903300000.0,1.0,154526089.0,154000000.0,154800000.0,30.86,3281200000.0,218900000.0,-15400000.0,42600000.0,21.306,89100000.0
8,SEE,MRT,2019-06-30,2019-06-30,2019-06-30,2021-08-03,-911400000.0,5216500000.0,5104675000.0,1576600000.0,3639900000.0,0.925,-2.208,-189400000.0,222200000.0,222200000.0,3212100000.0,370000000.0,0.993,-16.289,3588600000.0,296900000.0,3291700000.0,3588600000.0,0.0,131500000.0,0.0,0.015,0.64,544700000.0,676200000.0,0.143,676200000.0,544700000.0,365200000.0,2.35,2.33,2.35,-341200000.0,-356975000.0,-341200000.0,9992503516.0,18.0,14.777,371300000.0,2.403,1.0,1508100000.0,0.319,2057700000.0,179500000.0,4937800000.0,4836375000.0,596100000.0,0.0,0.0,0.0,5557700000.0,1587400000.0,3970300000.0,6661003516.0,42100000.0,-118500000.0,-242000000.0,140400000.0,-99800000.0,-213800000.0,-310300000.0,-2400000.0,560700000.0,5500000.0,370000000.0,370000000.0,370000000.0,-5200000.0,0.0,0.078,960000000.0,548100000.0,753000000.0,0.272,-19.522,18.003,18.204,1050100000.0,0.0,42.78,1.411,1.4,576900000.0,1876400000.0,4720200000.0,4720200000.0,0.0,0.072,-1.036,0.113,0.115,50000000.0,873800000.0,1.0,155703682.0,154500000.0,155300000.0,30.551,3158800000.0,228900000.0,-4800000.0,45200000.0,20.445,-10800000.0
9,SEE,MRT,2019-03-31,2019-03-31,2019-03-31,2021-08-03,-898600000.0,5155000000.0,5015350000.0,1555200000.0,3599800000.0,0.94,-1.889,-174600000.0,236000000.0,236000000.0,3221100000.0,451200000.0,1.05,-18.63,3567500000.0,282900000.0,3284600000.0,3567500000.0,0.0,131100000.0,0.0,0.014,0.64,648400000.0,779500000.0,0.165,779500000.0,648400000.0,467600000.0,2.84,2.83,2.84,-292400000.0,-364775000.0,-292400000.0,10370939398.0,16.0,13.305,352200000.0,2.275,1.0,1493300000.0,0.317,2053300000.0,180800000.0,4952100000.0,4757700000.0,597400000.0,0.0,0.0,0.0,5447400000.0,1481100000.0,3966300000.0,7168439398.0,-90900000.0,-97700000.0,-288600000.0,105700000.0,-101300000.0,-296100000.0,-287900000.0,-15600000.0,526800000.0,-33700000.0,451200000.0,451200000.0,451200000.0,-28600000.0,0.0,0.096,863400000.0,629900000.0,769100000.0,0.225,-24.516,15.887,16.218,1026100000.0,0.0,46.06,1.521,1.512,546700000.0,1868000000.0,4714400000.0,4714400000.0,0.0,0.09,-1.237,0.136,0.138,53100000.0,800400000.0,1.0,155632640.0,154800000.0,155400000.0,30.455,3101700000.0,213100000.0,16400000.0,45900000.0,20.037,74100000.0
10,SEE,MRT,2018-12-31,2018-12-31,2018-12-31,2021-08-03,-920400000.0,5050200000.0,4986875000.0,1554800000.0,3495400000.0,0.949,-2.187,-168600000.0,271700000.0,271700000.0,3230600000.0,193100000.0,1.044,-15.487,3474200000.0,237700000.0,3236500000.0,3474200000.0,0.0,131200000.0,0.0,0.018,0.64,678500000.0,809700000.0,0.171,809700000.0,678500000.0,500600000.0,1.21,1.2,1.21,-348600000.0,-382875000.0,-348600000.0,8831871320.0,13.0,10.908,259400000.0,1.627,1.0,1502100000.0,0.317,2049300000.0,177900000.0,4714800000.0,4686200000.0,544900000.0,0.0,0.0,0.0,5398800000.0,1488600000.0,3910200000.0,5467271320.0,-322300000.0,-84400000.0,-582600000.0,216300000.0,-104100000.0,-478300000.0,-266700000.0,-11100000.0,428000000.0,-5300000.0,193100000.0,193100000.0,193100000.0,-42800000.0,0.0,0.041,845800000.0,656300000.0,765000000.0,0.529,-15.684,28.313,28.793,1036200000.0,0.0,34.84,1.155,1.173,554700000.0,1835500000.0,4732700000.0,4732700000.0,0.0,0.039,-0.504,0.145,0.143,50800000.0,782300000.0,1.0,156925124.0,159400000.0,160200000.0,29.691,3000900000.0,228900000.0,307500000.0,43900000.0,18.826,66200000.0
11,SEE,MRT,2018-09-30,2018-09-30,2018-09-30,2021-08-03,-870700000.0,4997000000.0,5044400000.0,1595400000.0,3401600000.0,0.932,-2.835,-172100000.0,191300000.0,191300000.0,3224700000.0,-40700000.0,1.018,-12.212,3555900000.0,313400000.0,3242500000.0,3555900000.0,0.0,133300000.0,0.0,0.016,0.64,613800000.0,747100000.0,0.159,747100000.0,613800000.0,441700000.0,-0.09,-0.08,-0.09,-445700000.0,-257650000.0,-445700000.0,9531916656.0,16.0,12.759,69800000.0,0.444,1.0,1475500000.0,0.314,2054200000.0,172100000.0,4740800000.0,4643175000.0,605400000.0,0.0,0.0,0.0,5442700000.0,1566600000.0,3876100000.0,6376316656.0,-1140600000.0,-44900000.0,-1079100000.0,217500000.0,-106600000.0,-978700000.0,-302000000.0,-20600000.0,241900000.0,-101800000.0,-40700000.0,-40700000.0,-40700000.0,16600000.0,0.0,-0.009,826300000.0,649200000.0,775300000.0,-7.111,-14.306,-156.666,-446.111,1022000000.0,0.0,40.15,1.357,1.343,597500000.0,1646700000.0,4700200000.0,4700200000.0,0.0,-0.008,0.158,0.132,0.131,49800000.0,786300000.0,1.0,158812370.0,157200000.0,158000000.0,29.899,2942800000.0,146300000.0,482400000.0,77100000.0,18.72,28800000.0
12,SEE,MRT,2018-06-30,2018-06-30,2018-06-30,2021-08-03,-858800000.0,4859200000.0,5280000000.0,1531000000.0,3328200000.0,0.88,-2.332,-164300000.0,180100000.0,180100000.0,3174600000.0,667800000.0,1.114,-14.048,3335700000.0,118600000.0,3217100000.0,3335700000.0,0.0,132500000.0,0.0,0.015,0.64,1336900000.0,1469400000.0,0.316,1469400000.0,1336900000.0,1160500000.0,3.6,3.57,3.6,-372400000.0,43925000.0,-372400000.0,9919496918.0,7.0,6.751,155400000.0,0.973,1.0,1470700000.0,0.317,2017600000.0,176400000.0,4623100000.0,4578000000.0,580200000.0,0.0,0.0,0.0,5231600000.0,1374100000.0,3857500000.0,6841196918.0,-117800000.0,2048600000.0,-1404700000.0,-610100000.0,-111900000.0,-2116300000.0,1787100000.0,-32800000.0,319700000.0,-108300000.0,667800000.0,667800000.0,667800000.0,-705000000.0,0.0,0.144,841200000.0,629500000.0,790700000.0,0.178,-18.371,10.244,11.792,983700000.0,0.0,42.45,1.473,1.459,595500000.0,1593200000.0,4645300000.0,4645300000.0,0.0,0.126,15.203,0.292,0.288,56800000.0,802100000.0,1.0,161158938.0,159700000.0,160600000.0,29.088,2841600000.0,133500000.0,492700000.0,83900000.0,17.793,156900000.0
13,SEE,MRT,2018-03-31,2018-03-31,2018-03-31,2021-08-03,-825800000.0,5041100000.0,5971925000.0,1665200000.0,3375900000.0,0.764,-2.207,-176800000.0,326900000.0,326900000.0,3109700000.0,657500000.0,1.17,-14.819,3405200000.0,157300000.0,3247900000.0,3405200000.0,0.0,129300000.0,0.0,0.015,0.64,1352700000.0,1482000000.0,0.325,1482000000.0,1352700000.0,1173100000.0,3.42,3.38,3.42,-364800000.0,221900000.0,-364800000.0,9825975394.0,7.0,6.63,196700000.0,1.19,1.0,1450700000.0,0.318,2030500000.0,179600000.0,4666100000.0,5129575000.0,563800000.0,0.0,0.0,0.0,5405900000.0,1422800000.0,3983100000.0,7161975394.0,14400000.0,2047100000.0,-1613800000.0,-343800000.0,-116100000.0,-2061400000.0,1805400000.0,-400000.0,373500000.0,-103100000.0,657500000.0,657500000.0,657500000.0,-749000000.0,0.0,0.144,843000000.0,607700000.0,729900000.0,0.187,-19.633,10.893,12.512,1013600000.0,0.0,42.79,1.57,1.551,564400000.0,1502900000.0,4560400000.0,4560400000.0,0.0,0.11,2.963,0.264,0.297,62000000.0,812200000.0,1.0,167374980.0,165300000.0,165300000.0,27.589,3010600000.0,140400000.0,515600000.0,73600000.0,18.213,242400000.0
14,SEE,MRT,2017-12-31,2017-12-31,2017-12-31,2021-08-03,-844900000.0,5280300000.0,6566950000.0,1866400000.0,3413900000.0,0.679,0.815,-183800000.0,594000000.0,594000000.0,3049500000.0,814900000.0,1.354,33.67,3258000000.0,27500000.0,3230500000.0,3258000000.0,0.0,149300000.0,0.0,0.013,0.64,1329600000.0,1478900000.0,0.331,1478900000.0,1329600000.0,1145400000.0,4.33,4.29,4.33,152300000.0,461800000.0,152300000.0,13339528337.0,10.0,9.02,240600000.0,1.287,1.0,1412100000.0,0.317,2023400000.0,184200000.0,4542700000.0,5646375000.0,506800000.0,0.0,0.0,0.0,5128000000.0,1378200000.0,3749800000.0,11338828337.0,207400000.0,2040400000.0,-1302100000.0,-463200000.0,-119700000.0,-1889700000.0,1786100000.0,-8700000.0,424400000.0,-113400000.0,814900000.0,814900000.0,814900000.0,-752100000.0,0.0,0.183,840800000.0,571300000.0,723800000.0,0.148,74.451,13.914,11.386,998400000.0,0.0,49.3,2.541,2.065,642600000.0,1735200000.0,4461600000.0,4461600000.0,0.0,0.124,1.765,0.235,0.298,68100000.0,815600000.0,1.0,229996518.0,186900000.0,188900000.0,23.872,3256900000.0,261300000.0,330500000.0,75800000.0,17.426,488200000.0
15,SEE,MRT,2017-09-30,2017-09-30,2017-09-30,2021-08-03,-835900000.0,5939400000.0,7100750000.0,2575700000.0,3363700000.0,0.611,4.07,-207100000.0,1304700000.0,1304700000.0,2936500000.0,1019500000.0,1.698,6.809,3305400000.0,86000000.0,3219400000.0,3305400000.0,0.0,167200000.0,0.0,0.015,0.64,1410800000.0,1578000000.0,0.364,1578000000.0,1410800000.0,1226900000.0,5.39,5.32,5.39,760600000.0,576150000.0,760600000.0,12320739101.0,9.0,7.808,563900000.0,3.017,1.0,1398700000.0,0.323,1943100000.0,183900000.0,4480100000.0,6306300000.0,547700000.0,0.0,0.0,0.0,5178800000.0,1516900000.0,3661900000.0,8118139101.0,981400000.0,2003900000.0,-757300000.0,-646600000.0,-123900000.0,-1540200000.0,1792800000.0,-4000000.0,771000000.0,-42200000.0,1019500000.0,1019500000.0,1019500000.0,-830500000.0,0.0,0.235,820200000.0,578500000.0,778200000.0,0.119,10.673,7.963,7.926,951000000.0,0.0,42.72,1.873,1.842,622200000.0,1796000000.0,4335200000.0,4335200000.0,0.0,0.144,1.77,0.224,0.325,67500000.0,795800000.0,1.0,190031346.0,186900000.0,188900000.0,23.195,3996300000.0,292400000.0,207400000.0,188300000.0,21.382,1058800000.0
16,SEE,MRT,2017-06-30,2017-06-30,2017-06-30,2021-08-03,-920600000.0,7626900000.0,7517350000.0,4446900000.0,3180000000.0,0.568,1.764,-250500000.0,243000000.0,243000000.0,2874300000.0,395300000.0,1.449,21.465,4445600000.0,655500000.0,3790100000.0,4445600000.0,0.0,189900000.0,0.0,0.014,0.64,797500000.0,987400000.0,0.231,987400000.0,797500000.0,613100000.0,2.04,2.0,2.04,339500000.0,524200000.0,339500000.0,12662268350.0,16.0,12.824,610800000.0,3.173,1.0,1394700000.0,0.327,1930100000.0,184400000.0,6829400000.0,6685125000.0,532100000.0,0.0,0.0,0.0,7287400000.0,3070000000.0,4217400000.0,8764568350.0,-18300000.0,-6100000.0,-470300000.0,35500000.0,-126400000.0,-584600000.0,-260000000.0,-3400000.0,861300000.0,-35000000.0,395300000.0,395300000.0,395300000.0,-205000000.0,0.0,0.093,792600000.0,602100000.0,646700000.0,0.314,25.816,22.172,21.941,926700000.0,0.0,44.76,2.053,2.018,387600000.0,1022800000.0,4269000000.0,4269000000.0,0.0,0.053,0.754,0.119,0.187,73100000.0,772100000.0,1.0,195812519.0,192500000.0,194800000.0,22.177,5696800000.0,145600000.0,217800000.0,4400000.0,29.594,1376900000.0
17,SEE,MRT,2017-03-31,2017-03-31,2017-03-31,2021-08-03,-899000000.0,7421200000.0,7492300000.0,4287500000.0,3133700000.0,0.566,3.075,-270700000.0,258400000.0,258400000.0,2836800000.0,340800000.0,1.611,11.477,4156100000.0,393400000.0,3762700000.0,4156100000.0,0.0,217700000.0,0.0,0.015,0.64,742800000.0,960500000.0,0.227,960500000.0,742800000.0,555200000.0,1.76,1.73,1.76,594800000.0,586075000.0,594800000.0,12427031016.0,17.0,12.938,638700000.0,3.302,1.0,1400800000.0,0.331,1924000000.0,187600000.0,6733300000.0,6548100000.0,507000000.0,0.0,0.0,0.0,6826400000.0,2661600000.0,4164800000.0,8431731016.0,-26900000.0,100000.0,-185000000.0,-278000000.0,-126800000.0,-615100000.0,-301400000.0,-30900000.0,909400000.0,-19800000.0,340800000.0,340800000.0,340800000.0,-177900000.0,0.0,0.08,789500000.0,611300000.0,581100000.0,0.364,14.176,24.741,24.761,910100000.0,0.0,43.58,1.99,1.989,524200000.0,965400000.0,4237600000.0,4237600000.0,0.0,0.045,0.581,0.113,0.175,85700000.0,766500000.0,1.0,193477077.0,193400000.0,195700000.0,21.911,5497200000.0,132700000.0,214400000.0,4300000.0,28.424,1625900000.0
18,SEE,MRT,2016-12-31,2016-12-31,2016-12-31,2021-08-03,-949100000.0,7415500000.0,7521825000.0,2215300000.0,5200200000.0,0.56,3.138,-270800000.0,333700000.0,333700000.0,2810300000.0,486400000.0,1.045,11.163,4142600000.0,380000000.0,3762600000.0,4142600000.0,0.0,214000000.0,0.0,0.013,0.61,773900000.0,987900000.0,0.235,987900000.0,773900000.0,582000000.0,2.49,2.46,2.49,609700000.0,577650000.0,609700000.0,13093262957.0,17.0,13.254,636100000.0,3.274,1.0,1401000000.0,0.333,1923000000.0,191900000.0,7182400000.0,6441125000.0,456700000.0,0.0,0.0,0.0,6805800000.0,2119000000.0,4686800000.0,8764562957.0,8400000.0,2000000.0,-217000000.0,-181400000.0,-121600000.0,-544500000.0,-314800000.0,-46000000.0,906900000.0,-39200000.0,486400000.0,486400000.0,486400000.0,-194100000.0,0.0,0.115,772100000.0,628900000.0,539200000.0,0.245,14.375,18.019,18.209,889600000.0,0.0,45.34,2.081,2.092,533200000.0,1040000000.0,4211300000.0,4211300000.0,0.0,0.065,0.842,0.12,0.184,84500000.0,754300000.0,1.0,193307520.0,194300000.0,197200000.0,21.674,5492500000.0,208600000.0,95600000.0,53200000.0,28.268,96300000.0
19,SEE,MRT,2016-09-30,2016-09-30,2016-09-30,2021-08-03,-858900000.0,7605800000.0,7519200000.0,2376100000.0,5229700000.0,0.298,2.848,-261400000.0,332800000.0,332800000.0,1695500000.0,438800000.0,1.04,12.759,4661500000.0,660800000.0,4000700000.0,4661500000.0,0.0,212500000.0,0.0,0.013,0.58,797900000.0,1010400000.0,0.451,1010400000.0,797900000.0,607800000.0,2.21,2.2,2.21,552800000.0,557000000.0,552800000.0,13332129810.0,17.0,13.195,488200000.0,2.515,1.0,547100000.0,0.244,3655300000.0,190100000.0,5995400000.0,6174025000.0,766000000.0,0.0,0.0,0.0,7053000000.0,2283800000.0,4769200000.0,9012929810.0,47900000.0,19100000.0,-333300000.0,-65400000.0,-115700000.0,-397900000.0,-282900000.0,-40600000.0,749600000.0,-20900000.0,438800000.0,438800000.0,438800000.0,-351600000.0,0.0,0.196,33900000.0,513200000.0,823300000.0,0.262,16.304,20.54,20.733,1033500000.0,0.0,45.82,4.019,3.966,923600000.0,900300000.0,2242600000.0,2242600000.0,0.0,0.058,0.788,0.129,0.356,96100000.0,100900000.0,1.0,196702964.0,194100000.0,196700000.0,11.554,3950500000.0,203400000.0,169000000.0,58600000.0,20.353,92300000.0
20,SEE,MRT,2016-06-30,2016-06-30,2016-06-30,2021-08-03,-843500000.0,7526700000.0,7514325000.0,2360000000.0,5166700000.0,0.389,3.001,-233400000.0,297500000.0,297500000.0,2096700000.0,362100000.0,1.246,11.822,4616700000.0,357600000.0,4259100000.0,4616700000.0,0.0,210700000.0,0.0,0.012,0.55,711700000.0,922400000.0,0.315,922400000.0,711700000.0,516400000.0,1.8,1.79,1.8,587000000.0,529300000.0,587000000.0,13441658377.0,19.0,14.572,479500000.0,2.451,1.0,827000000.0,0.283,3671200000.0,195300000.0,6281300000.0,6222450000.0,748000000.0,0.0,0.0,0.0,6939700000.0,1893400000.0,5046300000.0,9062658377.0,-221100000.0,8200000.0,-704300000.0,69400000.0,-109000000.0,-619500000.0,-272100000.0,-46900000.0,712900000.0,-42400000.0,362100000.0,362100000.0,362100000.0,-252100000.0,0.0,0.124,304700000.0,522300000.0,777600000.0,0.306,15.439,25.028,25.539,980000000.0,0.0,45.97,3.1,3.075,993500000.0,758600000.0,2923700000.0,2923700000.0,0.0,0.048,0.684,0.114,0.243,92000000.0,317300000.0,1.0,197142884.0,195600000.0,198400000.0,14.947,3855500000.0,194300000.0,154300000.0,61400000.0,19.711,466600000.0
21,SEE,MRT,2016-03-31,2016-03-31,2016-03-31,2021-08-03,-854300000.0,7539300000.0,7621500000.0,2319100000.0,5220200000.0,0.482,2.874,-206300000.0,315700000.0,315700000.0,2528600000.0,340600000.0,1.221,12.437,4694700000.0,414700000.0,4280000000.0,4694700000.0,0.0,207600000.0,0.0,0.011,0.52,660100000.0,867700000.0,0.236,867700000.0,660100000.0,456700000.0,1.68,1.67,1.68,561100000.0,651225000.0,561100000.0,13642439773.0,21.0,15.723,465400000.0,2.384,1.0,1141200000.0,0.311,3713000000.0,203400000.0,6305400000.0,6252975000.0,736500000.0,0.0,0.0,0.0,6978200000.0,1899900000.0,5078300000.0,9409639773.0,-165400000.0,79800000.0,-764800000.0,249600000.0,-105500000.0,-606400000.0,-156900000.0,-30400000.0,671700000.0,-73800000.0,340600000.0,340600000.0,340600000.0,-204100000.0,0.0,0.093,559500000.0,581700000.0,719700000.0,0.31,16.77,27.627,28.577,954400000.0,0.0,48.01,2.564,2.554,929400000.0,740800000.0,3669800000.0,3669800000.0,0.0,0.045,0.523,0.106,0.18,85600000.0,535300000.0,1.0,195993330.0,195200000.0,197500000.0,18.8,3826300000.0,226900000.0,116100000.0,63600000.0,19.602,419200000.0
22,SEE,MRT,2015-12-31,2015-12-31,2015-12-31,2021-08-03,-820000000.0,7405000000.0,7700050000.0,2215700000.0,5189300000.0,0.573,2.585,-151100000.0,351700000.0,351700000.0,2955100000.0,335400000.0,1.226,13.049,4561600000.0,294800000.0,4266800000.0,4561600000.0,0.0,213300000.0,0.0,0.012,0.52,679000000.0,892300000.0,0.202,892300000.0,679000000.0,468000000.0,1.63,1.62,1.63,527100000.0,798375000.0,527100000.0,13120903888.0,19.0,14.705,831000000.0,4.076,1.0,1455200000.0,0.33,3693800000.0,211000000.0,6114000000.0,6246425000.0,660800000.0,0.0,0.0,0.0,6877900000.0,1807100000.0,5070800000.0,8805103888.0,73000000.0,67100000.0,-802000000.0,103700000.0,-106800000.0,-788700000.0,-60000000.0,24000000.0,982100000.0,-60400000.0,335400000.0,335400000.0,335400000.0,-176600000.0,0.0,0.076,837800000.0,617400000.0,669000000.0,0.319,16.705,26.253,27.362,945700000.0,0.0,44.6,1.996,2.062,889900000.0,675200000.0,4410300000.0,4410300000.0,0.0,0.044,0.42,0.109,0.154,97200000.0,778000000.0,1.0,197423854.0,203900000.0,206700000.0,21.63,3711200000.0,227400000.0,132600000.0,75000000.0,18.201,408600000.0
23,SEE,MRT,2015-09-30,2015-09-30,2015-09-30,2021-08-03,-813200000.0,7586300000.0,7837100000.0,2485600000.0,5100700000.0,0.925,2.178,-132600000.0,334300000.0,334300000.0,4629000000.0,278200000.0,1.253,16.164,4650100000.0,315200000.0,4334900000.0,4650100000.0,0.0,223700000.0,0.0,0.011,0.52,533700000.0,757400000.0,0.104,757400000.0,533700000.0,295800000.0,1.33,1.32,1.33,442000000.0,957300000.0,442000000.0,13543980930.0,25.0,17.882,814300000.0,4.013,1.0,2622300000.0,0.362,3729800000.0,237900000.0,6189100000.0,6342125000.0,765500000.0,0.0,0.0,0.0,7144300000.0,1983200000.0,5161100000.0,9649880930.0,-134600000.0,50600000.0,-735700000.0,-18400000.0,-108200000.0,-962200000.0,-54500000.0,27500000.0,946900000.0,-64800000.0,278200000.0,278200000.0,278200000.0,0.0,0.0,0.038,1911800000.0,710500000.0,716600000.0,0.391,21.832,34.687,35.248,905900000.0,0.0,46.88,1.331,1.312,1025800000.0,577900000.0,7251300000.0,7251300000.0,0.0,0.035,0.291,0.084,0.074,101100000.0,1707200000.0,1.0,205842170.0,202900000.0,205800000.0,35.738,3856500000.0,257900000.0,17600000.0,154900000.0,19.007,502400000.0
24,SEE,MRT,2015-06-30,2015-06-30,2015-06-30,2021-08-03,-684100000.0,7955400000.0,8029150000.0,2745000000.0,5210400000.0,0.932,5.154,-115100000.0,569200000.0,569200000.0,4798800000.0,252400000.0,1.66,6.402,4463300000.0,94300000.0,4369000000.0,4463300000.0,0.0,237800000.0,0.0,0.01,0.52,520100000.0,757900000.0,0.101,757900000.0,520100000.0,267300000.0,1.19,1.18,1.19,1074700000.0,1178625000.0,1074700000.0,14610311457.0,28.0,19.277,878000000.0,4.211,1.0,2681800000.0,0.359,3792100000.0,252800000.0,6403400000.0,6435575000.0,765200000.0,0.0,0.0,0.0,6880700000.0,1654000000.0,5226700000.0,10798311457.0,164300000.0,63500000.0,-203700000.0,-320500000.0,-109700000.0,-759900000.0,-2700000.0,48900000.0,993100000.0,-66200000.0,252400000.0,252400000.0,252400000.0,0.0,0.0,0.034,1963000000.0,718800000.0,733300000.0,0.437,10.048,42.783,43.176,928400000.0,0.0,51.38,1.444,1.432,1180300000.0,517900000.0,7480600000.0,7480600000.0,0.0,0.031,0.214,0.081,0.07,97800000.0,1775400000.0,1.0,210165657.0,208500000.0,211300000.0,35.878,4163300000.0,256600000.0,14900000.0,164000000.0,19.968,1091000000.0
25,SEE,MRT,2015-03-31,2015-03-31,2015-03-31,2021-08-03,-675300000.0,7853500000.0,8173375000.0,2676600000.0,5176900000.0,0.938,5.504,-106100000.0,536300000.0,536300000.0,4971600000.0,284400000.0,1.679,5.831,4348300000.0,86500000.0,4261800000.0,4348300000.0,0.0,253200000.0,0.0,0.011,0.52,585100000.0,838300000.0,0.109,838300000.0,585100000.0,317400000.0,1.34,1.33,1.34,1149700000.0,1263525000.0,1149700000.0,13665889629.0,23.0,16.302,932700000.0,4.465,1.0,2697600000.0,0.352,3792100000.0,267700000.0,6279200000.0,6495400000.0,744300000.0,0.0,0.0,0.0,6703800000.0,1594200000.0,5109600000.0,9574489629.0,75200000.0,-12100000.0,-253200000.0,-470000000.0,-110000000.0,-849400000.0,-71100000.0,47100000.0,1038800000.0,-43100000.0,284400000.0,284400000.0,284400000.0,0.0,0.0,0.037,2013900000.0,683700000.0,686800000.0,0.388,8.328,33.666,34.0,913700000.0,0.0,45.56,1.248,1.241,1119300000.0,517600000.0,7669200000.0,7669200000.0,0.0,0.035,0.225,0.09,0.076,94900000.0,1820800000.0,1.0,210151221.0,208900000.0,211700000.0,36.712,4061400000.0,237400000.0,33000000.0,161000000.0,19.442,1082400000.0
26,SEE,MRT,2014-12-31,2014-12-31,2014-12-31,2021-08-03,-613800000.0,7953200000.0,8352575000.0,2618600000.0,5334600000.0,0.928,5.537,-137800000.0,286400000.0,286400000.0,5062900000.0,258100000.0,1.516,5.84,4426300000.0,144300000.0,4282000000.0,4426300000.0,0.0,266700000.0,0.0,0.012,0.52,554900000.0,821600000.0,0.106,821600000.0,554900000.0,267200000.0,1.22,1.2,1.22,1162800000.0,1345850000.0,1162800000.0,13154717604.0,24.0,16.011,-356600000.0,-1.698,1.0,2687600000.0,0.347,3869100000.0,287700000.0,6496800000.0,6608600000.0,688500000.0,0.0,0.0,0.0,6790400000.0,1727200000.0,5063200000.0,8959417604.0,-703700000.0,-3600000.0,-184000000.0,-27900000.0,-110900000.0,-321200000.0,-126300000.0,15100000.0,-218800000.0,-37400000.0,258100000.0,258100000.0,258100000.0,0.0,0.0,0.033,2012900000.0,674700000.0,624200000.0,0.426,7.705,34.713,34.779,943000000.0,0.0,42.43,1.156,1.15,1128800000.0,448500000.0,7750500000.0,7750500000.0,0.0,0.031,0.192,0.084,0.072,90800000.0,1841300000.0,1.0,211157615.0,210000000.0,213900000.0,36.907,4084100000.0,399900000.0,9100000.0,77100000.0,19.448,891400000.0
27,SEE,MRT,2014-09-30,2014-09-30,2014-09-30,2021-08-03,-380800000.0,8354500000.0,8658275000.0,2912700000.0,5441800000.0,0.9,6.308,-115700000.0,420700000.0,420700000.0,5105300000.0,221000000.0,1.442,5.294,4616000000.0,418300000.0,4197700000.0,4616000000.0,0.0,274800000.0,0.0,0.015,0.52,679500000.0,954300000.0,0.123,954300000.0,679500000.0,365800000.0,1.07,1.02,1.07,1327300000.0,1408875000.0,1327300000.0,11807548846.0,17.0,12.373,-218300000.0,-1.038,1.0,2684000000.0,0.345,3966600000.0,313700000.0,6562900000.0,6422100000.0,765700000.0,0.0,0.0,0.0,7027200000.0,2020300000.0,5006900000.0,7395348846.0,-356000000.0,-3100000.0,-130100000.0,41400000.0,-109500000.0,-217400000.0,-118100000.0,600000.0,-102600000.0,-44900000.0,221000000.0,221000000.0,221000000.0,-24000000.0,0.0,0.028,1977900000.0,706100000.0,660200000.0,0.486,5.572,33.463,32.598,1024300000.0,0.0,34.88,0.949,0.942,1405300000.0,383900000.0,7789300000.0,7789300000.0,0.0,0.026,0.157,0.106,0.087,74000000.0,1816500000.0,1.0,212022616.0,210400000.0,213500000.0,37.021,4387900000.0,179800000.0,144800000.0,240800000.0,20.855,892400000.0
28,SEE,MRT,2014-06-30,2014-06-30,2014-06-30,2021-08-03,-255300000.0,8532300000.0,8905600000.0,2887400000.0,5644900000.0,0.868,6.624,-114700000.0,356500000.0,356500000.0,5088000000.0,197800000.0,1.302,5.032,4768700000.0,713800000.0,4054900000.0,4768700000.0,0.0,275100000.0,0.0,0.015,0.52,650000000.0,925100000.0,0.12,925100000.0,650000000.0,317100000.0,0.97,0.92,0.97,1414300000.0,1430625000.0,1414300000.0,11771206796.0,18.0,12.724,-292500000.0,-1.37,1.0,2637800000.0,0.341,4084300000.0,332900000.0,6642700000.0,6361875000.0,783500000.0,0.0,0.0,0.0,7116700000.0,2217500000.0,4899200000.0,7378206796.0,-283600000.0,-1000000.0,-126100000.0,171100000.0,-107100000.0,-68800000.0,-118300000.0,-2700000.0,-177800000.0,-45700000.0,197800000.0,197800000.0,197800000.0,-26500000.0,0.0,0.026,1979900000.0,657900000.0,592000000.0,0.536,5.217,37.301,35.227,1099700000.0,0.0,34.17,0.955,0.944,1332100000.0,352600000.0,7725800000.0,7725800000.0,0.0,0.022,0.138,0.102,0.084,69500000.0,1773700000.0,1.0,215926450.0,213500000.0,215500000.0,36.186,4448000000.0,181500000.0,119300000.0,241300000.0,20.834,669900000.0
29,SEE,MRT,2014-03-31,2014-03-31,2014-03-31,2021-08-03,-274900000.0,8570300000.0,9077375000.0,2670500000.0,5899800000.0,0.847,7.155,-107200000.0,413100000.0,413100000.0,5072300000.0,194000000.0,1.256,4.794,4806100000.0,695600000.0,4110500000.0,4806100000.0,0.0,279800000.0,0.0,0.016,0.52,647000000.0,926800000.0,0.121,926800000.0,647000000.0,298300000.0,0.98,0.9,0.98,1479000000.0,1420400000.0,1479000000.0,9856161327.0,15.0,10.635,-360000000.0,-1.742,1.0,2617300000.0,0.34,4105900000.0,348700000.0,6732000000.0,6301900000.0,774000000.0,0.0,0.0,0.0,7089900000.0,2125400000.0,4964500000.0,6449061327.0,-212700000.0,-1000000.0,3900000.0,188300000.0,-105000000.0,81100000.0,-116400000.0,-8500000.0,-252800000.0,-51600000.0,194000000.0,194000000.0,194000000.0,-28500000.0,0.0,0.025,1965500000.0,651800000.0,573000000.0,0.531,4.36,33.243,33.541,1118400000.0,0.0,32.87,0.839,0.884,1066200000.0,319700000.0,7689600000.0,7689600000.0,0.0,0.021,0.137,0.103,0.084,65300000.0,1762900000.0,1.0,196199006.0,206700000.0,215100000.0,37.202,4464400000.0,181200000.0,104300000.0,237400000.0,21.598,545100000.0
30,SEE,MRT,2013-12-31,2013-12-31,2013-12-31,2021-08-03,-277400000.0,9176000000.0,9253125000.0,3459500000.0,5716500000.0,0.831,7.271,-104400000.0,992400000.0,992400000.0,5100900000.0,125800000.0,1.281,5.484,4399500000.0,283100000.0,4116400000.0,4399500000.0,0.0,283400000.0,0.0,0.015,0.52,571700000.0,855100000.0,0.111,855100000.0,571700000.0,210700000.0,0.65,0.58,0.65,1414900000.0,1407100000.0,1414900000.0,10493337362.0,18.0,12.271,536000000.0,2.754,1.0,2589900000.0,0.337,4131500000.0,361000000.0,5750800000.0,6241200000.0,730200000.0,0.0,0.0,0.0,7759700000.0,2700800000.0,5058900000.0,6679637362.0,312800000.0,-1000000.0,0.0,-213900000.0,-102000000.0,-319900000.0,-113900000.0,-8500000.0,640400000.0,-20800000.0,125800000.0,125800000.0,125800000.0,-30500000.0,0.0,0.016,1985300000.0,604600000.0,524500000.0,0.8,4.721,53.097,52.385,1134500000.0,0.0,34.05,0.869,0.862,1249700000.0,302200000.0,7690800000.0,7690800000.0,0.0,0.014,0.089,0.092,0.074,58800000.0,1750200000.0,1.0,196171435.0,194600000.0,214200000.0,39.521,5044500000.0,465400000.0,84900000.0,302700000.0,25.922,758700000.0
31,SEE,MRT,2013-09-30,2013-09-30,2013-09-30,2021-08-03,-249000000.0,9343800000.0,9292050000.0,3434500000.0,5909300000.0,0.814,7.257,-92400000.0,776700000.0,776700000.0,5018500000.0,-62800000.0,1.305,5.605,4590400000.0,255200000.0,4335200000.0,4590400000.0,0.0,282900000.0,0.0,0.019,0.52,110000000.0,392900000.0,0.052,392900000.0,110000000.0,-252900000.0,-0.33,-0.37,-0.33,1414300000.0,1414325000.0,1414300000.0,9267826619.0,84.0,23.588,502100000.0,2.576,1.0,2548700000.0,0.337,4203800000.0,362900000.0,6322000000.0,6457525000.0,829900000.0,0.0,0.0,0.0,7927800000.0,2631700000.0,5296100000.0,5326326619.0,235900000.0,1100000.0,-4100000.0,-426400000.0,-101600000.0,-571800000.0,219700000.0,0.0,594500000.0,-6500000.0,-62800000.0,-62800000.0,-62800000.0,-198800000.0,0.0,-0.008,2549200000.0,-500000.0,525000000.0,-1.576,3.766,-84.814,-82.394,1145400000.0,0.0,27.19,0.704,0.7,1349700000.0,274500000.0,7567200000.0,7567200000.0,0.0,-0.007,-0.044,0.017,0.015,54500000.0,1729100000.0,1.0,195892851.0,194900000.0,215300000.0,38.826,5140000000.0,543900000.0,-190100000.0,331300000.0,26.372,802800000.0
32,SEE,MRT,2013-06-30,2013-06-30,2013-06-30,2021-08-03,-272700000.0,9219400000.0,9500525000.0,3332200000.0,5887200000.0,0.795,7.05,-92800000.0,640100000.0,640100000.0,5013100000.0,-1332800000.0,1.299,5.713,4581600000.0,229900000.0,4351700000.0,4581600000.0,0.0,291400000.0,0.0,0.022,0.52,-1211500000.0,-920100000.0,-0.122,-920100000.0,-1211500000.0,-1582100000.0,-6.9,-6.93,-6.9,1373400000.0,1485725000.0,1373400000.0,8672440625.0,-7.0,-9.426,419100000.0,2.151,1.0,2542400000.0,0.336,4193400000.0,370600000.0,6402800000.0,6569175000.0,819400000.0,0.0,0.0,0.0,7846100000.0,2564700000.0,5281400000.0,4690340625.0,148900000.0,0.0,-4200000.0,-456100000.0,-101400000.0,-603300000.0,222400000.0,0.0,511900000.0,17900000.0,-1332800000.0,-1332800000.0,-1332800000.0,-202200000.0,0.0,-0.176,3870200000.0,-1327800000.0,557500000.0,-0.075,3.415,-3.519,-3.471,1140100000.0,0.0,23.95,0.621,0.617,1373400000.0,262400000.0,7555500000.0,7555500000.0,0.0,-0.14,-0.897,-0.184,-0.16,50600000.0,1729400000.0,1.0,195838857.0,194800000.0,213600000.0,38.786,5026000000.0,537600000.0,-249300000.0,330300000.0,25.801,767500000.0
33,SEE,MRT,2013-03-31,2013-03-31,2013-03-31,2021-08-03,-181600000.0,9273300000.0,9972875000.0,3276700000.0,5996600000.0,0.756,7.357,-108200000.0,625800000.0,625800000.0,5031100000.0,-1402800000.0,1.303,5.504,4607900000.0,231400000.0,4376500000.0,4607900000.0,0.0,292100000.0,0.0,0.022,0.52,-1289300000.0,-997200000.0,-0.132,-997200000.0,-1289300000.0,-1667500000.0,-7.26,-7.26,-7.26,1425800000.0,1859575000.0,1425800000.0,8593907053.0,-7.0,-8.618,338600000.0,1.747,1.0,2511600000.0,0.333,4252400000.0,378200000.0,6489200000.0,6734750000.0,803900000.0,0.0,0.0,0.0,7847300000.0,2513800000.0,5333500000.0,4691707053.0,99600000.0,0.0,-3500000.0,-447000000.0,-101100000.0,-593100000.0,199700000.0,0.0,446800000.0,46200000.0,-1402800000.0,-1402800000.0,-1402800000.0,-207200000.0,0.0,-0.186,3896800000.0,-1385200000.0,573900000.0,-0.072,3.291,-3.345,-3.321,1181400000.0,0.0,24.11,0.622,0.619,1325300000.0,231900000.0,7542700000.0,7542700000.0,0.0,-0.141,-0.754,-0.191,-0.171,41100000.0,1746700000.0,1.0,194595896.0,193800000.0,212700000.0,38.92,5020900000.0,549000000.0,-264700000.0,343300000.0,25.908,762900000.0
34,SEE,MRT,2012-12-31,2012-12-31,2012-12-31,2021-08-03,-164900000.0,9331700000.0,10484800000.0,3289300000.0,6042400000.0,0.721,7.489,-115000000.0,679600000.0,679600000.0,5038700000.0,-1411400000.0,1.409,5.463,4581800000.0,41000000.0,4540800000.0,4581800000.0,0.0,300200000.0,0.0,0.03,0.52,-1292100000.0,-991900000.0,-0.131,-991900000.0,-1292100000.0,-1676800000.0,-7.32,-7.32,-7.32,1443800000.0,2265100000.0,1443800000.0,7802435045.0,-6.0,-7.866,282000000.0,1.463,1.0,2520500000.0,0.333,4282800000.0,384700000.0,6616100000.0,6911525000.0,728900000.0,0.0,0.0,0.0,7887400000.0,2335000000.0,5552400000.0,3405935045.0,-24000000.0,0.0,-9600000.0,-475000000.0,-100900000.0,-629300000.0,197200000.0,0.0,397000000.0,11100000.0,-1411400000.0,-1411400000.0,-1411400000.0,-207600000.0,0.0,-0.187,3950000000.0,-1429500000.0,480200000.0,-0.071,2.359,-2.413,-2.392,1194200000.0,0.0,17.51,0.451,0.447,1313900000.0,254800000.0,7559200000.0,7559200000.0,0.0,-0.135,-0.623,-0.187,-0.171,35900000.0,1756700000.0,1.0,194513709.0,192800000.0,192800000.0,39.207,5048900000.0,543300000.0,-265400000.0,377000000.0,26.187,954300000.0
35,SEE,MRT,2012-09-30,2012-09-30,2012-09-30,2021-08-03,-93300000.0,10177700000.0,11009875000.0,3481900000.0,6695800000.0,0.686,8.799,-134600000.0,540800000.0,540800000.0,5044800000.0,-1301400000.0,1.194,4.987,4937300000.0,451000000.0,4486300000.0,4937300000.0,0.0,304000000.0,0.0,0.034,0.52,-976600000.0,-672600000.0,-0.089,-672600000.0,-976600000.0,-1373900000.0,-6.83,-6.79,-6.83,1699900000.0,2643525000.0,1699900000.0,7484615223.0,-8.0,-11.128,48500000.0,0.251,1.0,2504600000.0,0.332,4889800000.0,397300000.0,6768600000.0,7002500000.0,861000000.0,0.0,0.0,0.0,8477200000.0,2915800000.0,5561400000.0,3001715223.0,-259500000.0,-2249200000.0,-8800000.0,1791400000.0,-100700000.0,1941500000.0,-2403600000.0,0.0,183100000.0,12200000.0,-1301400000.0,-1301400000.0,-1301400000.0,-31700000.0,0.0,-0.172,3465300000.0,-960700000.0,545900000.0,-0.076,1.766,-2.307,-2.264,1233900000.0,0.0,15.46,0.398,0.396,1354500000.0,438400000.0,7549400000.0,7549400000.0,0.0,-0.118,-0.492,-0.139,-0.129,43300000.0,1793600000.0,1.0,194160105.0,193200000.0,193200000.0,39.076,5287900000.0,480900000.0,-72500000.0,545400000.0,27.37,566100000.0
36,SEE,MRT,2012-06-30,2012-06-30,2012-06-30,2021-08-03,-183900000.0,11108800000.0,9870025000.0,3039100000.0,8069700000.0,0.699,14.864,-131200000.0,503900000.0,503900000.0,4699500000.0,4700000.0,1.308,2.875,4986800000.0,51200000.0,4935600000.0,4986800000.0,0.0,265000000.0,0.0,0.034,0.52,343900000.0,608900000.0,0.088,608900000.0,343900000.0,6600000.0,0.01,0.0,0.01,2868800000.0,2853100000.0,2868800000.0,7482764860.0,22.0,12.289,75600000.0,0.392,1.0,2196700000.0,0.319,6203800000.0,337300000.0,7065100000.0,6000925000.0,883300000.0,0.0,0.0,0.0,8246700000.0,2322800000.0,5923900000.0,2996864860.0,-213800000.0,-2246600000.0,-8700000.0,1827200000.0,-96200000.0,1983800000.0,-2401200000.0,0.0,206800000.0,-10500000.0,4700000.0,4700000.0,4700000.0,-25800000.0,0.0,0.001,1836500000.0,360200000.0,621200000.0,52.0,1.045,637.631,1544.0,1286800000.0,0.0,15.44,0.435,0.432,1359900000.0,1696200000.0,6896200000.0,6896200000.0,0.0,0.0,0.002,0.057,0.05,45900000.0,1546700000.0,1.0,194097465.0,193000000.0,193000000.0,35.732,4905000000.0,274500000.0,1900000.0,430600000.0,25.415,716300000.0
37,SEE,MRT,2012-03-31,2012-03-31,2012-03-31,2021-08-03,-37300000.0,11321000000.0,8489650000.0,3010600000.0,8310400000.0,0.728,15.883,-123100000.0,538200000.0,538200000.0,4291500000.0,83400000.0,1.347,2.716,5024100000.0,36100000.0,4988000000.0,5024100000.0,0.0,226700000.0,0.0,0.027,0.52,384900000.0,611600000.0,0.099,611600000.0,384900000.0,108000000.0,0.49,0.44,0.49,3047900000.0,2780125000.0,3047900000.0,8033094833.0,21.0,13.135,100000000.0,0.521,1.0,1892700000.0,0.306,6376300000.0,276900000.0,7196300000.0,4955250000.0,891000000.0,0.0,0.0,0.0,8278900000.0,2234300000.0,6044600000.0,3708594833.0,-169800000.0,-2246600000.0,-10200000.0,1839400000.0,-91800000.0,1998500000.0,-2385500000.0,0.0,223100000.0,-13200000.0,83400000.0,83400000.0,83400000.0,-18800000.0,0.0,0.013,1511800000.0,380900000.0,621500000.0,1.061,1.217,44.468,39.408,1329800000.0,0.0,19.31,0.6,0.599,1330600000.0,1735200000.0,6184200000.0,6184200000.0,0.0,0.01,0.03,0.078,0.062,45500000.0,1265600000.0,1.0,192055662.0,191900000.0,191900000.0,32.226,4944700000.0,287600000.0,24600000.0,461700000.0,25.767,776300000.0
38,SEE,MRT,2011-12-31,2011-12-31,2011-12-31,2021-08-03,-145100000.0,11432000000.0,7031975000.0,3350200000.0,8081800000.0,0.777,17.71,-111300000.0,703600000.0,703600000.0,3886700000.0,149100000.0,1.337,2.867,5003100000.0,36400000.0,4966700000.0,5003100000.0,0.0,182700000.0,0.0,0.03,0.52,422400000.0,605100000.0,0.111,605100000.0,422400000.0,205800000.0,0.89,0.8,0.89,2957500000.0,2642950000.0,2957500000.0,3932068571.0,9.0,6.498,268100000.0,1.605,1.0,1580600000.0,0.289,6245300000.0,216600000.0,6980000000.0,3859675000.0,777500000.0,0.0,0.0,0.0,8479600000.0,2506200000.0,5973400000.0,3304668571.0,28000000.0,-2246600000.0,-12200000.0,1850500000.0,-87400000.0,2016400000.0,-2377100000.0,0.0,379400000.0,2000000.0,149100000.0,149100000.0,149100000.0,-16400000.0,0.0,0.027,1159800000.0,420800000.0,554900000.0,0.584,1.117,22.164,19.337,1269200000.0,0.0,17.21,0.604,0.526,1314200000.0,1766500000.0,5467300000.0,5467300000.0,0.0,0.021,0.056,0.109,0.077,43700000.0,1004400000.0,1.0,192020254.0,167000000.0,185400000.0,32.738,5186700000.0,268500000.0,56700000.0,455700000.0,31.058,844000000.0
39,SEE,MRT,2011-09-30,2011-09-30,2011-09-30,2021-08-03,-119300000.0,5618300000.0,5523825000.0,2290600000.0,3327700000.0,0.868,15.933,-98900000.0,800300000.0,800300000.0,3496600000.0,249700000.0,1.491,1.216,1427700000.0,24100000.0,1403600000.0,1427700000.0,0.0,150300000.0,0.0,0.031,0.52,481100000.0,631400000.0,0.132,631400000.0,481100000.0,331400000.0,1.56,1.41,1.56,2538200000.0,2504725000.0,2538200000.0,3384116319.0,7.0,5.36,372000000.0,2.335,1.0,1300800000.0,0.271,1947600000.0,149700000.0,2762300000.0,2785025000.0,575900000.0,0.0,0.0,0.0,3085200000.0,1535800000.0,1549400000.0,2675516319.0,38500000.0,-16500000.0,-22600000.0,-204000000.0,-83100000.0,-308900000.0,-111400000.0,6400000.0,470900000.0,-12100000.0,249700000.0,249700000.0,249700000.0,0.0,0.0,0.052,784000000.0,516800000.0,279200000.0,0.333,1.054,10.715,10.705,915200000.0,0.0,16.7,0.558,0.555,717100000.0,1841100000.0,4797400000.0,4797400000.0,0.0,0.045,0.1,0.173,0.1,58300000.0,727600000.0,1.0,160210558.0,159300000.0,177900000.0,30.116,3670700000.0,328100000.0,81700000.0,0.0,23.043,754800000.0
40,SEE,MRT,2011-06-30,2011-06-30,2011-06-30,2021-08-03,-23400000.0,5587300000.0,5512150000.0,2207800000.0,3379500000.0,0.849,16.187,-91200000.0,705000000.0,705000000.0,3394700000.0,252500000.0,1.513,1.17,1413600000.0,11700000.0,1401900000.0,1413600000.0,0.0,151000000.0,0.0,0.022,0.52,490600000.0,641600000.0,0.137,641600000.0,490600000.0,336800000.0,1.58,1.43,1.58,2576900000.0,2470050000.0,2576900000.0,4526871796.0,9.0,7.056,325200000.0,2.043,1.0,1285600000.0,0.275,1954200000.0,153800000.0,2882400000.0,2845650000.0,601800000.0,0.0,0.0,0.0,3014600000.0,1459300000.0,1555300000.0,3810071796.0,42800000.0,-16500000.0,-22600000.0,-211600000.0,-83000000.0,-318400000.0,-98700000.0,11500000.0,416400000.0,43500000.0,252500000.0,252500000.0,252500000.0,0.0,0.0,0.054,751600000.0,534000000.0,263600000.0,0.329,1.479,15.089,15.057,957000000.0,0.0,23.79,0.814,0.809,731500000.0,1788500000.0,4680300000.0,4680300000.0,0.0,0.046,0.102,0.172,0.105,53000000.0,721500000.0,1.0,160154342.0,159200000.0,177500000.0,29.399,3633100000.0,307800000.0,84300000.0,15200000.0,22.821,748500000.0
41,SEE,MRT,2011-03-31,2011-03-31,2011-03-31,2021-08-03,-50400000.0,5490300000.0,5450025000.0,2122100000.0,3368200000.0,0.836,15.748,-89600000.0,696000000.0,696000000.0,3295600000.0,254500000.0,1.473,1.198,1412800000.0,14000000.0,1398800000.0,1412800000.0,0.0,151100000.0,0.0,0.019,0.51,497300000.0,648400000.0,0.142,648400000.0,497300000.0,339400000.0,1.59,1.44,1.59,2499200000.0,2381975000.0,2499200000.0,5000684817.0,10.0,7.712,377400000.0,2.378,1.0,1261800000.0,0.277,1952100000.0,157900000.0,2814000000.0,2855225000.0,559000000.0,0.0,0.0,0.0,2994700000.0,1441000000.0,1553700000.0,4247084817.0,68500000.0,-24100000.0,-21800000.0,-211500000.0,-81400000.0,-316100000.0,-103700000.0,12600000.0,467000000.0,21300000.0,254500000.0,254500000.0,254500000.0,0.0,0.0,0.056,727700000.0,534100000.0,265500000.0,0.321,1.699,16.688,16.767,958300000.0,0.0,26.66,0.932,0.928,696100000.0,1744800000.0,4557400000.0,4557400000.0,0.0,0.047,0.107,0.174,0.109,51600000.0,707000000.0,1.0,159305507.0,158700000.0,176900000.0,28.717,3538200000.0,310000000.0,84900000.0,5100000.0,22.295,681100000.0
42,SEE,MRT,2010-12-31,2010-12-31,2010-12-31,2021-08-03,-110300000.0,5399400000.0,5411425000.0,2040000000.0,3359400000.0,0.83,15.19,-83400000.0,675600000.0,675600000.0,3237300000.0,255900000.0,1.409,1.247,1429200000.0,30000000.0,1399200000.0,1429200000.0,0.0,154700000.0,0.0,0.02,0.5,505000000.0,659700000.0,0.147,659700000.0,505000000.0,343400000.0,1.61,1.44,1.61,2404600000.0,2314900000.0,2404600000.0,4889965849.0,10.0,7.412,399700000.0,2.525,1.0,1252800000.0,0.279,2023900000.0,161600000.0,2681400000.0,2892275000.0,495800000.0,0.0,0.0,0.0,2997800000.0,1447700000.0,1550100000.0,4063865849.0,-18900000.0,-24100000.0,-9800000.0,-280500000.0,-79700000.0,-373000000.0,-96900000.0,12600000.0,483100000.0,-32100000.0,255900000.0,255900000.0,255900000.0,0.0,0.0,0.057,717800000.0,535000000.0,232000000.0,0.311,1.69,15.881,15.807,948300000.0,0.0,25.45,0.905,0.897,697100000.0,1706100000.0,4490100000.0,4490100000.0,0.0,0.047,0.111,0.175,0.112,48600000.0,699000000.0,1.0,159680387.0,158300000.0,176700000.0,28.364,3375500000.0,325800000.0,87500000.0,13000000.0,21.323,592300000.0
43,SEE,MRT,2010-09-30,2010-09-30,2010-09-30,2021-08-03,-86500000.0,5571600000.0,5416600000.0,2219600000.0,3352000000.0,0.817,15.158,-72600000.0,761800000.0,761800000.0,3172700000.0,269800000.0,1.536,1.322,1587900000.0,28300000.0,1559600000.0,1587900000.0,0.0,154700000.0,0.0,0.022,0.49,534100000.0,688800000.0,0.156,688800000.0,534100000.0,371400000.0,1.69,1.52,1.69,2399500000.0,2263650000.0,2399500000.0,4509915230.0,8.0,6.547,409900000.0,2.589,1.0,1254600000.0,0.283,1947800000.0,162700000.0,3004800000.0,2972950000.0,539100000.0,0.0,0.0,0.0,3173000000.0,1445100000.0,1727900000.0,3587915230.0,274700000.0,-6900000.0,0.0,-26800000.0,-77600000.0,-106400000.0,-69900000.0,6200000.0,482500000.0,-31500000.0,269800000.0,269800000.0,269800000.0,0.0,0.0,0.061,730300000.0,524300000.0,238200000.0,0.29,1.495,13.298,13.302,965300000.0,0.0,22.48,0.81,0.804,691900000.0,1675900000.0,4427300000.0,4427300000.0,0.0,0.05,0.119,0.18,0.121,39400000.0,712400000.0,1.0,159604770.0,158300000.0,176700000.0,27.968,3623800000.0,351200000.0,101600000.0,16100000.0,22.892,774500000.0
44,SEE,MRT,2010-06-30,2010-06-30,2010-06-30,2021-08-03,-197200000.0,5338800000.0,5356900000.0,2056600000.0,3282200000.0,0.817,14.053,-69000000.0,662200000.0,662200000.0,3132000000.0,253900000.0,1.468,1.4,1584200000.0,24900000.0,1559300000.0,1584200000.0,0.0,156500000.0,0.0,0.024,0.48,509100000.0,665600000.0,0.152,665600000.0,509100000.0,345200000.0,1.59,1.43,1.59,2224600000.0,2206600000.0,2224600000.0,4099392159.0,8.0,6.159,475900000.0,3.006,1.0,1245200000.0,0.284,1938800000.0,163900000.0,2920700000.0,2982225000.0,512400000.0,0.0,0.0,0.0,3114600000.0,1401300000.0,1713300000.0,3144792159.0,-127000000.0,-6900000.0,0.0,-478800000.0,-76000000.0,-554800000.0,-69500000.0,1100000.0,544900000.0,-47600000.0,253900000.0,253900000.0,253900000.0,0.0,0.0,0.058,737800000.0,507400000.0,239600000.0,0.302,1.414,12.386,12.403,943300000.0,0.0,19.72,0.718,0.713,642800000.0,1620500000.0,4377200000.0,4377200000.0,0.0,0.047,0.115,0.171,0.116,38600000.0,719100000.0,1.0,159472219.0,158300000.0,176500000.0,27.651,3400000000.0,344900000.0,91300000.0,15100000.0,21.478,655300000.0
45,SEE,MRT,2010-03-31,2010-03-31,2010-03-31,2021-08-03,-137600000.0,5335900000.0,5431250000.0,2036000000.0,3299900000.0,0.795,14.138,-63400000.0,627500000.0,627500000.0,3082700000.0,247400000.0,1.468,1.392,1582100000.0,21500000.0,1560600000.0,1582100000.0,0.0,155900000.0,0.0,0.023,0.48,495000000.0,650900000.0,0.151,650900000.0,495000000.0,334300000.0,1.55,1.38,1.55,2230900000.0,2167800000.0,2230900000.0,4316916708.0,9.0,6.632,515700000.0,3.268,1.0,1232800000.0,0.286,1941400000.0,160700000.0,2962200000.0,3022700000.0,502100000.0,0.0,0.0,0.0,3104900000.0,1386900000.0,1718000000.0,3350416708.0,201300000.0,0.0,0.0,-217900000.0,-75800000.0,-293700000.0,-58200000.0,0.0,579100000.0,-25900000.0,247400000.0,247400000.0,247400000.0,0.0,0.0,0.057,736500000.0,496300000.0,223900000.0,0.31,1.502,13.543,13.6,979700000.0,0.0,21.08,0.776,0.771,641500000.0,1573100000.0,4315500000.0,4315500000.0,0.0,0.046,0.114,0.164,0.115,40000000.0,716800000.0,1.0,158938174.0,157800000.0,176100000.0,27.348,3394500000.0,337500000.0,86900000.0,15200000.0,21.511,649100000.0
46,SEE,MRT,2009-12-31,2009-12-31,2009-12-31,2021-08-03,-112700000.0,5420100000.0,5392500000.0,2073400000.0,3346700000.0,0.787,13.992,-73100000.0,694500000.0,694500000.0,3024300000.0,244300000.0,1.446,1.464,1661000000.0,34700000.0,1626300000.0,1661000000.0,0.0,154500000.0,0.0,0.022,0.48,484800000.0,639300000.0,0.151,639300000.0,484800000.0,329900000.0,1.54,1.35,1.54,2199600000.0,2089600000.0,2199600000.0,4587166256.0,9.0,7.175,478900000.0,3.046,1.0,1218500000.0,0.287,1948700000.0,154900000.0,3004100000.0,3047475000.0,469400000.0,0.0,0.0,0.0,3219800000.0,1433800000.0,1786000000.0,3474866256.0,565600000.0,0.0,0.0,166000000.0,-75700000.0,90300000.0,-70300000.0,0.0,552000000.0,-6400000.0,244300000.0,244300000.0,244300000.0,0.0,0.0,0.058,726200000.0,492300000.0,214200000.0,0.312,1.58,14.224,14.195,1010700000.0,0.0,21.86,0.819,0.81,666700000.0,1531100000.0,4242800000.0,4242800000.0,0.0,0.045,0.117,0.159,0.114,38800000.0,707500000.0,1.0,158960030.0,157200000.0,182600000.0,26.99,3471400000.0,322100000.0,85600000.0,14400000.0,22.083,639600000.0
47,SEE,MRT,2009-09-30,2009-09-30,2009-09-30,2021-08-03,-80100000.0,5332800000.0,5283975000.0,1943700000.0,3389100000.0,0.807,13.795,-96600000.0,487100000.0,487100000.0,3072200000.0,226500000.0,1.337,1.455,1599400000.0,34000000.0,1565400000.0,1599400000.0,0.0,138200000.0,0.0,0.024,0.48,442400000.0,580600000.0,0.136,580600000.0,442400000.0,296100000.0,1.43,1.25,1.43,2171300000.0,2020850000.0,2171300000.0,4376189193.0,10.0,7.537,340400000.0,2.163,1.0,1192500000.0,0.28,1949700000.0,146300000.0,3041900000.0,2990400000.0,513200000.0,13800000.0,0.0,13800000.0,3160300000.0,1453500000.0,1706800000.0,3116789193.0,212700000.0,-700000.0,0.0,-72400000.0,-76100000.0,-148500000.0,-95000000.0,0.0,437000000.0,19200000.0,226500000.0,226500000.0,226500000.0,0.0,0.0,0.053,710100000.0,482400000.0,228100000.0,0.336,1.435,13.761,13.727,1037900000.0,0.0,19.63,0.731,0.724,690500000.0,1486000000.0,4264700000.0,4264700000.0,0.0,0.043,0.112,0.148,0.104,37900000.0,687600000.0,1.0,158776831.0,157400000.0,178300000.0,27.095,3383100000.0,327200000.0,69600000.0,0.0,21.494,490200000.0
48,SEE,MRT,2009-06-30,2009-06-30,2009-06-30,2021-08-03,-132400000.0,5636200000.0,5271600000.0,2302000000.0,3334200000.0,0.835,13.156,-123300000.0,789200000.0,789200000.0,3228700000.0,175100000.0,1.235,1.723,2048600000.0,483400000.0,1565200000.0,2048600000.0,0.0,141900000.0,0.0,0.026,0.48,355400000.0,497300000.0,0.113,497300000.0,355400000.0,220300000.0,1.11,0.96,1.11,2069400000.0,1982450000.0,2069400000.0,4276125755.0,12.0,8.599,240200000.0,1.527,1.0,1175100000.0,0.267,1949200000.0,135100000.0,3082600000.0,2971625000.0,529300000.0,17000000.0,0.0,17000000.0,3565100000.0,1863800000.0,1701300000.0,2926325755.0,522200000.0,-700000.0,-10400000.0,379900000.0,-75900000.0,293600000.0,-121800000.0,0.0,363500000.0,-13100000.0,175100000.0,175100000.0,175100000.0,0.0,0.0,0.04,783700000.0,391400000.0,218600000.0,0.432,1.414,16.712,16.622,1037200000.0,0.0,18.45,0.665,0.659,677800000.0,1444600000.0,4403800000.0,4403800000.0,0.0,0.033,0.088,0.12,0.081,30200000.0,700800000.0,1.0,158608442.0,157300000.0,188600000.0,27.996,3687000000.0,0.0,45200000.0,0.0,23.439,438200000.0
49,SEE,MRT,2009-03-31,2009-03-31,2009-03-31,2021-08-03,-235000000.0,5180900000.0,5207950000.0,1908500000.0,3272400000.0,0.894,12.241,-159100000.0,426200000.0,426200000.0,3437400000.0,177200000.0,1.242,1.7,1776000000.0,186400000.0,1589600000.0,1776000000.0,0.0,148500000.0,0.0,0.035,0.48,350000000.0,498500000.0,0.107,498500000.0,350000000.0,222400000.0,1.12,0.97,1.12,1918100000.0,1998725000.0,1918100000.0,3528790125.0,10.0,7.079,269800000.0,1.722,1.0,1217200000.0,0.262,1932600000.0,127600000.0,3061300000.0,2972800000.0,549000000.0,10700000.0,0.0,10700000.0,3260700000.0,1536800000.0,1723900000.0,2178690125.0,-4700000.0,-2900000.0,-68000000.0,-100200000.0,-76000000.0,-244200000.0,-159600000.0,0.0,428900000.0,-29800000.0,177200000.0,177200000.0,177200000.0,0.0,0.0,0.038,817500000.0,399700000.0,216400000.0,0.429,1.136,12.295,12.321,1009700000.0,0.0,13.8,0.468,0.465,637900000.0,1403300000.0,4654600000.0,4654600000.0,0.0,0.034,0.089,0.118,0.075,22800000.0,734800000.0,1.0,157876096.0,156700000.0,187900000.0,29.704,3248300000.0,0.0,45200000.0,0.0,20.729,371700000.0
50,SEE,MRT,2008-12-31,2008-12-31,2008-12-31,2021-08-03,-177600000.0,4986000000.0,5302375000.0,1672700000.0,3313300000.0,0.913,12.212,-176800000.0,128900000.0,128900000.0,3606900000.0,179900000.0,1.031,1.59,1479000000.0,189100000.0,1289900000.0,1479000000.0,0.0,155000000.0,0.0,0.032,0.48,350400000.0,505400000.0,0.104,505400000.0,350400000.0,222300000.0,1.13,0.99,1.13,1924600000.0,2052575000.0,1924600000.0,3745042909.0,11.0,7.41,227600000.0,1.444,1.0,1236600000.0,0.255,1938100000.0,128100000.0,2775800000.0,3033475000.0,564300000.0,0.0,0.0,0.0,3060400000.0,1622200000.0,1438200000.0,2358642909.0,-301400000.0,-2900000.0,-95100000.0,-391400000.0,-76400000.0,-562900000.0,-176700000.0,0.0,404400000.0,33800000.0,179900000.0,179900000.0,179900000.0,0.0,0.0,0.037,840100000.0,396500000.0,277200000.0,0.425,1.226,13.111,13.221,1051400000.0,0.0,14.94,0.487,0.486,682800000.0,1364300000.0,4843500000.0,4843500000.0,0.0,0.034,0.088,0.116,0.072,16500000.0,755000000.0,1.0,157874358.0,157600000.0,188600000.0,30.733,3047900000.0,314600000.0,42400000.0,17100000.0,19.339,50500000.0
51,SEE,MRT,2008-09-30,2008-09-30,2008-09-30,2021-08-03,-52700000.0,5283300000.0,5415450000.0,1694800000.0,3588500000.0,0.91,12.901,-190800000.0,274400000.0,274400000.0,3652900000.0,212300000.0,0.974,1.618,1660800000.0,286700000.0,1374100000.0,1660800000.0,0.0,157600000.0,0.0,0.021,0.46,403000000.0,560600000.0,0.114,560600000.0,403000000.0,272000000.0,1.31,1.14,1.31,2017700000.0,2076325000.0,2017700000.0,4870283509.0,12.0,8.688,289900000.0,1.854,1.0,1272500000.0,0.258,1963100000.0,131000000.0,2966800000.0,3131650000.0,635900000.0,33400000.0,0.0,33400000.0,3265600000.0,1739800000.0,1525800000.0,3476383509.0,-100100000.0,-3100000.0,-95100000.0,-213100000.0,-73600000.0,-381600000.0,-230800000.0,100000.0,480700000.0,31600000.0,212300000.0,212300000.0,212300000.0,0.0,0.0,0.043,845000000.0,427500000.0,306300000.0,0.351,1.723,16.375,16.786,1105200000.0,0.0,21.99,0.706,0.698,689300000.0,1336000000.0,4925400000.0,4925400000.0,0.0,0.039,0.102,0.129,0.082,15900000.0,780400000.0,1.0,158089291.0,156400000.0,174600000.0,31.492,3320200000.0,0.0,59700000.0,0.0,21.229,-45000000.0
52,SEE,MRT,2008-06-30,2008-06-30,2008-06-30,2021-08-03,47800000.0,5381600000.0,5432200000.0,1778000000.0,3603600000.0,0.896,13.509,-194200000.0,267000000.0,267000000.0,3568400000.0,275500000.0,1.038,1.521,1660900000.0,295400000.0,1365500000.0,1660900000.0,0.0,156200000.0,0.0,0.023,0.44,509400000.0,665600000.0,0.137,665600000.0,509400000.0,373900000.0,1.7,1.48,1.7,2134500000.0,2063750000.0,2134500000.0,4494896511.0,9.0,6.753,287800000.0,1.822,1.0,1298900000.0,0.267,1975000000.0,135500000.0,3087300000.0,3180750000.0,655100000.0,33000000.0,0.0,33000000.0,3247100000.0,1713200000.0,1533900000.0,3044296511.0,-112200000.0,-28100000.0,-87000000.0,-212900000.0,-70800000.0,-370500000.0,-281200000.0,-5000000.0,482000000.0,57500000.0,275500000.0,275500000.0,275500000.0,0.0,0.0,0.057,776500000.0,522400000.0,319400000.0,0.259,1.426,11.05,11.182,1140400000.0,0.0,19.01,0.625,0.617,716700000.0,1345700000.0,4867300000.0,4867300000.0,0.0,0.051,0.133,0.16,0.105,15900000.0,773000000.0,1.0,160141847.0,158000000.0,189000000.0,30.806,3406600000.0,0.0,98400000.0,0.0,21.561,64800000.0
53,SEE,MRT,2008-03-31,2008-03-31,2008-03-31,2021-08-03,38800000.0,5558600000.0,5386300000.0,2015000000.0,3543600000.0,0.879,13.359,-198500000.0,430900000.0,430900000.0,3441900000.0,286800000.0,1.165,1.605,1881500000.0,350800000.0,1530700000.0,1881500000.0,0.0,154500000.0,0.0,0.017,0.42,537700000.0,692200000.0,0.146,692200000.0,537700000.0,397400000.0,1.77,1.54,1.77,2133500000.0,1995950000.0,2133500000.0,5522077508.0,10.0,7.978,130300000.0,0.816,1.0,1292000000.0,0.273,1975600000.0,140300000.0,3304000000.0,3175250000.0,642400000.0,38700000.0,0.0,38700000.0,3425100000.0,1729600000.0,1695500000.0,4080577508.0,15000000.0,-25200000.0,-33900000.0,23700000.0,-67900000.0,-78100000.0,-290600000.0,-4900000.0,328800000.0,54900000.0,286800000.0,286800000.0,286800000.0,0.0,0.0,0.061,761900000.0,530100000.0,313700000.0,0.237,1.913,14.228,14.266,1115300000.0,0.0,25.25,0.862,0.852,796200000.0,1302300000.0,4733900000.0,4733900000.0,0.0,0.053,0.144,0.169,0.114,15900000.0,758700000.0,1.0,161607030.0,159700000.0,190500000.0,29.642,3583000000.0,0.0,110600000.0,0.0,22.436,285400000.0
54,SEE,MRT,2007-12-31,2007-12-31,2007-12-31,2021-08-03,-59000000.0,5438300000.0,5275875000.0,1936100000.0,3502200000.0,0.882,12.623,-208900000.0,430300000.0,430300000.0,3350100000.0,353000000.0,1.112,1.693,1871800000.0,340200000.0,1531600000.0,1871800000.0,0.0,150400000.0,0.0,0.017,0.4,596600000.0,747000000.0,0.161,747000000.0,596600000.0,456000000.0,2.19,1.88,2.19,2019600000.0,1910800000.0,2019600000.0,5232249486.0,9.0,7.004,169200000.0,1.058,1.0,1301100000.0,0.28,1969700000.0,140600000.0,3168500000.0,3159475000.0,581700000.0,40800000.0,0.0,40800000.0,3418700000.0,1741600000.0,1677100000.0,3737649486.0,57200000.0,-32900000.0,-6100000.0,11200000.0,-64600000.0,-59500000.0,-274100000.0,25200000.0,378100000.0,12700000.0,353000000.0,353000000.0,353000000.0,0.0,0.0,0.076,751800000.0,549300000.0,316300000.0,0.183,1.851,10.588,10.566,1080100000.0,0.0,23.14,0.804,0.796,789800000.0,1260800000.0,4651200000.0,4651200000.0,0.0,0.067,0.185,0.189,0.128,15900000.0,750200000.0,1.0,161523314.0,160000000.0,190600000.0,29.07,3468600000.0,275600000.0,103000000.0,22000000.0,21.679,194500000.0
55,SEE,MRT,2007-09-30,2007-09-30,2007-09-30,2021-08-03,-42600000.0,5350300000.0,5171525000.0,1939300000.0,3411000000.0,0.879,12.304,-213000000.0,374500000.0,374500000.0,3249500000.0,356600000.0,1.145,1.719,1869100000.0,336300000.0,1532800000.0,1869100000.0,0.0,165900000.0,0.0,0.015,0.375,615800000.0,781700000.0,0.172,781700000.0,615800000.0,474800000.0,2.22,1.75,2.22,1967400000.0,1819600000.0,1967400000.0,5615316278.0,9.0,7.183,149600000.0,0.936,1.0,1297000000.0,0.285,1987300000.0,141000000.0,3163200000.0,3151575000.0,604200000.0,44700000.0,44700000.0,0.0,3382900000.0,1694400000.0,1688500000.0,4128216278.0,147300000.0,-33900000.0,-8100000.0,17300000.0,-60500000.0,-51200000.0,-190100000.0,75800000.0,362600000.0,26000000.0,356600000.0,356600000.0,356600000.0,0.0,0.0,0.078,741500000.0,555500000.0,312200000.0,0.169,2.098,11.577,11.514,1058400000.0,0.0,25.56,0.908,0.899,792000000.0,1197300000.0,4546500000.0,4546500000.0,0.0,0.069,0.196,0.195,0.135,0.0,739900000.0,1.0,161510809.0,159900000.0,,28.433,3363000000.0,0.0,118200000.0,0.0,21.032,244900000.0
56,SEE,MRT,2007-06-30,2007-06-30,2007-06-30,2021-08-03,-88500000.0,5198000000.0,5045100000.0,1860500000.0,3337500000.0,0.885,11.646,-202600000.0,379200000.0,379200000.0,3180300000.0,361400000.0,1.128,1.79,1866300000.0,332900000.0,1533400000.0,1866300000.0,0.0,165600000.0,0.0,0.011,0.35,622000000.0,787600000.0,0.176,787600000.0,622000000.0,480700000.0,2.25,1.84,2.25,1863300000.0,1715475000.0,1863300000.0,6444938294.0,10.0,8.183,170000000.0,1.062,1.0,1286700000.0,0.288,1970600000.0,141300000.0,3065300000.0,3151525000.0,572600000.0,39700000.0,39700000.0,0.0,3334700000.0,1649200000.0,1685500000.0,5011338294.0,-151800000.0,-19800000.0,-48600000.0,-246700000.0,-56500000.0,-351700000.0,-183100000.0,44000000.0,372600000.0,10400000.0,361400000.0,361400000.0,361400000.0,0.0,0.0,0.081,725500000.0,561200000.0,295700000.0,0.156,2.689,13.866,13.787,1028000000.0,0.0,31.02,1.122,1.111,748100000.0,1141100000.0,4467000000.0,4467000000.0,0.0,0.072,0.211,0.197,0.139,0.0,724200000.0,1.0,161551847.0,160000000.0,,27.919,3227400000.0,0.0,119300000.0,8200000.0,20.171,211300000.0
57,SEE,MRT,2007-03-31,2007-03-31,2007-03-31,2021-08-03,-100800000.0,5116900000.0,5003350000.0,1825100000.0,3291800000.0,0.88,11.213,-179400000.0,415900000.0,415900000.0,3132800000.0,345300000.0,1.359,1.854,1849500000.0,22400000.0,1827100000.0,1849500000.0,0.0,167300000.0,0.0,0.01,0.325,603400000.0,770700000.0,0.175,770700000.0,603400000.0,458200000.0,2.15,1.8,2.15,1792900000.0,1626175000.0,1792900000.0,6577721592.0,11.0,8.535,267000000.0,1.67,1.0,1270700000.0,0.289,1967100000.0,145200000.0,3240900000.0,3160025000.0,545600000.0,39900000.0,39900000.0,0.0,3324000000.0,1342500000.0,1981500000.0,5098521592.0,-22300000.0,-19700000.0,-50600000.0,-242000000.0,-52500000.0,-345100000.0,-160900000.0,38600000.0,446400000.0,37300000.0,345300000.0,345300000.0,345300000.0,0.0,0.0,0.078,724700000.0,546000000.0,292900000.0,0.151,2.844,14.765,14.698,991600000.0,0.0,31.6,1.158,1.147,704200000.0,1083300000.0,4403500000.0,4403500000.0,0.0,0.069,0.212,0.191,0.137,0.0,711600000.0,1.0,161345620.0,159900000.0,,27.539,3149800000.0,0.0,112900000.0,48900000.0,19.699,482600000.0
58,SEE,MRT,2006-12-31,2006-12-31,2006-12-31,2021-08-03,-124800000.0,5020900000.0,4944625000.0,1756700000.0,3264200000.0,0.875,10.291,-152300000.0,373100000.0,373100000.0,3087800000.0,274100000.0,1.249,2.034,1852300000.0,25700000.0,1826600000.0,1852300000.0,0.0,168000000.0,0.0,0.009,0.3,548100000.0,716100000.0,0.165,716100000.0,548100000.0,400100000.0,1.7,1.47,1.7,1654800000.0,1537025000.0,1654800000.0,6850631249.0,12.0,9.567,280600000.0,1.745,1.0,1240100000.0,0.287,1957100000.0,148000000.0,3136900000.0,3117600000.0,509400000.0,33900000.0,33900000.0,0.0,3366100000.0,1406100000.0,1960000000.0,5233831249.0,-82700000.0,-53300000.0,-49600000.0,-251800000.0,-48600000.0,-350000000.0,-202500000.0,10100000.0,432900000.0,36900000.0,274100000.0,274100000.0,274100000.0,0.0,0.0,0.063,714000000.0,526100000.0,283900000.0,0.176,3.163,19.095,19.094,970100000.0,0.0,32.46,1.209,1.206,721300000.0,972400000.0,4327900000.0,4327900000.0,0.0,0.055,0.178,0.176,0.127,0.0,701100000.0,1.0,161239410.0,160800000.0,192000000.0,26.915,3063800000.0,276200000.0,126000000.0,15400000.0,19.053,350600000.0
59,SEE,MRT,2006-09-30,2006-09-30,2006-09-30,2021-08-03,-124600000.0,4844600000.0,4905450000.0,1601100000.0,3243500000.0,0.868,9.565,-125100000.0,227200000.0,227200000.0,3060600000.0,263800000.0,1.195,2.124,1844000000.0,19500000.0,1824500000.0,1844000000.0,0.0,169800000.0,0.0,0.008,0.225,531100000.0,700900000.0,0.165,700900000.0,531100000.0,381000000.0,1.64,1.53,1.64,1550900000.0,1471350000.0,1550900000.0,5960544566.0,11.0,8.504,296300000.0,1.827,1.0,1197500000.0,0.281,1959000000.0,150100000.0,3163000000.0,3093950000.0,470600000.0,84700000.0,84700000.0,0.0,3293700000.0,1339400000.0,1954300000.0,4387644566.0,-189800000.0,-52100000.0,-87300000.0,-258700000.0,-36500000.0,-382800000.0,-236300000.0,-47700000.0,421400000.0,7900000.0,263800000.0,263800000.0,263800000.0,0.0,0.0,0.062,687200000.0,510300000.0,276900000.0,0.137,2.829,16.632,16.5,934900000.0,0.0,27.06,1.03,1.03,699100000.0,869300000.0,4258100000.0,4258100000.0,0.0,0.054,0.179,0.172,0.125,0.0,674700000.0,1.0,162145032.0,162145032.0,,26.261,2885600000.0,0.0,117200000.0,54000000.0,17.796,261700000.0
60,SEE,MRT,2006-06-30,2006-06-30,2006-06-30,2021-08-03,-143800000.0,5031000000.0,4900700000.0,1814000000.0,3217000000.0,0.856,9.231,-114400000.0,531000000.0,531000000.0,3020900000.0,250800000.0,1.164,2.34,2103900000.0,271500000.0,1832400000.0,2103900000.0,0.0,170900000.0,0.0,0.006,0.15,518200000.0,689100000.0,0.164,689100000.0,518200000.0,365900000.0,1.55,1.39,1.55,1506100000.0,1427500000.0,1506100000.0,5883919262.0,11.0,8.539,279700000.0,1.714,1.0,1175500000.0,0.28,1946800000.0,152300000.0,3099300000.0,3060100000.0,440200000.0,47800000.0,47800000.0,0.0,3524900000.0,1557800000.0,1967100000.0,4248719262.0,75900000.0,-41200000.0,-82600000.0,-1700000.0,-24400000.0,-109000000.0,-214500000.0,-47800000.0,394100000.0,5300000.0,250800000.0,250800000.0,250800000.0,0.0,0.0,0.06,673700000.0,501800000.0,257600000.0,0.097,2.821,16.941,16.8,924600000.0,0.0,26.04,1.012,1.012,673300000.0,804100000.0,4196400000.0,4196400000.0,0.0,0.051,0.176,0.169,0.123,0.0,661000000.0,1.0,163161262.0,163161262.0,,25.719,3084200000.0,0.0,115100000.0,65500000.0,18.903,256200000.0
61,SEE,MRT,2006-03-31,2006-03-31,2006-03-31,2021-08-03,-171900000.0,4882000000.0,4850125000.0,1683600000.0,3198400000.0,0.852,8.814,-98000000.0,438200000.0,438200000.0,2970400000.0,255700000.0,1.118,2.399,2073400000.0,261700000.0,1811700000.0,2073400000.0,0.0,171700000.0,0.0,0.003,0.075,526200000.0,697900000.0,0.169,697900000.0,526200000.0,374900000.0,1.565,1.36,1.565,1436300000.0,1390075000.0,1436300000.0,6335473874.0,12.0,9.078,296600000.0,1.82,1.0,1164100000.0,0.282,1940300000.0,151300000.0,3071200000.0,3090075000.0,429700000.0,42500000.0,42500000.0,0.0,3445700000.0,1505700000.0,1940000000.0,4715073874.0,60500000.0,-41300000.0,-110900000.0,-22200000.0,-12200000.0,-145300000.0,-152600000.0,-5500000.0,394600000.0,-36200000.0,255700000.0,255700000.0,255700000.0,0.0,0.0,0.062,655000000.0,509100000.0,248100000.0,0.048,3.283,18.44,18.489,913100000.0,0.0,28.935,1.14,1.14,657900000.0,758600000.0,4134500000.0,4134500000.0,0.0,0.053,0.184,0.17,0.127,0.0,654100000.0,1.0,162953996.0,162953996.0,,25.372,2941700000.0,0.0,119200000.0,82700000.0,18.052,177900000.0
62,SEE,MRT,2005-12-31,2005-12-31,2005-12-31,2021-08-03,-168200000.0,4864200000.0,4834650000.0,1695400000.0,3168800000.0,0.845,8.552,-93600000.0,455800000.0,455800000.0,2927100000.0,255800000.0,1.106,2.494,2076200000.0,263200000.0,1813000000.0,2076200000.0,0.0,174600000.0,0.0,0.0,0.0,526300000.0,700900000.0,0.172,700900000.0,526300000.0,376600000.0,1.56,1.35,1.56,1392100000.0,1370800000.0,1392100000.0,6234904463.0,12.0,8.896,269700000.0,1.657,1.0,1158000000.0,0.283,1908800000.0,149700000.0,3042300000.0,3156925000.0,409100000.0,44100000.0,44100000.0,0.0,3472100000.0,1533500000.0,1938600000.0,4571904463.0,97800000.0,-200000.0,-113900000.0,-4500000.0,0.0,-118400000.0,-88900000.0,10000000.0,363300000.0,-58200000.0,255800000.0,255800000.0,255800000.0,0.0,0.0,0.063,647600000.0,510400000.0,250300000.0,0.0,3.284,17.873,18.003,911200000.0,0.0,28.085,1.119,1.119,674000000.0,715100000.0,4085100000.0,4085100000.0,0.0,0.053,0.187,0.167,0.129,0.0,645900000.0,1.0,162788124.0,162788124.0,,25.095,2955400000.0,231400000.0,120800000.0,28500000.0,18.155,161900000.0
63,SEE,MRT,2005-09-30,2005-09-30,2005-09-30,2021-08-03,-147400000.0,4825600000.0,4832350000.0,1672500000.0,3153100000.0,0.833,8.299,-89300000.0,417000000.0,417000000.0,2857600000.0,213000000.0,1.103,2.508,2080000000.0,266000000.0,1814000000.0,2080000000.0,0.0,176400000.0,0.0,0.0,0.0,466100000.0,642500000.0,0.16,642500000.0,466100000.0,314900000.0,1.28,1.125,1.28,1375500000.0,1356150000.0,1375500000.0,5567510624.0,12.0,8.665,266700000.0,1.609,1.0,1169000000.0,0.29,1945300000.0,151200000.0,3027600000.0,3243050000.0,434400000.0,37000000.0,37000000.0,0.0,3450100000.0,1515700000.0,1934400000.0,3933210624.0,85700000.0,-100000.0,-73800000.0,-232600000.0,0.0,-304800000.0,59600000.0,149000000.0,356000000.0,-25100000.0,213000000.0,213000000.0,213000000.0,0.0,0.0,0.053,679000000.0,490000000.0,241100000.0,0.0,2.859,18.466,18.539,924300000.0,0.0,23.73,0.977,0.977,669200000.0,642000000.0,4026600000.0,4026600000.0,0.0,0.044,0.157,0.144,0.116,0.0,644700000.0,1.0,165748446.0,165748446.0,,24.293,2880300000.0,0.0,101900000.0,57700000.0,17.378,156800000.0
64,SEE,MRT,2005-06-30,2005-06-30,2005-06-30,2021-08-03,-138300000.0,4828700000.0,4837475000.0,1669500000.0,3159200000.0,0.817,8.102,-89900000.0,455100000.0,455100000.0,2784500000.0,212600000.0,1.288,2.56,2089400000.0,29800000.0,2059600000.0,2089400000.0,0.0,178600000.0,0.0,0.0,0.0,468200000.0,646800000.0,0.164,646800000.0,468200000.0,315700000.0,1.27,1.115,1.27,1356400000.0,1320200000.0,1356400000.0,5890830702.0,13.0,9.108,297600000.0,1.778,1.0,1166600000.0,0.295,1947400000.0,152500000.0,3219200000.0,3350375000.0,454000000.0,0.0,0.0,0.0,3472300000.0,1296400000.0,2175900000.0,4167730702.0,129800000.0,-6100000.0,-62700000.0,-227400000.0,0.0,-288500000.0,54500000.0,150500000.0,387500000.0,-23700000.0,212600000.0,212600000.0,212600000.0,0.0,0.0,0.054,675200000.0,491400000.0,271800000.0,0.0,3.073,19.604,19.602,939400000.0,0.0,24.895,1.055,1.055,642500000.0,577800000.0,3951100000.0,3951100000.0,0.0,0.044,0.161,0.14,0.118,0.0,641000000.0,1.0,167412360.0,167412360.0,,23.601,2881300000.0,0.0,103100000.0,86600000.0,17.211,373100000.0
65,SEE,MRT,2005-03-31,2005-03-31,2005-03-31,2021-08-03,-104600000.0,4820100000.0,4821050000.0,1619800000.0,3200300000.0,0.8,8.119,-90700000.0,377700000.0,377700000.0,2701300000.0,211300000.0,1.29,2.546,2100800000.0,28100000.0,2072700000.0,2100800000.0,0.0,179000000.0,0.0,0.0,0.0,464300000.0,643300000.0,0.167,643300000.0,464300000.0,312500000.0,1.26,1.105,1.26,1359200000.0,1277250000.0,1359200000.0,6101304599.0,13.0,9.484,281400000.0,1.681,1.0,1153500000.0,0.299,1949100000.0,151800000.0,3338600000.0,3405225000.0,453600000.0,37000000.0,37000000.0,0.0,3460900000.0,1255500000.0,2205400000.0,4347704599.0,49800000.0,-6100000.0,-61600000.0,-220000000.0,0.0,-280000000.0,-48900000.0,47900000.0,372100000.0,6600000.0,211300000.0,211300000.0,211300000.0,0.0,0.0,0.055,660600000.0,492900000.0,239500000.0,0.0,3.199,20.576,20.611,972500000.0,0.0,25.97,1.128,1.128,634200000.0,515000000.0,3854800000.0,3854800000.0,0.0,0.044,0.165,0.136,0.12,0.0,626600000.0,1.0,167412576.0,167412576.0,,23.026,2871000000.0,0.0,101200000.0,110700000.0,17.149,364300000.0
66,SEE,MRT,2004-12-31,2004-12-31,2004-12-31,2021-08-03,-73500000.0,4855000000.0,4794400000.0,1611200000.0,3243800000.0,0.792,7.979,-97700000.0,358000000.0,358000000.0,2636000000.0,215600000.0,1.236,2.641,2111600000.0,23600000.0,2088000000.0,2111600000.0,0.0,179500000.0,0.0,0.0,0.0,476600000.0,656100000.0,0.173,656100000.0,476600000.0,322900000.0,1.28,1.125,1.28,1333500000.0,1227800000.0,1333500000.0,6222479423.0,13.0,9.484,338500000.0,2.025,1.0,1162100000.0,0.306,1918000000.0,153700000.0,3386800000.0,3439900000.0,417900000.0,54100000.0,54100000.0,0.0,3521500000.0,1303800000.0,2217700000.0,4451479423.0,60200000.0,-6400000.0,-85100000.0,-216800000.0,0.0,-300300000.0,-91000000.0,13100000.0,436200000.0,15300000.0,215600000.0,215600000.0,215600000.0,0.0,0.0,0.057,659100000.0,503000000.0,248500000.0,0.0,3.338,20.647,20.809,1008600000.0,0.0,26.635,1.172,1.172,662500000.0,459300000.0,3798100000.0,3798100000.0,0.0,0.045,0.176,0.139,0.125,0.0,626100000.0,1.0,167128944.0,167128944.0,,22.726,2937000000.0,203400000.0,107300000.0,32600000.0,17.573,307400000.0
67,SEE,MRT,2004-09-30,2004-09-30,2004-09-30,2021-08-03,-142400000.0,4846100000.0,4756675000.0,1611200000.0,3234900000.0,0.781,7.351,-117900000.0,517300000.0,517300000.0,2566600000.0,232300000.0,1.325,2.934,2288300000.0,16400000.0,2271900000.0,2288300000.0,0.0,177300000.0,0.0,0.0,0.0,512200000.0,689500000.0,0.186,689500000.0,512200000.0,353900000.0,1.375,1.195,1.375,1231700000.0,1175325000.0,1231700000.0,5695055016.0,11.0,8.26,353200000.0,2.108,1.0,1149200000.0,0.309,1944400000.0,158300000.0,3456900000.0,3482400000.0,406000000.0,0.0,0.0,0.0,3614400000.0,1215800000.0,2398600000.0,3892255016.0,-179900000.0,-7500000.0,-83100000.0,-255400000.0,0.0,-337800000.0,-311400000.0,-186000000.0,471100000.0,-1800000.0,232300000.0,232200000.0,232200000.0,0.0,0.0,0.062,613200000.0,536000000.0,217200000.0,0.0,3.16,16.763,16.855,1003100000.0,100000.0,23.175,1.047,1.045,613600000.0,428900000.0,3715800000.0,3715800000.0,0.0,0.049,0.198,0.147,0.138,0.0,613700000.0,1.0,167950594.0,167560000.0,,22.176,2901700000.0,0.0,121600000.0,112600000.0,17.317,395400000.0
68,SEE,MRT,2004-06-30,2004-06-30,2004-06-30,2021-08-03,-147600000.0,4763000000.0,4742650000.0,1532200000.0,3230800000.0,0.776,7.031,-116700000.0,475800000.0,475800000.0,2527600000.0,234600000.0,1.293,3.021,2278600000.0,16600000.0,2262000000.0,2278600000.0,0.0,175800000.0,0.0,0.0,0.0,523600000.0,699400000.0,0.19,699400000.0,523600000.0,360900000.0,1.22,1.07,1.22,1184600000.0,1124725000.0,1184600000.0,6365332276.0,12.0,9.101,393900000.0,2.338,1.0,1152700000.0,0.313,1942000000.0,162700000.0,3438600000.0,3536350000.0,392800000.0,0.0,0.0,0.0,3578400000.0,1185200000.0,2393200000.0,4492032276.0,-125000000.0,-3000000.0,-55500000.0,998200000.0,0.0,-369900000.0,-270200000.0,-150500000.0,510600000.0,4500000.0,234600000.0,206600000.0,206600000.0,0.0,0.0,0.056,605200000.0,547500000.0,200800000.0,0.0,3.792,21.743,21.832,1008700000.0,28000000.0,26.635,1.221,1.219,589900000.0,365200000.0,3680300000.0,3680300000.0,0.0,0.044,0.184,0.148,0.142,0.0,605700000.0,1.0,168651484.0,168480000.0,,21.844,2821000000.0,0.0,126300000.0,116600000.0,16.744,347000000.0
69,SEE,MRT,2004-03-31,2004-03-31,2004-03-31,2021-08-03,-140600000.0,4713500000.0,4727150000.0,1454900000.0,3258600000.0,0.766,6.786,-125800000.0,412800000.0,412800000.0,2482800000.0,239000000.0,1.246,3.058,2286100000.0,22000000.0,2264100000.0,2286100000.0,0.0,175300000.0,0.0,0.0,0.0,525100000.0,700400000.0,0.193,700400000.0,525100000.0,372900000.0,1.17,1.03,1.17,1161400000.0,1070750000.0,1161400000.0,6171118450.0,12.0,8.811,363200000.0,2.122,1.0,1139400000.0,0.315,1942200000.0,152200000.0,3477300000.0,3277525000.0,390300000.0,0.0,0.0,0.0,3552100000.0,1167300000.0,2384800000.0,4255718450.0,177400000.0,-3000000.0,-20100000.0,1274800000.0,0.0,-94100000.0,-213700000.0,-84900000.0,489000000.0,-3800000.0,239000000.0,198900000.0,198900000.0,0.0,0.0,0.055,591900000.0,547500000.0,185500000.0,0.0,3.664,21.396,21.252,1026700000.0,40100000.0,24.865,1.175,1.175,578800000.0,303900000.0,3622200000.0,3622200000.0,0.0,0.042,0.186,0.16,0.145,0.0,592400000.0,1.0,171152964.0,171152964.0,,21.164,2771300000.0,0.0,133900000.0,133700000.0,16.192,287600000.0
70,SEE,MRT,2003-12-31,2003-12-31,2003-12-31,2021-08-03,-140600000.0,4704100000.0,4627675000.0,1470800000.0,3233300000.0,0.763,6.611,-120900000.0,297800000.0,297800000.0,2419100000.0,240400000.0,1.236,3.187,2280400000.0,20600000.0,2259800000.0,2280400000.0,0.0,173200000.0,0.0,0.0,0.0,512900000.0,686100000.0,0.194,686100000.0,512900000.0,376900000.0,1.105,0.985,1.105,1123600000.0,999325000.0,1123600000.0,6586334207.0,13.0,9.6,348800000.0,2.052,1.0,1112800000.0,0.315,1939500000.0,136000000.0,3556800000.0,2913725000.0,371200000.0,67200000.0,67200000.0,0.0,3580500000.0,1190400000.0,2390100000.0,4600634207.0,171000000.0,-2500000.0,4700000.0,1248500000.0,0.0,-108900000.0,-190600000.0,-67200000.0,469700000.0,800000.0,240400000.0,187100000.0,187100000.0,0.0,0.0,0.053,571900000.0,540900000.0,191700000.0,0.0,4.095,24.589,24.498,1042400000.0,53300000.0,27.07,1.303,1.303,615200000.0,243700000.0,3531900000.0,3531900000.0,0.0,0.04,0.187,0.176,0.145,0.0,572400000.0,1.0,169953240.0,169953240.0,,20.782,2764600000.0,142600000.0,136500000.0,40700000.0,16.267,280400000.0
71,SEE,MRT,2003-09-30,2003-09-30,2003-09-30,2021-08-03,-183900000.0,4790000000.0,4516850000.0,1547300000.0,3242700000.0,0.762,6.064,-106000000.0,511200000.0,511200000.0,2342500000.0,-308200000.0,1.321,3.654,2496900000.0,36200000.0,2460700000.0,2496900000.0,0.0,170600000.0,0.0,0.0,0.0,-301300000.0,-130700000.0,-0.038,-130700000.0,-301300000.0,-411100000.0,-2.24,-2.3,-2.24,1029300000.0,921675000.0,1029300000.0,4781645107.0,-16.0,-36.585,324500000.0,1.912,1.0,1100800000.0,0.32,1931900000.0,109800000.0,3672700000.0,2519125000.0,375500000.0,0.0,0.0,0.0,3760700000.0,1171100000.0,2589600000.0,4009045107.0,434000000.0,-1600000.0,2200000.0,1495400000.0,0.0,118600000.0,-107600000.0,0.0,430500000.0,-7500000.0,-308200000.0,-374100000.0,-374100000.0,0.0,0.0,-0.109,1421400000.0,-320600000.0,169700000.0,0.0,3.895,-10.717,-10.542,1012800000.0,65900000.0,23.615,1.164,1.164,588700000.0,196800000.0,3443300000.0,3443300000.0,0.0,-0.083,-0.406,-0.12,-0.088,0.0,571300000.0,1.0,169766890.0,169740000.0,,20.286,2858100000.0,0.0,-102900000.0,129000000.0,16.838,376200000.0
72,SEE,MRT,2003-06-30,2003-06-30,2003-06-30,2021-08-03,-186800000.0,4701000000.0,4342921250.0,1464200000.0,3236800000.0,0.774,5.731,-95000000.0,450300000.0,450300000.0,2284400000.0,-308100000.0,1.286,2.522,1222900000.0,43500000.0,1179400000.0,1222900000.0,0.0,168800000.0,0.0,0.0,0.0,-323800000.0,-155000000.0,-0.046,-155000000.0,-323800000.0,-405600000.0,-2.115,-2.195,-2.115,968700000.0,911220250.0,968700000.0,4788112665.0,-15.0,-30.891,314300000.0,1.86,1.0,1076000000.0,0.32,1932000000.0,81800000.0,2403300000.0,2198739250.0,381600000.0,0.0,0.0,0.0,2442800000.0,1138300000.0,1304500000.0,4022612665.0,435100000.0,-300000.0,1600000.0,213100000.0,0.0,131900000.0,-95300000.0,0.0,409300000.0,-10800000.0,-308100000.0,-353200000.0,-353200000.0,0.0,0.0,-0.105,1412100000.0,-336100000.0,165300000.0,0.0,4.153,-11.389,-11.267,1026900000.0,45100000.0,23.83,1.197,1.199,570000000.0,133100000.0,3360400000.0,3360400000.0,0.0,-0.081,-0.388,-0.147,-0.096,0.0,563300000.0,1.0,168804560.0,169020000.0,,19.882,2769000000.0,0.0,-97500000.0,127900000.0,16.383,325900000.0
73,SEE,MRT,2003-03-31,2003-03-31,2003-03-31,2021-08-03,-222200000.0,4315600000.0,4186111500.0,1114600000.0,3201000000.0,0.784,5.199,-90700000.0,150500000.0,150500000.0,2214600000.0,-307900000.0,0.983,2.413,916000000.0,46900000.0,869100000.0,916000000.0,0.0,166900000.0,0.0,0.0,0.0,-325700000.0,-158800000.0,-0.048,-158800000.0,-325700000.0,-397200000.0,-2.1,-2.17,-2.1,875700000.0,903274000.0,875700000.0,4182061036.0,-13.0,-26.335,312700000.0,1.857,1.0,1066500000.0,0.325,1925500000.0,71500000.0,2022100000.0,2213389250.0,355600000.0,0.0,0.0,0.0,2112900000.0,1133500000.0,979400000.0,3385378036.0,121500000.0,-10500000.0,500000.0,-82000000.0,0.0,-159800000.0,-101200000.0,0.0,403400000.0,-20900000.0,-307900000.0,-351200000.0,-351200000.0,0.0,0.0,-0.107,1401700000.0,-335200000.0,168600000.0,0.0,3.866,-9.639,-9.555,1007900000.0,43300000.0,20.065,1.032,1.03,553600000.0,80300000.0,3281100000.0,3281100000.0,0.0,-0.084,-0.389,-0.147,-0.099,0.0,552900000.0,1.0,168720560.0,168426000.0,,19.481,2390100000.0,0.0,-89300000.0,142000000.0,14.191,-18900000.0
74,SEE,MRT,2002-12-31,2002-12-31,2002-12-31,2021-08-03,-224400000.0,4260800000.0,4102810000.0,1056300000.0,3204500000.0,0.781,4.843,-86400000.0,126800000.0,126800000.0,2146700000.0,-309100000.0,0.916,2.609,923400000.0,55400000.0,868000000.0,923400000.0,0.0,165000000.0,0.0,0.0,0.0,-326000000.0,-161000000.0,-0.05,-161000000.0,-326000000.0,-391900000.0,-2.1,-2.15,-2.1,813000000.0,905103000.0,813000000.0,3981332924.0,-12.0,-24.729,237500000.0,1.415,1.0,1057600000.0,0.33,1926200000.0,65900000.0,1978400000.0,2306043750.0,329400000.0,0.0,0.0,0.0,2120800000.0,1152800000.0,968000000.0,3130903924.0,113000000.0,-10500000.0,800000.0,-35700000.0,0.0,-101500000.0,-96900000.0,0.0,323900000.0,-12500000.0,-309100000.0,-352600000.0,-352600000.0,0.0,0.0,-0.11,1390700000.0,-333100000.0,167000000.0,0.0,3.851,-8.879,-8.881,1013000000.0,43500000.0,18.65,0.977,0.977,546800000.0,31900000.0,3204300000.0,3204300000.0,0.0,-0.086,-0.39,-0.141,-0.102,0.0,541900000.0,1.0,167876886.0,167876886.0,,19.087,2334600000.0,125900000.0,-82800000.0,35300000.0,13.907,-96500000.0
75,SEE,MRT,2002-09-30,2002-09-30,2002-09-30,2021-08-03,-242323000.0,4094285000.0,4014587250.0,986291000.0,3107994000.0,0.782,5.882,-91094000.0,77234000.0,77234000.0,2106611000.0,231166000.0,1.562,1.799,927663000.0,66190000.0,861473000.0,927663000.0,0.0,98676000.0,0.0,0.0,0.0,464556000.0,563232000.0,0.179,563232000.0,464556000.0,399316000.0,1.11,1.045,1.11,987481000.0,914391000.0,987481000.0,2366799720.0,5.0,4.202,325969000.0,1.942,1.0,1032997000.0,0.329,1922163000.0,65240000.0,2391157000.0,2381375250.0,317168000.0,0.0,0.0,0.0,1776169000.0,631394000.0,1144775000.0,1417726720.0,25695000.0,-34312000.0,1356000.0,-173501000.0,0.0,-251482000.0,-125406000.0,0.0,417063000.0,-14480000.0,231166000.0,186952000.0,186952000.0,0.0,0.0,0.06,571761000.0,461236000.0,156187000.0,0.0,1.436,7.583,7.608,1011941000.0,44214000.0,8.445,0.452,0.452,535581000.0,547006000.0,3139608000.0,3139608000.0,0.0,0.047,0.204,0.195,0.148,0.0,523715000.0,1.0,167877646.0,167880000.0,,18.702,2172122000.0,0.0,168150000.0,298183000.0,12.939,354897000.0
76,SEE,MRT,2002-06-30,2002-06-30,2002-06-30,2021-08-03,-226975000.0,4073761000.0,3995694500.0,933392000.0,3140369000.0,0.771,5.582,-105380000.0,15200000.0,15200000.0,2061528000.0,209376000.0,1.459,1.914,964273000.0,95560000.0,868713000.0,964273000.0,0.0,110826000.0,0.0,0.0,0.0,444029000.0,554855000.0,0.18,554855000.0,444029000.0,373321000.0,0.96,0.92,0.96,936915000.0,873756750.0,936915000.0,4302659696.0,10.0,7.755,311789000.0,1.858,1.0,1018501000.0,0.331,1921342000.0,70708000.0,2461900000.0,2405571750.0,317147000.0,0.0,0.0,0.0,1793687000.0,639592000.0,1154095000.0,3379824696.0,-49446000.0,-34112000.0,1400000.0,-232155000.0,0.0,-316127000.0,-139492000.0,0.0,417169000.0,-10996000.0,209376000.0,161499000.0,161499000.0,0.0,0.0,0.052,580735000.0,437766000.0,158407000.0,0.0,3.607,20.928,20.974,1042430000.0,47877000.0,20.135,1.097,1.097,543296000.0,494114000.0,3080029000.0,3080029000.0,0.0,0.04,0.185,0.185,0.144,0.0,513356000.0,1.0,167858192.0,167840000.0,,18.351,2152419000.0,0.0,163945000.0,282616000.0,12.824,293800000.0
77,SEE,MRT,2002-03-31,2002-03-31,2002-03-31,2021-08-03,-222002000.0,3982394000.0,3980563000.0,876901000.0,3105493000.0,0.768,5.266,-120326000.0,28983000.0,28983000.0,2054673000.0,182640000.0,1.46,1.965,951818000.0,95619000.0,856199000.0,951818000.0,0.0,125233000.0,0.0,0.0,0.0,410240000.0,535473000.0,0.175,535473000.0,410240000.0,337154000.0,0.78,0.765,0.78,883016000.0,838647000.0,883016000.0,4852929994.0,12.0,9.063,322378000.0,1.923,1.0,1000655000.0,0.328,1911733000.0,73086000.0,2392718000.0,2425176750.0,293301000.0,0.0,0.0,0.0,1734974000.0,600778000.0,1134196000.0,3941132994.0,-73329000.0,-36000000.0,800000.0,-295999000.0,0.0,-362747000.0,-156326000.0,0.0,442704000.0,3040000.0,182640000.0,131259000.0,131259000.0,0.0,0.0,0.043,596178000.0,404477000.0,132213000.0,0.0,4.463,30.026,30.179,1024943000.0,51381000.0,23.54,1.29,1.292,499706000.0,441667000.0,3055328000.0,3055328000.0,0.0,0.033,0.157,0.169,0.134,0.0,508638000.0,1.0,167422812.0,167682000.0,,18.221,2070661000.0,0.0,154514000.0,307005000.0,12.349,276123000.0
78,SEE,MRT,2001-12-31,2001-12-31,2001-12-31,2021-08-03,-210078000.0,3907909000.0,4004043750.0,776352000.0,3131557000.0,0.766,5.077,-141900000.0,13805000.0,13805000.0,2077200000.0,156700000.0,1.238,1.99,925602000.0,137491000.0,788111000.0,925602000.0,0.0,141700000.0,0.0,0.0,0.0,373900000.0,515600000.0,0.168,515600000.0,373900000.0,297500000.0,0.65,0.61,0.65,850152000.0,810262250.0,850152000.0,4452969009.0,12.0,8.636,436800000.0,2.609,1.0,990300000.0,0.323,1913000000.0,76400000.0,2279726000.0,2480919500.0,288570000.0,0.0,0.0,0.0,1691603000.0,626980000.0,1064623000.0,3417646009.0,2600000.0,-36000000.0,500000.0,-315100000.0,0.0,-402600000.0,-177900000.0,0.0,578700000.0,4400000.0,156700000.0,109100000.0,109100000.0,0.0,0.0,0.036,614900000.0,375400000.0,135533000.0,0.0,4.02,31.326,31.4,1050438000.0,47600000.0,20.41,1.114,1.114,418161000.0,394799000.0,3067500000.0,3067500000.0,0.0,0.027,0.135,0.151,0.122,0.0,513100000.0,1.0,167449584.0,167449584.0,,18.319,1994909000.0,51330000.0,140800000.0,215927000.0,11.913,149372000.0
79,SEE,MRT,2001-09-30,2001-09-30,2001-09-30,2021-08-03,-207561000.0,4018714000.0,4049787000.0,896829000.0,3121885000.0,0.761,4.927,-137949000.0,51534000.0,51534000.0,2080335000.0,180025000.0,1.377,2.213,1086857000.0,192335000.0,894522000.0,1086857000.0,0.0,221791000.0,0.0,0.0,0.0,415741000.0,637532000.0,0.207,637532000.0,415741000.0,335561000.0,0.985,0.745,0.985,824944000.0,786006500.0,824944000.0,4133574715.0,10.0,6.484,300273000.0,1.793,1.0,1001911000.0,0.325,1914806000.0,80180000.0,2487943000.0,2570660750.0,299308000.0,0.0,0.0,0.0,1825853000.0,651288000.0,1174565000.0,3055474715.0,45283000.0,-73127000.0,-3177000.0,-671000.0,0.0,-188134000.0,-211076000.0,0.0,438222000.0,6271000.0,180025000.0,165121000.0,165121000.0,0.0,0.0,0.054,587740000.0,414171000.0,142880000.0,0.0,3.704,18.504,18.523,1039027000.0,14904000.0,18.245,0.991,0.991,486040000.0,369998000.0,3082246000.0,3082246000.0,0.0,0.041,0.21,0.162,0.135,0.0,512723000.0,1.0,167469154.0,167424000.0,,18.41,2103908000.0,0.0,155536000.0,303620000.0,12.566,245541000.0
80,SEE,MRT,2001-06-30,2001-06-30,2001-06-30,2021-08-03,-200072000.0,4013235000.0,4042508750.0,890834000.0,3122401000.0,0.764,4.76,-135516000.0,64675000.0,64675000.0,2083539000.0,190329000.0,1.428,2.306,1142775000.0,209056000.0,933719000.0,1142775000.0,0.0,223726000.0,0.0,0.0,0.0,428843000.0,652569000.0,0.211,652569000.0,428843000.0,352449000.0,1.07,0.79,1.07,796476000.0,749051250.0,796476000.0,4239118881.0,10.0,6.496,283608000.0,1.695,1.0,1005741000.0,0.326,1927239000.0,76394000.0,2540320000.0,2577819500.0,307433000.0,0.0,0.0,0.0,1836331000.0,623776000.0,1212555000.0,3116242881.0,45909000.0,-221287000.0,-7297000.0,314460000.0,0.0,-24677000.0,-356803000.0,0.0,419124000.0,8265000.0,190329000.0,179111000.0,179111000.0,0.0,0.0,0.058,586594000.0,419147000.0,153662000.0,0.0,3.913,17.398,17.407,1021558000.0,11218000.0,18.625,1.009,1.009,460610000.0,339392000.0,3089280000.0,3089280000.0,0.0,0.044,0.239,0.166,0.139,0.0,516172000.0,1.0,167315054.0,167320000.0,,18.463,2085996000.0,0.0,162120000.0,280855000.0,12.467,267058000.0
81,SEE,MRT,2001-03-31,2001-03-31,2001-03-31,2021-08-03,-197930000.0,4076317000.0,4005469500.0,945791000.0,3130526000.0,0.77,4.599,-126551000.0,102358000.0,102358000.0,2066962000.0,204896000.0,1.476,2.504,1225234000.0,222946000.0,1002288000.0,1225234000.0,0.0,221717000.0,0.0,0.0,0.0,447627000.0,669344000.0,0.217,669344000.0,447627000.0,376188000.0,1.14,0.86,1.14,769477000.0,709127250.0,769477000.0,4012308015.0,9.0,5.994,231972000.0,1.387,1.0,1017560000.0,0.33,1942936000.0,71439000.0,2615689000.0,2515546000.0,313506000.0,0.0,0.0,0.0,1926412000.0,640568000.0,1285844000.0,2787238015.0,84637000.0,-209999000.0,-8100000.0,393120000.0,0.0,47031000.0,-336550000.0,0.0,358523000.0,15633000.0,204896000.0,190512000.0,190512000.0,0.0,0.0,0.062,581358000.0,436202000.0,162365000.0,0.0,3.622,14.63,14.618,1015314000.0,14384000.0,16.665,0.904,0.904,473692000.0,313932000.0,3084522000.0,3084522000.0,0.0,0.048,0.269,0.178,0.145,0.0,518716000.0,1.0,167251006.0,167298000.0,,18.437,2133381000.0,0.0,171292000.0,285769000.0,12.752,305223000.0
82,SEE,MRT,2000-12-31,2000-12-31,2000-12-31,2021-08-03,-186258000.0,4090882000.0,3954388750.0,919864000.0,3171018000.0,0.776,4.501,-111448000.0,11229000.0,11229000.0,2032410000.0,225319000.0,1.282,2.583,1236299000.0,291846000.0,944453000.0,1236299000.0,0.0,219641000.0,0.0,0.0,0.0,477942000.0,697583000.0,0.227,697583000.0,477942000.0,413429000.0,1.235,0.965,1.235,753129000.0,667198000.0,753129000.0,3606339820.0,8.0,5.17,217965000.0,1.303,1.0,1035304000.0,0.337,1959909000.0,64513000.0,2638691000.0,2428571250.0,309116000.0,0.0,0.0,0.0,1945380000.0,717352000.0,1228028000.0,2551606820.0,-2443000.0,-237541000.0,-22012000.0,420869000.0,0.0,7671000.0,-348989000.0,0.0,329413000.0,9462000.0,225319000.0,206336000.0,206336000.0,0.0,0.0,0.067,566841000.0,468463000.0,140532000.0,0.0,3.388,12.366,12.348,1032141000.0,18983000.0,15.25,0.832,0.832,548719000.0,293126000.0,3067714000.0,3067714000.0,0.0,0.052,0.309,0.197,0.156,0.0,516312000.0,1.0,167318480.0,167318480.0,,18.335,2130973000.0,50031000.0,188110000.0,215399000.0,12.736,202512000.0
83,SEE,MRT,2000-09-30,2000-09-30,2000-09-30,2021-08-03,-180006000.0,3989601000.0,3895476500.0,871714000.0,3117887000.0,0.8,4.044,-103005000.0,6251000.0,6251000.0,2076964000.0,223471000.0,1.433,2.624,1060984000.0,176289000.0,884695000.0,1060984000.0,0.0,143252000.0,0.0,0.0,0.0,469805000.0,613057000.0,0.197,613057000.0,469805000.0,411674000.0,1.01,0.93,1.01,677123000.0,616673250.0,677123000.0,4611097611.0,10.0,7.521,277358000.0,1.656,1.0,1037636000.0,0.333,1919375000.0,58131000.0,2516578000.0,2324945000.0,298629000.0,0.0,0.0,0.0,1776669000.0,608381000.0,1168288000.0,3790145611.0,-68152000.0,-191883000.0,-14867000.0,156676000.0,0.0,-166786000.0,-294888000.0,0.0,380363000.0,13159000.0,223471000.0,168881000.0,168881000.0,0.0,0.0,0.054,575269000.0,462367000.0,160648000.0,0.0,5.597,22.443,22.401,1018278000.0,54590000.0,22.625,1.217,1.216,491335000.0,245511000.0,3114600000.0,3114600000.0,0.0,0.043,0.274,0.202,0.151,0.0,524596000.0,1.0,167520248.0,167446000.0,,18.601,2070226000.0,0.0,188203000.0,268387000.0,12.364,263333000.0
84,SEE,MRT,2000-06-30,2000-06-30,2000-06-30,2021-08-03,-173100000.0,3865078000.0,3887137750.0,848830000.0,3016248000.0,0.786,3.805,-96938000.0,18766000.0,18766000.0,2014694000.0,222469000.0,1.541,2.403,839718000.0,149443000.0,690275000.0,839718000.0,0.0,143892000.0,0.0,0.0,0.0,467357000.0,611249000.0,0.2,611249000.0,467357000.0,411677000.0,0.94,0.915,0.94,636780000.0,571847250.0,636780000.0,5206085943.0,11.0,8.517,307569000.0,1.838,1.0,1041406000.0,0.341,1843946000.0,55680000.0,2291226000.0,2263205250.0,272291000.0,0.0,0.0,0.0,1529881000.0,550858000.0,979023000.0,4381061943.0,-41261000.0,-45248000.0,-24719000.0,-132234000.0,0.0,-312738000.0,-142186000.0,0.0,404507000.0,9156000.0,222469000.0,157077000.0,157077000.0,0.0,0.0,0.051,575040000.0,466366000.0,159305000.0,0.0,6.88,27.891,27.862,995590000.0,65392000.0,26.19,1.434,1.434,483415000.0,206788000.0,3056100000.0,3056100000.0,0.0,0.04,0.275,0.207,0.153,0.0,525527000.0,1.0,167279952.0,167348000.0,,18.262,2021132000.0,0.0,189208000.0,252862000.0,12.077,297972000.0
85,SEE,MRT,2000-03-31,2000-03-31,2000-03-31,2021-08-03,-166914000.0,3871994000.0,3910029750.0,830985000.0,3041009000.0,0.766,3.598,-78963000.0,17721000.0,17721000.0,1953367000.0,219830000.0,1.454,2.607,842745000.0,135843000.0,706902000.0,842745000.0,0.0,145853000.0,0.0,0.0,0.0,465085000.0,610938000.0,0.204,610938000.0,465085000.0,408590000.0,0.92,0.895,0.92,601760000.0,530247500.0,601760000.0,5363336110.0,12.0,8.779,386786000.0,2.313,1.0,1041013000.0,0.348,1857843000.0,56495000.0,2267790000.0,2300893000.0,265675000.0,0.0,0.0,0.0,1568827000.0,571385000.0,997442000.0,4552331110.0,-67559000.0,-53353000.0,-22253000.0,-229243000.0,0.0,-406762000.0,-132316000.0,0.0,465749000.0,5770000.0,219830000.0,153558000.0,153558000.0,0.0,0.0,0.051,577733000.0,463280000.0,173024000.0,0.0,7.565,29.646,29.516,1006448000.0,66272000.0,27.155,1.52,1.517,473055000.0,169959000.0,2994380000.0,2994380000.0,0.0,0.039,0.29,0.202,0.155,0.0,528270000.0,1.0,167642464.0,167258000.0,,17.903,2014151000.0,0.0,188760000.0,279497000.0,12.042,259600000.0
86,SEE,MRT,1999-12-31,1999-12-31,1999-12-31,2021-08-03,-169519000.0,3855233000.0,3946686250.0,803224000.0,3052009000.0,0.743,3.299,-71474000.0,13672000.0,13672000.0,1903131000.0,211461000.0,1.38,2.799,824677000.0,159561000.0,665116000.0,824677000.0,0.0,146549000.0,0.0,0.0,0.0,453779000.0,600328000.0,0.205,600328000.0,453779000.0,395653000.0,0.845,0.84,0.845,551030000.0,489311250.0,551030000.0,5191940216.0,11.0,8.649,358880000.0,2.149,1.0,1028722000.0,0.351,1859958000.0,58126000.0,2224186000.0,2338917000.0,245934000.0,0.0,0.0,0.0,1542541000.0,582094000.0,960447000.0,4327014216.0,-31314000.0,-25811000.0,-8341000.0,-259674000.0,0.0,-367183000.0,-97285000.0,0.0,430354000.0,2800000.0,211461000.0,141607000.0,141607000.0,0.0,0.0,0.048,576530000.0,452192000.0,175166000.0,0.0,7.853,30.556,30.657,1023409000.0,69854000.0,25.905,1.476,1.476,470046000.0,132073000.0,2931853000.0,2931853000.0,0.0,0.036,0.289,0.194,0.155,0.0,527126000.0,1.0,167033940.0,167033940.0,,17.552,1995275000.0,72090000.0,184192000.0,214906000.0,11.945,221130000.0
87,SEE,MRT,1999-09-30,1999-09-30,1999-09-30,2021-08-03,-172411000.0,3956246000.0,3992860500.0,873480000.0,3082766000.0,0.722,2.976,-76596000.0,74403000.0,74403000.0,1866695000.0,216011000.0,1.287,3.356,939329000.0,238115000.0,701214000.0,939329000.0,0.0,170051000.0,0.0,0.0,0.0,462219000.0,632270000.0,0.219,632270000.0,462219000.0,404194000.0,0.925,0.915,0.925,497819000.0,460815000.0,497819000.0,5224457021.0,11.0,8.263,369303000.0,2.207,1.0,1016983000.0,0.353,1873088000.0,58025000.0,2269619000.0,2441339250.0,263415000.0,0.0,0.0,0.0,1670489000.0,678465000.0,992024000.0,4290496021.0,34489000.0,-16473000.0,-19122000.0,-206358000.0,0.0,-313533000.0,-93069000.0,0.0,445899000.0,-4808000.0,216011000.0,145453000.0,145453000.0,0.0,0.0,0.05,553099000.0,463884000.0,168841000.0,0.0,8.619,29.497,27.735,1030700000.0,70558000.0,25.655,1.488,1.488,465351000.0,89884000.0,2883678000.0,2883678000.0,0.0,0.036,0.316,0.189,0.16,0.0,527933000.0,1.0,167238200.0,167296000.0,,17.237,2083158000.0,0.0,188183000.0,248577000.0,12.452,195015000.0
88,SEE,MRT,1999-06-30,1999-06-30,1999-06-30,2021-08-03,-169770000.0,3956646000.0,4006120000.0,851436000.0,3105210000.0,0.712,2.812,-82684000.0,60027000.0,60027000.0,1852393000.0,108196000.0,1.508,3.61,993988000.0,148656000.0,845332000.0,993988000.0,0.0,167397000.0,0.0,0.0,0.0,331079000.0,498476000.0,0.175,498476000.0,331079000.0,268717000.0,0.285,0.275,0.285,470381000.0,469138500.0,470381000.0,6416936553.0,19.0,12.873,353559000.0,2.114,1.0,1000832000.0,0.351,1883948000.0,62362000.0,2441977000.0,2619776500.0,269065000.0,0.0,0.0,0.0,1698305000.0,564682000.0,1133623000.0,5417532553.0,25963000.0,-14948000.0,-15389000.0,-211398000.0,0.0,-308112000.0,-97632000.0,0.0,436243000.0,-4536000.0,108196000.0,38334000.0,38334000.0,0.0,0.0,0.013,663924000.0,336908000.0,163992000.0,0.0,11.517,141.324,113.825,1043403000.0,69862000.0,32.44,1.899,1.902,450118000.0,54051000.0,2853225000.0,2853225000.0,0.0,0.01,0.082,0.126,0.116,0.0,528206000.0,1.0,167001620.0,167252000.0,,17.059,2072698000.0,0.0,160521000.0,249315000.0,12.393,286754000.0
89,SEE,MRT,1999-03-31,1999-03-31,1999-03-31,2021-08-03,-162408000.0,4018620000.0,4082753500.0,875614000.0,3143006000.0,0.693,2.627,-83087000.0,85280000.0,85280000.0,1853797000.0,92569000.0,1.245,4.089,1084684000.0,278857000.0,805827000.0,1084684000.0,0.0,167948000.0,0.0,0.0,0.0,310077000.0,478025000.0,0.169,478025000.0,310077000.0,241811000.0,0.19,0.18,0.19,438015000.0,458336000.0,438015000.0,5143374493.0,17.0,10.76,337675000.0,2.025,1.0,974312000.0,0.345,1894863000.0,68266000.0,2419886000.0,2654896500.0,269504000.0,0.0,0.0,0.0,1790898000.0,703275000.0,1087623000.0,4106703493.0,25768000.0,-8308000.0,-17052000.0,-240029000.0,0.0,-299227000.0,-91395000.0,0.0,420762000.0,-4372000.0,92569000.0,22546000.0,22546000.0,0.0,0.0,0.008,655726000.0,318586000.0,167089000.0,0.0,9.376,182.148,129.447,1070809000.0,70023000.0,24.595,1.452,1.45,449204000.0,20738000.0,2828109000.0,2828109000.0,0.0,0.006,0.049,0.117,0.11,0.0,520321000.0,1.0,166973104.0,166728000.0,,16.962,2123757000.0,0.0,149242000.0,264468000.0,12.738,172339000.0
90,SEE,MRT,1998-12-31,1998-12-31,1998-12-31,2021-08-03,-121729000.0,4039930000.0,2843380500.0,844614000.0,3195316000.0,0.907,2.619,-81267000.0,44986000.0,44986000.0,1711471000.0,73007000.0,1.579,4.146,1081657000.0,85131000.0,996526000.0,1081657000.0,0.0,141457000.0,0.0,0.0,0.0,252576000.0,394033000.0,0.153,394033000.0,252576000.0,198947000.0,0.02,0.01,0.02,437045000.0,894836500.0,437045000.0,5429149191.0,21.0,13.778,330379000.0,1.98,1.0,868736000.0,0.337,1907736000.0,53629000.0,2633875000.0,2041828000.0,275312000.0,0.0,0.0,0.0,1811792000.0,534990000.0,1276802000.0,4259663191.0,44986000.0,42951000.0,-17052000.0,1015347000.0,0.0,-325093000.0,-38316000.0,0.0,411646000.0,-3251000.0,73007000.0,2873000.0,2873000.0,0.0,0.0,0.001,609404000.0,259332000.0,176594000.0,0.0,9.747,1482.653,1276.5,1116582000.0,70134000.0,25.53,1.651,1.651,453124000.0,-7966000.0,2580207000.0,2580207000.0,0.0,0.001,0.003,0.124,0.098,0.0,486160000.0,1.0,166849322.0,166849322.0,,15.464,2132194000.0,70634000.0,125940000.0,200699000.0,12.779,309624000.0
91,SEE,MRT,1998-09-30,1998-09-30,1998-09-30,2021-08-03,,,,,,,,,,,1187109000.0,173732000.0,,,,,,,,,,0.0,0.0,262856000.0,,,,262856000.0,262856000.0,1.38,1.305,1.38,,,,3824199305.0,15.0,,,,1.0,646002000.0,0.352,,0.0,,,,,,,,,,2654713305.0,,,,,,,,,,,172916000.0,83677000.0,83677000.0,0.0,816000.0,0.046,378258000.0,267744000.0,,0.0,,31.726,11.551,,89239000.0,15.94,1.448,1.455,,,1833111000.0,1833111000.0,0.0,,,,0.143,,363454000.0,1.0,166544122.0,167274000.0,,10.959,,,89940000.0,,,
92,SEE,MRT,1998-06-30,1998-06-30,1998-06-30,2021-08-03,-142732000.0,4055594000.0,,800991000.0,3254603000.0,,3.758,-79765000.0,34064000.0,34064000.0,1187109000.0,173732000.0,1.502,3.818,1203550000.0,164062000.0,1039488000.0,1203550000.0,0.0,142243000.0,0.0,0.0,0.0,263672000.0,405915000.0,0.221,405915000.0,263672000.0,263672000.0,1.38,1.305,1.38,467896000.0,,467896000.0,4328147242.0,16.0,10.663,247285000.0,1.986,1.0,646002000.0,0.352,1894398000.0,0.0,2797576000.0,,301492000.0,0.0,0.0,0.0,1786605000.0,533106000.0,1253499000.0,3060248242.0,34064000.0,47479000.0,0.0,1137269000.0,0.0,-261622000.0,-32286000.0,0.0,327050000.0,,173732000.0,83677000.0,83677000.0,0.0,0.0,0.046,378258000.0,267744000.0,163166000.0,0.0,6.54,36.572,13.315,1180598000.0,90055000.0,18.375,1.669,1.248,423544000.0,17554000.0,1833111000.0,1833111000.0,0.0,,,,0.144,0.0,363454000.0,1.0,166544122.0,124498000.0,,14.724,2161196000.0,0.0,89940000.0,154908000.0,17.359,267885000.0
93,SEE,MRT,1998-03-31,1998-03-31,1998-03-31,2021-08-03,-140171000.0,4146887000.0,,846386000.0,3300501000.0,,5.888,,59512000.0,59512000.0,1043692000.0,176426000.0,1.368,3.901,1327411000.0,284270000.0,1043141000.0,1327411000.0,0.0,,0.0,0.0,0.0,239459000.0,,,,239459000.0,259986000.0,1.53,1.455,1.53,478657000.0,,478657000.0,2831483113.0,12.0,,,,1.0,582625000.0,0.358,1906278000.0,-20527000.0,2889907000.0,,312609000.0,0.0,0.0,0.0,1867137000.0,618601000.0,1248536000.0,2791888113.0,,,,,,,,,,,176426000.0,104382000.0,104382000.0,0.0,0.0,0.064,337762000.0,244863000.0,152687000.0,0.0,5.833,26.747,21.405,1214894000.0,72044000.0,32.75,1.717,1.637,416865000.0,27052000.0,1626317000.0,1626317000.0,0.0,,,,0.147,,325348000.0,1.0,85248492.0,81296000.0,,20.005,2240609000.0,0.0,83560000.0,140266000.0,27.561,227785000.0
94,SEE,MRT,1997-12-31,1997-12-31,1997-12-31,2021-08-03,-130054000.0,1646831000.0,1056975000.0,527358000.0,1119473000.0,1.734,15.867,-100115000.0,0.0,0.0,1187109000.0,173732000.0,2.872,0.218,0.0,0.0,0.0,0.0,0.0,106563000.0,0.0,0.0,0.0,263672000.0,370235000.0,0.202,370235000.0,263672000.0,263672000.0,1.27,1.195,1.27,1352628000.0,769638500.0,1352628000.0,,,,135199000.0,1.586,1.0,646002000.0,0.352,13433000.0,0.0,1449781000.0,910743000.0,225976000.0,0.0,0.0,0.0,294203000.0,183617000.0,110586000.0,2632047190.0,0.0,-15224000.0,0.0,0.0,0.0,-119975000.0,-115339000.0,0.0,235314000.0,-614000.0,173732000.0,101688000.0,101688000.0,0.0,0.0,0.055,378258000.0,267744000.0,114907000.0,0.0,1.946,25.884,24.311,1040152000.0,72044000.0,30.875,1.436,1.436,272194000.0,95942000.0,1833111000.0,1833111000.0,0.0,0.096,0.132,0.29,0.144,0.0,363454000.0,1.0,85248492.0,85248492.0,,21.503,1633398000.0,22323000.0,89940000.0,13939000.0,19.16,343741000.0
95,SEE,MRT,1997-09-30,1997-09-30,1997-09-30,2021-08-03,,,,,,,,,,,,,,,,,,,,,,0.0,0.0,,,,,,,,,,,,,,,,,,1.0,,,,,,,,,,,,,,,,,,,,,,,,,,,,,,,,,,,,,,,,27.5,,,,,,,,,,,,,,1.0,,167274000.0,,,,,,,,
96,SEE,MRT,1997-06-30,1997-06-30,1997-06-30,2021-08-03,,,,,,,,,,,,,,,,,,,,,,0.0,0.0,,,,,,,,,,,,,,,,,,1.0,,,,,,,,,,,,,,,,,,,,,,,,,,,,,,,,,,,,,,,,23.75,,,,,,,,,,,,,,1.0,,78806000.0,,,,,,,,
97,SEE,MRT,1997-03-31,1997-03-31,1997-03-31,2021-08-03,,,,,,,,,,,,,,,,,,,,,,0.0,0.0,,,,,,,,,,,,,,,,,,1.0,,,,,,,,,,,,,,,,,,,,,,,,,,,,,,,,,,,,,,,,20.565,,,,,,,,,,,,,,1.0,,81512000.0,,,,,,,,
98,SEE,MRT,1996-12-31,1996-12-31,1996-12-31,2021-08-03,8615000.0,467119000.0,,206966000.0,260153000.0,,,-293046000.0,2985000.0,2985000.0,1151006000.0,99830000.0,1.398,1.503,115465000.0,15565000.0,99900000.0,115465000.0,0.0,90914000.0,0.0,0.0,0.0,169822000.0,260736000.0,0.15,260736000.0,169822000.0,169822000.0,0.28,0.275,0.28,186649000.0,,186649000.0,,,,-85445000.0,,1.0,590596000.0,0.339,59838000.0,0.0,371705000.0,,57231000.0,0.0,0.0,0.0,280470000.0,148056000.0,132414000.0,,0.0,-16037000.0,0.0,0.0,0.0,101482000.0,-309083000.0,0.0,207601000.0,-76000.0,99830000.0,27786000.0,27786000.0,0.0,0.0,0.016,417096000.0,173500000.0,46934000.0,0.0,,,74.321,174562000.0,72044000.0,20.81,,,132462000.0,16021000.0,1741602000.0,1741602000.0,0.0,,,,0.098,0.0,341807000.0,1.0,,,,,407281000.0,13193000.0,69992000.0,35571000.0,,58910000.0
99,SEE,MRT,1995-12-31,1995-12-31,1995-12-31,2021-08-03,,,,,,,,-20280000.0,,,466952000.0,52728000.0,,,,,,,,35280000.0,,0.0,0.0,106260000.0,141540000.0,0.196,141540000.0,106260000.0,87154000.0,0.625,,0.625,,,,,,,54938000.0,,1.0,256168000.0,0.354,,19106000.0,,,,,,,,,,,-3492000.0,-27713000.0,0.0,-30912000.0,0.0,-30912000.0,-47993000.0,0.0,75218000.0,195000.0,52728000.0,52728000.0,52728000.0,0.0,0.0,0.073,147288000.0,108880000.0,,0.0,,,22.4,,0.0,14.0,,,,,723120000.0,723120000.0,0.0,,,,0.147,3556000.0,147288000.0,1.0,,,,,,,34426000.0,,,
