None,ticker,dimension,calendardate,datekey,reportperiod,lastupdated,accoci,assets,assetsavg,assetsc,assetsnc,assetturnover,bvps,capex,cashneq,cashnequsd,cor,consolinc,currentratio,de,debt,debtc,debtnc,debtusd,deferredrev,depamor,deposits,divyield,dps,ebit,ebitda,ebitdamargin,ebitdausd,ebitusd,ebt,eps,epsdil,epsusd,equity,equityavg,equityusd,ev,evebit,evebitda,fcf,fcfps,fxusd,gp,grossmargin,intangibles,intexp,invcap,invcapavg,inventory,investments,investmentsc,investmentsnc,liabilities,liabilitiesc,liabilitiesnc,marketcap,ncf,ncfbus,ncfcommon,ncfdebt,ncfdiv,ncff,ncfi,ncfinv,ncfo,ncfx,netinc,netinccmn,netinccmnusd,netincdis,netincnci,netmargin,opex,opinc,payables,payoutratio,pb,pe,pe1,ppnenet,prefdivis,price,ps,ps1,receivables,retearn,revenue,revenueusd,rnd,roa,roe,roic,ros,sbcomp,sgna,sharefactor,sharesbas,shareswa,shareswadil,sps,tangibles,taxassets,taxexp,taxliabilities,tbvps,workingcapital
0,ANDV,MRY,2017-12-31,2017-12-31,2017-12-31,2019-10-18,-252000000.0,28573000000.0,25889250000.0,6883000000.0,21690000000.0,1.351,70.057,-1346000000.0,543000000.0,543000000.0,31662000000.0,1683000000.0,1.376,1.544,7685000000.0,17000000.0,7668000000.0,7685000000.0,0.0,1021000000.0,0.0,0.02,2.28,1407000000.0,2428000000.0,0.069,2428000000.0,1407000000.0,968000000.0,10.91,10.81,10.91,9815000000.0,8321000000.0,9815000000.0,24969732883.0,18.0,10.284,284000000.0,2.027,1.0,3313000000.0,0.095,4879000000.0,439000000.0,25835000000.0,24010250000.0,3630000000.0,0.0,0.0,0.0,15158000000.0,5001000000.0,10157000000.0,17836732883.0,-2752000000.0,-1149000000.0,-688000000.0,-1349000000.0,-314000000.0,-1939000000.0,-2443000000.0,0.0,1630000000.0,0.0,1528000000.0,1528000000.0,1528000000.0,0.0,155000000.0,0.044,1788000000.0,1525000000.0,3330000000.0,0.209,1.817,11.673,10.48,14742000000.0,0.0,114.34,0.51,0.458,1961000000.0,7651000000.0,34975000000.0,34975000000.0,0.0,0.059,0.184,0.059,0.04,69000000.0,742000000.0,1.0,155997314.0,140100000,141300000.0,249.643,23694000000.0,0.0,-560000000.0,1591000000.0,169.122,1882000000.0
1,ANDV,MRY,2016-12-31,2016-12-31,2016-12-31,2019-10-18,-188000000.0,20398000000.0,18006500000.0,7414000000.0,12984000000.0,1.365,46.118,-894000000.0,3295000000.0,3295000000.0,21840000000.0,860000000.0,2.086,2.245,6933000000.0,465000000.0,6468000000.0,6933000000.0,0.0,851000000.0,0.0,0.024,2.1,1435000000.0,2286000000.0,0.093,2286000000.0,1435000000.0,1161000000.0,6.19,6.12,6.19,5465000000.0,5431250000.0,5465000000.0,13500872312.0,9.0,5.906,410000000.0,3.46,1.0,2742000000.0,0.112,1467000000.0,274000000.0,19015000000.0,17362000000.0,2640000000.0,0.0,0.0,0.0,12271000000.0,3554000000.0,8717000000.0,10220872312.0,2353000000.0,-446000000.0,-248000000.0,2779000000.0,-249000000.0,2366000000.0,-1317000000.0,0.0,1304000000.0,0.0,734000000.0,734000000.0,734000000.0,0.0,126000000.0,0.03,1261000000.0,1481000000.0,2032000000.0,0.339,1.87,13.925,14.128,9976000000.0,0.0,87.45,0.416,0.422,1108000000.0,6437000000.0,24582000000.0,24582000000.0,0.0,0.041,0.135,0.083,0.058,35000000.0,401000000.0,1.0,116876756.0,118500000,119900000.0,207.443,18931000000.0,0.0,427000000.0,1428000000.0,159.755,3860000000.0
2,ANDV,MRY,2015-12-31,2015-12-31,2015-12-31,2019-10-18,-149000000.0,16332000000.0,16476750000.0,4307000000.0,12025000000.0,1.743,42.313,-1030000000.0,942000000.0,942000000.0,24700000000.0,1690000000.0,1.702,1.648,4073000000.0,6000000.0,4067000000.0,4073000000.0,0.0,756000000.0,0.0,0.018,1.85,2693000000.0,3449000000.0,0.12,3449000000.0,2693000000.0,2476000000.0,12.5,12.36,12.5,5213000000.0,4990250000.0,5213000000.0,15517539082.0,6.0,4.499,1101000000.0,8.937,1.0,4011000000.0,0.14,1211000000.0,217000000.0,15722000000.0,15544750000.0,2302000000.0,0.0,0.0,0.0,8592000000.0,2530000000.0,6062000000.0,12685539082.0,-58000000.0,-97000000.0,-631000000.0,-111000000.0,-228000000.0,-1060000000.0,-1129000000.0,0.0,2131000000.0,0.0,1540000000.0,1540000000.0,1540000000.0,0.0,150000000.0,0.054,1184000000.0,2827000000.0,1568000000.0,0.148,2.433,8.237,8.43,9541000000.0,0.0,105.37,0.442,0.452,792000000.0,5954000000.0,28711000000.0,28711000000.0,0.0,0.093,0.309,0.173,0.094,37000000.0,386000000.0,1.0,120390425.0,123200000,124600000.0,233.044,15121000000.0,0.0,936000000.0,1222000000.0,122.735,1777000000.0
3,ANDV,MRY,2014-12-31,2014-12-31,2014-12-31,2019-10-18,-149000000.0,16491000000.0,14588750000.0,5074000000.0,11417000000.0,2.785,34.661,-685000000.0,1000000000.0,1000000000.0,38089000000.0,888000000.0,1.479,2.136,4161000000.0,0.0,4161000000.0,4161000000.0,0.0,562000000.0,0.0,0.015,1.1,1625000000.0,2187000000.0,0.054,2187000000.0,1625000000.0,1390000000.0,6.56,6.44,6.56,4454000000.0,4414000000.0,4454000000.0,10794341029.0,7.0,4.936,679000000.0,5.284,1.0,2544000000.0,0.063,1222000000.0,235000000.0,15000000000.0,12737000000.0,2439000000.0,0.0,0.0,0.0,9515000000.0,3430000000.0,6085000000.0,9386341029.0,-238000000.0,-2496000000.0,468000000.0,1402000000.0,-141000000.0,1570000000.0,-3172000000.0,0.0,1364000000.0,0.0,843000000.0,843000000.0,843000000.0,0.0,45000000.0,0.021,912000000.0,1632000000.0,2483000000.0,0.168,2.107,11.134,11.334,9045000000.0,0.0,74.35,0.231,0.235,1435000000.0,4642000000.0,40633000000.0,40633000000.0,0.0,0.058,0.191,0.128,0.04,35000000.0,346000000.0,1.0,126245340.0,128500000,130800000.0,316.21,15269000000.0,0.0,547000000.0,1134000000.0,118.825,1644000000.0
4,ANDV,MRY,2013-12-31,2013-12-31,2013-12-31,2019-10-18,-52000000.0,13389000000.0,13141000000.0,5326000000.0,8063000000.0,2.861,31.867,-570000000.0,1238000000.0,1238000000.0,35996000000.0,454000000.0,1.563,1.837,2823000000.0,0.0,2823000000.0,2823000000.0,0.0,490000000.0,0.0,0.015,0.9,807000000.0,1297000000.0,0.034,1297000000.0,807000000.0,658000000.0,3.05,3.0,3.05,4302000000.0,4345500000.0,4302000000.0,9642702654.0,12.0,7.435,289000000.0,2.141,1.0,1605000000.0,0.043,263000000.0,149000000.0,11303000000.0,10992000000.0,2565000000.0,0.0,0.0,0.0,7904000000.0,3408000000.0,4496000000.0,7770702654.0,-401000000.0,-2013000000.0,334000000.0,1187000000.0,-121000000.0,1317000000.0,-2577000000.0,0.0,859000000.0,0.0,412000000.0,412000000.0,412000000.0,0.0,42000000.0,0.011,850000000.0,755000000.0,2596000000.0,0.295,1.806,18.861,19.18,6875000000.0,0.0,58.5,0.207,0.21,1313000000.0,3940000000.0,37601000000.0,37601000000.0,0.0,0.031,0.095,0.073,0.021,68000000.0,337000000.0,1.0,132832524.0,135000000,137300000.0,278.526,13126000000.0,0.0,246000000.0,1018000000.0,97.23,1918000000.0
5,ANDV,MRY,2012-12-31,2012-12-31,2012-12-31,2019-10-18,-137000000.0,10702000000.0,10501250000.0,4636000000.0,6066000000.0,2.839,30.495,-529000000.0,1639000000.0,1639000000.0,27450000000.0,770000000.0,1.609,1.403,1588000000.0,3000000.0,1585000000.0,1588000000.0,0.0,445000000.0,0.0,0.006,0.27,1435000000.0,1880000000.0,0.063,1880000000.0,1435000000.0,1270000000.0,5.33,5.25,5.33,4251000000.0,4123250000.0,4251000000.0,6405166992.0,4.0,3.407,1056000000.0,7.575,1.0,2359000000.0,0.079,214000000.0,165000000.0,7556000000.0,7568250000.0,1338000000.0,0.0,0.0,0.0,5965000000.0,2881000000.0,3084000000.0,6186166992.0,739000000.0,-170000000.0,79000000.0,-141000000.0,-38000000.0,-150000000.0,-696000000.0,0.0,1585000000.0,0.0,743000000.0,743000000.0,743000000.0,0.0,27000000.0,0.025,764000000.0,1595000000.0,2196000000.0,0.051,1.455,8.326,8.265,5232000000.0,0.0,44.05,0.208,0.206,1126000000.0,3649000000.0,29809000000.0,29809000000.0,0.0,0.071,0.18,0.19,0.048,97000000.0,297000000.0,1.0,140435119.0,139400000,141500000.0,213.838,10488000000.0,0.0,527000000.0,850000000.0,75.237,1755000000.0
6,ANDV,MRY,2011-12-31,2011-12-31,2011-12-31,2019-10-18,-75000000.0,9892000000.0,9722500000.0,4151000000.0,5741000000.0,2.796,25.941,-298000000.0,900000000.0,900000000.0,25371000000.0,563000000.0,1.278,1.612,1701000000.0,418000000.0,1283000000.0,1701000000.0,0.0,417000000.0,0.0,0.0,0.0,1084000000.0,1501000000.0,0.055,1501000000.0,1084000000.0,905000000.0,3.86,3.81,3.86,3668000000.0,3586750000.0,3668000000.0,3725519068.0,3.0,2.482,391000000.0,2.765,1.0,1811000000.0,0.067,226000000.0,179000000.0,7218000000.0,7399000000.0,1763000000.0,0.0,0.0,0.0,5914000000.0,3249000000.0,2665000000.0,3256519068.0,252000000.0,0.0,199000000.0,-312000000.0,0.0,-146000000.0,-291000000.0,0.0,689000000.0,0.0,546000000.0,546000000.0,546000000.0,0.0,17000000.0,0.02,682000000.0,1129000000.0,2305000000.0,0.0,0.888,5.964,6.052,5148000000.0,0.0,23.36,0.12,0.122,1272000000.0,2944000000.0,27182000000.0,27182000000.0,0.0,0.056,0.152,0.147,0.04,40000000.0,227000000.0,1.0,139405782.0,141400000,143300000.0,192.235,9666000000.0,0.0,359000000.0,815000000.0,68.359,902000000.0
7,ANDV,MRY,2010-12-31,2010-12-31,2010-12-31,2019-10-18,-50000000.0,8732000000.0,8419750000.0,2928000000.0,5804000000.0,2.445,22.866,-297000000.0,648000000.0,648000000.0,19725000000.0,-29000000.0,1.173,1.716,1995000000.0,152000000.0,1843000000.0,1995000000.0,0.0,422000000.0,0.0,0.0,0.0,130000000.0,552000000.0,0.027,552000000.0,130000000.0,-25000000.0,-0.21,-0.21,-0.21,3215000000.0,3127000000.0,3215000000.0,4162192870.0,32.0,7.54,88000000.0,0.626,1.0,858000000.0,0.042,246000000.0,155000000.0,7337000000.0,7411500000.0,1257000000.0,0.0,0.0,0.0,5517000000.0,2496000000.0,3021000000.0,2654192870.0,235000000.0,0.0,3000000.0,147000000.0,0.0,145000000.0,-295000000.0,0.0,385000000.0,0.0,-29000000.0,-29000000.0,-29000000.0,0.0,0.0,-0.001,731000000.0,127000000.0,1852000000.0,0.0,0.826,-91.524,-88.286,5170000000.0,0.0,18.54,0.129,0.127,908000000.0,2398000000.0,20583000000.0,20583000000.0,0.0,-0.003,-0.009,0.018,0.006,55000000.0,242000000.0,1.0,143160349.0,140600000,140600000.0,146.394,8486000000.0,0.0,4000000.0,616000000.0,60.356,432000000.0
8,ANDV,MRY,2009-12-31,2009-12-31,2009-12-31,2019-10-18,-171000000.0,8070000000.0,8091750000.0,2223000000.0,5847000000.0,2.085,22.337,-437000000.0,413000000.0,413000000.0,16208000000.0,-140000000.0,1.177,1.614,1841000000.0,4000000.0,1837000000.0,1841000000.0,0.0,426000000.0,0.0,0.026,0.35,-58000000.0,368000000.0,0.022,368000000.0,-58000000.0,-188000000.0,-1.01,-1.01,-1.01,3087000000.0,3198250000.0,3087000000.0,3204775026.0,-55.0,8.709,226000000.0,1.635,1.0,664000000.0,0.039,255000000.0,130000000.0,7354000000.0,7271750000.0,622000000.0,0.0,0.0,0.0,4983000000.0,1889000000.0,3094000000.0,1899775026.0,393000000.0,0.0,2000000.0,214000000.0,-49000000.0,166000000.0,-436000000.0,0.0,663000000.0,0.0,-140000000.0,-140000000.0,-140000000.0,0.0,0.0,-0.008,721000000.0,-57000000.0,1441000000.0,-0.347,0.615,-13.57,-13.416,5190000000.0,0.0,13.55,0.113,0.111,1116000000.0,2427000000.0,16872000000.0,16872000000.0,0.0,-0.017,-0.044,-0.008,-0.003,44000000.0,221000000.0,1.0,140204799.0,138200000,138200000.0,122.084,7815000000.0,0.0,-48000000.0,505000000.0,56.548,334000000.0
9,ANDV,MRY,2008-12-31,2008-12-31,2008-12-31,2019-10-18,-191000000.0,7433000000.0,8645250000.0,1646000000.0,5787000000.0,3.287,23.523,-650000000.0,20000000.0,20000000.0,27177000000.0,278000000.0,1.142,1.31,1611000000.0,2000000.0,1609000000.0,1611000000.0,0.0,401000000.0,0.0,0.03,0.4,540000000.0,941000000.0,0.033,941000000.0,540000000.0,429000000.0,2.03,2.0,2.03,3218000000.0,3095750000.0,3218000000.0,3181474792.0,6.0,3.381,66000000.0,0.482,1.0,1239000000.0,0.044,358000000.0,111000000.0,7225000000.0,7174750000.0,787000000.0,0.0,0.0,0.0,4215000000.0,1441000000.0,2774000000.0,1823474792.0,-3000000.0,0.0,0.0,-56000000.0,-55000000.0,-109000000.0,-610000000.0,0.0,716000000.0,0.0,278000000.0,278000000.0,278000000.0,0.0,0.0,0.01,718000000.0,521000000.0,1027000000.0,0.197,0.567,6.559,6.488,5081000000.0,0.0,13.17,0.064,0.063,738000000.0,2616000000.0,28416000000.0,28416000000.0,0.0,0.032,0.09,0.075,0.019,11000000.0,325000000.0,1.0,138456704.0,136800000,139200000.0,207.719,7075000000.0,0.0,151000000.0,416000000.0,51.718,205000000.0
10,ANDV,MRY,2007-12-31,2007-12-31,2007-12-31,2019-10-18,-90000000.0,8128000000.0,7605750000.0,2600000000.0,5528000000.0,2.889,22.491,-747000000.0,23000000.0,23000000.0,20369000000.0,566000000.0,1.043,1.663,1659000000.0,2000000.0,1657000000.0,1659000000.0,0.0,357000000.0,0.0,0.007,0.35,996000000.0,1353000000.0,0.062,1353000000.0,996000000.0,905000000.0,4.17,4.06,4.17,3052000000.0,2970500000.0,3052000000.0,7970038490.0,8.0,5.891,575000000.0,4.237,1.0,1607000000.0,0.073,382000000.0,91000000.0,6888000000.0,6232750000.0,1200000000.0,0.0,0.0,0.0,5076000000.0,2494000000.0,2582000000.0,6534038490.0,-963000000.0,-2105000000.0,5000000.0,598000000.0,-48000000.0,553000000.0,-2838000000.0,0.0,1322000000.0,0.0,566000000.0,566000000.0,566000000.0,0.0,0.0,0.026,640000000.0,967000000.0,2004000000.0,0.084,2.141,11.544,11.439,4780000000.0,0.0,47.7,0.297,0.295,1243000000.0,2393000000.0,21976000000.0,21976000000.0,0.0,0.074,0.191,0.16,0.045,43000000.0,263000000.0,1.0,136981939.0,135700000,139500000.0,161.945,7746000000.0,0.0,339000000.0,388000000.0,57.082,106000000.0
11,ANDV,MRY,2006-12-31,2006-12-31,2006-12-31,2019-10-18,-68000000.0,5904000000.0,5632500000.0,2811000000.0,3093000000.0,3.214,18.397,-436000000.0,986000000.0,986000000.0,16314000000.0,801000000.0,1.681,1.36,1046000000.0,17000000.0,1029000000.0,1046000000.0,0.0,247000000.0,0.0,0.006,0.2,1363000000.0,1610000000.0,0.089,1610000000.0,1363000000.0,1286000000.0,5.89,5.73,5.89,2502000000.0,2248250000.0,2502000000.0,4584314160.0,3.0,2.847,703000000.0,5.169,1.0,1790000000.0,0.099,201000000.0,77000000.0,4091000000.0,4142750000.0,872000000.0,0.0,0.0,0.0,3402000000.0,1672000000.0,1730000000.0,4426314160.0,546000000.0,0.0,-139000000.0,-12000000.0,-27000000.0,-163000000.0,-430000000.0,0.0,1139000000.0,0.0,801000000.0,801000000.0,801000000.0,0.0,0.0,0.044,468000000.0,1322000000.0,1270000000.0,0.034,1.769,5.526,5.583,2687000000.0,0.0,32.885,0.244,0.247,861000000.0,1876000000.0,18104000000.0,18104000000.0,0.0,0.142,0.356,0.329,0.075,5000000.0,176000000.0,1.0,134599792.0,136000000,139800000.0,133.118,5703000000.0,0.0,485000000.0,377000000.0,41.934,1139000000.0
12,ANDV,MRY,2005-12-31,2005-12-31,2005-12-31,2019-10-18,-2000000.0,5097000000.0,4804425000.0,2215000000.0,2882000000.0,3.451,13.844,-258000000.0,440000000.0,440000000.0,15170000000.0,507000000.0,1.475,1.701,1047000000.0,3000000.0,1044000000.0,1047000000.0,0.0,186000000.0,0.0,0.003,0.1,1042000000.0,1228000000.0,0.074,1228000000.0,1042000000.0,831000000.0,3.72,3.6,3.72,1887000000.0,1675800000.0,1887000000.0,4716019280.0,5.0,3.84,500000000.0,3.668,1.0,1411000000.0,0.085,208000000.0,211000000.0,3994000000.0,3996525000.0,953000000.0,0.0,0.0,0.0,3210000000.0,1502000000.0,1708000000.0,4238019280.0,255000000.0,0.0,15000000.0,-201000000.0,-14000000.0,-249000000.0,-254000000.0,0.0,758000000.0,0.0,507000000.0,507000000.0,507000000.0,0.0,0.0,0.031,384000000.0,1027000000.0,1171000000.0,0.027,2.246,8.359,8.273,2467000000.0,0.0,30.775,0.256,0.253,718000000.0,1102000000.0,16581000000.0,16581000000.0,0.0,0.106,0.303,0.261,0.063,-1000000.0,179000000.0,1.0,137709806.0,136300000,140900000.0,121.651,4889000000.0,0.0,324000000.0,389000000.0,35.869,713000000.0
13,ANDV,MRY,2004-12-31,2004-12-31,2004-12-31,2019-10-18,0.0,4075000000.0,4086600000.0,1393000000.0,2682000000.0,3.001,10.13,-179000000.0,185000000.0,185000000.0,11229000000.0,328000000.0,1.403,2.071,1218000000.0,3000000.0,1215000000.0,1218000000.0,0.0,154000000.0,0.0,0.0,0.0,718000000.0,872000000.0,0.071,872000000.0,718000000.0,547000000.0,2.505,2.38,2.505,1327000000.0,1226175000.0,1327000000.0,3126172177.0,4.0,3.585,502000000.0,3.832,1.0,1033000000.0,0.084,216000000.0,171000000.0,3899000000.0,4022450000.0,616000000.0,0.0,0.0,0.0,2748000000.0,993000000.0,1755000000.0,2117772177.0,108000000.0,0.0,13000000.0,-401000000.0,0.0,-399000000.0,-174000000.0,0.0,681000000.0,0.0,328000000.0,328000000.0,328000000.0,0.0,0.0,0.027,320000000.0,713000000.0,687000000.0,0.0,1.596,6.457,6.359,2304000000.0,0.0,15.93,0.173,0.17,528000000.0,609000000.0,12262000000.0,12262000000.0,0.0,0.08,0.267,0.178,0.059,10000000.0,152000000.0,1.0,132942384.0,131000000,137800000.0,93.603,3859000000.0,0.0,219000000.0,293000000.0,29.458,400000000.0
14,ANDV,MRY,2003-12-31,2003-12-31,2003-12-31,2019-10-18,0.0,3661300000.0,3652550000.0,1024000000.0,2637300000.0,2.422,7.472,-101000000.0,77200000.0,77200000.0,8208000000.0,76000000.0,1.491,2.793,1608800000.0,3500000.0,1605300000.0,1608800000.0,0.0,148000000.0,0.0,0.0,0.0,336000000.0,484000000.0,0.055,484000000.0,336000000.0,123000000.0,0.59,0.585,0.59,965400000.0,936500000.0,965400000.0,2543006304.0,8.0,5.254,346000000.0,2.678,1.0,638000000.0,0.072,227300000.0,213000000.0,4278600000.0,4475050000.0,487300000.0,0.0,0.0,0.0,2695900000.0,687000000.0,2008900000.0,941506304.0,-33000000.0,0.0,1000000.0,-388000000.0,0.0,-410000000.0,-70000000.0,0.0,447000000.0,0.0,76000000.0,76000000.0,76000000.0,0.0,0.0,0.009,303000000.0,335000000.0,431800000.0,0.0,0.975,12.388,12.347,2251500000.0,0.0,7.285,0.106,0.106,414600000.0,281000000.0,8846000000.0,8846000000.0,0.0,0.021,0.081,0.075,0.038,0.0,138000000.0,1.0,129239026.0,129200000,130200000.0,68.467,3434000000.0,0.0,47000000.0,179200000.0,26.579,337000000.0
15,ANDV,MRY,2002-12-31,2002-12-31,2002-12-31,2019-10-18,0.0,3758800000.0,3665650000.0,1054200000.0,2704600000.0,1.942,7.336,-203500000.0,109800000.0,109800000.0,6865700000.0,-117000000.0,1.733,3.235,1976700000.0,70000000.0,1906700000.0,1976700000.0,0.0,130700000.0,0.0,0.0,0.0,-18700000.0,112000000.0,0.016,112000000.0,-18700000.0,-181300000.0,-0.965,-0.965,-0.965,887600000.0,920500000.0,887600000.0,2311833729.0,-124.0,20.641,-145700000.0,-1.204,1.0,253600000.0,0.036,241700000.0,162600000.0,4775700000.0,4593100000.0,461500000.0,0.0,0.0,0.0,2871200000.0,608300000.0,2262900000.0,292033729.0,57900000.0,-931500000.0,245100000.0,732600000.0,0.0,940800000.0,-940700000.0,0.0,57800000.0,0.0,-117000000.0,-117000000.0,-117000000.0,0.0,0.0,-0.016,272300000.0,-18700000.0,338600000.0,0.0,0.329,-2.496,-2.342,2303400000.0,0.0,2.26,0.041,0.038,412200000.0,204900000.0,7119300000.0,7119300000.0,0.0,-0.032,-0.127,-0.004,-0.003,0.0,133200000.0,1.0,129218464.0,121000000,121000000.0,58.837,3517100000.0,41900000.0,-64300000.0,128700000.0,29.067,445900000.0
16,ANDV,MRY,2001-12-31,2001-12-31,2001-12-31,2019-10-18,0.0,2662300000.0,2090425000.0,878000000.0,1784300000.0,2.479,10.456,-209500000.0,51900000.0,51900000.0,4797100000.0,88000000.0,1.63,2.517,1146900000.0,34400000.0,1112500000.0,1146900000.0,0.0,79900000.0,0.0,0.0,0.0,198700000.0,278600000.0,0.054,278600000.0,198700000.0,146900000.0,1.13,1.05,1.13,757000000.0,730250000.0,757000000.0,1626088277.0,8.0,5.837,4900000.0,0.068,1.0,384600000.0,0.074,168500000.0,51800000.0,3050300000.0,2319400000.0,431800000.0,0.0,0.0,0.0,1905300000.0,538500000.0,1366800000.0,542188277.0,37800000.0,-783400000.0,-3500000.0,833800000.0,0.0,800100000.0,-976700000.0,0.0,214400000.0,0.0,88000000.0,82000000.0,82000000.0,0.0,0.0,0.016,185900000.0,198700000.0,331200000.0,0.0,0.716,6.612,5.801,1522300000.0,6000000.0,6.555,0.105,0.092,362400000.0,321900000.0,5181700000.0,5181700000.0,0.0,0.039,0.112,0.086,0.038,0.0,104200000.0,1.0,82713696.0,72400000,83800000.0,71.57,2493800000.0,22500000.0,58900000.0,136900000.0,34.445,339500000.0
17,ANDV,MRY,2000-12-31,2000-12-31,2000-12-31,2019-10-18,0.0,1543600000.0,1507475000.0,630200000.0,913400000.0,3.361,10.736,-94000000.0,14100000.0,14100000.0,4758900000.0,73300000.0,1.648,1.304,310600000.0,3800000.0,306800000.0,310600000.0,0.0,69300000.0,0.0,0.0,0.0,156200000.0,225500000.0,0.045,225500000.0,156200000.0,123500000.0,0.98,0.875,0.98,669900000.0,641575000.0,669900000.0,644677229.0,4.0,2.859,-3600000.0,-0.058,1.0,307900000.0,0.061,0.0,32700000.0,1457700000.0,1452375000.0,274300000.0,0.0,0.0,0.0,873700000.0,382400000.0,491300000.0,358377229.0,-127700000.0,0.0,-15500000.0,-105900000.0,0.0,-130100000.0,-88000000.0,0.0,90400000.0,0.0,73300000.0,61300000.0,61300000.0,0.0,0.0,0.012,154500000.0,153400000.0,281600000.0,0.0,0.535,5.846,5.934,781400000.0,12000000.0,5.815,0.071,0.072,334500000.0,239900000.0,5066800000.0,5066800000.0,0.0,0.041,0.096,0.108,0.031,0.0,85200000.0,1.0,61629790.0,62400000,83600000.0,81.199,1543600000.0,0.0,50200000.0,107200000.0,24.737,247800000.0
18,ANDV,MRY,1999-12-31,1999-12-31,1999-12-31,2019-10-18,0.0,1486500000.0,1502950000.0,611600000.0,874900000.0,1.996,9.616,-84700000.0,141800000.0,141800000.0,2794800000.0,75000000.0,1.902,1.386,417600000.0,27400000.0,390200000.0,417600000.0,0.0,42900000.0,0.0,0.0,0.0,131600000.0,174500000.0,0.058,174500000.0,131600000.0,94000000.0,0.97,0.96,0.97,623100000.0,593700000.0,623100000.0,874570871.0,7.0,5.012,28000000.0,0.432,1.0,205500000.0,0.068,0.0,37600000.0,1440700000.0,1666500000.0,182200000.0,0.0,0.0,0.0,863400000.0,321600000.0,541800000.0,374670871.0,129800000.0,0.0,0.0,-134600000.0,0.0,-149200000.0,166300000.0,0.0,112700000.0,0.0,75000000.0,63000000.0,63000000.0,-42800000.0,0.0,0.021,117900000.0,87600000.0,214200000.0,0.0,0.601,5.947,5.959,731600000.0,12000000.0,5.78,0.125,0.125,280700000.0,178600000.0,3000300000.0,3000300000.0,0.0,0.042,0.106,0.079,0.044,0.0,75000000.0,1.0,64821950.0,64800000,65600000.0,46.301,1486500000.0,0.0,19000000.0,85800000.0,22.94,290000000.0
19,ANDV,MRY,1998-12-31,1998-12-31,1998-12-31,2019-10-18,0.0,1406400000.0,1141354500.0,370200000.0,1036200000.0,1.215,9.51,-50000000.0,12000000.0,12000000.0,1280800000.0,-19400000.0,1.971,1.515,543900000.0,12500000.0,531400000.0,543900000.0,0.0,28600000.0,0.0,0.0,0.0,10300000.0,38900000.0,0.028,38900000.0,10300000.0,-14900000.0,-0.43,-0.43,-0.43,559200000.0,462657000.0,559200000.0,878377697.0,85.0,22.58,71800000.0,1.221,1.0,105800000.0,0.076,0.0,25200000.0,1750500000.0,1366957750.0,207700000.0,0.0,0.0,0.0,847200000.0,187800000.0,659400000.0,392200697.0,9800000.0,-533300000.0,246000000.0,371000000.0,0.0,606600000.0,-718600000.0,0.0,121800000.0,0.0,-19400000.0,-25400000.0,-25400000.0,22600000.0,0.0,-0.018,47200000.0,58600000.0,112100000.0,0.0,0.701,-15.441,-14.105,691400000.0,6000000.0,6.065,0.283,0.257,138800000.0,115600000.0,1386600000.0,1386600000.0,0.0,-0.022,-0.055,0.008,0.007,0.0,19700000.0,1.0,64666232.0,58800000,59800000.0,23.582,1406400000.0,0.0,4500000.0,69900000.0,23.918,182400000.0
20,ANDV,MRY,1997-12-31,1997-12-31,1997-12-31,2019-10-18,0.0,627800000.0,605193500.0,181800000.0,446000000.0,1.41,6.307,-54600000.0,8400000.0,8400000.0,811900000.0,30700000.0,1.691,0.885,132300000.0,17000000.0,115300000.0,132300000.0,0.0,15100000.0,0.0,0.0,0.0,39800000.0,54900000.0,0.064,54900000.0,39800000.0,31700000.0,0.58,0.57,0.58,333000000.0,318532500.0,333000000.0,,,,36400000.0,0.689,1.0,41200000.0,0.048,0.0,8100000.0,644200000.0,577713000.0,87300000.0,0.0,0.0,0.0,294800000.0,107500000.0,187300000.0,413258598.0,-19000000.0,-5000000.0,-3700000.0,44800000.0,0.0,41500000.0,-151500000.0,0.0,91000000.0,0.0,30700000.0,30700000.0,30700000.0,-28300000.0,0.0,0.036,31300000.0,9900000.0,58800000.0,0.0,1.241,13.461,13.362,413800000.0,0.0,7.75,0.484,0.48,76300000.0,141000000.0,853100000.0,853100000.0,0.0,0.051,0.096,0.069,0.047,0.0,13600000.0,1.0,53323690.0,52800000,53800000.0,16.157,627800000.0,0.0,1000000.0,28800000.0,11.89,74300000.0
21,ANDV,MRY,1996-12-31,1996-12-31,1996-12-31,2019-10-18,0.0,582587000.0,,237343000.0,345244000.0,,5.847,-85000000.0,22796000.0,22796000.0,854400000.0,74500000.0,1.722,0.916,89303000.0,10043000.0,79260000.0,89303000.0,0.0,41500000.0,0.0,0.0,0.0,131000000.0,172500000.0,0.166,172500000.0,131000000.0,112800000.0,1.435,1.405,1.435,304065000.0,,304065000.0,,,,93900000.0,1.806,1.0,185400000.0,0.178,0.0,18200000.0,511226000.0,,74488000.0,0.0,0.0,0.0,278522000.0,137868000.0,140654000.0,,8800000.0,-7700000.0,0.0,-77000000.0,0.0,-75900000.0,-94200000.0,0.0,178900000.0,0.0,74500000.0,74500000.0,74500000.0,0.0,0.0,0.072,53300000.0,132100000.0,80747000.0,0.0,,,4.878,316511000.0,0.0,7.0,,0.35,128013000.0,110295000.0,1039800000.0,1039800000.0,0.0,,,,0.126,0.0,12700000.0,1.0,,52000000,53000000.0,19.996,582587000.0,0.0,38300000.0,32973000.0,11.204,99475000.0
22,ANDV,MRY,1995-12-31,1995-12-31,1995-12-31,2019-10-18,,,,,,,,-63930000.0,,,855187000.0,54632000.0,,,,,,,,42620000.0,,0.0,0.0,79913000.0,122533000.0,0.122,122533000.0,79913000.0,59011000.0,1.11,1.09,1.11,,,,,,,-28517000.0,-0.581,1.0,147696000.0,0.147,,20902000.0,,,,,,,,,,,-77000.0,0.0,0.0,-37613000.0,0.0,-37894000.0,2404000.0,0.0,35413000.0,0.0,54632000.0,54632000.0,54632000.0,0.0,0.0,0.054,58229000.0,89467000.0,,0.0,,,3.883,,0.0,4.31,,0.211,,,1002883000.0,1002883000.0,0.0,,,,0.08,0.0,16453000.0,1.0,,49114000,50214000.0,20.419,,,4379000.0,,,
0,ANDV,MRQ,2018-06-30,2018-06-30,2018-06-30,2019-10-18,-252000000.0,30074000000.0,,7160000000.0,22914000000.0,,66.631,-385000000.0,388000000.0,388000000.0,11153000000.0,582000000.0,1.417,1.64,8726000000.0,28000000.0,8698000000.0,8726000000.0,0.0,292000000.0,0.0,0.018,0.59,791000000.0,1083000000.0,0.087,1083000000.0,791000000.0,682000000.0,3.41,3.38,3.41,10068000000.0,,10068000000.0,28124247582.0,13.0,8.479,462000000.0,3.058,1.0,1319000000.0,0.106,4997000000.0,109000000.0,28361000000.0,,3653000000.0,0.0,0.0,0.0,16507000000.0,5054000000.0,11453000000.0,19824247582.0,-45000000.0,-318000000.0,-2000000.0,-14000000.0,-89000000.0,-196000000.0,-696000000.0,0.0,847000000.0,0.0,515000000.0,515000000.0,515000000.0,0.0,67000000.0,0.041,472000000.0,847000000.0,3799000000.0,0.173,1.969,9.329,9.232,15445000000.0,0.0,131.18,0.458,0.458,2623000000.0,8141000000.0,12472000000.0,12472000000.0,0.0,,,,,14000000.0,179000000.0,1.0,151122485.0,151100000,152600000.0,82.541,25077000000.0,0.0,167000000.0,1777000000.0,165.963,2106000000.0
1,ANDV,MRQ,2018-03-31,2018-03-31,2018-03-31,2019-10-18,-252000000.0,28841000000.0,,6409000000.0,22432000000.0,,62.995,-467000000.0,433000000.0,433000000.0,9475000000.0,237000000.0,1.41,1.629,8733000000.0,347000000.0,8386000000.0,8733000000.0,0.0,282000000.0,0.0,0.023,0.59,333000000.0,615000000.0,0.06,615000000.0,333000000.0,231000000.0,1.13,1.12,1.13,9632000000.0,,9632000000.0,22604561439.0,14.0,8.479,-217000000.0,-1.419,1.0,825000000.0,0.08,4980000000.0,102000000.0,27615000000.0,,3484000000.0,0.0,0.0,0.0,15688000000.0,4546000000.0,11142000000.0,15462561439.0,-110000000.0,-350000000.0,-256000000.0,929000000.0,-92000000.0,456000000.0,-816000000.0,0.0,250000000.0,0.0,172000000.0,172000000.0,172000000.0,0.0,65000000.0,0.017,455000000.0,370000000.0,3049000000.0,0.522,1.605,9.371,9.051,15057000000.0,0.0,100.56,0.4,0.398,1934000000.0,7715000000.0,10300000000.0,10300000000.0,0.0,,,,,12000000.0,173000000.0,1.0,153764533.0,152900000,153800000.0,67.364,23861000000.0,0.0,59000000.0,1656000000.0,156.056,1863000000.0
2,ANDV,MRQ,2017-12-31,2017-12-31,2017-12-31,2019-10-18,-252000000.0,28573000000.0,,6883000000.0,21690000000.0,,63.16,-444000000.0,543000000.0,543000000.0,9977000000.0,908000000.0,1.376,1.544,7685000000.0,17000000.0,7668000000.0,7685000000.0,0.0,282000000.0,0.0,0.02,0.59,134000000.0,416000000.0,0.039,416000000.0,134000000.0,-32000000.0,6.1,6.04,6.1,9815000000.0,,9815000000.0,24969732883.0,18.0,10.284,-15000000.0,-0.097,1.0,675000000.0,0.063,4879000000.0,166000000.0,25835000000.0,,3630000000.0,0.0,0.0,0.0,15158000000.0,5001000000.0,10157000000.0,17836732883.0,15000000.0,-29000000.0,-288000000.0,46000000.0,-91000000.0,56000000.0,-470000000.0,0.0,429000000.0,0.0,879000000.0,879000000.0,879000000.0,0.0,29000000.0,0.083,527000000.0,148000000.0,3330000000.0,0.097,1.817,11.673,10.48,14742000000.0,0.0,114.34,0.51,0.458,1961000000.0,7651000000.0,10652000000.0,10652000000.0,0.0,,,,,17000000.0,190000000.0,1.0,155997314.0,155400000,156900000.0,68.546,23694000000.0,0.0,-911000000.0,1591000000.0,152.471,1882000000.0
3,ANDV,MRQ,2017-09-30,2017-09-30,2017-09-30,2019-10-18,-188000000.0,27886000000.0,,6545000000.0,21341000000.0,,58.142,-363000000.0,528000000.0,528000000.0,8440000000.0,601000000.0,1.47,1.678,7661000000.0,28000000.0,7633000000.0,7661000000.0,0.0,273000000.0,0.0,0.022,0.59,930000000.0,1203000000.0,0.122,1203000000.0,930000000.0,833000000.0,3.57,3.54,3.57,9105000000.0,,9105000000.0,22765396842.0,15.0,9.198,68000000.0,0.434,1.0,1396000000.0,0.142,4944000000.0,97000000.0,25624000000.0,,3791000000.0,0.0,0.0,0.0,15276000000.0,4451000000.0,10825000000.0,16184396842.0,-533000000.0,-182000000.0,-252000000.0,-9000000.0,-93000000.0,-439000000.0,-525000000.0,0.0,431000000.0,0.0,559000000.0,559000000.0,559000000.0,0.0,42000000.0,0.057,443000000.0,953000000.0,2830000000.0,0.165,1.778,22.262,20.671,14410000000.0,0.0,103.15,0.522,0.521,1649000000.0,6864000000.0,9836000000.0,9836000000.0,0.0,,,,,18000000.0,168000000.0,1.0,156901569.0,156600000,157800000.0,62.81,22942000000.0,0.0,274000000.0,2200000000.0,146.501,2094000000.0
4,ANDV,MRQ,2017-06-30,2017-06-30,2017-06-30,2019-10-18,-188000000.0,27029000000.0,,6035000000.0,20994000000.0,,67.875,-281000000.0,1061000000.0,1061000000.0,7166000000.0,87000000.0,1.453,1.645,7642000000.0,478000000.0,7164000000.0,7642000000.0,0.0,240000000.0,0.0,0.024,0.55,192000000.0,432000000.0,0.055,432000000.0,192000000.0,96000000.0,0.31,0.31,0.31,8878000000.0,,8878000000.0,15344964664.0,17.0,8.445,389000000.0,2.974,1.0,683000000.0,0.087,4823000000.0,96000000.0,24634000000.0,,3075000000.0,0.0,0.0,0.0,14606000000.0,4153000000.0,10453000000.0,10999964664.0,-1237000000.0,-266000000.0,-148000000.0,-1093000000.0,-65000000.0,-1388000000.0,-519000000.0,0.0,670000000.0,0.0,40000000.0,40000000.0,40000000.0,0.0,47000000.0,0.005,465000000.0,218000000.0,2445000000.0,1.774,1.239,32.641,32.842,14143000000.0,0.0,93.6,0.397,0.442,1391000000.0,6397000000.0,7849000000.0,7849000000.0,0.0,,,,,20000000.0,247000000.0,1.0,117520990.0,130800000,131700000.0,60.008,22206000000.0,0.0,56000000.0,2088000000.0,169.771,1882000000.0
5,ANDV,MRQ,2017-03-31,2017-03-31,2017-03-31,2019-10-18,-188000000.0,20069000000.0,,6261000000.0,13808000000.0,,46.849,-258000000.0,2298000000.0,2298000000.0,6081000000.0,87000000.0,2.051,2.139,6643000000.0,465000000.0,6178000000.0,6643000000.0,0.0,226000000.0,0.0,0.027,0.55,169000000.0,395000000.0,0.06,395000000.0,169000000.0,71000000.0,0.43,0.42,0.43,5486000000.0,,5486000000.0,13120908749.0,9.0,5.68,-158000000.0,-1.349,1.0,557000000.0,0.084,1413000000.0,98000000.0,19948000000.0,,2624000000.0,0.0,0.0,0.0,11735000000.0,3053000000.0,8682000000.0,9482908748.0,-997000000.0,-672000000.0,0.0,-293000000.0,-65000000.0,-168000000.0,-929000000.0,0.0,100000000.0,0.0,50000000.0,50000000.0,50000000.0,0.0,37000000.0,0.008,362000000.0,195000000.0,1644000000.0,1.279,1.729,13.263,13.421,10603000000.0,0.0,81.06,0.363,0.363,1007000000.0,6422000000.0,6638000000.0,6638000000.0,0.0,,,,,14000000.0,135000000.0,1.0,116986291.0,117100000,118100000.0,56.687,18656000000.0,0.0,21000000.0,1493000000.0,159.317,3208000000.0
6,ANDV,MRQ,2016-12-31,2016-12-31,2016-12-31,2019-10-18,-188000000.0,20398000000.0,,7414000000.0,12984000000.0,,46.829,-271000000.0,3295000000.0,3295000000.0,6090000000.0,101000000.0,2.086,2.245,6933000000.0,465000000.0,6468000000.0,6933000000.0,0.0,218000000.0,0.0,0.024,0.55,227000000.0,445000000.0,0.067,445000000.0,227000000.0,143000000.0,0.68,0.67,0.68,5465000000.0,,5465000000.0,13500872312.0,9.0,5.906,-168000000.0,-1.44,1.0,562000000.0,0.084,1467000000.0,84000000.0,19015000000.0,,2640000000.0,0.0,0.0,0.0,12271000000.0,3554000000.0,8717000000.0,10220872312.0,1908000000.0,-34000000.0,-6000000.0,2241000000.0,-63000000.0,2102000000.0,-297000000.0,0.0,103000000.0,0.0,78000000.0,78000000.0,78000000.0,0.0,23000000.0,0.012,370000000.0,192000000.0,2032000000.0,0.809,1.87,13.925,14.128,9976000000.0,0.0,87.45,0.416,0.422,1108000000.0,6437000000.0,6652000000.0,6652000000.0,0.0,,,,,14000000.0,118000000.0,1.0,116876756.0,116700000,118400000.0,57.001,18931000000.0,0.0,65000000.0,1428000000.0,162.219,3860000000.0
7,ANDV,MRQ,2016-09-30,2016-09-30,2016-09-30,2019-10-18,-139000000.0,18005000000.0,,5105000000.0,12900000000.0,,46.531,-197000000.0,1387000000.0,1387000000.0,5864000000.0,201000000.0,1.896,1.784,4667000000.0,0.0,4667000000.0,4667000000.0,0.0,211000000.0,0.0,0.026,0.55,334000000.0,545000000.0,0.083,545000000.0,334000000.0,264000000.0,1.43,1.42,1.43,5500000000.0,,5500000000.0,12830876151.0,9.0,5.832,376000000.0,3.181,1.0,680000000.0,0.104,1287000000.0,70000000.0,17305000000.0,,2317000000.0,0.0,0.0,0.0,9810000000.0,2693000000.0,7117000000.0,9450876151.0,266000000.0,-18000000.0,-142000000.0,156000000.0,-65000000.0,-93000000.0,-214000000.0,0.0,573000000.0,0.0,169000000.0,169000000.0,169000000.0,0.0,32000000.0,0.026,320000000.0,360000000.0,1547000000.0,0.385,1.718,13.311,13.129,9769000000.0,0.0,79.56,0.39,0.389,1037000000.0,6424000000.0,6544000000.0,6544000000.0,0.0,,,,,13000000.0,107000000.0,1.0,118789293.0,118200000,119300000.0,55.364,16718000000.0,0.0,95000000.0,1438000000.0,141.438,2412000000.0
8,ANDV,MRQ,2016-06-30,2016-06-30,2016-06-30,2019-10-18,-139000000.0,17612000000.0,,4871000000.0,12741000000.0,,46.343,-209000000.0,1121000000.0,1121000000.0,5262000000.0,449000000.0,1.826,1.699,4501000000.0,0.0,4501000000.0,4501000000.0,0.0,210000000.0,0.0,0.027,0.5,715000000.0,925000000.0,0.147,925000000.0,715000000.0,655000000.0,3.5,3.47,3.5,5538000000.0,,5538000000.0,12595588884.0,5.0,4.04,235000000.0,1.967,1.0,1023000000.0,0.163,1282000000.0,60000000.0,17043000000.0,,2422000000.0,0.0,0.0,0.0,9410000000.0,2667000000.0,6743000000.0,8988588884.0,682000000.0,-80000000.0,-105000000.0,404000000.0,-61000000.0,509000000.0,-271000000.0,0.0,444000000.0,0.0,418000000.0,418000000.0,418000000.0,0.0,31000000.0,0.067,305000000.0,718000000.0,1763000000.0,0.143,1.623,6.914,6.924,9642000000.0,0.0,74.92,0.354,0.352,1065000000.0,6320000000.0,6285000000.0,6285000000.0,0.0,,,,,11000000.0,94000000.0,1.0,119975826.0,119500000,120600000.0,52.594,16330000000.0,0.0,237000000.0,1353000000.0,136.653,2204000000.0
9,ANDV,MRQ,2016-03-31,2016-03-31,2016-03-31,2019-10-18,-139000000.0,16011000000.0,,3503000000.0,12508000000.0,,43.662,-217000000.0,439000000.0,439000000.0,4624000000.0,109000000.0,1.545,1.599,4046000000.0,0.0,4046000000.0,4046000000.0,0.0,212000000.0,0.0,0.022,0.5,159000000.0,371000000.0,0.073,371000000.0,159000000.0,99000000.0,0.58,0.57,0.58,5222000000.0,,5222000000.0,13436295346.0,5.0,4.017,-33000000.0,-0.276,1.0,477000000.0,0.094,1265000000.0,60000000.0,16085000000.0,,1875000000.0,0.0,0.0,0.0,8351000000.0,2268000000.0,6083000000.0,10311295346.0,-503000000.0,-314000000.0,5000000.0,-22000000.0,-60000000.0,-152000000.0,-535000000.0,0.0,184000000.0,0.0,69000000.0,69000000.0,69000000.0,0.0,40000000.0,0.014,298000000.0,179000000.0,1492000000.0,0.862,1.975,7.043,7.191,9494000000.0,0.0,86.01,0.377,0.376,954000000.0,5962000000.0,5101000000.0,5101000000.0,0.0,,,,,-3000000.0,82000000.0,1.0,119884843.0,119600000,121200000.0,42.651,14746000000.0,0.0,30000000.0,1228000000.0,123.294,1235000000.0
10,ANDV,MRQ,2015-12-31,2015-12-31,2015-12-31,2019-10-18,-149000000.0,16332000000.0,,4307000000.0,12025000000.0,,43.478,-257000000.0,942000000.0,942000000.0,5753000000.0,83000000.0,1.702,1.648,4073000000.0,6000000.0,4067000000.0,4073000000.0,0.0,203000000.0,0.0,0.018,0.5,156000000.0,359000000.0,0.057,359000000.0,156000000.0,102000000.0,0.55,0.54,0.55,5213000000.0,,5213000000.0,15517539082.0,6.0,4.499,27000000.0,0.225,1.0,520000000.0,0.083,1211000000.0,54000000.0,15722000000.0,,2302000000.0,0.0,0.0,0.0,8592000000.0,2530000000.0,6062000000.0,12685539082.0,-17000000.0,-91000000.0,-208000000.0,271000000.0,-59000000.0,45000000.0,-346000000.0,0.0,284000000.0,0.0,54000000.0,54000000.0,54000000.0,-4000000.0,29000000.0,0.009,334000000.0,186000000.0,1568000000.0,0.909,2.433,8.237,8.43,9541000000.0,0.0,105.37,0.442,0.452,792000000.0,5954000000.0,6273000000.0,6273000000.0,0.0,,,,,-20000000.0,101000000.0,1.0,120390425.0,119900000,121300000.0,52.319,15121000000.0,0.0,48000000.0,1222000000.0,126.113,1777000000.0
11,ANDV,MRQ,2015-09-30,2015-09-30,2015-09-30,2019-10-18,-149000000.0,16601000000.0,,4658000000.0,11943000000.0,,43.837,-233000000.0,959000000.0,959000000.0,6152000000.0,799000000.0,1.633,1.628,3791000000.0,0.0,3791000000.0,3791000000.0,0.0,192000000.0,0.0,0.017,0.5,1271000000.0,1463000000.0,0.189,1463000000.0,1271000000.0,1217000000.0,6.19,6.13,6.19,5370000000.0,,5370000000.0,15202926025.0,5.0,4.264,707000000.0,5.771,1.0,1591000000.0,0.205,1190000000.0,54000000.0,15391000000.0,,2507000000.0,0.0,0.0,0.0,8742000000.0,2852000000.0,5890000000.0,11969926025.0,-19000000.0,0.0,-199000000.0,-418000000.0,-62000000.0,-724000000.0,-235000000.0,0.0,940000000.0,0.0,759000000.0,759000000.0,759000000.0,0.0,40000000.0,0.098,299000000.0,1292000000.0,1789000000.0,0.081,2.229,7.339,7.383,9427000000.0,0.0,97.24,0.388,0.386,1016000000.0,5959000000.0,7743000000.0,7743000000.0,0.0,,,,,22000000.0,103000000.0,1.0,123096730.0,122500000,123800000.0,63.208,15411000000.0,0.0,458000000.0,1256000000.0,125.804,1806000000.0
12,ANDV,MRQ,2015-06-30,2015-06-30,2015-06-30,2019-10-18,-149000000.0,16691000000.0,,4898000000.0,11793000000.0,,38.634,-269000000.0,978000000.0,978000000.0,6953000000.0,620000000.0,1.439,1.924,4211000000.0,403000000.0,3808000000.0,4211000000.0,0.0,182000000.0,0.0,0.017,0.425,970000000.0,1152000000.0,0.14,1152000000.0,970000000.0,916000000.0,4.64,4.59,4.64,4837000000.0,,4837000000.0,14300469919.0,6.0,4.862,786000000.0,6.278,1.0,1279000000.0,0.155,1200000000.0,54000000.0,15320000000.0,,2444000000.0,0.0,0.0,0.0,9308000000.0,3404000000.0,5904000000.0,10621469919.0,519000000.0,-6000000.0,-229000000.0,61000000.0,-53000000.0,-261000000.0,-275000000.0,0.0,1055000000.0,0.0,582000000.0,582000000.0,582000000.0,0.0,38000000.0,0.071,269000000.0,1010000000.0,1955000000.0,0.092,2.196,8.377,8.374,9294000000.0,0.0,84.41,0.31,0.308,1305000000.0,5262000000.0,8232000000.0,8232000000.0,0.0,,,,,7000000.0,84000000.0,1.0,125831891.0,125200000,126300000.0,65.751,15491000000.0,0.0,334000000.0,1179000000.0,123.73,1494000000.0
13,ANDV,MRQ,2015-03-31,2015-03-31,2015-03-31,2019-10-18,-149000000.0,16283000000.0,,4581000000.0,11702000000.0,,36.27,-271000000.0,459000000.0,459000000.0,5842000000.0,188000000.0,1.524,2.027,4138000000.0,0.0,4138000000.0,4138000000.0,0.0,179000000.0,0.0,0.014,0.425,296000000.0,475000000.0,0.073,475000000.0,296000000.0,241000000.0,1.17,1.15,1.17,4541000000.0,,4541000000.0,14727437935.0,9.0,6.345,-419000000.0,-3.347,1.0,621000000.0,0.096,1211000000.0,55000000.0,15746000000.0,,2532000000.0,0.0,0.0,0.0,9205000000.0,3005000000.0,6200000000.0,11473437935.0,-541000000.0,0.0,5000000.0,-25000000.0,-54000000.0,-120000000.0,-273000000.0,0.0,-148000000.0,0.0,145000000.0,145000000.0,145000000.0,0.0,43000000.0,0.022,283000000.0,338000000.0,2141000000.0,0.363,2.527,12.608,12.732,9180000000.0,0.0,91.29,0.309,0.308,1367000000.0,4733000000.0,6463000000.0,6463000000.0,0.0,,,,,28000000.0,98000000.0,1.0,125681213.0,125200000,126900000.0,51.621,15072000000.0,0.0,96000000.0,1121000000.0,120.383,1576000000.0
14,ANDV,MRQ,2014-12-31,2014-12-31,2014-12-31,2019-10-18,-149000000.0,16491000000.0,,5074000000.0,11417000000.0,,35.49,-208000000.0,1000000000.0,1000000000.0,7867000000.0,132000000.0,1.479,2.136,4161000000.0,0.0,4161000000.0,4161000000.0,0.0,153000000.0,0.0,0.015,0.3,322000000.0,475000000.0,0.056,475000000.0,322000000.0,255000000.0,1.17,1.14,1.17,4454000000.0,,4454000000.0,10794341029.0,7.0,4.936,109000000.0,0.869,1.0,578000000.0,0.068,1222000000.0,67000000.0,15000000000.0,,2439000000.0,0.0,0.0,0.0,9515000000.0,3430000000.0,6085000000.0,9386341029.0,-530000000.0,-2479000000.0,662000000.0,1292000000.0,-37000000.0,1842000000.0,-2689000000.0,0.0,317000000.0,0.0,145000000.0,145000000.0,145000000.0,-2000000.0,-13000000.0,0.017,296000000.0,282000000.0,2483000000.0,0.256,2.107,11.134,11.334,9045000000.0,0.0,74.35,0.231,0.235,1435000000.0,4642000000.0,8445000000.0,8445000000.0,0.0,,,,,15000000.0,137000000.0,1.0,126245340.0,125500000,128100000.0,67.291,15269000000.0,0.0,110000000.0,1134000000.0,121.665,1644000000.0
15,ANDV,MRQ,2014-09-30,2014-09-30,2014-09-30,2019-10-18,-52000000.0,14225000000.0,,5964000000.0,8261000000.0,,35.989,-217000000.0,1530000000.0,1530000000.0,10218000000.0,413000000.0,1.626,1.81,2938000000.0,0.0,2938000000.0,2938000000.0,0.0,144000000.0,0.0,0.017,0.3,695000000.0,839000000.0,0.075,839000000.0,695000000.0,645000000.0,3.1,3.05,3.1,4603000000.0,,4603000000.0,9636038124.0,7.0,5.126,454000000.0,3.55,1.0,933000000.0,0.084,0.0,50000000.0,11965000000.0,,2674000000.0,0.0,0.0,0.0,8333000000.0,3668000000.0,4665000000.0,7820038124.0,291000000.0,0.0,6000000.0,-116000000.0,-39000000.0,-164000000.0,-216000000.0,0.0,671000000.0,0.0,396000000.0,396000000.0,396000000.0,1000000.0,17000000.0,0.036,231000000.0,702000000.0,2737000000.0,0.097,1.699,11.317,11.335,7088000000.0,0.0,60.98,0.185,0.184,1578000000.0,4534000000.0,11151000000.0,11151000000.0,0.0,,,,,12000000.0,86000000.0,1.0,128239392.0,127900000,129700000.0,87.185,14225000000.0,0.0,249000000.0,1167000000.0,111.22,2296000000.0
16,ANDV,MRQ,2014-06-30,2014-06-30,2014-06-30,2019-10-18,-52000000.0,14071000000.0,,5906000000.0,8165000000.0,,33.65,-141000000.0,1239000000.0,1239000000.0,10465000000.0,240000000.0,1.527,1.962,3055000000.0,0.0,3055000000.0,3055000000.0,0.0,135000000.0,0.0,0.017,0.25,397000000.0,532000000.0,0.048,532000000.0,397000000.0,356000000.0,1.73,1.7,1.73,4351000000.0,,4351000000.0,9618443070.0,12.0,7.005,385000000.0,2.978,1.0,639000000.0,0.058,0.0,41000000.0,12020000000.0,,2642000000.0,0.0,0.0,0.0,8538000000.0,3867000000.0,4671000000.0,7587443070.0,441000000.0,-17000000.0,-100000000.0,246000000.0,-32000000.0,73000000.0,-158000000.0,0.0,526000000.0,0.0,224000000.0,224000000.0,224000000.0,0.0,16000000.0,0.02,229000000.0,410000000.0,2998000000.0,0.145,1.744,19.257,19.427,6996000000.0,0.0,58.67,0.179,0.179,1815000000.0,4177000000.0,11104000000.0,11104000000.0,0.0,,,,,26000000.0,92000000.0,1.0,129324068.0,129300000,131500000.0,85.878,14071000000.0,0.0,132000000.0,1030000000.0,108.824,2039000000.0
17,ANDV,MRQ,2014-03-31,2014-03-31,2014-03-31,2019-10-18,-52000000.0,13568000000.0,,5470000000.0,8098000000.0,,32.353,-119000000.0,798000000.0,798000000.0,9539000000.0,103000000.0,1.504,1.915,2829000000.0,0.0,2829000000.0,2829000000.0,0.0,130000000.0,0.0,0.019,0.25,211000000.0,341000000.0,0.034,341000000.0,211000000.0,134000000.0,0.59,0.58,0.59,4248000000.0,,4248000000.0,8258771410.0,10.0,6.113,-269000000.0,-2.049,1.0,394000000.0,0.04,0.0,77000000.0,11963000000.0,,2777000000.0,0.0,0.0,0.0,8133000000.0,3636000000.0,4497000000.0,6667771410.0,-440000000.0,0.0,-100000000.0,-20000000.0,-33000000.0,-181000000.0,-109000000.0,0.0,-150000000.0,0.0,78000000.0,78000000.0,78000000.0,1000000.0,25000000.0,0.008,157000000.0,237000000.0,2915000000.0,0.424,1.57,16.795,17.091,6895000000.0,0.0,50.59,0.166,0.165,1696000000.0,3985000000.0,9933000000.0,9933000000.0,0.0,,,,,-18000000.0,31000000.0,1.0,131800186.0,131300000,133800000.0,75.651,13568000000.0,0.0,56000000.0,1015000000.0,103.336,1834000000.0
18,ANDV,MRQ,2013-12-31,2013-12-31,2013-12-31,2019-10-18,-52000000.0,13389000000.0,,5326000000.0,8063000000.0,,32.443,-123000000.0,1238000000.0,1238000000.0,9818000000.0,3000000.0,1.563,1.837,2823000000.0,0.0,2823000000.0,2823000000.0,0.0,133000000.0,0.0,0.015,0.25,35000000.0,168000000.0,0.017,168000000.0,35000000.0,-4000000.0,-0.04,-0.03,-0.04,4302000000.0,,4302000000.0,9642702654.0,12.0,7.435,66000000.0,0.498,1.0,298000000.0,0.029,263000000.0,39000000.0,11303000000.0,,2565000000.0,0.0,0.0,0.0,7904000000.0,3408000000.0,4496000000.0,7770702654.0,-254000000.0,63000000.0,214000000.0,-557000000.0,-33000000.0,-389000000.0,-54000000.0,0.0,189000000.0,0.0,-7000000.0,-7000000.0,-7000000.0,0.0,10000000.0,-0.001,246000000.0,52000000.0,2596000000.0,-6.25,1.806,18.861,19.18,6875000000.0,0.0,58.5,0.207,0.21,1313000000.0,3940000000.0,10116000000.0,10116000000.0,0.0,,,,,34000000.0,108000000.0,1.0,132832524.0,132600000,134900000.0,76.29,13126000000.0,0.0,3000000.0,1018000000.0,98.989,1918000000.0
19,ANDV,MRQ,2013-09-30,2013-09-30,2013-09-30,2019-10-18,-64000000.0,14116000000.0,,6219000000.0,7897000000.0,,32.801,-154000000.0,1492000000.0,1492000000.0,10897000000.0,109000000.0,1.648,1.999,3364000000.0,0.0,3364000000.0,3364000000.0,0.0,139000000.0,0.0,0.018,0.25,193000000.0,332000000.0,0.03,332000000.0,193000000.0,146000000.0,0.74,0.72,0.74,4415000000.0,,4415000000.0,8870947569.0,9.0,6.278,677000000.0,5.03,1.0,344000000.0,0.031,261000000.0,47000000.0,11954000000.0,,2635000000.0,0.0,0.0,0.0,8826000000.0,3773000000.0,5053000000.0,5940947569.0,1064000000.0,572000000.0,-104000000.0,2000000.0,-33000000.0,-160000000.0,393000000.0,0.0,831000000.0,0.0,99000000.0,99000000.0,99000000.0,0.0,10000000.0,0.009,198000000.0,146000000.0,2853000000.0,0.338,1.346,13.321,13.368,6783000000.0,0.0,43.98,0.17,0.169,1791000000.0,3980000000.0,11241000000.0,11241000000.0,0.0,,,,,-13000000.0,54000000.0,1.0,135082937.0,134600000,136800000.0,83.514,13855000000.0,0.0,47000000.0,1048000000.0,102.935,2446000000.0
20,ANDV,MRQ,2013-06-30,2013-06-30,2013-06-30,2019-10-18,-64000000.0,13669000000.0,,5787000000.0,7882000000.0,,32.71,-168000000.0,428000000.0,428000000.0,8350000000.0,238000000.0,1.717,1.88,3358000000.0,0.0,3358000000.0,3358000000.0,0.0,112000000.0,0.0,0.013,0.2,398000000.0,510000000.0,0.057,510000000.0,398000000.0,365000000.0,1.67,1.64,1.67,4442000000.0,,4442000000.0,6723851055.0,5.0,3.99,-576000000.0,-4.242,1.0,547000000.0,0.061,322000000.0,33000000.0,12906000000.0,,2373000000.0,0.0,0.0,0.0,8349000000.0,3371000000.0,4978000000.0,7105851055.0,-1544000000.0,-2621000000.0,-33000000.0,1742000000.0,-27000000.0,1630000000.0,-2766000000.0,0.0,-408000000.0,0.0,227000000.0,227000000.0,227000000.0,11000000.0,11000000.0,0.026,183000000.0,364000000.0,2490000000.0,0.12,1.6,11.461,11.601,6739000000.0,0.0,52.32,0.224,0.224,1787000000.0,3914000000.0,8897000000.0,8897000000.0,0.0,,,,,-5000000.0,64000000.0,1.0,135815196.0,135800000,138200000.0,65.515,13347000000.0,0.0,138000000.0,942000000.0,98.284,2416000000.0
21,ANDV,MRQ,2013-03-31,2013-03-31,2013-03-31,2019-10-18,-137000000.0,11390000000.0,,5122000000.0,6268000000.0,,30.825,-125000000.0,1972000000.0,1972000000.0,6931000000.0,104000000.0,1.599,1.489,1590000000.0,0.0,1590000000.0,1590000000.0,0.0,106000000.0,0.0,0.008,0.2,181000000.0,287000000.0,0.039,287000000.0,181000000.0,151000000.0,0.68,0.67,0.68,4223000000.0,,4223000000.0,7997192004.0,5.0,4.15,122000000.0,0.891,1.0,416000000.0,0.057,0.0,30000000.0,7805000000.0,,1560000000.0,0.0,0.0,0.0,6286000000.0,3203000000.0,3083000000.0,8046192004.0,333000000.0,-27000000.0,257000000.0,0.0,-28000000.0,236000000.0,-150000000.0,0.0,247000000.0,0.0,93000000.0,93000000.0,93000000.0,1000000.0,11000000.0,0.013,223000000.0,193000000.0,2582000000.0,0.294,1.905,10.316,10.437,5285000000.0,0.0,58.55,0.267,0.266,1366000000.0,3714000000.0,7347000000.0,7347000000.0,0.0,,,,,52000000.0,111000000.0,1.0,137424287.0,137000000,139600000.0,53.628,11390000000.0,0.0,58000000.0,864000000.0,83.139,1919000000.0
22,ANDV,MRQ,2012-12-31,2012-12-31,2012-12-31,2019-10-18,-137000000.0,10702000000.0,,4636000000.0,6066000000.0,,30.627,-147000000.0,1639000000.0,1639000000.0,6998000000.0,35000000.0,1.609,1.403,1588000000.0,3000000.0,1585000000.0,1588000000.0,0.0,117000000.0,0.0,0.006,0.15,167000000.0,284000000.0,0.038,284000000.0,167000000.0,138000000.0,0.2,0.19,0.2,4251000000.0,,4251000000.0,6405166992.0,4.0,3.407,263000000.0,1.895,1.0,527000000.0,0.07,214000000.0,29000000.0,7556000000.0,,1338000000.0,0.0,0.0,0.0,5965000000.0,2881000000.0,3084000000.0,6186166992.0,272000000.0,-41000000.0,87000000.0,-3000000.0,-21000000.0,50000000.0,-188000000.0,0.0,410000000.0,0.0,27000000.0,27000000.0,27000000.0,0.0,8000000.0,0.004,193000000.0,334000000.0,2196000000.0,0.75,1.455,8.326,8.265,5232000000.0,0.0,44.05,0.208,0.206,1126000000.0,3649000000.0,7525000000.0,7525000000.0,0.0,,,,,11000000.0,70000000.0,1.0,140435119.0,138800000,141500000.0,54.215,10488000000.0,0.0,111000000.0,850000000.0,75.562,1755000000.0
23,ANDV,MRQ,2012-09-30,2012-09-30,2012-09-30,2019-10-18,-75000000.0,10987000000.0,,4856000000.0,6131000000.0,,31.454,-139000000.0,1367000000.0,1367000000.0,7226000000.0,280000000.0,1.52,1.431,1586000000.0,2000000.0,1584000000.0,1586000000.0,0.0,116000000.0,0.0,0.003,0.12,488000000.0,604000000.0,0.076,604000000.0,488000000.0,422000000.0,1.96,1.92,1.96,4391000000.0,,4391000000.0,6237432288.0,6.0,4.022,312000000.0,2.235,1.0,718000000.0,0.09,217000000.0,66000000.0,7795000000.0,,1739000000.0,0.0,0.0,0.0,6284000000.0,3194000000.0,3090000000.0,5857432288.0,45000000.0,-91000000.0,9000000.0,-138000000.0,-17000000.0,-176000000.0,-230000000.0,0.0,451000000.0,0.0,273000000.0,273000000.0,273000000.0,0.0,7000000.0,0.034,238000000.0,480000000.0,2531000000.0,0.061,1.334,9.894,9.79,5341000000.0,0.0,41.9,0.212,0.211,1584000000.0,3643000000.0,7944000000.0,7944000000.0,0.0,,,,,69000000.0,123000000.0,1.0,139795520.0,139600000,142100000.0,56.905,10770000000.0,0.0,149000000.0,949000000.0,77.149,1662000000.0
24,ANDV,MRQ,2012-06-30,2012-06-30,2012-06-30,2019-10-18,-75000000.0,10408000000.0,,4413000000.0,5995000000.0,,29.456,-132000000.0,1322000000.0,1322000000.0,6536000000.0,393000000.0,1.414,1.455,1702000000.0,352000000.0,1350000000.0,1702000000.0,0.0,109000000.0,0.0,0.0,0.0,643000000.0,752000000.0,0.103,752000000.0,643000000.0,609000000.0,2.77,2.75,2.77,4112000000.0,,4112000000.0,4466736365.0,4.0,2.719,607000000.0,4.348,1.0,797000000.0,0.109,220000000.0,34000000.0,7448000000.0,,1781000000.0,0.0,0.0,0.0,5985000000.0,3120000000.0,2865000000.0,3502736365.0,612000000.0,-1000000.0,-21000000.0,27000000.0,0.0,3000000.0,-130000000.0,0.0,739000000.0,0.0,387000000.0,387000000.0,387000000.0,0.0,6000000.0,0.053,172000000.0,625000000.0,2191000000.0,0.0,0.852,5.275,5.266,5288000000.0,0.0,24.96,0.126,0.125,1162000000.0,3387000000.0,7333000000.0,7333000000.0,0.0,,,,,-1000000.0,45000000.0,1.0,140333989.0,139600000,140500000.0,52.529,10188000000.0,0.0,222000000.0,955000000.0,72.98,1293000000.0
25,ANDV,MRQ,2012-03-31,2012-03-31,2012-03-31,2019-10-18,-75000000.0,9908000000.0,,4014000000.0,5894000000.0,,26.803,-111000000.0,710000000.0,710000000.0,7515000000.0,62000000.0,1.264,1.567,1674000000.0,391000000.0,1283000000.0,1674000000.0,0.0,103000000.0,0.0,0.0,0.0,129000000.0,232000000.0,0.03,232000000.0,129000000.0,93000000.0,0.4,0.39,0.4,3739000000.0,,3739000000.0,4580093875.0,5.0,3.248,-126000000.0,-0.903,1.0,305000000.0,0.039,223000000.0,36000000.0,7474000000.0,,1715000000.0,0.0,0.0,0.0,5859000000.0,3175000000.0,2684000000.0,3779093875.0,-190000000.0,-37000000.0,4000000.0,-27000000.0,0.0,-27000000.0,-148000000.0,0.0,-15000000.0,0.0,56000000.0,56000000.0,56000000.0,0.0,6000000.0,0.007,171000000.0,134000000.0,2313000000.0,0.0,1.011,7.635,7.647,5212000000.0,0.0,26.84,0.133,0.131,1364000000.0,3000000000.0,7820000000.0,7820000000.0,0.0,,,,,18000000.0,62000000.0,1.0,140800815.0,139500000,141800000.0,56.057,9685000000.0,0.0,37000000.0,837000000.0,69.427,839000000.0
26,ANDV,MRQ,2011-12-31,2011-12-31,2011-12-31,2019-10-18,-75000000.0,9892000000.0,,4151000000.0,5741000000.0,,26.446,-111000000.0,900000000.0,900000000.0,4554000000.0,-118000000.0,1.278,1.612,1701000000.0,418000000.0,1283000000.0,1701000000.0,0.0,105000000.0,0.0,0.0,0.0,-142000000.0,-37000000.0,-0.008,-37000000.0,-142000000.0,-180000000.0,-0.85,-0.84,-0.85,3668000000.0,,3668000000.0,3725519068.0,3.0,2.482,-284000000.0,-2.048,1.0,38000000.0,0.008,226000000.0,38000000.0,7218000000.0,,1763000000.0,0.0,0.0,0.0,5914000000.0,3249000000.0,2665000000.0,3256519068.0,-235000000.0,0.0,-51000000.0,97000000.0,0.0,43000000.0,-105000000.0,0.0,-173000000.0,0.0,-124000000.0,-124000000.0,-124000000.0,0.0,6000000.0,-0.027,147000000.0,-109000000.0,2305000000.0,0.0,0.888,5.964,6.052,5148000000.0,0.0,23.36,0.12,0.122,1272000000.0,2944000000.0,4592000000.0,4592000000.0,0.0,,,,,23000000.0,61000000.0,1.0,139405782.0,138700000,140600000.0,33.107,9666000000.0,0.0,-56000000.0,815000000.0,69.69,902000000.0
27,ANDV,MRQ,2011-09-30,2011-09-30,2011-09-30,2019-10-18,-50000000.0,9902000000.0,,4212000000.0,5690000000.0,,26.639,-75000000.0,1135000000.0,1135000000.0,7354000000.0,352000000.0,1.468,1.527,1604000000.0,22000000.0,1582000000.0,1604000000.0,0.0,103000000.0,0.0,0.0,0.0,593000000.0,696000000.0,0.086,696000000.0,593000000.0,555000000.0,2.42,2.39,2.42,3796000000.0,,3796000000.0,3917448173.0,3.0,2.306,698000000.0,4.898,1.0,747000000.0,0.092,232000000.0,38000000.0,7269000000.0,,1707000000.0,0.0,0.0,0.0,5797000000.0,2870000000.0,2927000000.0,2801448173.0,528000000.0,0.0,-38000000.0,-120000000.0,0.0,-170000000.0,-75000000.0,0.0,773000000.0,0.0,345000000.0,345000000.0,345000000.0,0.0,7000000.0,0.043,147000000.0,600000000.0,2230000000.0,0.0,0.738,4.163,4.108,5093000000.0,0.0,19.47,0.1,0.099,1149000000.0,3068000000.0,8101000000.0,8101000000.0,0.0,,,,,-11000000.0,44000000.0,1.0,143885371.0,142500000,144100000.0,56.849,9670000000.0,0.0,210000000.0,800000000.0,67.86,1342000000.0
28,ANDV,MRQ,2011-06-30,2011-06-30,2011-06-30,2019-10-18,-50000000.0,9738000000.0,,4043000000.0,5695000000.0,,24.923,-64000000.0,607000000.0,607000000.0,7357000000.0,222000000.0,1.398,1.658,1723000000.0,57000000.0,1666000000.0,1723000000.0,0.0,106000000.0,0.0,0.0,0.0,413000000.0,519000000.0,0.065,519000000.0,413000000.0,353000000.0,1.54,1.52,1.54,3554000000.0,,3554000000.0,4496775076.0,5.0,3.618,-186000000.0,-1.304,1.0,606000000.0,0.076,237000000.0,60000000.0,7726000000.0,,1855000000.0,0.0,0.0,0.0,5892000000.0,2891000000.0,3001000000.0,3293775076.0,-117000000.0,0.0,287000000.0,-219000000.0,0.0,68000000.0,-63000000.0,0.0,-122000000.0,0.0,218000000.0,218000000.0,218000000.0,0.0,4000000.0,0.027,187000000.0,419000000.0,2295000000.0,0.0,0.927,8.578,8.423,5075000000.0,0.0,22.91,0.13,0.129,1376000000.0,2723000000.0,7963000000.0,7963000000.0,0.0,,,,,-16000000.0,27000000.0,1.0,143770191.0,142600000,144400000.0,55.842,9501000000.0,0.0,135000000.0,773000000.0,66.627,1152000000.0
29,ANDV,MRQ,2011-03-31,2011-03-31,2011-03-31,2019-10-18,-50000000.0,9358000000.0,,3598000000.0,5760000000.0,,23.51,-48000000.0,724000000.0,724000000.0,6106000000.0,107000000.0,1.225,1.811,1927000000.0,82000000.0,1845000000.0,1927000000.0,0.0,103000000.0,0.0,0.0,0.0,219000000.0,322000000.0,0.049,322000000.0,219000000.0,177000000.0,0.76,0.74,0.76,3329000000.0,,3329000000.0,5188368320.0,9.0,5.316,163000000.0,1.151,1.0,420000000.0,0.064,241000000.0,42000000.0,7383000000.0,,1467000000.0,0.0,0.0,0.0,6029000000.0,2937000000.0,3092000000.0,3841368320.0,76000000.0,0.0,1000000.0,-70000000.0,0.0,-87000000.0,-48000000.0,0.0,211000000.0,0.0,107000000.0,107000000.0,107000000.0,0.0,0.0,0.016,201000000.0,219000000.0,2338000000.0,0.0,1.154,16.487,16.163,5143000000.0,0.0,26.83,0.171,0.169,1231000000.0,2505000000.0,6526000000.0,6526000000.0,0.0,,,,,44000000.0,95000000.0,1.0,143174369.0,141600000,144000000.0,46.088,9117000000.0,0.0,70000000.0,682000000.0,64.386,661000000.0
30,ANDV,MRQ,2010-12-31,2010-12-31,2010-12-31,2019-10-18,-50000000.0,8732000000.0,,2928000000.0,5804000000.0,,22.721,-69000000.0,648000000.0,648000000.0,5243000000.0,3000000.0,1.173,1.716,1995000000.0,152000000.0,1843000000.0,1995000000.0,0.0,108000000.0,0.0,0.0,0.0,54000000.0,162000000.0,0.029,162000000.0,54000000.0,13000000.0,0.02,0.02,0.02,3215000000.0,,3215000000.0,4162192870.0,32.0,7.54,161000000.0,1.138,1.0,270000000.0,0.049,246000000.0,41000000.0,7337000000.0,,1257000000.0,0.0,0.0,0.0,5517000000.0,2496000000.0,3021000000.0,2654192870.0,309000000.0,0.0,2000000.0,149000000.0,0.0,148000000.0,-69000000.0,0.0,230000000.0,0.0,3000000.0,3000000.0,3000000.0,0.0,0.0,0.001,213000000.0,57000000.0,1852000000.0,0.0,0.826,-91.524,-88.286,5170000000.0,0.0,18.54,0.129,0.127,908000000.0,2398000000.0,5513000000.0,5513000000.0,0.0,,,,,29000000.0,77000000.0,1.0,143160349.0,141500000,141500000.0,38.961,8486000000.0,0.0,10000000.0,616000000.0,59.972,432000000.0
31,ANDV,MRQ,2010-09-30,2010-09-30,2010-09-30,2019-10-18,-47000000.0,8383000000.0,,2534000000.0,5849000000.0,,22.761,-69000000.0,339000000.0,339000000.0,5022000000.0,56000000.0,1.159,1.614,1847000000.0,3000000.0,1844000000.0,1847000000.0,0.0,106000000.0,0.0,0.004,0.0,134000000.0,240000000.0,0.045,240000000.0,134000000.0,94000000.0,0.4,0.39,0.4,3207000000.0,,3207000000.0,3560609822.0,-26.0,12.363,147000000.0,1.043,1.0,298000000.0,0.056,250000000.0,40000000.0,7455000000.0,,1049000000.0,0.0,0.0,0.0,5176000000.0,2186000000.0,2990000000.0,1906609822.0,148000000.0,0.0,1000000.0,-1000000.0,0.0,0.0,-68000000.0,0.0,216000000.0,0.0,56000000.0,56000000.0,56000000.0,0.0,0.0,0.011,169000000.0,129000000.0,1667000000.0,0.0,0.595,-9.036,-8.789,5177000000.0,0.0,13.36,0.097,0.095,1045000000.0,2395000000.0,5320000000.0,5320000000.0,0.0,,,,,14000000.0,56000000.0,1.0,142710316.0,140900000,142000000.0,37.757,8133000000.0,0.0,38000000.0,594000000.0,57.722,348000000.0
32,ANDV,MRQ,2010-06-30,2010-06-30,2010-06-30,2019-10-18,-44000000.0,8273000000.0,,2429000000.0,5844000000.0,,22.384,-73000000.0,191000000.0,191000000.0,4840000000.0,67000000.0,1.125,1.631,1845000000.0,3000000.0,1842000000.0,1845000000.0,0.0,108000000.0,0.0,0.013,0.0,144000000.0,252000000.0,0.049,252000000.0,144000000.0,107000000.0,0.48,0.47,0.48,3145000000.0,,3145000000.0,3200190230.0,-17.0,13.56,-99000000.0,-0.705,1.0,303000000.0,0.059,244000000.0,37000000.0,7523000000.0,,1072000000.0,0.0,0.0,0.0,5128000000.0,2160000000.0,2968000000.0,1648190230.0,-99000000.0,0.0,-1000000.0,0.0,0.0,0.0,-73000000.0,0.0,-26000000.0,0.0,67000000.0,67000000.0,67000000.0,0.0,0.0,0.013,160000000.0,143000000.0,1726000000.0,0.0,0.524,-7.044,-6.946,5169000000.0,0.0,11.67,0.086,0.086,1020000000.0,2339000000.0,5143000000.0,5143000000.0,0.0,,,,,0.0,42000000.0,1.0,141233096.0,140500000,142500000.0,36.605,8029000000.0,0.0,40000000.0,591000000.0,57.146,269000000.0
33,ANDV,MRQ,2010-03-31,2010-03-31,2010-03-31,2019-10-18,-171000000.0,8291000000.0,,2467000000.0,5824000000.0,,21.082,-86000000.0,290000000.0,290000000.0,4620000000.0,-155000000.0,1.09,1.819,1842000000.0,3000000.0,1839000000.0,1842000000.0,0.0,100000000.0,0.0,0.018,0.0,-202000000.0,-102000000.0,-0.022,-102000000.0,-202000000.0,-239000000.0,-1.11,-1.11,-1.11,2941000000.0,,2941000000.0,3381955637.0,-9.0,70.457,-121000000.0,-0.867,1.0,-13000000.0,-0.003,249000000.0,37000000.0,7331000000.0,,863000000.0,0.0,0.0,0.0,5350000000.0,2263000000.0,3087000000.0,1953955637.0,-123000000.0,0.0,1000000.0,-1000000.0,0.0,-3000000.0,-85000000.0,0.0,-35000000.0,0.0,-155000000.0,-155000000.0,-155000000.0,0.0,0.0,-0.034,189000000.0,-202000000.0,1808000000.0,0.0,0.664,-5.647,-5.582,5168000000.0,0.0,13.9,0.107,0.107,1181000000.0,2272000000.0,4607000000.0,4607000000.0,0.0,,,,,12000000.0,67000000.0,1.0,140572348.0,139500000,139500000.0,33.025,8042000000.0,0.0,-84000000.0,482000000.0,57.649,204000000.0
34,ANDV,MRQ,2009-12-31,2009-12-31,2009-12-31,2019-10-18,-171000000.0,8070000000.0,,2223000000.0,5847000000.0,,22.241,-111000000.0,413000000.0,413000000.0,4672000000.0,-179000000.0,1.177,1.614,1841000000.0,4000000.0,1837000000.0,1841000000.0,0.0,111000000.0,0.0,0.026,0.05,-213000000.0,-102000000.0,-0.022,-102000000.0,-213000000.0,-249000000.0,-1.29,-1.29,-1.29,3087000000.0,,3087000000.0,3204775026.0,-55.0,8.709,-117000000.0,-0.843,1.0,-3000000.0,-0.001,255000000.0,36000000.0,7354000000.0,,622000000.0,0.0,0.0,0.0,4983000000.0,1889000000.0,3094000000.0,1899775026.0,-121000000.0,0.0,3000000.0,0.0,-8000000.0,-4000000.0,-111000000.0,0.0,-6000000.0,0.0,-179000000.0,-179000000.0,-179000000.0,0.0,0.0,-0.038,219000000.0,-222000000.0,1441000000.0,-0.039,0.615,-13.57,-13.416,5190000000.0,0.0,13.55,0.113,0.111,1116000000.0,2427000000.0,4669000000.0,4669000000.0,0.0,,,,,12000000.0,59000000.0,1.0,140204799.0,138800000,134000000.0,33.638,7815000000.0,0.0,-70000000.0,505000000.0,56.304,334000000.0
35,ANDV,MRQ,2009-09-30,2009-09-30,2009-09-30,2019-10-18,-191000000.0,8244000000.0,,2395000000.0,5849000000.0,,23.43,-104000000.0,534000000.0,534000000.0,4492000000.0,33000000.0,1.227,1.546,1839000000.0,3000000.0,1836000000.0,1839000000.0,0.0,102000000.0,0.0,0.027,0.1,86000000.0,188000000.0,0.04,188000000.0,86000000.0,51000000.0,0.24,0.24,0.24,3238000000.0,,3238000000.0,3648459330.0,11.0,4.832,269000000.0,1.946,1.0,250000000.0,0.053,344000000.0,35000000.0,7253000000.0,,690000000.0,0.0,0.0,0.0,5006000000.0,1952000000.0,3054000000.0,2090459330.0,255000000.0,0.0,0.0,-1000000.0,-13000000.0,-14000000.0,-104000000.0,0.0,373000000.0,0.0,33000000.0,33000000.0,33000000.0,0.0,0.0,0.007,161000000.0,89000000.0,1432000000.0,0.417,0.646,15.371,15.286,5153000000.0,0.0,14.98,0.127,0.126,1082000000.0,2614000000.0,4742000000.0,4742000000.0,0.0,,,,,13000000.0,55000000.0,1.0,139550022.0,138200000,139700000.0,34.313,7900000000.0,0.0,18000000.0,443000000.0,57.164,443000000.0
36,ANDV,MRQ,2009-06-30,2009-06-30,2009-06-30,2019-10-18,-191000000.0,8322000000.0,,2480000000.0,5842000000.0,,23.254,-103000000.0,279000000.0,279000000.0,4036000000.0,-45000000.0,1.186,1.593,1837000000.0,3000000.0,1834000000.0,1837000000.0,0.0,108000000.0,0.0,0.031,0.1,-44000000.0,64000000.0,0.015,64000000.0,-44000000.0,-75000000.0,-0.33,-0.33,-0.33,3209000000.0,,3209000000.0,3151303183.0,5.0,2.811,-143000000.0,-1.036,1.0,145000000.0,0.035,347000000.0,31000000.0,7442000000.0,,987000000.0,0.0,0.0,0.0,5113000000.0,2091000000.0,3022000000.0,1761303183.0,123000000.0,0.0,0.0,281000000.0,-14000000.0,265000000.0,-102000000.0,0.0,-40000000.0,0.0,-45000000.0,-45000000.0,-45000000.0,0.0,0.0,-0.011,181000000.0,-36000000.0,1639000000.0,-0.303,0.549,4.865,4.84,5128000000.0,0.0,12.73,0.086,0.086,1098000000.0,2594000000.0,4181000000.0,4181000000.0,0.0,,,,,9000000.0,53000000.0,1.0,138358459.0,138000000,138000000.0,30.297,7975000000.0,0.0,-30000000.0,419000000.0,57.79,389000000.0
37,ANDV,MRQ,2009-03-31,2009-03-31,2009-03-31,2019-10-18,-191000000.0,7731000000.0,,1945000000.0,5786000000.0,,23.633,-119000000.0,156000000.0,156000000.0,3008000000.0,51000000.0,1.124,1.372,1546000000.0,2000000.0,1544000000.0,1546000000.0,0.0,105000000.0,0.0,0.03,0.1,113000000.0,218000000.0,0.066,218000000.0,113000000.0,85000000.0,0.37,0.37,0.37,3259000000.0,,3259000000.0,3454881454.0,5.0,2.92,217000000.0,1.574,1.0,272000000.0,0.083,352000000.0,28000000.0,7038000000.0,,882000000.0,0.0,0.0,0.0,4472000000.0,1731000000.0,2741000000.0,1863881454.0,136000000.0,0.0,-1000000.0,-66000000.0,-14000000.0,-81000000.0,-119000000.0,0.0,336000000.0,0.0,51000000.0,51000000.0,51000000.0,0.0,0.0,0.016,160000000.0,112000000.0,1266000000.0,0.27,0.572,4.535,4.505,5108000000.0,0.0,13.47,0.074,0.074,790000000.0,2653000000.0,3280000000.0,3280000000.0,0.0,,,,,10000000.0,54000000.0,1.0,138372788.0,137900000,139500000.0,23.785,7379000000.0,0.0,34000000.0,429000000.0,53.51,214000000.0
38,ANDV,MRQ,2008-12-31,2008-12-31,2008-12-31,2019-10-18,-191000000.0,7433000000.0,,1646000000.0,5787000000.0,,23.421,-150000000.0,20000000.0,20000000.0,3826000000.0,97000000.0,1.142,1.31,1611000000.0,2000000.0,1609000000.0,1611000000.0,0.0,113000000.0,0.0,0.03,0.1,172000000.0,285000000.0,0.067,285000000.0,172000000.0,144000000.0,0.7,0.7,0.7,3218000000.0,,3218000000.0,3181474792.0,6.0,3.381,-216000000.0,-1.572,1.0,415000000.0,0.098,358000000.0,28000000.0,7225000000.0,,787000000.0,0.0,0.0,0.0,4215000000.0,1441000000.0,2774000000.0,1823474792.0,-164000000.0,0.0,-2000000.0,66000000.0,-14000000.0,51000000.0,-149000000.0,0.0,-66000000.0,0.0,97000000.0,97000000.0,97000000.0,0.0,0.0,0.023,265000000.0,150000000.0,1027000000.0,0.143,0.567,6.559,6.488,5081000000.0,0.0,13.17,0.064,0.063,738000000.0,2616000000.0,4241000000.0,4241000000.0,0.0,,,,,5000000.0,147000000.0,1.0,138456704.0,137400000,138900000.0,30.866,7075000000.0,0.0,47000000.0,416000000.0,51.492,205000000.0
39,ANDV,MRQ,2008-09-30,2008-09-30,2008-09-30,2019-10-18,-90000000.0,8700000000.0,,2993000000.0,5707000000.0,,23.552,-124000000.0,184000000.0,184000000.0,8049000000.0,259000000.0,1.039,1.694,1542000000.0,3000000.0,1539000000.0,1542000000.0,0.0,99000000.0,0.0,0.024,0.1,455000000.0,554000000.0,0.064,554000000.0,455000000.0,425000000.0,1.89,1.86,1.89,3229000000.0,,3229000000.0,4035868102.0,13.0,5.668,380000000.0,2.772,1.0,633000000.0,0.073,365000000.0,30000000.0,6811000000.0,,852000000.0,0.0,0.0,0.0,5471000000.0,2882000000.0,2589000000.0,2273868102.0,160000000.0,0.0,5000000.0,-246000000.0,-14000000.0,-253000000.0,-91000000.0,0.0,504000000.0,0.0,259000000.0,259000000.0,259000000.0,0.0,0.0,0.03,180000000.0,453000000.0,2324000000.0,0.053,0.704,16.127,16.167,4981000000.0,0.0,16.49,0.074,0.073,1799000000.0,2533000000.0,8682000000.0,8682000000.0,0.0,,,,,5000000.0,68000000.0,1.0,137893760.0,137100000,139400000.0,63.326,8335000000.0,0.0,166000000.0,473000000.0,60.795,111000000.0
40,ANDV,MRQ,2008-06-30,2008-06-30,2008-06-30,2019-10-18,-90000000.0,9640000000.0,,3938000000.0,5702000000.0,,21.751,-164000000.0,24000000.0,24000000.0,8694000000.0,4000000.0,0.98,2.247,1786000000.0,3000000.0,1783000000.0,1786000000.0,0.0,99000000.0,0.0,0.02,0.1,27000000.0,126000000.0,0.014,126000000.0,27000000.0,-2000000.0,0.03,0.03,0.03,2969000000.0,,2969000000.0,4765883865.0,-159.0,13.313,298000000.0,2.183,1.0,193000000.0,0.022,371000000.0,29000000.0,7012000000.0,,1083000000.0,0.0,0.0,0.0,6671000000.0,4019000000.0,2652000000.0,2722883865.0,-17000000.0,0.0,0.0,-301000000.0,-13000000.0,-315000000.0,-164000000.0,0.0,462000000.0,0.0,4000000.0,4000000.0,4000000.0,0.0,0.0,0.0,162000000.0,31000000.0,3542000000.0,3.333,0.917,-38.35,-38.019,4949000000.0,0.0,19.77,0.097,0.096,2677000000.0,2288000000.0,8887000000.0,8887000000.0,0.0,,,,,2000000.0,58000000.0,1.0,137728066.0,136500000,138900000.0,65.106,9269000000.0,0.0,-6000000.0,296000000.0,67.905,-81000000.0
41,ANDV,MRQ,2008-03-31,2008-03-31,2008-03-31,2019-10-18,-90000000.0,8808000000.0,,3183000000.0,5625000000.0,,21.784,-212000000.0,41000000.0,41000000.0,6608000000.0,-82000000.0,1.127,1.969,2084000000.0,2000000.0,2082000000.0,2084000000.0,0.0,90000000.0,0.0,0.013,0.1,-111000000.0,-21000000.0,-0.003,-21000000.0,-111000000.0,-138000000.0,-0.6,-0.6,-0.6,2967000000.0,,2967000000.0,5764075930.0,8.0,5.433,-396000000.0,-2.907,1.0,-2000000.0,0.0,376000000.0,27000000.0,7651000000.0,,1360000000.0,0.0,0.0,0.0,5841000000.0,2824000000.0,3017000000.0,4128075930.0,18000000.0,0.0,-3000000.0,425000000.0,-14000000.0,408000000.0,-206000000.0,0.0,-184000000.0,0.0,-82000000.0,-82000000.0,-82000000.0,0.0,0.0,-0.012,111000000.0,-113000000.0,2412000000.0,-0.167,1.391,11.218,11.07,4878000000.0,0.0,30.0,0.167,0.165,1600000000.0,2297000000.0,6606000000.0,6606000000.0,0.0,,,,,-1000000.0,52000000.0,1.0,137602531.0,136200000,136200000.0,48.502,8432000000.0,0.0,-56000000.0,374000000.0,61.909,359000000.0
42,ANDV,MRQ,2007-12-31,2007-12-31,2007-12-31,2019-10-18,-90000000.0,8128000000.0,,2600000000.0,5528000000.0,,22.441,-252000000.0,23000000.0,23000000.0,6460000000.0,-40000000.0,1.043,1.663,1659000000.0,2000000.0,1657000000.0,1659000000.0,0.0,102000000.0,0.0,0.007,0.1,-49000000.0,53000000.0,0.008,53000000.0,-49000000.0,-65000000.0,-0.3,-0.29,-0.3,3052000000.0,,3052000000.0,7970038490.0,8.0,5.891,-182000000.0,-1.338,1.0,134000000.0,0.02,382000000.0,16000000.0,6888000000.0,,1200000000.0,0.0,0.0,0.0,5076000000.0,2494000000.0,2582000000.0,6534038490.0,-80000000.0,-1000000.0,1000000.0,120000000.0,-14000000.0,102000000.0,-252000000.0,0.0,70000000.0,0.0,-40000000.0,-40000000.0,-40000000.0,0.0,0.0,-0.006,183000000.0,-49000000.0,2004000000.0,-0.333,2.141,11.544,11.439,4780000000.0,0.0,47.7,0.297,0.295,1243000000.0,2393000000.0,6594000000.0,6594000000.0,0.0,,,,,17000000.0,74000000.0,1.0,136981939.0,136000000,139800000.0,48.485,7746000000.0,0.0,-25000000.0,388000000.0,56.956,106000000.0
43,ANDV,MRQ,2007-09-30,2007-09-30,2007-09-30,2019-10-18,-68000000.0,7995000000.0,,2671000000.0,5324000000.0,,22.973,-181000000.0,103000000.0,103000000.0,5651000000.0,47000000.0,1.093,1.561,1539000000.0,2000000.0,1537000000.0,1539000000.0,0.0,97000000.0,0.0,0.007,0.1,103000000.0,200000000.0,0.034,200000000.0,103000000.0,75000000.0,0.35,0.34,0.35,3122000000.0,,3122000000.0,7915081444.0,6.0,4.871,190000000.0,1.398,1.0,251000000.0,0.043,372000000.0,28000000.0,6616000000.0,,1302000000.0,0.0,0.0,0.0,4873000000.0,2443000000.0,2430000000.0,6297081444.0,-66000000.0,-3000000.0,-1000000.0,-251000000.0,-14000000.0,-264000000.0,-173000000.0,0.0,371000000.0,0.0,47000000.0,47000000.0,47000000.0,0.0,0.0,0.008,152000000.0,99000000.0,1918000000.0,0.286,2.017,8.242,8.145,4578000000.0,0.0,46.02,0.325,0.322,1139000000.0,2446000000.0,5902000000.0,5902000000.0,0.0,,,,,1000000.0,47000000.0,1.0,136833582.0,135900000,139600000.0,43.429,7623000000.0,0.0,28000000.0,394000000.0,56.093,228000000.0
44,ANDV,MRQ,2007-06-30,2007-06-30,2007-06-30,2019-10-18,-68000000.0,8224000000.0,,3001000000.0,5223000000.0,,22.675,-170000000.0,169000000.0,169000000.0,4710000000.0,443000000.0,1.197,1.673,1787000000.0,2000000.0,1785000000.0,1787000000.0,0.0,89000000.0,0.0,0.004,0.1,740000000.0,829000000.0,0.148,829000000.0,740000000.0,710000000.0,3.26,3.17,3.26,3077000000.0,,3077000000.0,8028798606.0,5.0,4.119,730000000.0,5.38,1.0,894000000.0,0.16,378000000.0,30000000.0,6957000000.0,,1546000000.0,0.0,0.0,0.0,5147000000.0,2507000000.0,2640000000.0,7808798606.0,-660000000.0,-2101000000.0,3000000.0,729000000.0,-13000000.0,710000000.0,-2270000000.0,0.0,900000000.0,0.0,443000000.0,443000000.0,443000000.0,0.0,0.0,0.079,165000000.0,729000000.0,1926000000.0,0.031,2.538,7.88,7.818,4454000000.0,0.0,57.15,0.416,0.413,1171000000.0,2413000000.0,5604000000.0,5604000000.0,0.0,,,,,15000000.0,73000000.0,1.0,136636896.0,135700000,139600000.0,41.297,7846000000.0,0.0,267000000.0,370000000.0,57.819,494000000.0
45,ANDV,MRQ,2007-03-31,2007-03-31,2007-03-31,2019-10-18,-68000000.0,6076000000.0,,2842000000.0,3234000000.0,,19.46,-144000000.0,829000000.0,829000000.0,3548000000.0,116000000.0,1.747,1.309,1049000000.0,17000000.0,1032000000.0,1049000000.0,0.0,69000000.0,0.0,0.004,0.05,202000000.0,271000000.0,0.07,271000000.0,202000000.0,185000000.0,0.86,0.84,0.86,2631000000.0,,2631000000.0,6910857758.0,5.0,3.995,-163000000.0,-1.206,1.0,328000000.0,0.085,199000000.0,17000000.0,4470000000.0,,944000000.0,0.0,0.0,0.0,3445000000.0,1627000000.0,1818000000.0,6850857758.0,-157000000.0,0.0,2000000.0,0.0,-7000000.0,5000000.0,-143000000.0,0.0,-19000000.0,0.0,116000000.0,116000000.0,116000000.0,0.0,0.0,0.03,140000000.0,188000000.0,1239000000.0,0.058,2.604,7.839,7.785,2777000000.0,0.0,50.215,0.378,0.375,913000000.0,1983000000.0,3876000000.0,3876000000.0,0.0,,,,,10000000.0,69000000.0,1.0,136430504.0,135200000,138900000.0,28.669,5877000000.0,0.0,69000000.0,358000000.0,43.469,1215000000.0
46,ANDV,MRQ,2006-12-31,2006-12-31,2006-12-31,2019-10-18,-68000000.0,5904000000.0,,2811000000.0,3093000000.0,,18.561,-140000000.0,986000000.0,986000000.0,3652000000.0,158000000.0,1.681,1.36,1046000000.0,17000000.0,1029000000.0,1046000000.0,0.0,64000000.0,0.0,0.006,0.05,261000000.0,325000000.0,0.081,325000000.0,261000000.0,244000000.0,1.18,1.15,1.18,2502000000.0,,2502000000.0,4584314160.0,3.0,2.847,121000000.0,0.898,1.0,368000000.0,0.092,201000000.0,17000000.0,4091000000.0,,872000000.0,0.0,0.0,0.0,3402000000.0,1672000000.0,1730000000.0,4426314160.0,100000000.0,0.0,-14000000.0,-1000000.0,-6000000.0,-22000000.0,-139000000.0,0.0,261000000.0,0.0,158000000.0,158000000.0,158000000.0,0.0,0.0,0.039,116000000.0,252000000.0,1270000000.0,0.042,1.769,5.526,5.583,2687000000.0,0.0,32.885,0.244,0.247,861000000.0,1876000000.0,4020000000.0,4020000000.0,0.0,,,,,7000000.0,50000000.0,1.0,134599792.0,134800000,138300000.0,29.822,5703000000.0,0.0,86000000.0,377000000.0,42.307,1139000000.0
47,ANDV,MRQ,2006-09-30,2006-09-30,2006-09-30,2019-10-18,-2000000.0,5946000000.0,,2950000000.0,2996000000.0,,17.805,-151000000.0,886000000.0,886000000.0,4697000000.0,274000000.0,1.721,1.452,1044000000.0,2000000.0,1042000000.0,1044000000.0,0.0,63000000.0,0.0,0.007,0.05,461000000.0,524000000.0,0.099,524000000.0,461000000.0,442000000.0,2.01,1.96,2.01,2425000000.0,,2425000000.0,4379059394.0,3.0,2.786,318000000.0,2.335,1.0,581000000.0,0.11,202000000.0,19000000.0,4188000000.0,,1000000000.0,0.0,0.0,0.0,3521000000.0,1714000000.0,1807000000.0,3957059394.0,266000000.0,0.0,-49000000.0,-1000000.0,-7000000.0,-55000000.0,-148000000.0,0.0,469000000.0,0.0,274000000.0,274000000.0,274000000.0,0.0,0.0,0.052,135000000.0,446000000.0,1428000000.0,0.025,1.632,5.558,5.554,2570000000.0,0.0,28.99,0.215,0.214,927000000.0,1724000000.0,5278000000.0,5278000000.0,0.0,,,,,-1000000.0,41000000.0,1.0,136497392.0,136200000,139800000.0,38.752,5744000000.0,0.0,168000000.0,467000000.0,42.173,1236000000.0
48,ANDV,MRQ,2006-06-30,2006-06-30,2006-06-30,2019-10-18,-2000000.0,5600000000.0,,2651000000.0,2949000000.0,,16.154,-64000000.0,620000000.0,620000000.0,4276000000.0,326000000.0,1.614,1.549,1042000000.0,3000000.0,1039000000.0,1042000000.0,0.0,60000000.0,0.0,0.005,0.05,550000000.0,610000000.0,0.124,610000000.0,550000000.0,529000000.0,2.4,2.33,2.4,2197000000.0,,2197000000.0,5841678036.0,5.0,3.923,329000000.0,2.419,1.0,653000000.0,0.132,205000000.0,21000000.0,4175000000.0,,988000000.0,0.0,0.0,0.0,3403000000.0,1642000000.0,1761000000.0,5098678036.0,314000000.0,0.0,-8000000.0,-9000000.0,-7000000.0,-16000000.0,-63000000.0,0.0,393000000.0,0.0,326000000.0,326000000.0,326000000.0,0.0,0.0,0.066,110000000.0,543000000.0,1293000000.0,0.021,2.321,7.679,7.658,2514000000.0,0.0,37.18,0.28,0.278,931000000.0,1457000000.0,4929000000.0,4929000000.0,0.0,,,,,-1000000.0,45000000.0,1.0,137134966.0,136000000,139800000.0,36.243,5395000000.0,0.0,203000000.0,432000000.0,39.669,1009000000.0
49,ANDV,MRQ,2006-03-31,2006-03-31,2006-03-31,2019-10-18,-2000000.0,5080000000.0,,2179000000.0,2901000000.0,,13.642,-81000000.0,306000000.0,306000000.0,3689000000.0,43000000.0,1.454,1.718,1049000000.0,12000000.0,1037000000.0,1049000000.0,0.0,60000000.0,0.0,0.004,0.05,91000000.0,151000000.0,0.039,151000000.0,91000000.0,71000000.0,0.315,0.305,0.315,1869000000.0,,1869000000.0,5322890542.0,5.0,4.228,-65000000.0,-0.474,1.0,188000000.0,0.048,207000000.0,20000000.0,4117000000.0,,1037000000.0,0.0,0.0,0.0,3211000000.0,1499000000.0,1712000000.0,4715890542.0,-134000000.0,0.0,-68000000.0,-1000000.0,-7000000.0,-70000000.0,-80000000.0,0.0,16000000.0,0.0,43000000.0,43000000.0,43000000.0,0.0,0.0,0.011,107000000.0,81000000.0,1239000000.0,0.159,2.523,9.034,8.992,2470000000.0,0.0,34.17,0.273,0.271,713000000.0,1138000000.0,3877000000.0,3877000000.0,0.0,,,,,0.0,40000000.0,1.0,138012600.0,137000000,141200000.0,28.299,4873000000.0,0.0,28000000.0,396000000.0,35.569,680000000.0
50,ANDV,MRQ,2005-12-31,2005-12-31,2005-12-31,2019-10-18,-2000000.0,5097000000.0,,2215000000.0,2882000000.0,,13.694,-88000000.0,440000000.0,440000000.0,4036000000.0,69000000.0,1.475,1.701,1047000000.0,3000000.0,1044000000.0,1047000000.0,0.0,58000000.0,0.0,0.003,0.05,229000000.0,287000000.0,0.066,287000000.0,229000000.0,112000000.0,0.495,0.485,0.495,1887000000.0,,1887000000.0,4716019280.0,5.0,3.84,-24000000.0,-0.174,1.0,324000000.0,0.074,208000000.0,117000000.0,3994000000.0,,953000000.0,0.0,0.0,0.0,3210000000.0,1502000000.0,1708000000.0,4238019280.0,-217000000.0,0.0,-15000000.0,-102000000.0,-7000000.0,-194000000.0,-87000000.0,0.0,64000000.0,0.0,69000000.0,69000000.0,69000000.0,0.0,0.0,0.016,104000000.0,220000000.0,1171000000.0,0.101,2.246,8.359,8.273,2467000000.0,0.0,30.775,0.256,0.253,718000000.0,1102000000.0,4360000000.0,4360000000.0,0.0,,,,,-1000000.0,36000000.0,1.0,137709806.0,137800000,141800000.0,31.64,4889000000.0,0.0,43000000.0,389000000.0,35.479,713000000.0
51,ANDV,MRQ,2005-09-30,2005-09-30,2005-09-30,2019-10-18,0.0,5242000000.0,,2481000000.0,2761000000.0,,13.326,-54000000.0,657000000.0,657000000.0,4536000000.0,226000000.0,1.488,1.863,1135000000.0,3000000.0,1132000000.0,1135000000.0,0.0,44000000.0,0.0,0.001,0.025,397000000.0,441000000.0,0.088,441000000.0,397000000.0,367000000.0,1.645,1.6,1.645,1831000000.0,,1831000000.0,5692755235.0,7.0,5.603,555000000.0,4.039,1.0,481000000.0,0.096,210000000.0,30000000.0,3843000000.0,,876000000.0,0.0,0.0,0.0,3411000000.0,1667000000.0,1744000000.0,4656155235.0,561000000.0,0.0,4000000.0,-1000000.0,-4000000.0,3000000.0,-51000000.0,0.0,609000000.0,0.0,226000000.0,226000000.0,226000000.0,0.0,0.0,0.045,89000000.0,392000000.0,1245000000.0,0.015,2.543,10.63,10.539,2384000000.0,0.0,33.62,0.298,0.296,831000000.0,1040000000.0,5017000000.0,5017000000.0,0.0,,,,,5000000.0,41000000.0,1.0,138493612.0,137400000,141400000.0,36.514,5032000000.0,0.0,141000000.0,361000000.0,36.623,814000000.0
52,ANDV,MRQ,2005-06-30,2005-06-30,2005-06-30,2019-10-18,0.0,4487000000.0,,1730800000.0,2756200000.0,,11.682,-52000000.0,96200000.0,96200000.0,3601000000.0,184000000.0,1.489,1.812,1132800000.0,2500000.0,1130300000.0,1132800000.0,0.0,43000000.0,0.0,0.001,0.025,337000000.0,380000000.0,0.094,380000000.0,337000000.0,305000000.0,1.345,1.31,1.345,1595800000.0,,1595800000.0,4304334202.0,7.0,5.56,90000000.0,0.659,1.0,432000000.0,0.107,212000000.0,32000000.0,4149100000.0,,854400000.0,0.0,0.0,0.0,2891200000.0,1162500000.0,1728700000.0,3166034202.0,7000000.0,0.0,10000000.0,-97000000.0,-3000000.0,-83000000.0,-52000000.0,0.0,142000000.0,0.0,184000000.0,184000000.0,184000000.0,0.0,0.0,0.046,95000000.0,337000000.0,877500000.0,0.019,1.984,11.43,11.43,2365000000.0,0.0,23.26,0.228,0.229,694500000.0,817100000.0,4033000000.0,4033000000.0,0.0,,,,,-4000000.0,48000000.0,1.0,136114970.0,136600000,140200000.0,29.524,4275000000.0,0.0,121000000.0,342600000.0,31.296,568300000.0
53,ANDV,MRQ,2005-03-31,2005-03-31,2005-03-31,2019-10-18,0.0,4391700000.0,,1649400000.0,2742300000.0,,10.4,-64000000.0,89100000.0,89100000.0,2997000000.0,28000000.0,1.253,2.161,1227400000.0,99000000.0,1128400000.0,1227400000.0,0.0,41000000.0,0.0,0.0,0.0,79000000.0,120000000.0,0.038,120000000.0,79000000.0,47000000.0,0.205,0.2,0.205,1389400000.0,,1389400000.0,3493889441.0,5.0,4.221,-121000000.0,-0.906,1.0,174000000.0,0.055,213800000.0,32000000.0,4000000000.0,,839800000.0,0.0,0.0,0.0,3002300000.0,1316200000.0,1686100000.0,2460389441.0,-96000000.0,0.0,16000000.0,-1000000.0,0.0,25000000.0,-64000000.0,0.0,-57000000.0,0.0,28000000.0,28000000.0,28000000.0,0.0,0.0,0.009,96000000.0,78000000.0,972100000.0,0.0,1.771,8.038,7.978,2345500000.0,0.0,18.51,0.189,0.19,643800000.0,636600000.0,3171000000.0,3171000000.0,0.0,,,,,-1000000.0,54000000.0,1.0,132922174.0,133600000,140200000.0,23.735,4177900000.0,0.0,19000000.0,298800000.0,31.272,333200000.0
54,ANDV,MRQ,2004-12-31,2004-12-31,2004-12-31,2019-10-18,0.0,4075000000.0,,1393000000.0,2682000000.0,,10.038,-93000000.0,185000000.0,185000000.0,3262000000.0,0.0,1.403,2.071,1218000000.0,3000000.0,1215000000.0,1218000000.0,0.0,43000000.0,0.0,0.0,0.0,32000000.0,75000000.0,0.022,75000000.0,32000000.0,0.0,-0.005,-0.015,-0.005,1327000000.0,,1327000000.0,3126172177.0,4.0,3.585,-33000000.0,-0.25,1.0,127000000.0,0.037,216000000.0,32000000.0,3899000000.0,,616000000.0,0.0,0.0,0.0,2748000000.0,993000000.0,1755000000.0,2117772177.0,-23000000.0,0.0,5000000.0,-1000000.0,0.0,6000000.0,-89000000.0,0.0,60000000.0,0.0,0.0,0.0,0.0,0.0,0.0,0.0,97000000.0,30000000.0,687000000.0,0.0,1.596,6.457,6.359,2304000000.0,0.0,15.93,0.173,0.17,528000000.0,609000000.0,3389000000.0,3389000000.0,0.0,,,,,3000000.0,44000000.0,1.0,132942384.0,132200000,140200000.0,25.635,3859000000.0,0.0,0.0,293000000.0,29.191,400000000.0
55,ANDV,MRQ,2004-09-30,2004-09-30,2004-09-30,2019-10-18,0.0,4131300000.0,,1513900000.0,2617400000.0,,10.02,-39700000.0,208700000.0,208700000.0,3053000000.0,65000000.0,1.38,2.143,1217100000.0,3600000.0,1213500000.0,1217100000.0,0.0,36200000.0,0.0,0.0,0.0,163000000.0,199200000.0,0.061,199200000.0,163000000.0,108000000.0,0.49,0.465,0.49,1314600000.0,,1314600000.0,3140521320.0,4.0,3.636,189900000.0,1.447,1.0,235000000.0,0.071,219700000.0,55000000.0,3823300000.0,,663300000.0,0.0,0.0,0.0,2816700000.0,1096700000.0,1720000000.0,1952321320.0,-215100000.0,0.0,2000000.0,-398300000.0,0.0,-405400000.0,-39300000.0,0.0,229600000.0,0.0,65000000.0,65000000.0,65000000.0,0.0,0.0,0.02,74000000.0,161000000.0,770500000.0,0.0,1.485,6.091,6.027,2252100000.0,0.0,14.765,0.178,0.176,590900000.0,609100000.0,3288000000.0,3288000000.0,0.0,,,,,2400000.0,38000000.0,1.0,132226300.0,131200000,139000000.0,25.061,3911600000.0,0.0,43000000.0,276500000.0,29.814,417200000.0
56,ANDV,MRQ,2004-06-30,2004-06-30,2004-06-30,2019-10-18,0.0,4298300000.0,,1699000000.0,2599300000.0,,9.51,-31400000.0,423300000.0,423300000.0,2679300000.0,213100000.0,1.377,2.461,1611500000.0,299400000.0,1312100000.0,1611500000.0,0.0,37800000.0,0.0,0.0,0.0,395700000.0,433500000.0,0.137,433500000.0,395700000.0,355500000.0,1.63,1.555,1.63,1242000000.0,,1242000000.0,3301739171.0,5.0,3.836,307000000.0,2.351,1.0,475700000.0,0.151,222500000.0,40200000.0,4030600000.0,,666100000.0,0.0,0.0,0.0,3056300000.0,1233400000.0,1822900000.0,1808239171.0,306600000.0,0.0,3800000.0,-800000.0,0.0,-500000.0,-31300000.0,0.0,338400000.0,0.0,213100000.0,213100000.0,213100000.0,0.0,0.0,0.068,80000000.0,395700000.0,633400000.0,0.0,1.456,5.545,5.509,2240000000.0,0.0,13.8,0.18,0.18,561700000.0,544500000.0,3155000000.0,3155000000.0,0.0,,,,,2900000.0,38700000.0,1.0,131031824.0,130600000,137200000.0,24.158,4075800000.0,0.0,142400000.0,277700000.0,31.208,465600000.0
57,ANDV,MRQ,2004-03-31,2004-03-31,2004-03-31,2019-10-18,0.0,3841800000.0,,1228300000.0,2613500000.0,,7.855,-14900000.0,116700000.0,116700000.0,2234700000.0,50400000.0,1.588,2.762,1610200000.0,3500000.0,1606700000.0,1610200000.0,0.0,37000000.0,0.0,0.0,0.0,126600000.0,163600000.0,0.067,163600000.0,126600000.0,83700000.0,0.39,0.375,0.39,1021100000.0,,1021100000.0,2752816572.0,7.0,5.183,38100000.0,0.293,1.0,195200000.0,0.08,224900000.0,42900000.0,4336900000.0,,550500000.0,0.0,0.0,0.0,2820700000.0,773500000.0,2047200000.0,1221216572.0,39500000.0,0.0,2200000.0,-900000.0,0.0,900000.0,-14400000.0,0.0,53000000.0,0.0,50400000.0,50400000.0,50400000.0,0.0,0.0,0.021,68600000.0,126600000.0,511600000.0,0.0,1.196,11.521,11.457,2239000000.0,0.0,9.395,0.136,0.136,497100000.0,331400000.0,2429900000.0,2429900000.0,0.0,,,,,1700000.0,31000000.0,1.0,129985798.0,130000000,134600000.0,18.692,3616900000.0,0.0,33300000.0,205200000.0,27.822,454800000.0
58,ANDV,MRQ,2003-12-31,2003-12-31,2003-12-31,2019-10-18,0.0,3661300000.0,,1024000000.0,2637300000.0,,7.472,-34100000.0,77200000.0,77200000.0,2001100000.0,-8000000.0,1.491,2.793,1608800000.0,3500000.0,1605300000.0,1608800000.0,0.0,37600000.0,0.0,0.0,0.0,29800000.0,67400000.0,0.032,67400000.0,29800000.0,-12100000.0,-0.06,-0.065,-0.06,965400000.0,,965400000.0,2543006304.0,8.0,5.254,43300000.0,0.335,1.0,112400000.0,0.053,227300000.0,41900000.0,4278600000.0,,487300000.0,0.0,0.0,0.0,2695900000.0,687000000.0,2008900000.0,941506304.0,67200000.0,0.0,1000000.0,-3700000.0,0.0,-3000000.0,-7200000.0,0.0,77400000.0,0.0,-8000000.0,-8000000.0,-8000000.0,0.0,0.0,-0.004,83600000.0,28800000.0,431800000.0,0.0,0.975,12.388,12.347,2251500000.0,0.0,7.285,0.106,0.106,414600000.0,281000000.0,2113500000.0,2113500000.0,0.0,,,,,0.0,39300000.0,1.0,129239026.0,129200000,132000000.0,16.358,3434000000.0,0.0,-4100000.0,179200000.0,26.579,337000000.0
59,ANDV,MRQ,2003-09-30,2003-09-30,2003-09-30,2019-10-18,0.0,3675000000.0,,1034200000.0,2640800000.0,,7.52,-23300000.0,9600000.0,9600000.0,2096200000.0,70600000.0,1.526,2.782,1611100000.0,3600000.0,1607500000.0,1611100000.0,0.0,36700000.0,0.0,0.0,0.0,159600000.0,196300000.0,0.084,196300000.0,159600000.0,113700000.0,0.545,0.545,0.545,971600000.0,,971600000.0,2213457096.0,7.0,4.711,65100000.0,0.504,1.0,233800000.0,0.1,229700000.0,45900000.0,4369100000.0,,528200000.0,0.0,0.0,0.0,2703400000.0,677700000.0,2025700000.0,546657096.0,-58400000.0,0.0,0.0,-125600000.0,0.0,-125800000.0,-21000000.0,0.0,88400000.0,0.0,70600000.0,70600000.0,70600000.0,0.0,0.0,0.03,74200000.0,159600000.0,409100000.0,0.0,0.563,9.71,9.614,2253500000.0,0.0,4.23,0.063,0.063,409400000.0,288900000.0,2330000000.0,2330000000.0,0.0,,,,,0.0,28300000.0,1.0,129233356.0,129200000,129800000.0,18.034,3445300000.0,0.0,43100000.0,183700000.0,26.666,356500000.0
60,ANDV,MRQ,2003-06-30,2003-06-30,2003-06-30,2019-10-18,0.0,3609900000.0,,928800000.0,2681100000.0,,6.974,-15900000.0,68000000.0,68000000.0,1979600000.0,-7000000.0,1.565,3.007,1734800000.0,4600000.0,1730200000.0,1734800000.0,0.0,36700000.0,0.0,0.0,0.0,67100000.0,103800000.0,0.049,103800000.0,67100000.0,-11100000.0,-0.055,-0.055,-0.055,901000000.0,,901000000.0,2336944375.0,13.0,7.058,258100000.0,1.998,1.0,136800000.0,0.065,234900000.0,78200000.0,4448500000.0,,427800000.0,0.0,0.0,0.0,2708900000.0,593300000.0,2115600000.0,444544375.0,54400000.0,0.0,0.0,-182100000.0,0.0,-204200000.0,-15400000.0,0.0,274000000.0,0.0,-7000000.0,-7000000.0,-7000000.0,0.0,0.0,-0.003,69700000.0,67100000.0,361600000.0,0.0,0.493,-14.769,-15.289,2291100000.0,0.0,3.44,0.052,0.052,406500000.0,218300000.0,2116400000.0,2116400000.0,0.0,,,,,0.0,32100000.0,1.0,129228016.0,129200000,129200000.0,16.381,3375000000.0,0.0,-4100000.0,141000000.0,26.122,335500000.0
61,ANDV,MRQ,2003-03-31,2003-03-31,2003-03-31,2019-10-18,0.0,3664000000.0,,963700000.0,2700300000.0,,7.028,-27700000.0,13600000.0,13600000.0,2131100000.0,20400000.0,1.878,3.035,1906000000.0,52500000.0,1853500000.0,1906000000.0,0.0,37000000.0,0.0,0.0,0.0,79500000.0,116500000.0,0.051,116500000.0,79500000.0,32500000.0,0.16,0.16,0.16,908000000.0,,908000000.0,2345000924.0,19.0,8.73,-20500000.0,-0.159,1.0,155000000.0,0.068,239200000.0,47000000.0,4804000000.0,,472700000.0,0.0,0.0,0.0,2756000000.0,513200000.0,2242800000.0,478100924.0,-96200000.0,0.0,0.0,-76600000.0,0.0,-77000000.0,-26400000.0,0.0,7200000.0,0.0,20400000.0,20400000.0,20400000.0,0.0,0.0,0.009,75500000.0,79500000.0,267400000.0,0.0,0.527,-11.661,-11.935,2303500000.0,0.0,3.7,0.058,0.058,423400000.0,225300000.0,2286100000.0,2286100000.0,0.0,,,,,0.0,38300000.0,1.0,129216466.0,129200000,129400000.0,17.694,3424800000.0,6100000.0,12100000.0,146700000.0,26.508,450500000.0
62,ANDV,MRQ,2002-12-31,2002-12-31,2002-12-31,2019-10-18,0.0,3758800000.0,,1054200000.0,2704600000.0,,6.891,-53100000.0,109800000.0,109800000.0,1910900000.0,-27700000.0,1.733,3.235,1976700000.0,70000000.0,1906700000.0,1976700000.0,0.0,37800000.0,0.0,0.0,0.0,15400000.0,53200000.0,0.027,53200000.0,15400000.0,-34900000.0,-0.21,-0.21,-0.21,887600000.0,,887600000.0,2311833729.0,-124.0,20.641,-25100000.0,-0.195,1.0,90500000.0,0.045,241700000.0,50300000.0,4775700000.0,,461500000.0,0.0,0.0,0.0,2871200000.0,608300000.0,2262900000.0,292033729.0,78400000.0,100000.0,0.0,-98100000.0,0.0,-104900000.0,155300000.0,0.0,28000000.0,0.0,-27700000.0,-27700000.0,-27700000.0,0.0,0.0,-0.014,75100000.0,15400000.0,338600000.0,0.0,0.329,-2.496,-2.342,2303400000.0,0.0,2.26,0.041,0.038,412200000.0,204900000.0,2001400000.0,2001400000.0,0.0,,,,,0.0,29400000.0,1.0,129218464.0,128800000,128800000.0,15.539,3517100000.0,41900000.0,-7200000.0,128700000.0,27.307,445900000.0
63,ANDV,MRQ,2002-09-30,2002-09-30,2002-09-30,2019-10-18,0.0,3943400000.0,,1072700000.0,2870700000.0,,7.084,-54000000.0,31400000.0,31400000.0,2059200000.0,-15800000.0,1.625,3.308,2051200000.0,58100000.0,1993100000.0,2051200000.0,0.0,38200000.0,0.0,0.0,0.0,19400000.0,57600000.0,0.027,57600000.0,19400000.0,-23800000.0,-0.12,-0.12,-0.12,915300000.0,,915300000.0,2198305850.0,-523.0,16.529,100000.0,0.001,1.0,89300000.0,0.042,262300000.0,43200000.0,5040900000.0,,485900000.0,0.0,0.0,0.0,3028100000.0,660000000.0,2368100000.0,180905850.0,-11600000.0,2300000.0,0.0,-11600000.0,0.0,-11700000.0,-54000000.0,0.0,54100000.0,0.0,-15800000.0,-15800000.0,-15800000.0,0.0,0.0,-0.007,69900000.0,19400000.0,383800000.0,0.0,0.198,-2.121,-1.677,2445000000.0,0.0,1.4,0.028,0.028,424500000.0,232600000.0,2148500000.0,2148500000.0,0.0,,,,,0.0,31500000.0,1.0,129218464.0,129200000,129200000.0,16.629,3681100000.0,97200000.0,-8000000.0,156100000.0,28.491,412700000.0
64,ANDV,MRQ,2002-06-30,2002-06-30,2002-06-30,2019-10-18,0.0,3961800000.0,,1112400000.0,2849400000.0,,7.207,-43800000.0,43000000.0,43000000.0,1663700000.0,-17900000.0,1.723,3.255,2060400000.0,54900000.0,2005500000.0,2060400000.0,0.0,29500000.0,0.0,0.0,0.0,11800000.0,41300000.0,0.024,41300000.0,11800000.0,-29800000.0,-0.14,-0.14,-0.14,931100000.0,,931100000.0,1751813753.0,36.0,10.942,-20200000.0,-0.156,1.0,73100000.0,0.042,294600000.0,41600000.0,5038900000.0,,545300000.0,0.0,0.0,0.0,3030700000.0,645700000.0,2385000000.0,500613753.0,42800000.0,-633900000.0,200000.0,735200000.0,0.0,708500000.0,-689300000.0,0.0,23600000.0,0.0,-17900000.0,-17900000.0,-17900000.0,0.0,0.0,-0.01,63400000.0,9700000.0,418500000.0,0.0,0.538,-13.641,-12.109,2389400000.0,0.0,3.875,0.089,0.089,503600000.0,248400000.0,1736800000.0,1736800000.0,0.0,,,,,0.0,33800000.0,1.0,129190646.0,129200000,129200000.0,13.443,3667200000.0,0.0,-11900000.0,159500000.0,28.384,466700000.0
65,ANDV,MRQ,2002-03-31,2002-03-31,2002-03-31,2019-10-18,0.0,2998600000.0,,868400000.0,2130200000.0,,9.834,-52600000.0,200000.0,200000.0,1231900000.0,-55600000.0,1.534,2.163,1251400000.0,34000000.0,1217400000.0,1251400000.0,0.0,25200000.0,0.0,0.0,0.0,-62500000.0,-37300000.0,-0.03,-37300000.0,-62500000.0,-92800000.0,-0.575,-0.575,-0.575,948000000.0,,948000000.0,1677306423.0,18.0,9.042,-100500000.0,-1.043,1.0,700000.0,0.001,166900000.0,30300000.0,3516900000.0,,418600000.0,0.0,0.0,0.0,2050600000.0,566000000.0,1484600000.0,582306423.0,-51700000.0,-300000000.0,244900000.0,107100000.0,0.0,348900000.0,-352700000.0,0.0,-47900000.0,0.0,-55600000.0,-55600000.0,-55600000.0,0.0,0.0,-0.045,63900000.0,-63200000.0,381500000.0,0.0,0.614,75.624,28.673,1556200000.0,0.0,7.025,0.112,0.131,434700000.0,266300000.0,1232600000.0,1232600000.0,0.0,,,,,0.0,38500000.0,1.0,82890594.0,96400000,96400000.0,12.786,2831700000.0,0.0,-37200000.0,148500000.0,29.374,302400000.0
66,ANDV,MRQ,2001-12-31,2001-12-31,2001-12-31,2019-10-18,0.0,2662300000.0,,878000000.0,1784300000.0,,9.165,-57800000.0,51900000.0,51900000.0,1138100000.0,4000000.0,1.63,2.517,1146900000.0,34400000.0,1112500000.0,1146900000.0,0.0,44300000.0,0.0,0.0,0.0,27100000.0,71400000.0,0.057,71400000.0,27100000.0,6700000.0,0.0,0.05,0.0,757000000.0,,757000000.0,1626088277.0,8.0,5.837,80300000.0,0.972,1.0,104700000.0,0.084,168500000.0,20400000.0,3050300000.0,,431800000.0,0.0,0.0,0.0,1905300000.0,538500000.0,1366800000.0,542188277.0,50700000.0,-113700000.0,0.0,56700000.0,0.0,52500000.0,-139900000.0,0.0,138100000.0,0.0,4000000.0,4000000.0,4000000.0,0.0,0.0,0.003,77000000.0,27700000.0,331200000.0,,0.716,6.612,5.801,1522300000.0,0.0,6.555,0.105,0.092,362400000.0,321900000.0,1242800000.0,1242800000.0,0.0,,,,,0.0,30900000.0,1.0,82713696.0,82600000,83800000.0,15.046,2493800000.0,22500000.0,2700000.0,136900000.0,30.191,339500000.0
67,ANDV,MRQ,2001-09-30,2001-09-30,2001-09-30,2019-10-18,0.0,2539300000.0,,884100000.0,1655200000.0,,9.082,-69800000.0,1200000.0,1200000.0,1299800000.0,32800000.0,1.816,2.377,1085100000.0,16600000.0,1068500000.0,1085100000.0,0.0,12700000.0,0.0,0.0,0.0,72000000.0,84700000.0,0.06,84700000.0,72000000.0,54700000.0,0.395,0.395,0.395,752000000.0,,752000000.0,846633968.0,4.0,2.902,-16700000.0,-0.202,1.0,112200000.0,0.079,112400000.0,17300000.0,3024000000.0,,396600000.0,0.0,0.0,0.0,1787300000.0,486800000.0,1300500000.0,492233968.0,-700000.0,-669700000.0,-3500000.0,728600000.0,0.0,703600000.0,-757400000.0,0.0,53100000.0,0.0,32800000.0,32800000.0,32800000.0,0.0,0.0,0.023,40300000.0,71900000.0,339100000.0,0.0,0.655,4.952,4.048,1372300000.0,0.0,5.95,0.092,0.092,479200000.0,317900000.0,1412000000.0,1412000000.0,0.0,,,,,0.0,27600000.0,1.0,82728398.0,82800000,83400000.0,17.053,2426900000.0,0.0,21900000.0,124600000.0,29.31,397300000.0
68,ANDV,MRQ,2001-06-30,2001-06-30,2001-06-30,2019-10-18,0.0,1628900000.0,,658400000.0,970500000.0,,11.609,-48400000.0,1900000.0,1900000.0,1210900000.0,29500000.0,1.855,1.256,356300000.0,3700000.0,352600000.0,356300000.0,0.0,10900000.0,0.0,0.0,0.0,55800000.0,66700000.0,0.051,66700000.0,55800000.0,49200000.0,0.425,0.35,0.425,722100000.0,,722100000.0,738203944.0,4.0,2.737,-6500000.0,-0.105,1.0,88700000.0,0.068,0.0,6600000.0,1628300000.0,,307800000.0,0.0,0.0,0.0,906800000.0,355000000.0,551800000.0,390003944.0,400000.0,0.0,0.0,6800000.0,0.0,5100000.0,-46600000.0,0.0,41900000.0,0.0,29500000.0,26500000.0,26500000.0,0.0,0.0,0.02,33100000.0,55600000.0,265200000.0,0.0,0.54,4.402,4.406,840700000.0,3000000.0,6.3,0.073,0.074,340500000.0,285100000.0,1299600000.0,1299600000.0,0.0,,,,,0.0,22200000.0,1.0,61905388.0,62200000,84600000.0,20.894,1628900000.0,0.0,19700000.0,120700000.0,26.188,303400000.0
69,ANDV,MRQ,2001-03-31,2001-03-31,2001-03-31,2019-10-18,0.0,1531200000.0,,602400000.0,928800000.0,,11.163,-33500000.0,1500000.0,1500000.0,1148300000.0,21700000.0,1.979,1.219,349700000.0,3700000.0,346000000.0,349700000.0,0.0,12000000.0,0.0,0.0,0.0,43800000.0,55800000.0,0.045,55800000.0,43800000.0,36300000.0,0.305,0.26,0.305,689900000.0,,689900000.0,681267798.0,4.0,2.771,-52200000.0,-0.845,1.0,79000000.0,0.064,0.0,7500000.0,1575000000.0,,274000000.0,0.0,0.0,0.0,841300000.0,304400000.0,536900000.0,384767798.0,-12600000.0,0.0,0.0,41700000.0,0.0,38900000.0,-32800000.0,0.0,-18700000.0,0.0,21700000.0,18700000.0,18700000.0,0.0,0.0,0.015,35500000.0,43500000.0,217600000.0,0.0,0.558,5.221,5.231,803100000.0,3000000.0,6.225,0.073,0.073,317100000.0,258600000.0,1227300000.0,1227300000.0,0.0,,,,,0.0,23500000.0,1.0,61810088.0,61800000,83600000.0,19.859,1531200000.0,0.0,14600000.0,115300000.0,24.777,298000000.0
70,ANDV,MRQ,2000-12-31,2000-12-31,2000-12-31,2019-10-18,0.0,1543600000.0,,630200000.0,913400000.0,,10.946,-51300000.0,14100000.0,14100000.0,1262200000.0,24400000.0,1.648,1.304,310600000.0,3800000.0,306800000.0,310600000.0,0.0,36700000.0,0.0,0.0,0.0,47800000.0,84500000.0,0.06,84500000.0,47800000.0,40700000.0,0.345,0.29,0.345,669900000.0,,669900000.0,644677229.0,4.0,2.859,-14400000.0,-0.235,1.0,136500000.0,0.098,0.0,7100000.0,1457700000.0,,274300000.0,0.0,0.0,0.0,873700000.0,382400000.0,491300000.0,358377229.0,-10400000.0,0.0,0.0,-300000.0,0.0,-200000.0,-47100000.0,0.0,36900000.0,0.0,24400000.0,21400000.0,21400000.0,0.0,0.0,0.015,94700000.0,41800000.0,281600000.0,0.0,0.535,5.846,5.934,781400000.0,3000000.0,5.815,0.071,0.072,334500000.0,239900000.0,1398700000.0,1398700000.0,0.0,,,,,0.0,56200000.0,1.0,61629790.0,61200000,83000000.0,22.855,1543600000.0,0.0,16300000.0,107200000.0,25.222,247800000.0
71,ANDV,MRQ,2000-09-30,2000-09-30,2000-09-30,2019-10-18,0.0,1530800000.0,,657200000.0,873600000.0,,10.516,-19200000.0,24500000.0,24500000.0,1319500000.0,25000000.0,1.624,1.363,310800000.0,3700000.0,307100000.0,310800000.0,0.0,11600000.0,0.0,0.0,0.0,51100000.0,62700000.0,0.045,62700000.0,51100000.0,43400000.0,0.355,0.3,0.355,647800000.0,,647800000.0,646638427.0,5.0,3.917,57000000.0,0.925,1.0,75100000.0,0.054,0.0,7700000.0,1412300000.0,,275300000.0,0.0,0.0,0.0,883000000.0,404800000.0,478200000.0,306238427.0,15900000.0,0.0,0.0,-38300000.0,0.0,-41300000.0,-19000000.0,0.0,76200000.0,0.0,25000000.0,22000000.0,22000000.0,0.0,0.0,0.016,22400000.0,52700000.0,310900000.0,0.0,0.473,5.692,5.846,741800000.0,3000000.0,4.969,0.067,0.067,349100000.0,218500000.0,1394600000.0,1394600000.0,0.0,,,,,0.0,11400000.0,1.0,61629790.0,61600000,82800000.0,22.64,1530800000.0,0.0,18400000.0,99000000.0,24.851,252400000.0
72,ANDV,MRQ,2000-06-30,2000-06-30,2000-06-30,2019-10-18,0.0,1483900000.0,,619200000.0,864700000.0,,10.059,-14200000.0,8600000.0,8600000.0,1165800000.0,14600000.0,1.763,1.372,349000000.0,3700000.0,345300000.0,349000000.0,0.0,10500000.0,0.0,0.0,0.0,32400000.0,42900000.0,0.035,42900000.0,32400000.0,24100000.0,0.185,0.175,0.185,625700000.0,,625700000.0,650141565.0,5.0,3.984,6300000.0,0.101,1.0,52400000.0,0.043,0.0,8300000.0,1473000000.0,,282300000.0,0.0,0.0,0.0,858200000.0,351300000.0,506900000.0,314841565.0,-12400000.0,0.0,-8700000.0,-7300000.0,0.0,-19100000.0,-13800000.0,0.0,20500000.0,0.0,14600000.0,11600000.0,11600000.0,0.0,0.0,0.01,18800000.0,33600000.0,268700000.0,0.0,0.503,5.82,6.03,733600000.0,3000000.0,5.065,0.078,0.078,320300000.0,196500000.0,1218200000.0,1218200000.0,0.0,,,,,0.0,8900000.0,1.0,62160230.0,62200000,83400000.0,19.585,1483900000.0,0.0,9500000.0,91500000.0,23.857,267900000.0
73,ANDV,MRQ,2000-03-31,2000-03-31,2000-03-31,2019-10-18,0.0,1471600000.0,,609600000.0,862000000.0,,9.672,-9300000.0,21000000.0,21000000.0,1011400000.0,9300000.0,1.791,1.362,356300000.0,3800000.0,352500000.0,356300000.0,0.0,10500000.0,0.0,0.0,0.0,24900000.0,35400000.0,0.034,35400000.0,24900000.0,15300000.0,0.1,0.1,0.1,622900000.0,,622900000.0,640558323.0,4.0,3.38,-52500000.0,-0.815,1.0,43900000.0,0.042,0.0,9600000.0,1466500000.0,,268300000.0,0.0,0.0,0.0,848700000.0,340400000.0,508300000.0,364758323.0,-120800000.0,0.0,-6800000.0,-60000000.0,0.0,-69500000.0,-8100000.0,0.0,-43200000.0,0.0,9300000.0,6300000.0,6300000.0,0.0,0.0,0.006,18600000.0,25300000.0,268700000.0,0.0,0.586,5.066,5.18,730500000.0,3000000.0,5.75,0.102,0.104,309300000.0,184900000.0,1055300000.0,1055300000.0,0.0,,,,,0.0,8700000.0,1.0,63436230.0,64400000,64600000.0,16.387,1471600000.0,0.0,6000000.0,87900000.0,22.851,269200000.0
74,ANDV,MRQ,1999-12-31,1999-12-31,1999-12-31,2019-10-18,0.0,1486500000.0,,611600000.0,874900000.0,,9.616,-33000000.0,141800000.0,141800000.0,844900000.0,16900000.0,1.902,1.386,417600000.0,27400000.0,390200000.0,417600000.0,0.0,12100000.0,0.0,0.0,0.0,12000000.0,24100000.0,0.028,24100000.0,12000000.0,3200000.0,0.21,0.285,0.21,623100000.0,,623100000.0,874570871.0,7.0,5.012,-66200000.0,-1.022,1.0,29700000.0,0.034,0.0,8800000.0,1440700000.0,,182200000.0,0.0,0.0,0.0,863400000.0,321600000.0,541800000.0,374670871.0,128800000.0,0.0,0.0,-97900000.0,0.0,-103900000.0,265900000.0,0.0,-33200000.0,0.0,16900000.0,13900000.0,13900000.0,-40500000.0,0.0,0.016,58700000.0,-29000000.0,214200000.0,0.0,0.601,5.947,5.959,731600000.0,3000000.0,5.78,0.125,0.125,280700000.0,178600000.0,874600000.0,874600000.0,0.0,,,,,0.0,51700000.0,1.0,64821950.0,64800000,65600000.0,13.497,1486500000.0,0.0,-13700000.0,85800000.0,22.94,290000000.0
75,ANDV,MRQ,1999-09-30,1999-09-30,1999-09-30,2019-10-18,0.0,1557300000.0,,468500000.0,1088800000.0,,9.401,-26600000.0,15600000.0,15600000.0,823600000.0,25300000.0,1.531,1.556,515500000.0,24500000.0,491000000.0,515500000.0,0.0,10700000.0,0.0,0.0,0.0,50100000.0,60800000.0,0.068,60800000.0,50100000.0,40700000.0,0.345,0.29,0.345,609200000.0,,609200000.0,1066667443.0,15.0,12.836,57500000.0,0.887,1.0,69900000.0,0.078,0.0,9400000.0,1751100000.0,,197700000.0,0.0,0.0,0.0,948100000.0,306100000.0,642000000.0,533767443.0,6200000.0,0.0,0.0,-37800000.0,0.0,-40400000.0,-37500000.0,0.0,84100000.0,0.0,25300000.0,22300000.0,22300000.0,-2300000.0,0.0,0.025,22400000.0,47500000.0,183700000.0,0.0,0.876,80.874,275.0,938300000.0,3000000.0,8.25,0.208,0.208,244600000.0,164700000.0,893500000.0,893500000.0,0.0,,,,,0.0,8000000.0,1.0,64699084.0,64800000,86600000.0,13.789,1557300000.0,0.0,15400000.0,82700000.0,24.032,162400000.0
76,ANDV,MRQ,1999-06-30,1999-06-30,1999-06-30,2019-10-18,0.0,1522500000.0,,463500000.0,1059000000.0,,9.071,-11700000.0,11300000.0,11300000.0,660300000.0,32500000.0,1.688,1.598,544200000.0,20200000.0,524000000.0,544200000.0,0.0,10100000.0,0.0,0.0,0.0,59100000.0,69200000.0,0.094,69200000.0,59100000.0,49800000.0,0.455,0.38,0.455,586000000.0,,586000000.0,1023821310.0,23.0,15.703,-12100000.0,-0.187,1.0,78500000.0,0.106,0.0,9300000.0,1780800000.0,,228500000.0,0.0,0.0,0.0,936500000.0,274600000.0,661900000.0,515521310.0,600000.0,0.0,0.0,28800000.0,0.0,25900000.0,-24900000.0,0.0,-400000.0,0.0,32500000.0,29500000.0,29500000.0,100000.0,0.0,0.04,19600000.0,58900000.0,157200000.0,0.0,0.88,-47.296,-33.208,919100000.0,3000000.0,7.97,0.24,0.24,213400000.0,142400000.0,738800000.0,738800000.0,0.0,,,,,0.0,8400000.0,1.0,64682724.0,64600000,86000000.0,11.437,1522500000.0,0.0,17300000.0,72400000.0,23.568,188900000.0
77,ANDV,MRQ,1999-03-31,1999-03-31,1999-03-31,2019-10-18,0.0,1445500000.0,,397500000.0,1048000000.0,,8.615,-13400000.0,6800000.0,6800000.0,466000000.0,300000.0,1.526,1.597,515100000.0,19700000.0,495400000.0,515100000.0,0.0,10000000.0,0.0,0.0,0.0,10400000.0,20400000.0,0.041,20400000.0,10400000.0,300000.0,-0.04,-0.04,-0.04,556500000.0,,556500000.0,886755246.0,130.0,27.539,48800000.0,0.755,1.0,27400000.0,0.056,0.0,10100000.0,1693400000.0,,214700000.0,0.0,0.0,0.0,889000000.0,260400000.0,628600000.0,355755246.0,-5800000.0,0.0,0.0,-27700000.0,0.0,-30800000.0,-37200000.0,0.0,62200000.0,0.0,300000.0,-2700000.0,-2700000.0,-100000.0,0.0,-0.005,17200000.0,10200000.0,175900000.0,0.0,0.639,-10.402,-9.483,915000000.0,3000000.0,5.5,0.211,0.211,164200000.0,112900000.0,493400000.0,493400000.0,0.0,,,,,0.0,6900000.0,1.0,64682772.0,64600000,64600000.0,7.638,1445500000.0,0.0,0.0,70000000.0,22.376,137100000.0
78,ANDV,MRQ,1998-12-31,1998-12-31,1998-12-31,2019-10-18,0.0,1406400000.0,,370200000.0,1036200000.0,,8.63,81300000.0,12000000.0,12000000.0,476200000.0,-39500000.0,1.971,1.515,543900000.0,12500000.0,531400000.0,543900000.0,0.0,-17700000.0,0.0,0.0,0.0,-49600000.0,-67300000.0,-0.153,-67300000.0,-49600000.0,-54100000.0,-0.73,-0.725,-0.73,559200000.0,,559200000.0,878377697.0,85.0,22.58,104400000.0,1.611,1.0,-37200000.0,-0.085,0.0,4500000.0,1750500000.0,,207700000.0,0.0,0.0,0.0,847200000.0,187800000.0,659400000.0,392200697.0,14700000.0,-5200000.0,246000000.0,337300000.0,0.0,50800000.0,-59200000.0,0.0,23100000.0,0.0,-39500000.0,-42500000.0,-42500000.0,22600000.0,0.0,-0.097,-33200000.0,-4000000.0,112100000.0,0.0,0.701,-15.441,-14.105,691400000.0,3000000.0,6.065,0.283,0.257,138800000.0,115600000.0,439000000.0,439000000.0,0.0,,,,,0.0,8000000.0,1.0,64666232.0,64800000,65200000.0,6.775,1406400000.0,0.0,-14600000.0,69900000.0,21.704,182400000.0
79,ANDV,MRQ,1998-09-30,1998-09-30,1998-09-30,2019-10-18,0.0,1481701000.0,,405325000.0,1076376000.0,,9.313,-69000000.0,3454000.0,3454000.0,426200000.0,7800000.0,1.592,1.463,489631000.0,6386000.0,483245000.0,489631000.0,0.0,18100000.0,0.0,0.0,0.0,24800000.0,42900000.0,0.091,42900000.0,24800000.0,13900000.0,0.075,0.075,0.075,601632000.0,,601632000.0,850103479.0,15.0,10.292,-14200000.0,-0.22,1.0,46500000.0,0.098,0.0,10900000.0,1713223000.0,,225096000.0,0.0,0.0,0.0,880069000.0,254655000.0,625414000.0,422130479.0,-22900000.0,-274800000.0,0.0,-267400000.0,0.0,266100000.0,-343800000.0,0.0,54800000.0,0.0,7800000.0,4800000.0,4800000.0,0.0,0.0,0.01,23200000.0,23300000.0,156527000.0,0.0,0.702,17.551,15.011,945143000.0,3000000.0,6.53,0.383,0.383,167582000.0,158052000.0,472700000.0,472700000.0,0.0,,,,,0.0,4500000.0,1.0,64644790.0,64600000,65800000.0,7.317,1481701000.0,0.0,6100000.0,79388000.0,22.937,150670000.0
80,ANDV,MRQ,1998-06-30,1998-06-30,1998-06-30,2019-10-18,0.0,1041888000.0,,322860000.0,719028000.0,,6.612,-38500000.0,26408000.0,26408000.0,213300000.0,6200000.0,2.009,1.973,454381000.0,2711000.0,451670000.0,454381000.0,0.0,15000000.0,0.0,0.0,0.0,21200000.0,36200000.0,0.13,36200000.0,21200000.0,14400000.0,0.115,0.115,0.115,350437000.0,,350437000.0,573843055.0,12.0,8.635,-1000000.0,-0.019,1.0,65600000.0,0.235,0.0,6800000.0,1309191000.0,,175446000.0,0.0,0.0,0.0,691451000.0,160670000.0,530781000.0,428399055.0,24100000.0,-247600000.0,0.0,284100000.0,0.0,272700000.0,-286100000.0,0.0,37500000.0,0.0,6200000.0,6200000.0,6200000.0,0.0,0.0,0.022,26500000.0,39100000.0,100322000.0,0.0,1.222,15.732,15.745,666188000.0,0.0,8.03,0.487,0.484,112053000.0,153275000.0,278900000.0,278900000.0,0.0,,,,,0.0,3800000.0,1.0,53349820.0,53000000,54400000.0,5.262,1041888000.0,0.0,8200000.0,33430000.0,19.658,162190000.0
81,ANDV,MRQ,1998-03-31,1998-03-31,1998-03-31,2019-10-18,0.0,635429000.0,,172569000.0,462860000.0,,6.452,-23800000.0,2274000.0,2274000.0,165100000.0,6100000.0,2.008,0.872,147718000.0,11428000.0,136290000.0,147718000.0,0.0,13200000.0,0.0,0.0,0.0,13900000.0,27100000.0,0.138,27100000.0,13900000.0,10900000.0,0.115,0.115,0.115,339359000.0,,339359000.0,600677789.0,14.0,10.297,-17400000.0,-0.331,1.0,30900000.0,0.158,0.0,3000000.0,694917000.0,,97793000.0,0.0,0.0,0.0,296070000.0,85956000.0,210114000.0,476713789.0,-6100000.0,-5700000.0,0.0,17000000.0,0.0,17000000.0,-29500000.0,0.0,6400000.0,0.0,6100000.0,6100000.0,6100000.0,0.0,0.0,0.031,16400000.0,14500000.0,44275000.0,0.0,1.405,15.544,15.548,424413000.0,0.0,8.94,0.585,0.578,64518000.0,147039000.0,196000000.0,196000000.0,0.0,,,,,0.0,3400000.0,1.0,53323690.0,52600000,53600000.0,3.726,635429000.0,0.0,4800000.0,31003000.0,12.08,86613000.0
82,ANDV,MRQ,1997-12-31,1997-12-31,1997-12-31,2019-10-18,0.0,627800000.0,,181800000.0,446000000.0,,6.329,40482000.0,8400000.0,8400000.0,200732000.0,6952000.0,1.691,0.885,132300000.0,17000000.0,115300000.0,132300000.0,0.0,-19543000.0,0.0,0.0,0.0,-4059000.0,-23602000.0,-0.154,-23602000.0,-4059000.0,-6340000.0,0.13,0.13,0.13,333000000.0,,333000000.0,,,,60411000.0,1.148,1.0,-47262000.0,-0.308,0.0,2281000.0,644200000.0,,87300000.0,0.0,0.0,0.0,294800000.0,107500000.0,187300000.0,413258598.0,-3583000.0,-5000000.0,-3700000.0,32259000.0,0.0,29751000.0,-53263000.0,0.0,19929000.0,0.0,6952000.0,6952000.0,6952000.0,-28300000.0,0.0,0.045,-12482000.0,-34780000.0,58800000.0,0.0,1.241,13.461,13.362,413800000.0,0.0,7.75,0.484,0.48,76300000.0,141000000.0,153470000.0,153470000.0,0.0,,,,,0.0,4001000.0,1.0,53323690.0,52614000,54058000.0,2.917,627800000.0,0.0,-13292000.0,28800000.0,11.932,74300000.0
83,ANDV,MRQ,1997-09-30,1997-09-30,1997-09-30,2019-10-18,,,,,,,,-50283000.0,,,220759000.0,7979000.0,,,,,,,,11503000.0,,0.0,0.0,15254000.0,26757000.0,0.106,26757000.0,15254000.0,13361000.0,0.15,0.15,0.15,,,,,,,-36562000.0,-0.691,1.0,30713000.0,0.122,,1893000.0,,,,,,,,,,,-27477000.0,0.0,0.0,12652000.0,0.0,12097000.0,-53295000.0,0.0,13721000.0,0.0,7979000.0,7979000.0,7979000.0,0.0,0.0,0.032,14773000.0,15940000.0,,0.0,,,,,0.0,9.03,,,,,251472000.0,251472000.0,0.0,,,,,0.0,3416000.0,1.0,,52878000,53876000.0,4.756,,,5382000.0,,,
84,ANDV,MRQ,1997-06-30,1997-06-30,1997-06-30,2019-10-18,,,,,,,,-28499000.0,,,182194000.0,9638000.0,,,,,,,,11393000.0,,0.0,0.0,16687000.0,28080000.0,0.132,28080000.0,16687000.0,15104000.0,0.18,0.18,0.18,,,,,,,5094000.0,0.096,1.0,31112000.0,0.146,,1583000.0,,,,,,,,,,,3493000.0,0.0,0.0,-1529000.0,0.0,-1937000.0,-28163000.0,0.0,33593000.0,0.0,9638000.0,9638000.0,9638000.0,0.0,0.0,0.045,14374000.0,16738000.0,,0.0,,,,,0.0,7.405,,,,,213306000.0,213306000.0,0.0,,,,,0.0,3145000.0,1.0,,52850000,53574000.0,4.036,,,5466000.0,,,
85,ANDV,MRQ,1997-03-31,1997-03-31,1997-03-31,2019-10-18,,,,,,,,-16300000.0,,,208215000.0,6131000.0,,,,,,,,11747000.0,,0.0,0.0,11145000.0,22892000.0,0.097,22892000.0,11145000.0,9575000.0,0.115,0.115,0.115,,,,,,,7457000.0,0.141,1.0,26637000.0,0.113,,1570000.0,,,,,,,,,,,8567000.0,0.0,0.0,1418000.0,0.0,1589000.0,-16779000.0,0.0,23757000.0,0.0,6131000.0,6131000.0,6131000.0,0.0,0.0,0.026,14635000.0,12002000.0,,0.0,,,,,0.0,5.25,,,,,234852000.0,234852000.0,0.0,,,,,0.0,3038000.0,1.0,,52860000,53658000.0,4.443,,,3444000.0,,,
86,ANDV,MRQ,1996-12-31,1996-12-31,1996-12-31,2019-10-18,0.0,582587000.0,,237343000.0,345244000.0,,5.847,,22796000.0,22796000.0,,,1.722,0.916,89303000.0,10043000.0,79260000.0,89303000.0,0.0,,0.0,0.0,0.0,,,,,,,,,,304065000.0,,304065000.0,,,,,,1.0,,,0.0,,511226000.0,,74488000.0,0.0,0.0,0.0,278522000.0,137868000.0,140654000.0,,,,,,,,,,,,,,,,,,,,80747000.0,,,,4.878,316511000.0,,7.0,,0.35,128013000.0,110295000.0,,,,,,,,,,1.0,,52000000,,,582587000.0,0.0,,32973000.0,11.204,99475000.0
0,ANDV,MRT,2018-06-30,2018-06-30,2018-06-30,2019-10-18,-252000000.0,30074000000.0,28843500000.0,7160000000.0,22914000000.0,1.5,66.631,-1659000000.0,388000000.0,388000000.0,39045000000.0,2328000000.0,1.417,1.64,8726000000.0,28000000.0,8698000000.0,8726000000.0,0.0,1129000000.0,0.0,0.018,2.36,2188000000.0,3317000000.0,0.077,3317000000.0,2188000000.0,1714000000.0,14.21,14.08,14.21,10068000000.0,9655000000.0,10068000000.0,28124247582.0,13.0,8.479,298000000.0,1.972,1.0,4215000000.0,0.097,4997000000.0,474000000.0,28361000000.0,26858750000.0,3653000000.0,0.0,0.0,0.0,16507000000.0,5054000000.0,11453000000.0,19824247582.0,-673000000.0,-879000000.0,-798000000.0,952000000.0,-365000000.0,-123000000.0,-2507000000.0,0.0,1957000000.0,0.0,2125000000.0,2125000000.0,2125000000.0,0.0,203000000.0,0.049,1897000000.0,2318000000.0,3799000000.0,0.166,1.969,9.329,9.232,15445000000.0,0.0,131.18,0.458,0.458,2623000000.0,8141000000.0,43260000000.0,43260000000.0,0.0,0.074,0.22,0.081,0.051,61000000.0,710000000.0,1.0,151122485.0,151100000,152600000.0,286.3,25077000000.0,0.0,-411000000.0,1777000000.0,165.963,2106000000.0
1,ANDV,MRT,2018-03-31,2018-03-31,2018-03-31,2019-10-18,-252000000.0,28841000000.0,28082250000.0,6409000000.0,22432000000.0,1.376,62.995,-1555000000.0,433000000.0,433000000.0,35058000000.0,1833000000.0,1.41,1.629,8733000000.0,347000000.0,8386000000.0,8733000000.0,0.0,1077000000.0,0.0,0.023,2.32,1589000000.0,2666000000.0,0.069,2666000000.0,1589000000.0,1128000000.0,11.11,11.01,11.11,9632000000.0,9357500000.0,9632000000.0,22604561439.0,14.0,8.479,225000000.0,1.472,1.0,3579000000.0,0.093,4980000000.0,461000000.0,27615000000.0,25927000000.0,3484000000.0,0.0,0.0,0.0,15688000000.0,4546000000.0,11142000000.0,15462561439.0,-1865000000.0,-827000000.0,-944000000.0,-127000000.0,-341000000.0,-1315000000.0,-2330000000.0,0.0,1780000000.0,0.0,1650000000.0,1650000000.0,1650000000.0,0.0,183000000.0,0.043,1890000000.0,1689000000.0,3049000000.0,0.209,1.605,9.371,9.051,15057000000.0,0.0,100.56,0.4,0.398,1934000000.0,7715000000.0,38637000000.0,38637000000.0,0.0,0.059,0.176,0.061,0.041,67000000.0,778000000.0,1.0,153764533.0,152900000,153800000.0,252.695,23861000000.0,0.0,-522000000.0,1656000000.0,156.056,1863000000.0
2,ANDV,MRT,2017-12-31,2017-12-31,2017-12-31,2019-10-18,-252000000.0,28573000000.0,25889250000.0,6883000000.0,21690000000.0,1.351,70.057,-1346000000.0,543000000.0,543000000.0,31662000000.0,1683000000.0,1.376,1.544,7685000000.0,17000000.0,7668000000.0,7685000000.0,0.0,1021000000.0,0.0,0.02,2.28,1407000000.0,2428000000.0,0.069,2428000000.0,1407000000.0,968000000.0,10.91,10.81,10.91,9815000000.0,8321000000.0,9815000000.0,24969732883.0,18.0,10.284,284000000.0,2.027,1.0,3313000000.0,0.095,4879000000.0,439000000.0,25835000000.0,24010250000.0,3630000000.0,0.0,0.0,0.0,15158000000.0,5001000000.0,10157000000.0,17836732883.0,-2752000000.0,-1149000000.0,-688000000.0,-1349000000.0,-314000000.0,-1939000000.0,-2443000000.0,0.0,1630000000.0,0.0,1528000000.0,1528000000.0,1528000000.0,0.0,155000000.0,0.044,1788000000.0,1525000000.0,3330000000.0,0.209,1.817,11.673,10.48,14742000000.0,0.0,114.34,0.51,0.458,1961000000.0,7651000000.0,34975000000.0,34975000000.0,0.0,0.059,0.184,0.059,0.04,69000000.0,742000000.0,1.0,155997314.0,140100000,141300000.0,249.643,23694000000.0,0.0,-560000000.0,1591000000.0,169.122,1882000000.0
3,ANDV,MRT,2017-09-30,2017-09-30,2017-09-30,2019-10-18,-188000000.0,27886000000.0,23845500000.0,6545000000.0,21341000000.0,1.299,58.142,-1173000000.0,528000000.0,528000000.0,27777000000.0,876000000.0,1.47,1.678,7661000000.0,28000000.0,7633000000.0,7661000000.0,0.0,957000000.0,0.0,0.022,2.24,1518000000.0,2475000000.0,0.08,2475000000.0,1518000000.0,1143000000.0,4.99,4.94,4.99,9105000000.0,7233500000.0,9105000000.0,22765396842.0,15.0,9.198,131000000.0,0.837,1.0,3198000000.0,0.103,4944000000.0,375000000.0,25624000000.0,22305250000.0,3791000000.0,0.0,0.0,0.0,15276000000.0,4451000000.0,10825000000.0,16184396842.0,-859000000.0,-1154000000.0,-406000000.0,846000000.0,-286000000.0,107000000.0,-2270000000.0,0.0,1304000000.0,0.0,727000000.0,727000000.0,727000000.0,0.0,149000000.0,0.023,1640000000.0,1558000000.0,2830000000.0,0.449,1.778,22.262,20.671,14410000000.0,0.0,103.15,0.522,0.521,1649000000.0,6864000000.0,30975000000.0,30975000000.0,0.0,0.03,0.101,0.068,0.049,66000000.0,668000000.0,1.0,156901569.0,156600000,157800000.0,197.797,22942000000.0,0.0,416000000.0,2200000000.0,146.501,2094000000.0
4,ANDV,MRT,2017-06-30,2017-06-30,2017-06-30,2019-10-18,-188000000.0,27029000000.0,21375250000.0,6035000000.0,20994000000.0,1.295,67.875,-1007000000.0,1061000000.0,1061000000.0,25201000000.0,476000000.0,1.453,1.645,7642000000.0,478000000.0,7164000000.0,7642000000.0,0.0,895000000.0,0.0,0.024,2.2,922000000.0,1817000000.0,0.066,1817000000.0,922000000.0,574000000.0,2.85,2.82,2.85,8878000000.0,6332250000.0,8878000000.0,15344964664.0,17.0,8.445,439000000.0,3.356,1.0,2482000000.0,0.09,4823000000.0,348000000.0,24634000000.0,20225500000.0,3075000000.0,0.0,0.0,0.0,14606000000.0,4153000000.0,10453000000.0,10999964664.0,-60000000.0,-990000000.0,-296000000.0,1011000000.0,-258000000.0,453000000.0,-1959000000.0,0.0,1446000000.0,0.0,337000000.0,337000000.0,337000000.0,0.0,139000000.0,0.012,1517000000.0,965000000.0,2445000000.0,0.772,1.239,32.641,32.842,14143000000.0,0.0,93.6,0.397,0.442,1391000000.0,6397000000.0,27683000000.0,27683000000.0,0.0,0.016,0.053,0.046,0.033,61000000.0,607000000.0,1.0,117520990.0,130800000,131700000.0,211.644,22206000000.0,0.0,237000000.0,2088000000.0,169.771,1882000000.0
5,ANDV,MRT,2017-03-31,2017-03-31,2017-03-31,2019-10-18,-188000000.0,20069000000.0,19021000000.0,6261000000.0,13808000000.0,1.373,46.849,-935000000.0,2298000000.0,2298000000.0,23297000000.0,838000000.0,2.051,2.139,6643000000.0,465000000.0,6178000000.0,6643000000.0,0.0,865000000.0,0.0,0.027,2.15,1445000000.0,2310000000.0,0.088,2310000000.0,1445000000.0,1133000000.0,6.04,5.98,6.04,5486000000.0,5497250000.0,5486000000.0,13120908749.0,9.0,5.68,285000000.0,2.434,1.0,2822000000.0,0.108,1413000000.0,312000000.0,19948000000.0,18327750000.0,2624000000.0,0.0,0.0,0.0,11735000000.0,3053000000.0,8682000000.0,9482908748.0,1859000000.0,-804000000.0,-253000000.0,2508000000.0,-254000000.0,2350000000.0,-1711000000.0,0.0,1220000000.0,0.0,715000000.0,715000000.0,715000000.0,0.0,123000000.0,0.027,1357000000.0,1465000000.0,1644000000.0,0.356,1.729,13.263,13.421,10603000000.0,0.0,81.06,0.363,0.363,1007000000.0,6422000000.0,26119000000.0,26119000000.0,0.0,0.038,0.13,0.079,0.055,52000000.0,454000000.0,1.0,116986291.0,117100000,118100000.0,223.049,18656000000.0,0.0,418000000.0,1493000000.0,159.317,3208000000.0
6,ANDV,MRT,2016-12-31,2016-12-31,2016-12-31,2019-10-18,-188000000.0,20398000000.0,18006500000.0,7414000000.0,12984000000.0,1.365,46.118,-894000000.0,3295000000.0,3295000000.0,21840000000.0,860000000.0,2.086,2.245,6933000000.0,465000000.0,6468000000.0,6933000000.0,0.0,851000000.0,0.0,0.024,2.1,1435000000.0,2286000000.0,0.093,2286000000.0,1435000000.0,1161000000.0,6.19,6.12,6.19,5465000000.0,5431250000.0,5465000000.0,13500872312.0,9.0,5.906,410000000.0,3.46,1.0,2742000000.0,0.112,1467000000.0,274000000.0,19015000000.0,17362000000.0,2640000000.0,0.0,0.0,0.0,12271000000.0,3554000000.0,8717000000.0,10220872312.0,2353000000.0,-446000000.0,-248000000.0,2779000000.0,-249000000.0,2366000000.0,-1317000000.0,0.0,1304000000.0,0.0,734000000.0,734000000.0,734000000.0,0.0,126000000.0,0.03,1261000000.0,1481000000.0,2032000000.0,0.339,1.87,13.925,14.128,9976000000.0,0.0,87.45,0.416,0.422,1108000000.0,6437000000.0,24582000000.0,24582000000.0,0.0,0.041,0.135,0.083,0.058,35000000.0,401000000.0,1.0,116876756.0,118500000,119900000.0,207.443,18931000000.0,0.0,427000000.0,1428000000.0,159.755,3860000000.0
7,ANDV,MRT,2016-09-30,2016-09-30,2016-09-30,2019-10-18,-139000000.0,18005000000.0,16990000000.0,5105000000.0,12900000000.0,1.425,46.531,-880000000.0,1387000000.0,1387000000.0,21503000000.0,842000000.0,1.896,1.784,4667000000.0,0.0,4667000000.0,4667000000.0,0.0,836000000.0,0.0,0.026,2.05,1364000000.0,2200000000.0,0.091,2200000000.0,1364000000.0,1120000000.0,6.06,6.0,6.06,5500000000.0,5368250000.0,5500000000.0,12830876151.0,9.0,5.832,605000000.0,5.118,1.0,2700000000.0,0.112,1287000000.0,244000000.0,17305000000.0,16538750000.0,2317000000.0,0.0,0.0,0.0,9810000000.0,2693000000.0,7117000000.0,9450876151.0,428000000.0,-503000000.0,-450000000.0,809000000.0,-245000000.0,309000000.0,-1366000000.0,0.0,1485000000.0,0.0,710000000.0,710000000.0,710000000.0,-4000000.0,132000000.0,0.029,1257000000.0,1443000000.0,1547000000.0,0.338,1.718,13.311,13.129,9769000000.0,0.0,79.56,0.39,0.389,1037000000.0,6424000000.0,24203000000.0,24203000000.0,0.0,0.042,0.132,0.082,0.056,1000000.0,384000000.0,1.0,118789293.0,118200000,119300000.0,204.763,16718000000.0,0.0,410000000.0,1438000000.0,141.438,2412000000.0
8,ANDV,MRT,2016-06-30,2016-06-30,2016-06-30,2019-10-18,-139000000.0,17612000000.0,16639000000.0,4871000000.0,12741000000.0,1.527,46.343,-916000000.0,1121000000.0,1121000000.0,21791000000.0,1440000000.0,1.826,1.699,4501000000.0,0.0,4501000000.0,4501000000.0,0.0,817000000.0,0.0,0.027,2.0,2301000000.0,3118000000.0,0.123,3118000000.0,2301000000.0,2073000000.0,10.82,10.71,10.82,5538000000.0,5335750000.0,5538000000.0,12595588884.0,5.0,4.04,936000000.0,7.833,1.0,3611000000.0,0.142,1282000000.0,228000000.0,17043000000.0,16060250000.0,2422000000.0,0.0,0.0,0.0,9410000000.0,2667000000.0,6743000000.0,8988588884.0,143000000.0,-485000000.0,-507000000.0,235000000.0,-242000000.0,-322000000.0,-1387000000.0,0.0,1852000000.0,0.0,1300000000.0,1300000000.0,1300000000.0,-4000000.0,140000000.0,0.051,1236000000.0,2375000000.0,1763000000.0,0.185,1.623,6.914,6.924,9642000000.0,0.0,74.92,0.354,0.352,1065000000.0,6320000000.0,25402000000.0,25402000000.0,0.0,0.078,0.244,0.143,0.091,10000000.0,380000000.0,1.0,119975826.0,119500000,120600000.0,212.569,16330000000.0,0.0,773000000.0,1353000000.0,136.653,2204000000.0
9,ANDV,MRT,2016-03-31,2016-03-31,2016-03-31,2019-10-18,-139000000.0,16011000000.0,16408750000.0,3503000000.0,12508000000.0,1.667,43.662,-976000000.0,439000000.0,439000000.0,23482000000.0,1611000000.0,1.545,1.599,4046000000.0,0.0,4046000000.0,4046000000.0,0.0,789000000.0,0.0,0.022,1.925,2556000000.0,3345000000.0,0.122,3345000000.0,2556000000.0,2334000000.0,11.96,11.83,11.96,5222000000.0,5160500000.0,5222000000.0,13436295346.0,5.0,4.017,1487000000.0,12.433,1.0,3867000000.0,0.141,1265000000.0,222000000.0,16085000000.0,15629500000.0,1875000000.0,0.0,0.0,0.0,8351000000.0,2268000000.0,6083000000.0,10311295346.0,-20000000.0,-411000000.0,-631000000.0,-108000000.0,-234000000.0,-1092000000.0,-1391000000.0,0.0,2463000000.0,0.0,1464000000.0,1464000000.0,1464000000.0,-4000000.0,147000000.0,0.054,1200000000.0,2667000000.0,1492000000.0,0.161,1.975,7.043,7.191,9494000000.0,0.0,86.01,0.377,0.376,954000000.0,5962000000.0,27349000000.0,27349000000.0,0.0,0.089,0.284,0.164,0.093,6000000.0,370000000.0,1.0,119884843.0,119600000,121200000.0,228.671,14746000000.0,0.0,870000000.0,1228000000.0,123.294,1235000000.0
10,ANDV,MRT,2015-12-31,2015-12-31,2015-12-31,2019-10-18,-149000000.0,16332000000.0,16476750000.0,4307000000.0,12025000000.0,1.743,42.313,-1030000000.0,942000000.0,942000000.0,24700000000.0,1690000000.0,1.702,1.648,4073000000.0,6000000.0,4067000000.0,4073000000.0,0.0,756000000.0,0.0,0.018,1.85,2693000000.0,3449000000.0,0.12,3449000000.0,2693000000.0,2476000000.0,12.5,12.36,12.5,5213000000.0,4990250000.0,5213000000.0,15517539082.0,6.0,4.499,1101000000.0,8.937,1.0,4011000000.0,0.14,1211000000.0,217000000.0,15722000000.0,15544750000.0,2302000000.0,0.0,0.0,0.0,8592000000.0,2530000000.0,6062000000.0,12685539082.0,-58000000.0,-97000000.0,-631000000.0,-111000000.0,-228000000.0,-1060000000.0,-1129000000.0,0.0,2131000000.0,0.0,1540000000.0,1540000000.0,1540000000.0,0.0,150000000.0,0.054,1184000000.0,2827000000.0,1568000000.0,0.148,2.433,8.237,8.43,9541000000.0,0.0,105.37,0.442,0.452,792000000.0,5954000000.0,28711000000.0,28711000000.0,0.0,0.093,0.309,0.173,0.094,37000000.0,386000000.0,1.0,120390425.0,123200000,124600000.0,233.044,15121000000.0,0.0,936000000.0,1222000000.0,122.735,1777000000.0
11,ANDV,MRT,2015-09-30,2015-09-30,2015-09-30,2019-10-18,-149000000.0,16601000000.0,16516500000.0,4658000000.0,11943000000.0,1.87,43.837,-981000000.0,959000000.0,959000000.0,26814000000.0,1739000000.0,1.633,1.628,3791000000.0,0.0,3791000000.0,3791000000.0,0.0,706000000.0,0.0,0.017,1.65,2859000000.0,3565000000.0,0.115,3565000000.0,2859000000.0,2629000000.0,13.17,13.01,13.17,5370000000.0,4800500000.0,5370000000.0,15202926025.0,5.0,4.264,1183000000.0,9.657,1.0,4069000000.0,0.132,1190000000.0,230000000.0,15391000000.0,15364250000.0,2507000000.0,0.0,0.0,0.0,8742000000.0,2852000000.0,5890000000.0,11969926025.0,-571000000.0,-2485000000.0,239000000.0,910000000.0,-206000000.0,737000000.0,-3472000000.0,0.0,2164000000.0,0.0,1631000000.0,1631000000.0,1631000000.0,-2000000.0,108000000.0,0.053,1147000000.0,2922000000.0,1789000000.0,0.125,2.229,7.339,7.383,9427000000.0,0.0,97.24,0.388,0.386,1016000000.0,5959000000.0,30883000000.0,30883000000.0,0.0,0.099,0.34,0.186,0.093,72000000.0,422000000.0,1.0,123096730.0,122500000,123800000.0,252.106,15411000000.0,0.0,998000000.0,1256000000.0,125.804,1806000000.0
12,ANDV,MRT,2015-06-30,2015-06-30,2015-06-30,2019-10-18,-149000000.0,16691000000.0,15922500000.0,4898000000.0,11793000000.0,2.154,38.634,-965000000.0,978000000.0,978000000.0,30880000000.0,1353000000.0,1.439,1.924,4211000000.0,403000000.0,3808000000.0,4211000000.0,0.0,658000000.0,0.0,0.017,1.45,2283000000.0,2941000000.0,0.086,2941000000.0,2283000000.0,2057000000.0,10.08,9.93,10.08,4837000000.0,4608750000.0,4837000000.0,14300469919.0,6.0,4.862,930000000.0,7.428,1.0,3411000000.0,0.099,1200000000.0,226000000.0,15320000000.0,14507750000.0,2444000000.0,0.0,0.0,0.0,9308000000.0,3404000000.0,5904000000.0,10621469919.0,-261000000.0,-2485000000.0,444000000.0,1212000000.0,-183000000.0,1297000000.0,-3453000000.0,0.0,1895000000.0,0.0,1268000000.0,1268000000.0,1268000000.0,-1000000.0,85000000.0,0.037,1079000000.0,2332000000.0,1955000000.0,0.144,2.196,8.377,8.374,9294000000.0,0.0,84.41,0.31,0.308,1305000000.0,5262000000.0,34291000000.0,34291000000.0,0.0,0.08,0.275,0.157,0.067,62000000.0,405000000.0,1.0,125831891.0,125200000,126300000.0,273.89,15491000000.0,0.0,789000000.0,1179000000.0,123.73,1494000000.0
13,ANDV,MRT,2015-03-31,2015-03-31,2015-03-31,2019-10-18,-149000000.0,16283000000.0,15267500000.0,4581000000.0,11702000000.0,2.434,36.27,-837000000.0,459000000.0,459000000.0,34392000000.0,973000000.0,1.524,2.027,4138000000.0,0.0,4138000000.0,4138000000.0,0.0,611000000.0,0.0,0.014,1.275,1710000000.0,2321000000.0,0.062,2321000000.0,1710000000.0,1497000000.0,7.17,7.04,7.17,4541000000.0,4487250000.0,4541000000.0,14727437935.0,9.0,6.345,529000000.0,4.225,1.0,2771000000.0,0.075,1211000000.0,213000000.0,15746000000.0,13682750000.0,2532000000.0,0.0,0.0,0.0,9205000000.0,3005000000.0,6200000000.0,11473437935.0,-339000000.0,-2496000000.0,573000000.0,1397000000.0,-162000000.0,1631000000.0,-3336000000.0,0.0,1366000000.0,0.0,910000000.0,910000000.0,910000000.0,-1000000.0,63000000.0,0.024,1039000000.0,1732000000.0,2141000000.0,0.178,2.527,12.608,12.732,9180000000.0,0.0,91.29,0.309,0.308,1367000000.0,4733000000.0,37163000000.0,37163000000.0,0.0,0.06,0.203,0.125,0.046,81000000.0,413000000.0,1.0,125681213.0,125200000,126900000.0,296.829,15072000000.0,0.0,587000000.0,1121000000.0,120.383,1576000000.0
14,ANDV,MRT,2014-12-31,2014-12-31,2014-12-31,2019-10-18,-149000000.0,16491000000.0,14588750000.0,5074000000.0,11417000000.0,2.785,34.661,-685000000.0,1000000000.0,1000000000.0,38089000000.0,888000000.0,1.479,2.136,4161000000.0,0.0,4161000000.0,4161000000.0,0.0,562000000.0,0.0,0.015,1.1,1625000000.0,2187000000.0,0.054,2187000000.0,1625000000.0,1390000000.0,6.56,6.44,6.56,4454000000.0,4414000000.0,4454000000.0,10794341029.0,7.0,4.936,679000000.0,5.284,1.0,2544000000.0,0.063,1222000000.0,235000000.0,15000000000.0,12737000000.0,2439000000.0,0.0,0.0,0.0,9515000000.0,3430000000.0,6085000000.0,9386341029.0,-238000000.0,-2496000000.0,468000000.0,1402000000.0,-141000000.0,1570000000.0,-3172000000.0,0.0,1364000000.0,0.0,843000000.0,843000000.0,843000000.0,0.0,45000000.0,0.021,912000000.0,1632000000.0,2483000000.0,0.168,2.107,11.134,11.334,9045000000.0,0.0,74.35,0.231,0.235,1435000000.0,4642000000.0,40633000000.0,40633000000.0,0.0,0.058,0.191,0.128,0.04,35000000.0,346000000.0,1.0,126245340.0,128500000,130800000.0,316.21,15269000000.0,0.0,547000000.0,1134000000.0,118.825,1644000000.0
15,ANDV,MRT,2014-09-30,2014-09-30,2014-09-30,2019-10-18,-52000000.0,14225000000.0,13813250000.0,5964000000.0,8261000000.0,3.063,35.989,-600000000.0,1530000000.0,1530000000.0,40040000000.0,759000000.0,1.626,1.81,2938000000.0,0.0,2938000000.0,2938000000.0,0.0,542000000.0,0.0,0.017,1.05,1338000000.0,1880000000.0,0.044,1880000000.0,1338000000.0,1131000000.0,5.38,5.3,5.38,4603000000.0,4376000000.0,4603000000.0,9636038124.0,7.0,5.126,636000000.0,4.973,1.0,2264000000.0,0.054,0.0,207000000.0,11965000000.0,11812750000.0,2674000000.0,0.0,0.0,0.0,8333000000.0,3668000000.0,4665000000.0,7820038124.0,38000000.0,46000000.0,20000000.0,-447000000.0,-137000000.0,-661000000.0,-537000000.0,0.0,1236000000.0,0.0,691000000.0,691000000.0,691000000.0,2000000.0,68000000.0,0.016,863000000.0,1401000000.0,2737000000.0,0.195,1.699,11.317,11.335,7088000000.0,0.0,60.98,0.185,0.184,1578000000.0,4534000000.0,42304000000.0,42304000000.0,0.0,0.05,0.158,0.113,0.032,54000000.0,317000000.0,1.0,128239392.0,127900000,129700000.0,330.758,14225000000.0,0.0,440000000.0,1167000000.0,111.22,2296000000.0
16,ANDV,MRT,2014-06-30,2014-06-30,2014-06-30,2019-10-18,-52000000.0,14071000000.0,13786000000.0,5906000000.0,8165000000.0,3.075,33.65,-537000000.0,1239000000.0,1239000000.0,40719000000.0,455000000.0,1.527,1.962,3055000000.0,0.0,3055000000.0,3055000000.0,0.0,537000000.0,0.0,0.017,1.0,836000000.0,1373000000.0,0.032,1373000000.0,836000000.0,632000000.0,3.02,2.97,3.02,4351000000.0,4329000000.0,4351000000.0,9618443070.0,12.0,7.005,859000000.0,6.643,1.0,1675000000.0,0.04,0.0,204000000.0,12020000000.0,11810000000.0,2642000000.0,0.0,0.0,0.0,8538000000.0,3867000000.0,4671000000.0,7587443070.0,811000000.0,618000000.0,-90000000.0,-329000000.0,-131000000.0,-657000000.0,72000000.0,0.0,1396000000.0,0.0,394000000.0,394000000.0,394000000.0,1000000.0,61000000.0,0.009,830000000.0,845000000.0,2998000000.0,0.331,1.744,19.257,19.427,6996000000.0,0.0,58.67,0.179,0.179,1815000000.0,4177000000.0,42394000000.0,42394000000.0,0.0,0.029,0.091,0.071,0.02,29000000.0,285000000.0,1.0,129324068.0,129300000,131500000.0,327.873,14071000000.0,0.0,238000000.0,1030000000.0,108.824,2039000000.0
17,ANDV,MRT,2014-03-31,2014-03-31,2014-03-31,2019-10-18,-52000000.0,13568000000.0,13685500000.0,5470000000.0,8098000000.0,2.936,32.353,-564000000.0,798000000.0,798000000.0,38604000000.0,453000000.0,1.504,1.915,2829000000.0,0.0,2829000000.0,2829000000.0,0.0,514000000.0,0.0,0.019,0.95,837000000.0,1351000000.0,0.034,1351000000.0,837000000.0,641000000.0,2.96,2.91,2.96,4248000000.0,4351750000.0,4248000000.0,8258771410.0,10.0,6.113,-102000000.0,-0.777,1.0,1583000000.0,0.039,0.0,196000000.0,11963000000.0,12031500000.0,2777000000.0,0.0,0.0,0.0,8133000000.0,3636000000.0,4497000000.0,6667771410.0,-1174000000.0,-1986000000.0,-23000000.0,1167000000.0,-126000000.0,900000000.0,-2536000000.0,0.0,462000000.0,0.0,397000000.0,397000000.0,397000000.0,12000000.0,56000000.0,0.01,784000000.0,799000000.0,2915000000.0,0.321,1.57,16.795,17.091,6895000000.0,0.0,50.59,0.166,0.165,1696000000.0,3985000000.0,40187000000.0,40187000000.0,0.0,0.029,0.091,0.07,0.021,-2000000.0,257000000.0,1.0,131800186.0,131300000,133800000.0,306.07,13568000000.0,0.0,244000000.0,1015000000.0,103.336,1834000000.0
18,ANDV,MRT,2013-12-31,2013-12-31,2013-12-31,2019-10-18,-52000000.0,13389000000.0,13141000000.0,5326000000.0,8063000000.0,2.861,31.867,-570000000.0,1238000000.0,1238000000.0,35996000000.0,454000000.0,1.563,1.837,2823000000.0,0.0,2823000000.0,2823000000.0,0.0,490000000.0,0.0,0.015,0.9,807000000.0,1297000000.0,0.034,1297000000.0,807000000.0,658000000.0,3.05,3.0,3.05,4302000000.0,4345500000.0,4302000000.0,9642702654.0,12.0,7.435,289000000.0,2.141,1.0,1605000000.0,0.043,263000000.0,149000000.0,11303000000.0,10992000000.0,2565000000.0,0.0,0.0,0.0,7904000000.0,3408000000.0,4496000000.0,7770702654.0,-401000000.0,-2013000000.0,334000000.0,1187000000.0,-121000000.0,1317000000.0,-2577000000.0,0.0,859000000.0,0.0,412000000.0,412000000.0,412000000.0,0.0,42000000.0,0.011,850000000.0,755000000.0,2596000000.0,0.295,1.806,18.861,19.18,6875000000.0,0.0,58.5,0.207,0.21,1313000000.0,3940000000.0,37601000000.0,37601000000.0,0.0,0.031,0.095,0.073,0.021,68000000.0,337000000.0,1.0,132832524.0,135000000,137300000.0,278.526,13126000000.0,0.0,246000000.0,1018000000.0,97.23,1918000000.0
19,ANDV,MRT,2013-09-30,2013-09-30,2013-09-30,2019-10-18,-64000000.0,14116000000.0,12469250000.0,6219000000.0,7897000000.0,2.808,32.801,-594000000.0,1492000000.0,1492000000.0,33176000000.0,486000000.0,1.648,1.999,3364000000.0,0.0,3364000000.0,3364000000.0,0.0,474000000.0,0.0,0.018,0.8,939000000.0,1413000000.0,0.04,1413000000.0,939000000.0,800000000.0,3.29,3.22,3.29,4415000000.0,4332750000.0,4415000000.0,8870947569.0,9.0,6.278,486000000.0,3.611,1.0,1834000000.0,0.052,261000000.0,139000000.0,11954000000.0,10055250000.0,2635000000.0,0.0,0.0,0.0,8826000000.0,3773000000.0,5053000000.0,5940947569.0,125000000.0,-2117000000.0,207000000.0,1741000000.0,-109000000.0,1756000000.0,-2711000000.0,0.0,1080000000.0,0.0,446000000.0,446000000.0,446000000.0,12000000.0,40000000.0,0.013,797000000.0,1037000000.0,2853000000.0,0.243,1.346,13.321,13.368,6783000000.0,0.0,43.98,0.17,0.169,1791000000.0,3980000000.0,35010000000.0,35010000000.0,0.0,0.036,0.103,0.093,0.027,45000000.0,299000000.0,1.0,135082937.0,134600000,136800000.0,260.104,13855000000.0,0.0,354000000.0,1048000000.0,102.935,2446000000.0
20,ANDV,MRT,2013-06-30,2013-06-30,2013-06-30,2019-10-18,-64000000.0,13669000000.0,11687000000.0,5787000000.0,7882000000.0,2.714,32.71,-579000000.0,428000000.0,428000000.0,29505000000.0,657000000.0,1.717,1.88,3358000000.0,0.0,3358000000.0,3358000000.0,0.0,451000000.0,0.0,0.013,0.67,1234000000.0,1685000000.0,0.053,1685000000.0,1234000000.0,1076000000.0,4.51,4.42,4.51,4442000000.0,4326750000.0,4442000000.0,6723851055.0,5.0,3.99,121000000.0,0.891,1.0,2208000000.0,0.07,322000000.0,158000000.0,12906000000.0,9015500000.0,2373000000.0,0.0,0.0,0.0,8349000000.0,3371000000.0,4978000000.0,7105851055.0,-894000000.0,-2780000000.0,320000000.0,1601000000.0,-93000000.0,1740000000.0,-3334000000.0,0.0,700000000.0,0.0,620000000.0,620000000.0,620000000.0,12000000.0,37000000.0,0.02,837000000.0,1371000000.0,2490000000.0,0.149,1.6,11.461,11.601,6739000000.0,0.0,52.32,0.224,0.224,1787000000.0,3914000000.0,31713000000.0,31713000000.0,0.0,0.053,0.143,0.137,0.039,127000000.0,368000000.0,1.0,135815196.0,135800000,138200000.0,233.527,13347000000.0,0.0,456000000.0,942000000.0,98.284,2416000000.0
21,ANDV,MRT,2013-03-31,2013-03-31,2013-03-31,2019-10-18,-137000000.0,11390000000.0,10871750000.0,5122000000.0,6268000000.0,2.773,30.825,-543000000.0,1972000000.0,1972000000.0,27691000000.0,812000000.0,1.599,1.489,1590000000.0,0.0,1590000000.0,1590000000.0,0.0,448000000.0,0.0,0.008,0.47,1479000000.0,1927000000.0,0.064,1927000000.0,1479000000.0,1320000000.0,5.61,5.53,5.61,4223000000.0,4244250000.0,4223000000.0,7997192004.0,5.0,4.15,1304000000.0,9.518,1.0,2458000000.0,0.082,0.0,159000000.0,7805000000.0,7651000000.0,1560000000.0,0.0,0.0,0.0,6286000000.0,3203000000.0,3083000000.0,8046192004.0,1262000000.0,-160000000.0,332000000.0,-114000000.0,-66000000.0,113000000.0,-698000000.0,0.0,1847000000.0,0.0,780000000.0,780000000.0,780000000.0,1000000.0,32000000.0,0.026,826000000.0,1632000000.0,2582000000.0,0.084,1.905,10.316,10.437,5285000000.0,0.0,58.55,0.267,0.266,1366000000.0,3714000000.0,30149000000.0,30149000000.0,0.0,0.072,0.184,0.193,0.049,131000000.0,349000000.0,1.0,137424287.0,137000000,139600000.0,220.066,11390000000.0,0.0,540000000.0,864000000.0,83.139,1919000000.0
22,ANDV,MRT,2012-12-31,2012-12-31,2012-12-31,2019-10-18,-137000000.0,10702000000.0,10501250000.0,4636000000.0,6066000000.0,2.839,30.495,-529000000.0,1639000000.0,1639000000.0,27450000000.0,770000000.0,1.609,1.403,1588000000.0,3000000.0,1585000000.0,1588000000.0,0.0,445000000.0,0.0,0.006,0.27,1435000000.0,1880000000.0,0.063,1880000000.0,1435000000.0,1270000000.0,5.33,5.25,5.33,4251000000.0,4123250000.0,4251000000.0,6405166992.0,4.0,3.407,1056000000.0,7.575,1.0,2359000000.0,0.079,214000000.0,165000000.0,7556000000.0,7568250000.0,1338000000.0,0.0,0.0,0.0,5965000000.0,2881000000.0,3084000000.0,6186166992.0,739000000.0,-170000000.0,79000000.0,-141000000.0,-38000000.0,-150000000.0,-696000000.0,0.0,1585000000.0,0.0,743000000.0,743000000.0,743000000.0,0.0,27000000.0,0.025,764000000.0,1595000000.0,2196000000.0,0.051,1.455,8.326,8.265,5232000000.0,0.0,44.05,0.208,0.206,1126000000.0,3649000000.0,29809000000.0,29809000000.0,0.0,0.071,0.18,0.19,0.048,97000000.0,297000000.0,1.0,140435119.0,139400000,141500000.0,213.838,10488000000.0,0.0,527000000.0,850000000.0,75.237,1755000000.0
23,ANDV,MRT,2012-09-30,2012-09-30,2012-09-30,2019-10-18,-75000000.0,10987000000.0,10298750000.0,4856000000.0,6131000000.0,2.689,31.454,-493000000.0,1367000000.0,1367000000.0,25831000000.0,617000000.0,1.52,1.431,1586000000.0,2000000.0,1584000000.0,1586000000.0,0.0,433000000.0,0.0,0.003,0.12,1118000000.0,1551000000.0,0.056,1551000000.0,1118000000.0,944000000.0,4.28,4.22,4.28,4391000000.0,3977500000.0,4391000000.0,6237432288.0,6.0,4.022,509000000.0,3.646,1.0,1858000000.0,0.067,217000000.0,174000000.0,7795000000.0,7483750000.0,1739000000.0,0.0,0.0,0.0,6284000000.0,3194000000.0,3090000000.0,5857432288.0,232000000.0,-129000000.0,-59000000.0,-41000000.0,-17000000.0,-157000000.0,-613000000.0,0.0,1002000000.0,0.0,592000000.0,592000000.0,592000000.0,0.0,25000000.0,0.021,728000000.0,1130000000.0,2531000000.0,0.028,1.334,9.894,9.79,5341000000.0,0.0,41.9,0.212,0.211,1584000000.0,3643000000.0,27689000000.0,27689000000.0,0.0,0.057,0.149,0.149,0.04,109000000.0,291000000.0,1.0,139795520.0,139600000,142100000.0,198.345,10770000000.0,0.0,352000000.0,949000000.0,77.149,1662000000.0
24,ANDV,MRT,2012-06-30,2012-06-30,2012-06-30,2019-10-18,-75000000.0,10408000000.0,10027500000.0,4413000000.0,5995000000.0,2.777,29.456,-429000000.0,1322000000.0,1322000000.0,25959000000.0,689000000.0,1.414,1.455,1702000000.0,352000000.0,1350000000.0,1702000000.0,0.0,420000000.0,0.0,0.0,0.0,1223000000.0,1643000000.0,0.059,1643000000.0,1223000000.0,1077000000.0,4.74,4.69,4.74,4112000000.0,3828750000.0,4112000000.0,4466736365.0,4.0,2.719,895000000.0,6.411,1.0,1887000000.0,0.068,220000000.0,146000000.0,7448000000.0,7352250000.0,1781000000.0,0.0,0.0,0.0,5985000000.0,3120000000.0,2865000000.0,3502736365.0,715000000.0,-38000000.0,-106000000.0,-23000000.0,0.0,-151000000.0,-458000000.0,0.0,1324000000.0,0.0,664000000.0,664000000.0,664000000.0,0.0,25000000.0,0.024,637000000.0,1250000000.0,2191000000.0,0.0,0.852,5.275,5.266,5288000000.0,0.0,24.96,0.126,0.125,1162000000.0,3387000000.0,27846000000.0,27846000000.0,0.0,0.066,0.173,0.166,0.044,29000000.0,212000000.0,1.0,140333989.0,139600000,140500000.0,199.47,10188000000.0,0.0,413000000.0,955000000.0,72.98,1293000000.0
25,ANDV,MRT,2012-03-31,2012-03-31,2012-03-31,2019-10-18,-75000000.0,9908000000.0,9860000000.0,4014000000.0,5894000000.0,2.888,26.803,-361000000.0,710000000.0,710000000.0,26780000000.0,518000000.0,1.264,1.567,1674000000.0,391000000.0,1283000000.0,1674000000.0,0.0,417000000.0,0.0,0.0,0.0,993000000.0,1410000000.0,0.05,1410000000.0,993000000.0,821000000.0,3.51,3.46,3.51,3739000000.0,3689250000.0,3739000000.0,4580093875.0,5.0,3.248,102000000.0,0.731,1.0,1696000000.0,0.06,223000000.0,172000000.0,7474000000.0,7421750000.0,1715000000.0,0.0,0.0,0.0,5859000000.0,3175000000.0,2684000000.0,3779093875.0,-14000000.0,-37000000.0,202000000.0,-269000000.0,0.0,-86000000.0,-391000000.0,0.0,463000000.0,0.0,495000000.0,495000000.0,495000000.0,0.0,23000000.0,0.017,652000000.0,1044000000.0,2313000000.0,0.0,1.011,7.635,7.647,5212000000.0,0.0,26.84,0.133,0.131,1364000000.0,3000000000.0,28476000000.0,28476000000.0,0.0,0.05,0.134,0.134,0.035,14000000.0,194000000.0,1.0,140800815.0,139500000,141800000.0,204.129,9685000000.0,0.0,326000000.0,837000000.0,69.427,839000000.0
26,ANDV,MRT,2011-12-31,2011-12-31,2011-12-31,2019-10-18,-75000000.0,9892000000.0,9722500000.0,4151000000.0,5741000000.0,2.796,25.941,-298000000.0,900000000.0,900000000.0,25371000000.0,563000000.0,1.278,1.612,1701000000.0,418000000.0,1283000000.0,1701000000.0,0.0,417000000.0,0.0,0.0,0.0,1084000000.0,1501000000.0,0.055,1501000000.0,1084000000.0,905000000.0,3.86,3.81,3.86,3668000000.0,3586750000.0,3668000000.0,3725519068.0,3.0,2.482,391000000.0,2.765,1.0,1811000000.0,0.067,226000000.0,179000000.0,7218000000.0,7399000000.0,1763000000.0,0.0,0.0,0.0,5914000000.0,3249000000.0,2665000000.0,3256519068.0,252000000.0,0.0,199000000.0,-312000000.0,0.0,-146000000.0,-291000000.0,0.0,689000000.0,0.0,546000000.0,546000000.0,546000000.0,0.0,17000000.0,0.02,682000000.0,1129000000.0,2305000000.0,0.0,0.888,5.964,6.052,5148000000.0,0.0,23.36,0.12,0.122,1272000000.0,2944000000.0,27182000000.0,27182000000.0,0.0,0.056,0.152,0.147,0.04,40000000.0,227000000.0,1.0,139405782.0,141400000,143300000.0,192.235,9666000000.0,0.0,359000000.0,815000000.0,68.359,902000000.0
27,ANDV,MRT,2011-09-30,2011-09-30,2011-09-30,2019-10-18,-50000000.0,9902000000.0,9432500000.0,4212000000.0,5690000000.0,2.979,26.639,-256000000.0,1135000000.0,1135000000.0,26060000000.0,684000000.0,1.468,1.527,1604000000.0,22000000.0,1582000000.0,1604000000.0,0.0,420000000.0,0.0,0.0,0.0,1279000000.0,1699000000.0,0.06,1699000000.0,1279000000.0,1098000000.0,4.74,4.67,4.74,3796000000.0,3473500000.0,3796000000.0,3917448173.0,3.0,2.306,836000000.0,5.867,1.0,2043000000.0,0.073,232000000.0,181000000.0,7269000000.0,7428750000.0,1707000000.0,0.0,0.0,0.0,5797000000.0,2870000000.0,2927000000.0,2801448173.0,796000000.0,0.0,252000000.0,-260000000.0,0.0,-41000000.0,-255000000.0,0.0,1092000000.0,0.0,673000000.0,673000000.0,673000000.0,0.0,11000000.0,0.024,748000000.0,1295000000.0,2230000000.0,0.0,0.738,4.163,4.108,5093000000.0,0.0,19.47,0.1,0.099,1149000000.0,3068000000.0,28103000000.0,28103000000.0,0.0,0.071,0.194,0.172,0.046,46000000.0,243000000.0,1.0,143885371.0,142500000,144100000.0,197.214,9670000000.0,0.0,425000000.0,800000000.0,67.86,1342000000.0
28,ANDV,MRT,2011-06-30,2011-06-30,2011-06-30,2019-10-18,-50000000.0,9738000000.0,9052750000.0,4043000000.0,5695000000.0,2.797,24.923,-250000000.0,607000000.0,607000000.0,23728000000.0,388000000.0,1.398,1.658,1723000000.0,57000000.0,1666000000.0,1723000000.0,0.0,423000000.0,0.0,0.0,0.0,820000000.0,1243000000.0,0.049,1243000000.0,820000000.0,637000000.0,2.72,2.67,2.72,3554000000.0,3326250000.0,3554000000.0,4496775076.0,5.0,3.618,285000000.0,1.999,1.0,1594000000.0,0.063,237000000.0,183000000.0,7726000000.0,7475250000.0,1855000000.0,0.0,0.0,0.0,5892000000.0,2891000000.0,3001000000.0,3293775076.0,416000000.0,0.0,291000000.0,-141000000.0,0.0,129000000.0,-248000000.0,0.0,535000000.0,0.0,384000000.0,384000000.0,384000000.0,0.0,4000000.0,0.015,770000000.0,824000000.0,2295000000.0,0.0,0.927,8.578,8.423,5075000000.0,0.0,22.91,0.13,0.129,1376000000.0,2723000000.0,25322000000.0,25322000000.0,0.0,0.042,0.115,0.11,0.032,71000000.0,255000000.0,1.0,143770191.0,142600000,144400000.0,177.574,9501000000.0,0.0,253000000.0,773000000.0,66.627,1152000000.0
29,ANDV,MRT,2011-03-31,2011-03-31,2011-03-31,2019-10-18,-50000000.0,9358000000.0,8686500000.0,3598000000.0,5760000000.0,2.59,23.51,-259000000.0,724000000.0,724000000.0,21211000000.0,233000000.0,1.225,1.811,1927000000.0,82000000.0,1845000000.0,1927000000.0,0.0,425000000.0,0.0,0.0,0.0,551000000.0,976000000.0,0.043,976000000.0,551000000.0,391000000.0,1.66,1.62,1.66,3329000000.0,3224000000.0,3329000000.0,5188368320.0,9.0,5.316,372000000.0,2.627,1.0,1291000000.0,0.057,241000000.0,160000000.0,7383000000.0,7424500000.0,1467000000.0,0.0,0.0,0.0,6029000000.0,2937000000.0,3092000000.0,3841368320.0,434000000.0,0.0,3000000.0,78000000.0,0.0,61000000.0,-258000000.0,0.0,631000000.0,0.0,233000000.0,233000000.0,233000000.0,0.0,0.0,0.01,743000000.0,548000000.0,2338000000.0,0.0,1.154,16.487,16.163,5143000000.0,0.0,26.83,0.171,0.169,1231000000.0,2505000000.0,22502000000.0,22502000000.0,0.0,0.027,0.072,0.074,0.024,87000000.0,270000000.0,1.0,143174369.0,141600000,144000000.0,158.912,9117000000.0,0.0,158000000.0,682000000.0,64.386,661000000.0
30,ANDV,MRT,2010-12-31,2010-12-31,2010-12-31,2019-10-18,-50000000.0,8732000000.0,8419750000.0,2928000000.0,5804000000.0,2.445,22.866,-297000000.0,648000000.0,648000000.0,19725000000.0,-29000000.0,1.173,1.716,1995000000.0,152000000.0,1843000000.0,1995000000.0,0.0,422000000.0,0.0,0.0,0.0,130000000.0,552000000.0,0.027,552000000.0,130000000.0,-25000000.0,-0.21,-0.21,-0.21,3215000000.0,3127000000.0,3215000000.0,4162192870.0,32.0,7.54,88000000.0,0.626,1.0,858000000.0,0.042,246000000.0,155000000.0,7337000000.0,7411500000.0,1257000000.0,0.0,0.0,0.0,5517000000.0,2496000000.0,3021000000.0,2654192870.0,235000000.0,0.0,3000000.0,147000000.0,0.0,145000000.0,-295000000.0,0.0,385000000.0,0.0,-29000000.0,-29000000.0,-29000000.0,0.0,0.0,-0.001,731000000.0,127000000.0,1852000000.0,0.0,0.826,-91.524,-88.286,5170000000.0,0.0,18.54,0.129,0.127,908000000.0,2398000000.0,20583000000.0,20583000000.0,0.0,-0.003,-0.009,0.018,0.006,55000000.0,242000000.0,1.0,143160349.0,140600000,140600000.0,146.394,8486000000.0,0.0,4000000.0,616000000.0,60.356,432000000.0
31,ANDV,MRT,2010-09-30,2010-09-30,2010-09-30,2019-10-18,-47000000.0,8383000000.0,8254250000.0,2534000000.0,5849000000.0,2.391,22.761,-339000000.0,339000000.0,339000000.0,19154000000.0,-211000000.0,1.159,1.614,1847000000.0,3000000.0,1844000000.0,1847000000.0,0.0,425000000.0,0.0,0.004,0.05,-137000000.0,288000000.0,0.015,288000000.0,-137000000.0,-287000000.0,-1.52,-1.54,-1.52,3207000000.0,3095000000.0,3207000000.0,3560609822.0,-26.0,12.363,-190000000.0,-1.348,1.0,585000000.0,0.03,250000000.0,150000000.0,7455000000.0,7415750000.0,1049000000.0,0.0,0.0,0.0,5176000000.0,2186000000.0,2990000000.0,1906609822.0,-195000000.0,0.0,4000000.0,-2000000.0,-8000000.0,-7000000.0,-337000000.0,0.0,149000000.0,0.0,-211000000.0,-211000000.0,-211000000.0,0.0,0.0,-0.011,737000000.0,-152000000.0,1667000000.0,-0.033,0.595,-9.036,-8.789,5177000000.0,0.0,13.36,0.097,0.095,1045000000.0,2395000000.0,19739000000.0,19739000000.0,0.0,-0.026,-0.068,-0.018,-0.007,38000000.0,224000000.0,1.0,142710316.0,140900000,142000000.0,140.092,8133000000.0,0.0,-76000000.0,594000000.0,57.722,348000000.0
32,ANDV,MRT,2010-06-30,2010-06-30,2010-06-30,2019-10-18,-44000000.0,8273000000.0,8219500000.0,2429000000.0,5844000000.0,2.331,22.384,-374000000.0,191000000.0,191000000.0,18624000000.0,-234000000.0,1.125,1.631,1845000000.0,3000000.0,1842000000.0,1845000000.0,0.0,421000000.0,0.0,0.013,0.15,-185000000.0,236000000.0,0.012,236000000.0,-185000000.0,-330000000.0,-1.68,-1.69,-1.68,3145000000.0,3102750000.0,3145000000.0,3200190230.0,-17.0,13.56,-68000000.0,-0.484,1.0,537000000.0,0.028,244000000.0,145000000.0,7523000000.0,7365250000.0,1072000000.0,0.0,0.0,0.0,5128000000.0,2160000000.0,2968000000.0,1648190230.0,-88000000.0,0.0,3000000.0,-2000000.0,-21000000.0,-21000000.0,-373000000.0,0.0,306000000.0,0.0,-234000000.0,-234000000.0,-234000000.0,0.0,0.0,-0.012,729000000.0,-192000000.0,1726000000.0,-0.089,0.524,-7.044,-6.946,5169000000.0,0.0,11.67,0.086,0.086,1020000000.0,2339000000.0,19161000000.0,19161000000.0,0.0,-0.028,-0.075,-0.025,-0.01,37000000.0,223000000.0,1.0,141233096.0,140500000,142500000.0,136.377,8029000000.0,0.0,-96000000.0,591000000.0,57.146,269000000.0
33,ANDV,MRT,2010-03-31,2010-03-31,2010-03-31,2019-10-18,-171000000.0,8291000000.0,8231750000.0,2467000000.0,5824000000.0,2.211,21.082,-404000000.0,290000000.0,290000000.0,17820000000.0,-346000000.0,1.09,1.819,1842000000.0,3000000.0,1839000000.0,1842000000.0,0.0,421000000.0,0.0,0.018,0.25,-373000000.0,48000000.0,0.003,48000000.0,-373000000.0,-512000000.0,-2.49,-2.49,-2.49,2941000000.0,3118750000.0,2941000000.0,3381955637.0,-9.0,70.457,-112000000.0,-0.803,1.0,379000000.0,0.021,249000000.0,139000000.0,7331000000.0,7345000000.0,863000000.0,0.0,0.0,0.0,5350000000.0,2263000000.0,3087000000.0,1953955637.0,134000000.0,0.0,4000000.0,279000000.0,-35000000.0,244000000.0,-402000000.0,0.0,292000000.0,0.0,-346000000.0,-346000000.0,-346000000.0,0.0,0.0,-0.019,750000000.0,-371000000.0,1808000000.0,-0.1,0.664,-5.647,-5.582,5168000000.0,0.0,13.9,0.107,0.107,1181000000.0,2272000000.0,18199000000.0,18199000000.0,0.0,-0.042,-0.111,-0.051,-0.02,46000000.0,234000000.0,1.0,140572348.0,139500000,139500000.0,130.459,8042000000.0,0.0,-166000000.0,482000000.0,57.649,204000000.0
34,ANDV,MRT,2009-12-31,2009-12-31,2009-12-31,2019-10-18,-171000000.0,8070000000.0,8091750000.0,2223000000.0,5847000000.0,2.085,22.337,-437000000.0,413000000.0,413000000.0,16208000000.0,-140000000.0,1.177,1.614,1841000000.0,4000000.0,1837000000.0,1841000000.0,0.0,426000000.0,0.0,0.026,0.35,-58000000.0,368000000.0,0.022,368000000.0,-58000000.0,-188000000.0,-1.01,-1.01,-1.01,3087000000.0,3198250000.0,3087000000.0,3204775026.0,-55.0,8.709,226000000.0,1.635,1.0,664000000.0,0.039,255000000.0,130000000.0,7354000000.0,7271750000.0,622000000.0,0.0,0.0,0.0,4983000000.0,1889000000.0,3094000000.0,1899775026.0,393000000.0,0.0,2000000.0,214000000.0,-49000000.0,166000000.0,-436000000.0,0.0,663000000.0,0.0,-140000000.0,-140000000.0,-140000000.0,0.0,0.0,-0.008,721000000.0,-57000000.0,1441000000.0,-0.347,0.615,-13.57,-13.416,5190000000.0,0.0,13.55,0.113,0.111,1116000000.0,2427000000.0,16872000000.0,16872000000.0,0.0,-0.017,-0.044,-0.008,-0.003,44000000.0,221000000.0,1.0,140204799.0,138200000,138200000.0,122.084,7815000000.0,0.0,-48000000.0,505000000.0,56.548,334000000.0
35,ANDV,MRT,2009-09-30,2009-09-30,2009-09-30,2019-10-18,-191000000.0,8244000000.0,7932500000.0,2395000000.0,5849000000.0,2.073,23.43,-476000000.0,534000000.0,534000000.0,15362000000.0,136000000.0,1.227,1.546,1839000000.0,3000000.0,1836000000.0,1839000000.0,0.0,428000000.0,0.0,0.027,0.4,327000000.0,755000000.0,0.046,755000000.0,327000000.0,205000000.0,0.98,0.98,0.98,3238000000.0,3231000000.0,3238000000.0,3648459330.0,11.0,4.832,127000000.0,0.919,1.0,1082000000.0,0.066,344000000.0,122000000.0,7253000000.0,7239500000.0,690000000.0,0.0,0.0,0.0,5006000000.0,1952000000.0,3054000000.0,2090459330.0,350000000.0,0.0,-3000000.0,280000000.0,-55000000.0,221000000.0,-474000000.0,0.0,603000000.0,0.0,136000000.0,136000000.0,136000000.0,0.0,0.0,0.008,767000000.0,315000000.0,1432000000.0,0.408,0.646,15.371,15.286,5153000000.0,0.0,14.98,0.127,0.126,1082000000.0,2614000000.0,16444000000.0,16444000000.0,0.0,0.017,0.042,0.045,0.02,37000000.0,309000000.0,1.0,139550022.0,138200000,139700000.0,118.987,7900000000.0,0.0,69000000.0,443000000.0,57.164,443000000.0
36,ANDV,MRT,2009-06-30,2009-06-30,2009-06-30,2019-10-18,-191000000.0,8322000000.0,8046500000.0,2480000000.0,5842000000.0,2.533,23.254,-496000000.0,279000000.0,279000000.0,18919000000.0,362000000.0,1.186,1.593,1837000000.0,3000000.0,1834000000.0,1837000000.0,0.0,425000000.0,0.0,0.031,0.4,696000000.0,1121000000.0,0.055,1121000000.0,696000000.0,579000000.0,2.63,2.6,2.63,3209000000.0,3228750000.0,3209000000.0,3151303183.0,5.0,2.811,238000000.0,1.725,1.0,1465000000.0,0.072,347000000.0,117000000.0,7442000000.0,7129000000.0,987000000.0,0.0,0.0,0.0,5113000000.0,2091000000.0,3022000000.0,1761303183.0,255000000.0,0.0,2000000.0,35000000.0,-56000000.0,-18000000.0,-461000000.0,0.0,734000000.0,0.0,362000000.0,362000000.0,362000000.0,0.0,0.0,0.018,786000000.0,679000000.0,1639000000.0,0.152,0.549,4.865,4.84,5128000000.0,0.0,12.73,0.086,0.086,1098000000.0,2594000000.0,20384000000.0,20384000000.0,0.0,0.045,0.112,0.098,0.034,29000000.0,322000000.0,1.0,138358459.0,138000000,138000000.0,147.71,7975000000.0,0.0,217000000.0,419000000.0,57.79,389000000.0
37,ANDV,MRT,2009-03-31,2009-03-31,2009-03-31,2019-10-18,-191000000.0,7731000000.0,8376000000.0,1945000000.0,5786000000.0,2.995,23.633,-557000000.0,156000000.0,156000000.0,23577000000.0,411000000.0,1.124,1.372,1546000000.0,2000000.0,1544000000.0,1546000000.0,0.0,416000000.0,0.0,0.03,0.4,767000000.0,1183000000.0,0.047,1183000000.0,767000000.0,652000000.0,2.99,2.96,2.99,3259000000.0,3168750000.0,3259000000.0,3454881454.0,5.0,2.92,679000000.0,4.924,1.0,1513000000.0,0.06,352000000.0,115000000.0,7038000000.0,7021500000.0,882000000.0,0.0,0.0,0.0,4472000000.0,1731000000.0,2741000000.0,1863881454.0,115000000.0,0.0,2000000.0,-547000000.0,-55000000.0,-598000000.0,-523000000.0,0.0,1236000000.0,0.0,411000000.0,411000000.0,411000000.0,0.0,0.0,0.016,767000000.0,746000000.0,1266000000.0,0.134,0.572,4.535,4.505,5108000000.0,0.0,13.47,0.074,0.074,790000000.0,2653000000.0,25090000000.0,25090000000.0,0.0,0.049,0.13,0.109,0.031,22000000.0,327000000.0,1.0,138372788.0,137900000,139500000.0,181.943,7379000000.0,0.0,241000000.0,429000000.0,53.51,214000000.0
38,ANDV,MRT,2008-12-31,2008-12-31,2008-12-31,2019-10-18,-191000000.0,7433000000.0,8645250000.0,1646000000.0,5787000000.0,3.287,23.523,-650000000.0,20000000.0,20000000.0,27177000000.0,278000000.0,1.142,1.31,1611000000.0,2000000.0,1609000000.0,1611000000.0,0.0,401000000.0,0.0,0.03,0.4,540000000.0,941000000.0,0.033,941000000.0,540000000.0,429000000.0,2.03,2.0,2.03,3218000000.0,3095750000.0,3218000000.0,3181474792.0,6.0,3.381,66000000.0,0.482,1.0,1239000000.0,0.044,358000000.0,111000000.0,7225000000.0,7174750000.0,787000000.0,0.0,0.0,0.0,4215000000.0,1441000000.0,2774000000.0,1823474792.0,-3000000.0,0.0,0.0,-56000000.0,-55000000.0,-109000000.0,-610000000.0,0.0,716000000.0,0.0,278000000.0,278000000.0,278000000.0,0.0,0.0,0.01,718000000.0,521000000.0,1027000000.0,0.197,0.567,6.559,6.488,5081000000.0,0.0,13.17,0.064,0.063,738000000.0,2616000000.0,28416000000.0,28416000000.0,0.0,0.032,0.09,0.075,0.019,11000000.0,325000000.0,1.0,138456704.0,136800000,139200000.0,207.719,7075000000.0,0.0,151000000.0,416000000.0,51.718,205000000.0
39,ANDV,MRT,2008-09-30,2008-09-30,2008-09-30,2019-10-18,-90000000.0,8700000000.0,8819000000.0,2993000000.0,5707000000.0,3.489,23.552,-752000000.0,184000000.0,184000000.0,29811000000.0,141000000.0,1.039,1.694,1542000000.0,3000000.0,1539000000.0,1542000000.0,0.0,390000000.0,0.0,0.024,0.4,322000000.0,712000000.0,0.023,712000000.0,322000000.0,220000000.0,1.02,1.0,1.02,3229000000.0,3054250000.0,3229000000.0,4035868102.0,13.0,5.668,100000000.0,0.729,1.0,958000000.0,0.031,365000000.0,102000000.0,6811000000.0,7090500000.0,852000000.0,0.0,0.0,0.0,5471000000.0,2882000000.0,2589000000.0,2273868102.0,81000000.0,-1000000.0,3000000.0,-2000000.0,-55000000.0,-58000000.0,-713000000.0,0.0,852000000.0,0.0,141000000.0,141000000.0,141000000.0,0.0,0.0,0.005,636000000.0,322000000.0,2324000000.0,0.392,0.704,16.127,16.167,4981000000.0,0.0,16.49,0.074,0.073,1799000000.0,2533000000.0,30769000000.0,30769000000.0,0.0,0.016,0.046,0.045,0.01,23000000.0,252000000.0,1.0,137893760.0,137100000,139400000.0,224.427,8335000000.0,0.0,79000000.0,473000000.0,60.795,111000000.0
40,ANDV,MRT,2008-06-30,2008-06-30,2008-06-30,2019-10-18,-90000000.0,9640000000.0,8642750000.0,3938000000.0,5702000000.0,3.238,21.751,-809000000.0,24000000.0,24000000.0,27413000000.0,-71000000.0,0.98,2.247,1786000000.0,3000000.0,1783000000.0,1786000000.0,0.0,388000000.0,0.0,0.02,0.4,-30000000.0,358000000.0,0.013,358000000.0,-30000000.0,-130000000.0,-0.52,-0.52,-0.52,2969000000.0,3027500000.0,2969000000.0,4765883865.0,-159.0,13.313,-90000000.0,-0.659,1.0,576000000.0,0.021,371000000.0,100000000.0,7012000000.0,7041750000.0,1083000000.0,0.0,0.0,0.0,6671000000.0,4019000000.0,2652000000.0,2722883865.0,-145000000.0,-4000000.0,-3000000.0,-7000000.0,-55000000.0,-69000000.0,-795000000.0,0.0,719000000.0,0.0,-71000000.0,-71000000.0,-71000000.0,0.0,0.0,-0.003,608000000.0,-32000000.0,3542000000.0,-0.769,0.917,-38.35,-38.019,4949000000.0,0.0,19.77,0.097,0.096,2677000000.0,2288000000.0,27989000000.0,27989000000.0,0.0,-0.008,-0.023,-0.004,-0.001,19000000.0,231000000.0,1.0,137728066.0,136500000,138900000.0,205.048,9269000000.0,0.0,-59000000.0,296000000.0,67.905,-81000000.0
41,ANDV,MRT,2008-03-31,2008-03-31,2008-03-31,2019-10-18,-90000000.0,8808000000.0,8288750000.0,3183000000.0,5625000000.0,2.981,21.784,-815000000.0,41000000.0,41000000.0,23429000000.0,368000000.0,1.127,1.969,2084000000.0,2000000.0,2082000000.0,2084000000.0,0.0,378000000.0,0.0,0.013,0.4,683000000.0,1061000000.0,0.043,1061000000.0,683000000.0,582000000.0,2.71,2.62,2.71,2967000000.0,3054500000.0,2967000000.0,5764075930.0,8.0,5.433,342000000.0,2.511,1.0,1277000000.0,0.052,376000000.0,101000000.0,7651000000.0,7028000000.0,1360000000.0,0.0,0.0,0.0,5841000000.0,2824000000.0,3017000000.0,4128075930.0,-788000000.0,-2105000000.0,0.0,1023000000.0,-55000000.0,956000000.0,-2901000000.0,0.0,1157000000.0,0.0,368000000.0,368000000.0,368000000.0,0.0,0.0,0.015,611000000.0,666000000.0,2412000000.0,0.148,1.391,11.218,11.07,4878000000.0,0.0,30.0,0.167,0.165,1600000000.0,2297000000.0,24706000000.0,24706000000.0,0.0,0.044,0.12,0.097,0.028,32000000.0,246000000.0,1.0,137602531.0,136200000,136200000.0,181.395,8432000000.0,0.0,214000000.0,374000000.0,61.909,359000000.0
42,ANDV,MRT,2007-12-31,2007-12-31,2007-12-31,2019-10-18,-90000000.0,8128000000.0,7605750000.0,2600000000.0,5528000000.0,2.889,22.491,-747000000.0,23000000.0,23000000.0,20369000000.0,566000000.0,1.043,1.663,1659000000.0,2000000.0,1657000000.0,1659000000.0,0.0,357000000.0,0.0,0.007,0.35,996000000.0,1353000000.0,0.062,1353000000.0,996000000.0,905000000.0,4.17,4.06,4.17,3052000000.0,2970500000.0,3052000000.0,7970038490.0,8.0,5.891,575000000.0,4.237,1.0,1607000000.0,0.073,382000000.0,91000000.0,6888000000.0,6232750000.0,1200000000.0,0.0,0.0,0.0,5076000000.0,2494000000.0,2582000000.0,6534038490.0,-963000000.0,-2105000000.0,5000000.0,598000000.0,-48000000.0,553000000.0,-2838000000.0,0.0,1322000000.0,0.0,566000000.0,566000000.0,566000000.0,0.0,0.0,0.026,640000000.0,967000000.0,2004000000.0,0.084,2.141,11.544,11.439,4780000000.0,0.0,47.7,0.297,0.295,1243000000.0,2393000000.0,21976000000.0,21976000000.0,0.0,0.074,0.191,0.16,0.045,43000000.0,263000000.0,1.0,136981939.0,135700000,139500000.0,161.945,7746000000.0,0.0,339000000.0,388000000.0,57.082,106000000.0
43,ANDV,MRT,2007-09-30,2007-09-30,2007-09-30,2019-10-18,-68000000.0,7995000000.0,7049750000.0,2671000000.0,5324000000.0,2.752,22.973,-635000000.0,103000000.0,103000000.0,17561000000.0,764000000.0,1.093,1.561,1539000000.0,2000000.0,1537000000.0,1539000000.0,0.0,319000000.0,0.0,0.007,0.3,1306000000.0,1625000000.0,0.084,1625000000.0,1306000000.0,1214000000.0,5.65,5.5,5.65,3122000000.0,2833000000.0,3122000000.0,7915081444.0,6.0,4.871,878000000.0,6.461,1.0,1841000000.0,0.095,372000000.0,92000000.0,6616000000.0,5533500000.0,1302000000.0,0.0,0.0,0.0,4873000000.0,2443000000.0,2430000000.0,6297081444.0,-783000000.0,-2104000000.0,-10000000.0,477000000.0,-40000000.0,429000000.0,-2725000000.0,0.0,1513000000.0,0.0,764000000.0,764000000.0,764000000.0,0.0,0.0,0.039,573000000.0,1268000000.0,1918000000.0,0.053,2.017,8.242,8.145,4578000000.0,0.0,46.02,0.325,0.322,1139000000.0,2446000000.0,19402000000.0,19402000000.0,0.0,0.108,0.27,0.236,0.067,33000000.0,239000000.0,1.0,136833582.0,135900000,139600000.0,142.767,7623000000.0,0.0,450000000.0,394000000.0,56.093,228000000.0
44,ANDV,MRT,2007-06-30,2007-06-30,2007-06-30,2019-10-18,-68000000.0,8224000000.0,6537500000.0,3001000000.0,5223000000.0,2.872,22.675,-605000000.0,169000000.0,169000000.0,16607000000.0,991000000.0,1.197,1.673,1787000000.0,2000000.0,1785000000.0,1787000000.0,0.0,285000000.0,0.0,0.004,0.25,1664000000.0,1949000000.0,0.104,1949000000.0,1664000000.0,1581000000.0,7.31,7.12,7.31,3077000000.0,2658750000.0,3077000000.0,8028798606.0,5.0,4.119,1006000000.0,7.413,1.0,2171000000.0,0.116,378000000.0,83000000.0,6957000000.0,4926500000.0,1546000000.0,0.0,0.0,0.0,5147000000.0,2507000000.0,2640000000.0,7808798606.0,-451000000.0,-2101000000.0,-58000000.0,727000000.0,-33000000.0,638000000.0,-2700000000.0,0.0,1611000000.0,0.0,991000000.0,991000000.0,991000000.0,0.0,0.0,0.053,556000000.0,1615000000.0,1926000000.0,0.034,2.538,7.88,7.818,4454000000.0,0.0,57.15,0.416,0.413,1171000000.0,2413000000.0,18778000000.0,18778000000.0,0.0,0.152,0.373,0.338,0.089,31000000.0,233000000.0,1.0,136636896.0,135700000,139600000.0,138.379,7846000000.0,0.0,590000000.0,370000000.0,57.819,494000000.0
45,ANDV,MRT,2007-03-31,2007-03-31,2007-03-31,2019-10-18,-68000000.0,6076000000.0,5881500000.0,2842000000.0,3234000000.0,3.078,19.46,-499000000.0,829000000.0,829000000.0,16173000000.0,874000000.0,1.747,1.309,1049000000.0,17000000.0,1032000000.0,1049000000.0,0.0,256000000.0,0.0,0.004,0.2,1474000000.0,1730000000.0,0.096,1730000000.0,1474000000.0,1400000000.0,6.45,6.28,6.45,2631000000.0,2438750000.0,2631000000.0,6910857758.0,5.0,3.995,605000000.0,4.475,1.0,1930000000.0,0.107,199000000.0,74000000.0,4470000000.0,4231000000.0,944000000.0,0.0,0.0,0.0,3445000000.0,1627000000.0,1818000000.0,6850857758.0,523000000.0,0.0,-69000000.0,-11000000.0,-27000000.0,-88000000.0,-493000000.0,0.0,1104000000.0,0.0,874000000.0,874000000.0,874000000.0,0.0,0.0,0.048,501000000.0,1429000000.0,1239000000.0,0.031,2.604,7.839,7.785,2777000000.0,0.0,50.215,0.378,0.375,913000000.0,1983000000.0,18103000000.0,18103000000.0,0.0,0.149,0.358,0.348,0.081,15000000.0,205000000.0,1.0,136430504.0,135200000,138900000.0,133.898,5877000000.0,0.0,526000000.0,358000000.0,43.469,1215000000.0
46,ANDV,MRT,2006-12-31,2006-12-31,2006-12-31,2019-10-18,-68000000.0,5904000000.0,5632500000.0,2811000000.0,3093000000.0,3.214,18.397,-436000000.0,986000000.0,986000000.0,16314000000.0,801000000.0,1.681,1.36,1046000000.0,17000000.0,1029000000.0,1046000000.0,0.0,247000000.0,0.0,0.006,0.2,1363000000.0,1610000000.0,0.089,1610000000.0,1363000000.0,1286000000.0,5.89,5.73,5.89,2502000000.0,2248250000.0,2502000000.0,4584314160.0,3.0,2.847,703000000.0,5.169,1.0,1790000000.0,0.099,201000000.0,77000000.0,4091000000.0,4142750000.0,872000000.0,0.0,0.0,0.0,3402000000.0,1672000000.0,1730000000.0,4426314160.0,546000000.0,0.0,-139000000.0,-12000000.0,-27000000.0,-163000000.0,-430000000.0,0.0,1139000000.0,0.0,801000000.0,801000000.0,801000000.0,0.0,0.0,0.044,468000000.0,1322000000.0,1270000000.0,0.034,1.769,5.526,5.583,2687000000.0,0.0,32.885,0.244,0.247,861000000.0,1876000000.0,18104000000.0,18104000000.0,0.0,0.142,0.356,0.329,0.075,5000000.0,176000000.0,1.0,134599792.0,136000000,139800000.0,133.118,5703000000.0,0.0,485000000.0,377000000.0,41.934,1139000000.0
47,ANDV,MRT,2006-09-30,2006-09-30,2006-09-30,2019-10-18,-2000000.0,5946000000.0,5430750000.0,2950000000.0,2996000000.0,3.396,17.805,-384000000.0,886000000.0,886000000.0,16698000000.0,712000000.0,1.721,1.452,1044000000.0,2000000.0,1042000000.0,1044000000.0,0.0,241000000.0,0.0,0.007,0.2,1331000000.0,1572000000.0,0.085,1572000000.0,1331000000.0,1154000000.0,5.22,5.08,5.22,2425000000.0,2094500000.0,2425000000.0,4379059394.0,3.0,2.786,558000000.0,4.097,1.0,1746000000.0,0.095,202000000.0,177000000.0,4188000000.0,4118500000.0,1000000000.0,0.0,0.0,0.0,3521000000.0,1714000000.0,1807000000.0,3957059394.0,229000000.0,0.0,-140000000.0,-113000000.0,-28000000.0,-335000000.0,-378000000.0,0.0,942000000.0,0.0,712000000.0,712000000.0,712000000.0,0.0,0.0,0.039,456000000.0,1290000000.0,1428000000.0,0.038,1.632,5.558,5.554,2570000000.0,0.0,28.99,0.215,0.214,927000000.0,1724000000.0,18444000000.0,18444000000.0,0.0,0.131,0.34,0.323,0.072,-3000000.0,162000000.0,1.0,136497392.0,136200000,139800000.0,135.419,5744000000.0,0.0,442000000.0,467000000.0,42.173,1236000000.0
48,ANDV,MRT,2006-06-30,2006-06-30,2006-06-30,2019-10-18,-2000000.0,5600000000.0,5254750000.0,2651000000.0,2949000000.0,3.46,16.154,-287000000.0,620000000.0,620000000.0,16537000000.0,664000000.0,1.614,1.549,1042000000.0,3000000.0,1039000000.0,1042000000.0,0.0,222000000.0,0.0,0.005,0.175,1267000000.0,1489000000.0,0.082,1489000000.0,1267000000.0,1079000000.0,4.855,4.72,4.855,2197000000.0,1946000000.0,2197000000.0,5841678036.0,5.0,3.923,795000000.0,5.846,1.0,1646000000.0,0.091,205000000.0,188000000.0,4175000000.0,4032250000.0,988000000.0,0.0,0.0,0.0,3403000000.0,1642000000.0,1761000000.0,5098678036.0,524000000.0,0.0,-87000000.0,-113000000.0,-25000000.0,-277000000.0,-281000000.0,0.0,1082000000.0,0.0,664000000.0,664000000.0,664000000.0,0.0,0.0,0.037,410000000.0,1236000000.0,1293000000.0,0.036,2.321,7.679,7.658,2514000000.0,0.0,37.18,0.28,0.278,931000000.0,1457000000.0,18183000000.0,18183000000.0,0.0,0.126,0.341,0.314,0.07,3000000.0,162000000.0,1.0,137134966.0,136000000,139800000.0,133.699,5395000000.0,0.0,415000000.0,432000000.0,39.669,1009000000.0
49,ANDV,MRT,2006-03-31,2006-03-31,2006-03-31,2019-10-18,-2000000.0,5080000000.0,4976500000.0,2179000000.0,2901000000.0,3.474,13.642,-275000000.0,306000000.0,306000000.0,15862000000.0,522000000.0,1.454,1.718,1049000000.0,12000000.0,1037000000.0,1049000000.0,0.0,205000000.0,0.0,0.004,0.15,1054000000.0,1259000000.0,0.073,1259000000.0,1054000000.0,855000000.0,3.8,3.7,3.8,1869000000.0,1795700000.0,1869000000.0,5322890542.0,5.0,4.228,556000000.0,4.058,1.0,1425000000.0,0.082,207000000.0,199000000.0,4117000000.0,4025775000.0,1037000000.0,0.0,0.0,0.0,3211000000.0,1499000000.0,1712000000.0,4715890542.0,217000000.0,0.0,-69000000.0,-201000000.0,-21000000.0,-344000000.0,-270000000.0,0.0,831000000.0,0.0,522000000.0,522000000.0,522000000.0,0.0,0.0,0.03,395000000.0,1030000000.0,1239000000.0,0.039,2.523,9.034,8.992,2470000000.0,0.0,34.17,0.273,0.271,713000000.0,1138000000.0,17287000000.0,17287000000.0,0.0,0.105,0.291,0.262,0.061,0.0,165000000.0,1.0,138012600.0,137000000,141200000.0,126.182,4873000000.0,0.0,333000000.0,396000000.0,35.569,680000000.0
50,ANDV,MRT,2005-12-31,2005-12-31,2005-12-31,2019-10-18,-2000000.0,5097000000.0,4804425000.0,2215000000.0,2882000000.0,3.451,13.844,-258000000.0,440000000.0,440000000.0,15170000000.0,507000000.0,1.475,1.701,1047000000.0,3000000.0,1044000000.0,1047000000.0,0.0,186000000.0,0.0,0.003,0.1,1042000000.0,1228000000.0,0.074,1228000000.0,1042000000.0,831000000.0,3.72,3.6,3.72,1887000000.0,1675800000.0,1887000000.0,4716019280.0,5.0,3.84,500000000.0,3.668,1.0,1411000000.0,0.085,208000000.0,211000000.0,3994000000.0,3996525000.0,953000000.0,0.0,0.0,0.0,3210000000.0,1502000000.0,1708000000.0,4238019280.0,255000000.0,0.0,15000000.0,-201000000.0,-14000000.0,-249000000.0,-254000000.0,0.0,758000000.0,0.0,507000000.0,507000000.0,507000000.0,0.0,0.0,0.031,384000000.0,1027000000.0,1171000000.0,0.027,2.246,8.359,8.273,2467000000.0,0.0,30.775,0.256,0.253,718000000.0,1102000000.0,16581000000.0,16581000000.0,0.0,0.106,0.303,0.261,0.063,-1000000.0,179000000.0,1.0,137709806.0,136300000,140900000.0,121.651,4889000000.0,0.0,324000000.0,389000000.0,35.869,713000000.0
51,ANDV,MRT,2005-09-30,2005-09-30,2005-09-30,2019-10-18,0.0,5242000000.0,4548925000.0,2481000000.0,2761000000.0,3.432,13.326,-263000000.0,657000000.0,657000000.0,14396000000.0,438000000.0,1.488,1.863,1135000000.0,3000000.0,1132000000.0,1135000000.0,0.0,171000000.0,0.0,0.001,0.05,845000000.0,1016000000.0,0.065,1016000000.0,845000000.0,719000000.0,3.19,3.095,3.19,1831000000.0,1535800000.0,1831000000.0,5692755235.0,7.0,5.603,491000000.0,3.574,1.0,1214000000.0,0.078,210000000.0,126000000.0,3843000000.0,3972775000.0,876000000.0,0.0,0.0,0.0,3411000000.0,1667000000.0,1744000000.0,4656155235.0,449000000.0,0.0,35000000.0,-100000000.0,-7000000.0,-49000000.0,-256000000.0,0.0,754000000.0,0.0,438000000.0,438000000.0,438000000.0,0.0,0.0,0.028,377000000.0,837000000.0,1245000000.0,0.016,2.543,10.63,10.539,2384000000.0,0.0,33.62,0.298,0.296,831000000.0,1040000000.0,15610000000.0,15610000000.0,0.0,0.096,0.285,0.213,0.054,3000000.0,187000000.0,1.0,138493612.0,137400000,141400000.0,113.61,5032000000.0,0.0,281000000.0,361000000.0,36.623,814000000.0
52,ANDV,MRT,2005-06-30,2005-06-30,2005-06-30,2019-10-18,0.0,4487000000.0,4271250000.0,1730800000.0,2756200000.0,3.25,11.682,-248700000.0,96200000.0,96200000.0,12913000000.0,277000000.0,1.489,1.812,1132800000.0,2500000.0,1130300000.0,1132800000.0,0.0,163200000.0,0.0,0.001,0.025,611000000.0,774200000.0,0.056,774200000.0,611000000.0,460000000.0,2.035,1.96,2.035,1595800000.0,1406700000.0,1595800000.0,4304334202.0,7.0,5.56,125900000.0,0.922,1.0,968000000.0,0.07,212000000.0,151000000.0,4149100000.0,3967850000.0,854400000.0,0.0,0.0,0.0,2891200000.0,1162500000.0,1728700000.0,3166034202.0,-327100000.0,0.0,33000000.0,-497300000.0,-3000000.0,-457400000.0,-244300000.0,0.0,374600000.0,0.0,277000000.0,277000000.0,277000000.0,0.0,0.0,0.02,362000000.0,606000000.0,877500000.0,0.012,1.984,11.43,11.43,2365000000.0,0.0,23.26,0.228,0.229,694500000.0,817100000.0,13881000000.0,13881000000.0,0.0,0.065,0.197,0.154,0.044,400000.0,184000000.0,1.0,136114970.0,136600000,140200000.0,101.618,4275000000.0,0.0,183000000.0,342600000.0,31.296,568300000.0
53,ANDV,MRT,2005-03-31,2005-03-31,2005-03-31,2019-10-18,0.0,4391700000.0,4224075000.0,1649400000.0,2742300000.0,3.078,10.4,-228100000.0,89100000.0,89100000.0,11991300000.0,306100000.0,1.253,2.161,1227400000.0,99000000.0,1128400000.0,1227400000.0,0.0,158000000.0,0.0,0.0,0.0,669700000.0,827700000.0,0.064,827700000.0,669700000.0,510500000.0,2.32,2.205,2.32,1389400000.0,1318250000.0,1389400000.0,3493889441.0,5.0,4.221,342900000.0,2.567,1.0,1011700000.0,0.078,213800000.0,159200000.0,4000000000.0,3938225000.0,839800000.0,0.0,0.0,0.0,3002300000.0,1316200000.0,1686100000.0,2460389441.0,-27500000.0,0.0,26800000.0,-401100000.0,0.0,-374900000.0,-223600000.0,0.0,571000000.0,0.0,306100000.0,306100000.0,306100000.0,0.0,0.0,0.024,347000000.0,664700000.0,972100000.0,0.0,1.771,8.038,7.978,2345500000.0,0.0,18.51,0.189,0.19,643800000.0,636600000.0,13003000000.0,13003000000.0,0.0,0.072,0.232,0.17,0.052,7300000.0,174700000.0,1.0,132922174.0,133600000,140200000.0,97.328,4177900000.0,0.0,204400000.0,298800000.0,31.272,333200000.0
54,ANDV,MRT,2004-12-31,2004-12-31,2004-12-31,2019-10-18,0.0,4075000000.0,4086600000.0,1393000000.0,2682000000.0,3.001,10.13,-179000000.0,185000000.0,185000000.0,11229000000.0,328000000.0,1.403,2.071,1218000000.0,3000000.0,1215000000.0,1218000000.0,0.0,154000000.0,0.0,0.0,0.0,718000000.0,872000000.0,0.071,872000000.0,718000000.0,547000000.0,2.505,2.38,2.505,1327000000.0,1226175000.0,1327000000.0,3126172177.0,4.0,3.585,502000000.0,3.832,1.0,1033000000.0,0.084,216000000.0,171000000.0,3899000000.0,4022450000.0,616000000.0,0.0,0.0,0.0,2748000000.0,993000000.0,1755000000.0,2117772177.0,108000000.0,0.0,13000000.0,-401000000.0,0.0,-399000000.0,-174000000.0,0.0,681000000.0,0.0,328000000.0,328000000.0,328000000.0,0.0,0.0,0.027,320000000.0,713000000.0,687000000.0,0.0,1.596,6.457,6.359,2304000000.0,0.0,15.93,0.173,0.17,528000000.0,609000000.0,12262000000.0,12262000000.0,0.0,0.08,0.267,0.178,0.059,10000000.0,152000000.0,1.0,132942384.0,131000000,137800000.0,93.603,3859000000.0,0.0,219000000.0,293000000.0,29.458,400000000.0
55,ANDV,MRT,2004-09-30,2004-09-30,2004-09-30,2019-10-18,0.0,4131300000.0,3983175000.0,1513900000.0,2617400000.0,2.758,10.02,-120100000.0,208700000.0,208700000.0,9968100000.0,320500000.0,1.38,2.143,1217100000.0,3600000.0,1213500000.0,1217100000.0,0.0,148600000.0,0.0,0.0,0.0,715100000.0,863700000.0,0.079,863700000.0,715100000.0,535100000.0,2.45,2.33,2.45,1314600000.0,1135775000.0,1314600000.0,3140521320.0,4.0,3.636,578300000.0,4.408,1.0,1018300000.0,0.093,219700000.0,180000000.0,3823300000.0,4117350000.0,663300000.0,0.0,0.0,0.0,2816700000.0,1096700000.0,1720000000.0,1952321320.0,198200000.0,0.0,9000000.0,-403700000.0,0.0,-408000000.0,-92200000.0,0.0,698400000.0,0.0,320500000.0,320500000.0,320500000.0,0.0,0.0,0.029,306200000.0,712100000.0,770500000.0,0.0,1.485,6.091,6.027,2252100000.0,0.0,14.765,0.178,0.176,590900000.0,609100000.0,10986400000.0,10986400000.0,0.0,0.08,0.282,0.174,0.065,7000000.0,147000000.0,1.0,132226300.0,131200000,139000000.0,83.738,3911600000.0,0.0,214600000.0,276500000.0,29.814,417200000.0
56,ANDV,MRT,2004-06-30,2004-06-30,2004-06-30,2019-10-18,0.0,4298300000.0,3869100000.0,1699000000.0,2599300000.0,2.592,9.51,-103700000.0,423300000.0,423300000.0,9011300000.0,326100000.0,1.377,2.461,1611500000.0,299400000.0,1312100000.0,1611500000.0,0.0,149100000.0,0.0,0.0,0.0,711700000.0,860800000.0,0.086,860800000.0,711700000.0,540800000.0,2.505,2.41,2.505,1242000000.0,1050025000.0,1242000000.0,3301739171.0,5.0,3.836,453500000.0,3.472,1.0,1017100000.0,0.101,222500000.0,170900000.0,4030600000.0,4253800000.0,666100000.0,0.0,0.0,0.0,3056300000.0,1233400000.0,1822900000.0,1808239171.0,354900000.0,0.0,7000000.0,-131000000.0,0.0,-128400000.0,-73900000.0,0.0,557200000.0,0.0,326100000.0,326100000.0,326100000.0,0.0,0.0,0.033,306400000.0,710700000.0,633400000.0,0.0,1.456,5.545,5.509,2240000000.0,0.0,13.8,0.18,0.18,561700000.0,544500000.0,10028400000.0,10028400000.0,0.0,0.084,0.311,0.167,0.071,4600000.0,137300000.0,1.0,131031824.0,130600000,137200000.0,76.787,4075800000.0,0.0,214700000.0,277700000.0,31.208,465600000.0
57,ANDV,MRT,2004-03-31,2004-03-31,2004-03-31,2019-10-18,0.0,3841800000.0,3697000000.0,1228300000.0,2613500000.0,2.432,7.855,-88200000.0,116700000.0,116700000.0,8311600000.0,106000000.0,1.588,2.762,1610200000.0,3500000.0,1606700000.0,1610200000.0,0.0,148000000.0,0.0,0.0,0.0,383100000.0,531100000.0,0.059,531100000.0,383100000.0,174200000.0,0.82,0.8,0.82,1021100000.0,964775000.0,1021100000.0,2752816572.0,7.0,5.183,404600000.0,3.112,1.0,678200000.0,0.075,224900000.0,208900000.0,4336900000.0,4358275000.0,550500000.0,0.0,0.0,0.0,2820700000.0,773500000.0,2047200000.0,1221216572.0,102700000.0,0.0,3200000.0,-312300000.0,0.0,-332100000.0,-58000000.0,0.0,492800000.0,0.0,106000000.0,106000000.0,106000000.0,0.0,0.0,0.012,296100000.0,382100000.0,511600000.0,0.0,1.196,11.521,11.457,2239000000.0,0.0,9.395,0.136,0.136,497100000.0,331400000.0,8989800000.0,8989800000.0,0.0,0.029,0.11,0.088,0.043,1700000.0,130700000.0,1.0,129985798.0,130000000,134600000.0,69.152,3616900000.0,0.0,68200000.0,205200000.0,27.822,454800000.0
58,ANDV,MRT,2003-12-31,2003-12-31,2003-12-31,2019-10-18,0.0,3661300000.0,3652550000.0,1024000000.0,2637300000.0,2.422,7.472,-101000000.0,77200000.0,77200000.0,8208000000.0,76000000.0,1.491,2.793,1608800000.0,3500000.0,1605300000.0,1608800000.0,0.0,148000000.0,0.0,0.0,0.0,336000000.0,484000000.0,0.055,484000000.0,336000000.0,123000000.0,0.59,0.585,0.59,965400000.0,936500000.0,965400000.0,2543006304.0,8.0,5.254,346000000.0,2.678,1.0,638000000.0,0.072,227300000.0,213000000.0,4278600000.0,4475050000.0,487300000.0,0.0,0.0,0.0,2695900000.0,687000000.0,2008900000.0,941506304.0,-33000000.0,0.0,1000000.0,-388000000.0,0.0,-410000000.0,-70000000.0,0.0,447000000.0,0.0,76000000.0,76000000.0,76000000.0,0.0,0.0,0.009,303000000.0,335000000.0,431800000.0,0.0,0.975,12.388,12.347,2251500000.0,0.0,7.285,0.106,0.106,414600000.0,281000000.0,8846000000.0,8846000000.0,0.0,0.021,0.081,0.075,0.038,0.0,138000000.0,1.0,129239026.0,129200000,130200000.0,68.467,3434000000.0,0.0,47000000.0,179200000.0,26.579,337000000.0
59,ANDV,MRT,2003-09-30,2003-09-30,2003-09-30,2019-10-18,0.0,3675000000.0,3676925000.0,1034200000.0,2640800000.0,2.375,7.52,-120000000.0,9600000.0,9600000.0,8117800000.0,56300000.0,1.526,2.782,1611100000.0,3600000.0,1607500000.0,1611100000.0,0.0,148200000.0,0.0,0.0,0.0,321600000.0,469800000.0,0.054,469800000.0,321600000.0,100200000.0,0.44,0.44,0.44,971600000.0,917050000.0,971600000.0,2213457096.0,7.0,4.711,277600000.0,2.149,1.0,616100000.0,0.071,229700000.0,221400000.0,4369100000.0,4599325000.0,528200000.0,0.0,0.0,0.0,2703400000.0,677700000.0,2025700000.0,546657096.0,-21800000.0,100000.0,0.0,-482400000.0,0.0,-511900000.0,92500000.0,0.0,397600000.0,0.0,56300000.0,56300000.0,56300000.0,0.0,0.0,0.006,294500000.0,321600000.0,409100000.0,0.0,0.563,9.71,9.614,2253500000.0,0.0,4.23,0.063,0.063,409400000.0,288900000.0,8733900000.0,8733900000.0,0.0,0.015,0.061,0.07,0.037,0.0,128100000.0,1.0,129233356.0,129200000,129800000.0,67.6,3445300000.0,0.0,43900000.0,183700000.0,26.666,356500000.0
60,ANDV,MRT,2003-06-30,2003-06-30,2003-06-30,2019-10-18,0.0,3609900000.0,3744025000.0,928800000.0,2681100000.0,2.284,6.974,-150700000.0,68000000.0,68000000.0,8080800000.0,-30100000.0,1.565,3.007,1734800000.0,4600000.0,1730200000.0,1734800000.0,0.0,149700000.0,0.0,0.0,0.0,181400000.0,331100000.0,0.039,331100000.0,181400000.0,-37300000.0,-0.225,-0.225,-0.225,901000000.0,902975000.0,901000000.0,2336944375.0,13.0,7.058,212600000.0,1.646,1.0,471600000.0,0.055,234900000.0,218700000.0,4448500000.0,4767275000.0,427800000.0,0.0,0.0,0.0,2708900000.0,593300000.0,2115600000.0,444544375.0,25000000.0,2400000.0,0.0,-368400000.0,0.0,-397800000.0,59500000.0,0.0,363300000.0,0.0,-30100000.0,-30100000.0,-30100000.0,0.0,0.0,-0.004,290200000.0,181400000.0,361600000.0,0.0,0.493,-14.769,-15.289,2291100000.0,0.0,3.44,0.052,0.052,406500000.0,218300000.0,8552400000.0,8552400000.0,0.0,-0.008,-0.033,0.038,0.021,0.0,131300000.0,1.0,129228016.0,129200000,129200000.0,66.195,3375000000.0,0.0,-7200000.0,141000000.0,26.122,335500000.0
61,ANDV,MRT,2003-03-31,2003-03-31,2003-03-31,2019-10-18,0.0,3664000000.0,3832000000.0,963700000.0,2700300000.0,2.133,7.028,-178600000.0,13600000.0,13600000.0,7764900000.0,-41000000.0,1.878,3.035,1906000000.0,52500000.0,1853500000.0,1906000000.0,0.0,142500000.0,0.0,0.0,0.0,126100000.0,268600000.0,0.033,268600000.0,126100000.0,-56000000.0,-0.31,-0.31,-0.31,908000000.0,910500000.0,908000000.0,2345000924.0,19.0,8.73,-65700000.0,-0.509,1.0,407900000.0,0.05,239200000.0,182100000.0,4804000000.0,4914875000.0,472700000.0,0.0,0.0,0.0,2756000000.0,513200000.0,2242800000.0,478100924.0,13400000.0,-631500000.0,200000.0,548900000.0,0.0,514900000.0,-614400000.0,0.0,112900000.0,0.0,-41000000.0,-41000000.0,-41000000.0,0.0,0.0,-0.005,283900000.0,124000000.0,267400000.0,0.0,0.527,-11.661,-11.935,2303500000.0,0.0,3.7,0.058,0.058,423400000.0,225300000.0,8172800000.0,8172800000.0,0.0,-0.011,-0.045,0.026,0.015,0.0,133000000.0,1.0,129216466.0,129200000,129400000.0,63.257,3424800000.0,6100000.0,-15000000.0,146700000.0,26.508,450500000.0
62,ANDV,MRT,2002-12-31,2002-12-31,2002-12-31,2019-10-18,0.0,3758800000.0,3665650000.0,1054200000.0,2704600000.0,1.942,7.336,-203500000.0,109800000.0,109800000.0,6865700000.0,-117000000.0,1.733,3.235,1976700000.0,70000000.0,1906700000.0,1976700000.0,0.0,130700000.0,0.0,0.0,0.0,-18700000.0,112000000.0,0.016,112000000.0,-18700000.0,-181300000.0,-0.965,-0.965,-0.965,887600000.0,920500000.0,887600000.0,2311833729.0,-124.0,20.641,-145700000.0,-1.204,1.0,253600000.0,0.036,241700000.0,162600000.0,4775700000.0,4593100000.0,461500000.0,0.0,0.0,0.0,2871200000.0,608300000.0,2262900000.0,292033729.0,57900000.0,-931500000.0,245100000.0,732600000.0,0.0,940800000.0,-940700000.0,0.0,57800000.0,0.0,-117000000.0,-117000000.0,-117000000.0,0.0,0.0,-0.016,272300000.0,-18700000.0,338600000.0,0.0,0.329,-2.496,-2.342,2303400000.0,0.0,2.26,0.041,0.038,412200000.0,204900000.0,7119300000.0,7119300000.0,0.0,-0.032,-0.127,-0.004,-0.003,0.0,133200000.0,1.0,129218464.0,121000000,121000000.0,58.837,3517100000.0,41900000.0,-64300000.0,128700000.0,29.067,445900000.0
63,ANDV,MRT,2002-09-30,2002-09-30,2002-09-30,2019-10-18,0.0,3943400000.0,3391525000.0,1072700000.0,2870700000.0,1.875,7.084,-208200000.0,31400000.0,31400000.0,6092900000.0,-85300000.0,1.625,3.308,2051200000.0,58100000.0,1993100000.0,2051200000.0,0.0,137200000.0,0.0,0.0,0.0,-4200000.0,133000000.0,0.021,133000000.0,-4200000.0,-139700000.0,-0.835,-0.785,-0.835,915300000.0,887850000.0,915300000.0,2198305850.0,-523.0,16.529,-40300000.0,-0.312,1.0,267800000.0,0.042,262300000.0,135500000.0,5040900000.0,4161750000.0,485900000.0,0.0,0.0,0.0,3028100000.0,660000000.0,2368100000.0,180905850.0,30200000.0,-1045300000.0,245100000.0,887400000.0,0.0,1098200000.0,-1235900000.0,0.0,167900000.0,0.0,-85300000.0,-85300000.0,-85300000.0,0.0,0.0,-0.013,274200000.0,-6400000.0,383800000.0,0.0,0.198,-2.121,-1.677,2445000000.0,0.0,1.4,0.028,0.028,424500000.0,232600000.0,6360700000.0,6360700000.0,0.0,-0.025,-0.096,-0.001,-0.001,0.0,134700000.0,1.0,129218464.0,129200000,129200000.0,49.231,3681100000.0,97200000.0,-54400000.0,156100000.0,28.491,412700000.0
64,ANDV,MRT,2002-06-30,2002-06-30,2002-06-30,2019-10-18,0.0,3961800000.0,3040500000.0,1112400000.0,2849400000.0,1.85,7.207,-224000000.0,43000000.0,43000000.0,5333500000.0,-36700000.0,1.723,3.255,2060400000.0,54900000.0,2005500000.0,2060400000.0,0.0,111700000.0,0.0,0.0,0.0,48400000.0,160100000.0,0.028,160100000.0,48400000.0,-61200000.0,-0.32,-0.27,-0.32,931100000.0,847025000.0,931100000.0,1751813753.0,36.0,10.942,-57100000.0,-0.442,1.0,290700000.0,0.052,294600000.0,109600000.0,5038900000.0,3657525000.0,545300000.0,0.0,0.0,0.0,3030700000.0,645700000.0,2385000000.0,500613753.0,41100000.0,-1717300000.0,241600000.0,1627600000.0,0.0,1813500000.0,-1939300000.0,0.0,166900000.0,0.0,-36700000.0,-36700000.0,-36700000.0,0.0,0.0,-0.007,244600000.0,46100000.0,418500000.0,0.0,0.538,-13.641,-12.109,2389400000.0,0.0,3.875,0.089,0.089,503600000.0,248400000.0,5624200000.0,5624200000.0,0.0,-0.012,-0.043,0.013,0.009,0.0,130800000.0,1.0,129190646.0,129200000,129200000.0,43.531,3667200000.0,0.0,-24500000.0,159500000.0,28.384,466700000.0
65,ANDV,MRT,2002-03-31,2002-03-31,2002-03-31,2019-10-18,0.0,2998600000.0,2457275000.0,868400000.0,2130200000.0,2.111,9.834,-228600000.0,200000.0,200000.0,4880700000.0,10700000.0,1.534,2.163,1251400000.0,34000000.0,1217400000.0,1251400000.0,0.0,93100000.0,0.0,0.0,0.0,92400000.0,185500000.0,0.036,185500000.0,92400000.0,17800000.0,0.245,0.22,0.245,948000000.0,794775000.0,948000000.0,1677306423.0,18.0,9.042,-43400000.0,-0.45,1.0,306300000.0,0.059,166900000.0,74600000.0,3516900000.0,2804875000.0,418600000.0,0.0,0.0,0.0,2050600000.0,566000000.0,1484600000.0,582306423.0,-1300000.0,-1083400000.0,241400000.0,899200000.0,0.0,1110100000.0,-1296600000.0,0.0,185200000.0,0.0,10700000.0,7700000.0,7700000.0,0.0,0.0,0.001,214300000.0,92000000.0,381500000.0,0.0,0.614,75.624,28.673,1556200000.0,3000000.0,7.025,0.112,0.131,434700000.0,266300000.0,5187000000.0,5187000000.0,0.0,0.003,0.01,0.033,0.018,0.0,119200000.0,1.0,82890594.0,96400000,96400000.0,53.807,2831700000.0,0.0,7100000.0,148500000.0,29.374,302400000.0
66,ANDV,MRT,2001-12-31,2001-12-31,2001-12-31,2019-10-18,0.0,2662300000.0,2090425000.0,878000000.0,1784300000.0,2.479,10.456,-209500000.0,51900000.0,51900000.0,4797100000.0,88000000.0,1.63,2.517,1146900000.0,34400000.0,1112500000.0,1146900000.0,0.0,79900000.0,0.0,0.0,0.0,198700000.0,278600000.0,0.054,278600000.0,198700000.0,146900000.0,1.13,1.05,1.13,757000000.0,730250000.0,757000000.0,1626088277.0,8.0,5.837,4900000.0,0.068,1.0,384600000.0,0.074,168500000.0,51800000.0,3050300000.0,2319400000.0,431800000.0,0.0,0.0,0.0,1905300000.0,538500000.0,1366800000.0,542188277.0,37800000.0,-783400000.0,-3500000.0,833800000.0,0.0,800100000.0,-976700000.0,0.0,214400000.0,0.0,88000000.0,82000000.0,82000000.0,0.0,0.0,0.016,185900000.0,198700000.0,331200000.0,0.0,0.716,6.612,5.801,1522300000.0,6000000.0,6.555,0.105,0.092,362400000.0,321900000.0,5181700000.0,5181700000.0,0.0,0.039,0.112,0.086,0.038,0.0,104200000.0,1.0,82713696.0,72400000,83800000.0,71.57,2493800000.0,22500000.0,58900000.0,136900000.0,34.445,339500000.0
67,ANDV,MRT,2001-09-30,2001-09-30,2001-09-30,2019-10-18,0.0,2539300000.0,1810750000.0,884100000.0,1655200000.0,2.948,9.082,-203000000.0,1200000.0,1200000.0,4921200000.0,108400000.0,1.816,2.377,1085100000.0,16600000.0,1068500000.0,1085100000.0,0.0,72300000.0,0.0,0.0,0.0,219400000.0,291700000.0,0.055,291700000.0,219400000.0,180900000.0,1.47,1.295,1.47,752000000.0,708475000.0,752000000.0,846633968.0,4.0,2.902,-89800000.0,-1.085,1.0,416400000.0,0.078,112400000.0,38500000.0,3024000000.0,1921250000.0,396600000.0,0.0,0.0,0.0,1787300000.0,486800000.0,1300500000.0,492233968.0,-23300000.0,-669700000.0,-3500000.0,776800000.0,0.0,747400000.0,-883900000.0,0.0,113200000.0,0.0,108400000.0,99400000.0,99400000.0,0.0,0.0,0.019,203600000.0,212800000.0,339100000.0,0.0,0.655,4.952,4.048,1372300000.0,9000000.0,5.95,0.092,0.092,479200000.0,317900000.0,5337600000.0,5337600000.0,0.0,0.055,0.14,0.114,0.041,0.0,129500000.0,1.0,82728398.0,82800000,83400000.0,64.464,2426900000.0,0.0,72500000.0,124600000.0,29.31,397300000.0
68,ANDV,MRT,2001-06-30,2001-06-30,2001-06-30,2019-10-18,0.0,1628900000.0,1558625000.0,658400000.0,970500000.0,3.413,11.609,-152400000.0,1900000.0,1900000.0,4940900000.0,100600000.0,1.855,1.256,356300000.0,3700000.0,352600000.0,356300000.0,0.0,71200000.0,0.0,0.0,0.0,198500000.0,269700000.0,0.051,269700000.0,198500000.0,169600000.0,1.43,1.2,1.43,722100000.0,682425000.0,722100000.0,738203944.0,4.0,2.737,-16100000.0,-0.259,1.0,379300000.0,0.071,0.0,28900000.0,1628300000.0,1518325000.0,307800000.0,0.0,0.0,0.0,906800000.0,355000000.0,551800000.0,390003944.0,-6700000.0,0.0,0.0,9900000.0,0.0,2500000.0,-145500000.0,0.0,136300000.0,0.0,100600000.0,88600000.0,88600000.0,0.0,0.0,0.017,185700000.0,193600000.0,265200000.0,0.0,0.54,4.402,4.406,840700000.0,12000000.0,6.3,0.073,0.074,340500000.0,285100000.0,5320200000.0,5320200000.0,0.0,0.057,0.13,0.131,0.037,0.0,113300000.0,1.0,61905388.0,62200000,84600000.0,85.534,1628900000.0,0.0,69000000.0,120700000.0,26.188,303400000.0
69,ANDV,MRT,2001-03-31,2001-03-31,2001-03-31,2019-10-18,0.0,1531200000.0,1522375000.0,602400000.0,928800000.0,3.441,11.163,-118200000.0,1500000.0,1500000.0,4895800000.0,85700000.0,1.979,1.219,349700000.0,3700000.0,346000000.0,349700000.0,0.0,70800000.0,0.0,0.0,0.0,175100000.0,245900000.0,0.047,245900000.0,175100000.0,144500000.0,1.19,1.025,1.19,689900000.0,658325000.0,689900000.0,681267798.0,4.0,2.771,-3300000.0,-0.053,1.0,343000000.0,0.065,0.0,30600000.0,1575000000.0,1479500000.0,274000000.0,0.0,0.0,0.0,841300000.0,304400000.0,536900000.0,384767798.0,-19500000.0,0.0,-8700000.0,-4200000.0,0.0,-21700000.0,-112700000.0,0.0,114900000.0,0.0,85700000.0,73700000.0,73700000.0,0.0,0.0,0.014,171400000.0,171600000.0,217600000.0,0.0,0.558,5.221,5.231,803100000.0,12000000.0,6.225,0.073,0.073,317100000.0,258600000.0,5238800000.0,5238800000.0,0.0,0.048,0.112,0.118,0.033,0.0,100000000.0,1.0,61810088.0,61800000,83600000.0,84.77,1531200000.0,0.0,58800000.0,115300000.0,24.777,298000000.0
70,ANDV,MRT,2000-12-31,2000-12-31,2000-12-31,2019-10-18,0.0,1543600000.0,1507475000.0,630200000.0,913400000.0,3.361,10.736,-94000000.0,14100000.0,14100000.0,4758900000.0,73300000.0,1.648,1.304,310600000.0,3800000.0,306800000.0,310600000.0,0.0,69300000.0,0.0,0.0,0.0,156200000.0,225500000.0,0.045,225500000.0,156200000.0,123500000.0,0.98,0.875,0.98,669900000.0,641575000.0,669900000.0,644677229.0,4.0,2.859,-3600000.0,-0.058,1.0,307900000.0,0.061,0.0,32700000.0,1457700000.0,1452375000.0,274300000.0,0.0,0.0,0.0,873700000.0,382400000.0,491300000.0,358377229.0,-127700000.0,0.0,-15500000.0,-105900000.0,0.0,-130100000.0,-88000000.0,0.0,90400000.0,0.0,73300000.0,61300000.0,61300000.0,0.0,0.0,0.012,154500000.0,153400000.0,281600000.0,0.0,0.535,5.846,5.934,781400000.0,12000000.0,5.815,0.071,0.072,334500000.0,239900000.0,5066800000.0,5066800000.0,0.0,0.041,0.096,0.108,0.031,0.0,85200000.0,1.0,61629790.0,62400000,83600000.0,81.199,1543600000.0,0.0,50200000.0,107200000.0,24.737,247800000.0
71,ANDV,MRT,2000-09-30,2000-09-30,2000-09-30,2019-10-18,0.0,1530800000.0,1493200000.0,657200000.0,873600000.0,3.042,10.516,-75700000.0,24500000.0,24500000.0,4341600000.0,65800000.0,1.624,1.363,310800000.0,3700000.0,307100000.0,310800000.0,0.0,44700000.0,0.0,0.0,0.0,120400000.0,165100000.0,0.036,165100000.0,120400000.0,86000000.0,0.85,0.86,0.85,647800000.0,629875000.0,647800000.0,646638427.0,5.0,3.917,-55400000.0,-0.899,1.0,201100000.0,0.044,0.0,34400000.0,1412300000.0,1448125000.0,275300000.0,0.0,0.0,0.0,883000000.0,404800000.0,478200000.0,306238427.0,11500000.0,0.0,-15500000.0,-203500000.0,0.0,-233800000.0,225000000.0,0.0,20300000.0,0.0,65800000.0,53800000.0,53800000.0,-40500000.0,0.0,0.012,118500000.0,82600000.0,310900000.0,0.0,0.473,5.692,5.846,741800000.0,12000000.0,4.969,0.067,0.067,349100000.0,218500000.0,4542700000.0,4542700000.0,0.0,0.036,0.085,0.083,0.027,0.0,80700000.0,1.0,61629790.0,61600000,82800000.0,73.745,1530800000.0,0.0,20200000.0,99000000.0,24.851,252400000.0
72,ANDV,MRT,2000-06-30,2000-06-30,2000-06-30,2019-10-18,0.0,1483900000.0,1499825000.0,619200000.0,864700000.0,2.695,10.059,-83100000.0,8600000.0,8600000.0,3845700000.0,66100000.0,1.763,1.372,349000000.0,3700000.0,345300000.0,349000000.0,0.0,43800000.0,0.0,0.0,0.0,119400000.0,163200000.0,0.04,163200000.0,119400000.0,83300000.0,0.84,0.85,0.84,625700000.0,620225000.0,625700000.0,650141565.0,5.0,3.984,-54900000.0,-0.883,1.0,195900000.0,0.048,0.0,36100000.0,1473000000.0,1532825000.0,282300000.0,0.0,0.0,0.0,858200000.0,351300000.0,506900000.0,314841565.0,1800000.0,0.0,-15500000.0,-203000000.0,0.0,-232900000.0,206500000.0,0.0,28200000.0,0.0,66100000.0,54100000.0,54100000.0,-42800000.0,0.0,0.013,118500000.0,77400000.0,268700000.0,0.0,0.503,5.82,6.03,733600000.0,12000000.0,5.065,0.078,0.078,320300000.0,196500000.0,4041600000.0,4041600000.0,0.0,0.036,0.087,0.078,0.03,0.0,77300000.0,1.0,62160230.0,62200000,83400000.0,64.977,1483900000.0,0.0,17200000.0,91500000.0,23.857,267900000.0
73,ANDV,MRT,2000-03-31,2000-03-31,2000-03-31,2019-10-18,0.0,1471600000.0,1509475000.0,609600000.0,862000000.0,2.36,9.672,-80600000.0,21000000.0,21000000.0,3340200000.0,84000000.0,1.791,1.362,356300000.0,3800000.0,352500000.0,356300000.0,0.0,43400000.0,0.0,0.0,0.0,146100000.0,189500000.0,0.053,189500000.0,146100000.0,109000000.0,1.11,1.055,1.11,622900000.0,610300000.0,622900000.0,640558323.0,4.0,3.38,-73300000.0,-1.138,1.0,222000000.0,0.062,0.0,37100000.0,1466500000.0,1609775000.0,268300000.0,0.0,0.0,0.0,848700000.0,340400000.0,508300000.0,364758323.0,14800000.0,0.0,-6800000.0,-166900000.0,0.0,-187900000.0,195400000.0,0.0,7300000.0,0.0,84000000.0,72000000.0,72000000.0,-42700000.0,0.0,0.02,119300000.0,102700000.0,268700000.0,0.0,0.586,5.066,5.18,730500000.0,12000000.0,5.75,0.102,0.104,309300000.0,184900000.0,3562200000.0,3562200000.0,0.0,0.048,0.118,0.091,0.041,0.0,76800000.0,1.0,63436230.0,64400000,64600000.0,55.314,1471600000.0,0.0,25000000.0,87900000.0,22.851,269200000.0
74,ANDV,MRT,1999-12-31,1999-12-31,1999-12-31,2019-10-18,0.0,1486500000.0,1502950000.0,611600000.0,874900000.0,1.996,9.616,-84700000.0,141800000.0,141800000.0,2794800000.0,75000000.0,1.902,1.386,417600000.0,27400000.0,390200000.0,417600000.0,0.0,42900000.0,0.0,0.0,0.0,131600000.0,174500000.0,0.058,174500000.0,131600000.0,94000000.0,0.97,0.96,0.97,623100000.0,593700000.0,623100000.0,874570871.0,7.0,5.012,28000000.0,0.432,1.0,205500000.0,0.068,0.0,37600000.0,1440700000.0,1666500000.0,182200000.0,0.0,0.0,0.0,863400000.0,321600000.0,541800000.0,374670871.0,129800000.0,0.0,0.0,-134600000.0,0.0,-149200000.0,166300000.0,0.0,112700000.0,0.0,75000000.0,63000000.0,63000000.0,-42800000.0,0.0,0.021,117900000.0,87600000.0,214200000.0,0.0,0.601,5.947,5.959,731600000.0,12000000.0,5.78,0.125,0.125,280700000.0,178600000.0,3000300000.0,3000300000.0,0.0,0.042,0.106,0.079,0.044,0.0,75000000.0,1.0,64821950.0,64800000,65600000.0,46.301,1486500000.0,0.0,19000000.0,85800000.0,22.94,290000000.0
75,ANDV,MRT,1999-09-30,1999-09-30,1999-09-30,2019-10-18,0.0,1557300000.0,1482925000.0,468500000.0,1088800000.0,1.729,9.401,29600000.0,15600000.0,15600000.0,2426100000.0,18600000.0,1.531,1.556,515500000.0,24500000.0,491000000.0,515500000.0,0.0,13100000.0,0.0,0.0,0.0,70000000.0,83100000.0,0.032,83100000.0,70000000.0,36700000.0,0.03,-0.095,0.03,609200000.0,577725000.0,609200000.0,1066667443.0,15.0,12.836,198600000.0,3.065,1.0,138600000.0,0.054,0.0,33300000.0,1751100000.0,1743950000.0,197700000.0,0.0,0.0,0.0,948100000.0,306100000.0,642000000.0,533767443.0,15700000.0,-5200000.0,246000000.0,300600000.0,0.0,5500000.0,-158800000.0,0.0,169000000.0,0.0,18600000.0,6600000.0,6600000.0,20300000.0,0.0,0.003,26000000.0,112600000.0,183700000.0,0.0,0.876,80.874,275.0,938300000.0,12000000.0,8.25,0.208,0.208,244600000.0,164700000.0,2564700000.0,2564700000.0,0.0,0.004,0.011,0.04,0.027,0.0,31300000.0,1.0,64699084.0,64800000,86600000.0,39.579,1557300000.0,0.0,18100000.0,82700000.0,24.032,162400000.0
76,ANDV,MRT,1999-06-30,1999-06-30,1999-06-30,2019-10-18,0.0,1522500000.0,1464025250.0,463500000.0,1059000000.0,1.464,9.071,-12800000.0,11300000.0,11300000.0,2028700000.0,1100000.0,1.688,1.598,544200000.0,20200000.0,524000000.0,544200000.0,0.0,20500000.0,0.0,0.0,0.0,44700000.0,65200000.0,0.03,65200000.0,44700000.0,9900000.0,-0.24,-0.31,-0.24,586000000.0,575833000.0,586000000.0,1023821310.0,23.0,15.703,126900000.0,1.964,1.0,115200000.0,0.054,0.0,34800000.0,1780800000.0,1734480750.0,228500000.0,0.0,0.0,0.0,936500000.0,274600000.0,661900000.0,515521310.0,-13400000.0,-280000000.0,246000000.0,71000000.0,0.0,312000000.0,-465100000.0,0.0,139700000.0,0.0,1100000.0,-10900000.0,-10900000.0,22600000.0,0.0,-0.005,26800000.0,88400000.0,157200000.0,0.0,0.88,-47.296,-33.208,919100000.0,12000000.0,7.97,0.24,0.24,213400000.0,142400000.0,2143900000.0,2143900000.0,0.0,-0.007,-0.019,0.026,0.021,0.0,27800000.0,1.0,64682724.0,64600000,86000000.0,33.187,1522500000.0,0.0,8800000.0,72400000.0,23.568,188900000.0
77,ANDV,MRT,1999-03-31,1999-03-31,1999-03-31,2019-10-18,0.0,1445500000.0,1343872250.0,397500000.0,1048000000.0,1.253,8.615,-39600000.0,6800000.0,6800000.0,1581700000.0,-25200000.0,1.526,1.597,515100000.0,19700000.0,495400000.0,515100000.0,0.0,25400000.0,0.0,0.0,0.0,6800000.0,32200000.0,0.019,32200000.0,6800000.0,-25500000.0,-0.58,-0.575,-0.58,556500000.0,516942250.0,556500000.0,886755246.0,130.0,27.539,138000000.0,2.136,1.0,102300000.0,0.061,0.0,32300000.0,1693400000.0,1616578500.0,214700000.0,0.0,0.0,0.0,889000000.0,260400000.0,628600000.0,355755246.0,10100000.0,-527600000.0,246000000.0,326300000.0,0.0,558800000.0,-726300000.0,0.0,177600000.0,0.0,-25200000.0,-34200000.0,-34200000.0,22500000.0,0.0,-0.02,33700000.0,68600000.0,175900000.0,0.0,0.639,-10.402,-9.483,915000000.0,9000000.0,5.5,0.211,0.211,164200000.0,112900000.0,1684000000.0,1684000000.0,0.0,-0.025,-0.066,0.004,0.004,0.0,23200000.0,1.0,64682772.0,64600000,64600000.0,26.068,1445500000.0,0.0,-300000.0,70000000.0,22.376,137100000.0
78,ANDV,MRT,1998-12-31,1998-12-31,1998-12-31,2019-10-18,0.0,1406400000.0,1141354500.0,370200000.0,1036200000.0,1.215,9.51,-50000000.0,12000000.0,12000000.0,1280800000.0,-19400000.0,1.971,1.515,543900000.0,12500000.0,531400000.0,543900000.0,0.0,28600000.0,0.0,0.0,0.0,10300000.0,38900000.0,0.028,38900000.0,10300000.0,-14900000.0,-0.43,-0.43,-0.43,559200000.0,462657000.0,559200000.0,878377697.0,85.0,22.58,71800000.0,1.221,1.0,105800000.0,0.076,0.0,25200000.0,1750500000.0,1366957750.0,207700000.0,0.0,0.0,0.0,847200000.0,187800000.0,659400000.0,392200697.0,9800000.0,-533300000.0,246000000.0,371000000.0,0.0,606600000.0,-718600000.0,0.0,121800000.0,0.0,-19400000.0,-25400000.0,-25400000.0,22600000.0,0.0,-0.018,47200000.0,58600000.0,112100000.0,0.0,0.701,-15.441,-14.105,691400000.0,6000000.0,6.065,0.283,0.257,138800000.0,115600000.0,1386600000.0,1386600000.0,0.0,-0.022,-0.055,0.008,0.007,0.0,19700000.0,1.0,64666232.0,58800000,59800000.0,23.582,1406400000.0,0.0,4500000.0,69900000.0,23.918,182400000.0
79,ANDV,MRT,1998-09-30,1998-09-30,1998-09-30,2019-10-18,0.0,1481701000.0,946704500.0,405325000.0,1076376000.0,1.163,9.313,-90818000.0,3454000.0,3454000.0,1005332000.0,27052000.0,1.592,1.463,489631000.0,6386000.0,483245000.0,489631000.0,0.0,26757000.0,0.0,0.0,0.0,55841000.0,82598000.0,0.075,82598000.0,55841000.0,32860000.0,0.435,0.435,0.435,601632000.0,406107000.0,601632000.0,850103479.0,15.0,10.292,27811000.0,0.431,1.0,95738000.0,0.087,0.0,22981000.0,1713223000.0,1090382750.0,225096000.0,0.0,0.0,0.0,880069000.0,254655000.0,625414000.0,422130479.0,-8483000.0,-533100000.0,-3700000.0,65959000.0,0.0,585551000.0,-712663000.0,0.0,118629000.0,0.0,27052000.0,24052000.0,24052000.0,-28300000.0,0.0,0.022,53618000.0,42120000.0,156527000.0,0.0,0.702,17.551,15.011,945143000.0,3000000.0,6.53,0.383,0.383,167582000.0,158052000.0,1101070000.0,1101070000.0,0.0,0.025,0.059,0.051,0.051,0.0,15701000.0,1.0,64644790.0,64600000,65800000.0,17.044,1481701000.0,0.0,5808000.0,79388000.0,22.937,150670000.0
80,ANDV,MRT,1998-06-30,1998-06-30,1998-06-30,2019-10-18,0.0,1041888000.0,,322860000.0,719028000.0,,6.612,-72101000.0,26408000.0,26408000.0,799891000.0,27231000.0,2.009,1.973,454381000.0,2711000.0,451670000.0,454381000.0,0.0,20160000.0,0.0,0.0,0.0,46295000.0,66455000.0,0.076,66455000.0,46295000.0,32321000.0,0.51,0.51,0.51,350437000.0,,350437000.0,573843055.0,12.0,8.635,5449000.0,0.103,1.0,79951000.0,0.091,0.0,13974000.0,1309191000.0,,175446000.0,0.0,0.0,0.0,691451000.0,160670000.0,530781000.0,428399055.0,-13060000.0,-258300000.0,-3700000.0,346011000.0,0.0,331548000.0,-422158000.0,0.0,77550000.0,0.0,27231000.0,27231000.0,27231000.0,-28300000.0,0.0,0.031,45191000.0,34760000.0,100322000.0,0.0,1.222,15.732,15.745,666188000.0,0.0,8.03,0.487,0.484,112053000.0,153275000.0,879842000.0,879842000.0,0.0,,,,0.053,0.0,14617000.0,1.0,53349820.0,53000000,54400000.0,16.601,1041888000.0,0.0,5090000.0,33430000.0,19.658,162190000.0
81,ANDV,MRT,1998-03-31,1998-03-31,1998-03-31,2019-10-18,0.0,635429000.0,,172569000.0,462860000.0,,6.452,-62100000.0,2274000.0,2274000.0,768785000.0,30669000.0,2.008,0.872,147718000.0,11428000.0,136290000.0,147718000.0,0.0,16553000.0,0.0,0.0,0.0,41782000.0,58335000.0,0.072,58335000.0,41782000.0,33025000.0,0.575,0.575,0.575,339359000.0,,339359000.0,600677789.0,14.0,10.297,11543000.0,0.219,1.0,45463000.0,0.056,0.0,8757000.0,694917000.0,,97793000.0,0.0,0.0,0.0,296070000.0,85956000.0,210114000.0,476713789.0,-33667000.0,-10700000.0,-3700000.0,60382000.0,0.0,56911000.0,-164221000.0,0.0,73643000.0,0.0,30669000.0,30669000.0,30669000.0,-28300000.0,0.0,0.038,33065000.0,12398000.0,44275000.0,0.0,1.405,15.544,15.548,424413000.0,0.0,8.94,0.585,0.578,64518000.0,147039000.0,814248000.0,814248000.0,0.0,,,,0.051,0.0,13962000.0,1.0,53323690.0,52600000,53600000.0,15.48,635429000.0,0.0,2356000.0,31003000.0,12.08,86613000.0
82,ANDV,MRT,1997-12-31,1997-12-31,1997-12-31,2019-10-18,0.0,627800000.0,605193500.0,181800000.0,446000000.0,1.41,6.307,-54600000.0,8400000.0,8400000.0,811900000.0,30700000.0,1.691,0.885,132300000.0,17000000.0,115300000.0,132300000.0,0.0,15100000.0,0.0,0.0,0.0,39800000.0,54900000.0,0.064,54900000.0,39800000.0,31700000.0,0.58,0.57,0.58,333000000.0,318532500.0,333000000.0,,,,36400000.0,0.689,1.0,41200000.0,0.048,0.0,8100000.0,644200000.0,577713000.0,87300000.0,0.0,0.0,0.0,294800000.0,107500000.0,187300000.0,413258598.0,-19000000.0,-5000000.0,-3700000.0,44800000.0,0.0,41500000.0,-151500000.0,0.0,91000000.0,0.0,30700000.0,30700000.0,30700000.0,-28300000.0,0.0,0.036,31300000.0,9900000.0,58800000.0,0.0,1.241,13.461,13.362,413800000.0,0.0,7.75,0.484,0.48,76300000.0,141000000.0,853100000.0,853100000.0,0.0,0.051,0.096,0.069,0.047,0.0,13600000.0,1.0,53323690.0,52800000,53800000.0,16.157,627800000.0,0.0,1000000.0,28800000.0,11.89,74300000.0
83,ANDV,MRT,1997-09-30,1997-09-30,1997-09-30,2019-10-18,,,,,,,,,,,,,,,,,,,,,,0.0,0.0,,,,,,,,,,,,,,,,,,1.0,,,,,,,,,,,,,,,,,,,,,,,,,,,,,,,,,,,,,,,,9.03,,,,,,,,,,,,,,1.0,,52878000,,,,,,,,
84,ANDV,MRT,1997-06-30,1997-06-30,1997-06-30,2019-10-18,,,,,,,,,,,,,,,,,,,,,,0.0,0.0,,,,,,,,,,,,,,,,,,1.0,,,,,,,,,,,,,,,,,,,,,,,,,,,,,,,,,,,,,,,,7.405,,,,,,,,,,,,,,1.0,,52850000,,,,,,,,
85,ANDV,MRT,1997-03-31,1997-03-31,1997-03-31,2019-10-18,,,,,,,,,,,,,,,,,,,,,,0.0,0.0,,,,,,,,,,,,,,,,,,1.0,,,,,,,,,,,,,,,,,,,,,,,,,,,,,,,,,,,,,,,,5.25,,,,,,,,,,,,,,1.0,,52860000,,,,,,,,
86,ANDV,MRT,1996-12-31,1996-12-31,1996-12-31,2019-10-18,0.0,582587000.0,,237343000.0,345244000.0,,5.847,-85000000.0,22796000.0,22796000.0,854400000.0,74500000.0,1.722,0.916,89303000.0,10043000.0,79260000.0,89303000.0,0.0,41500000.0,0.0,0.0,0.0,131000000.0,172500000.0,0.166,172500000.0,131000000.0,112800000.0,1.435,1.405,1.435,304065000.0,,304065000.0,,,,93900000.0,1.806,1.0,185400000.0,0.178,0.0,18200000.0,511226000.0,,74488000.0,0.0,0.0,0.0,278522000.0,137868000.0,140654000.0,,8800000.0,-7700000.0,0.0,-77000000.0,0.0,-75900000.0,-94200000.0,0.0,178900000.0,0.0,74500000.0,74500000.0,74500000.0,0.0,0.0,0.072,53300000.0,132100000.0,80747000.0,0.0,,,4.878,316511000.0,0.0,7.0,,0.35,128013000.0,110295000.0,1039800000.0,1039800000.0,0.0,,,,0.126,0.0,12700000.0,1.0,,52000000,53000000.0,19.996,582587000.0,0.0,38300000.0,32973000.0,11.204,99475000.0
87,ANDV,MRT,1995-12-31,1995-12-31,1995-12-31,2019-10-18,,,,,,,,-63930000.0,,,855187000.0,54632000.0,,,,,,,,42620000.0,,0.0,0.0,79913000.0,122533000.0,0.122,122533000.0,79913000.0,59011000.0,1.11,1.09,1.11,,,,,,,-28517000.0,-0.581,1.0,147696000.0,0.147,,20902000.0,,,,,,,,,,,-77000.0,0.0,0.0,-37613000.0,0.0,-37894000.0,2404000.0,0.0,35413000.0,0.0,54632000.0,54632000.0,54632000.0,0.0,0.0,0.054,58229000.0,89467000.0,,0.0,,,3.883,,0.0,4.31,,0.211,,,1002883000.0,1002883000.0,0.0,,,,0.08,0.0,16453000.0,1.0,,49114000,50214000.0,20.419,,,4379000.0,,,
