None,ticker,dimension,calendardate,datekey,reportperiod,lastupdated,accoci,assets,assetsavg,assetsc,assetsnc,assetturnover,bvps,capex,cashneq,cashnequsd,cor,consolinc,currentratio,de,debt,debtc,debtnc,debtusd,deferredrev,depamor,deposits,divyield,dps,ebit,ebitda,ebitdamargin,ebitdausd,ebitusd,ebt,eps,epsdil,epsusd,equity,equityavg,equityusd,ev,evebit,evebitda,fcf,fcfps,fxusd,gp,grossmargin,intangibles,intexp,invcap,invcapavg,inventory,investments,investmentsc,investmentsnc,liabilities,liabilitiesc,liabilitiesnc,marketcap,ncf,ncfbus,ncfcommon,ncfdebt,ncfdiv,ncff,ncfi,ncfinv,ncfo,ncfx,netinc,netinccmn,netinccmnusd,netincdis,netincnci,netmargin,opex,opinc,payables,payoutratio,pb,pe,pe1,ppnenet,prefdivis,price,ps,ps1,receivables,retearn,revenue,revenueusd,rnd,roa,roe,roic,ros,sbcomp,sgna,sharefactor,sharesbas,shareswa,shareswadil,sps,tangibles,taxassets,taxexp,taxliabilities,tbvps,workingcapital
0,SE1,MRY,2016-12-31,2016-12-31,2016-12-31,2020-10-20,-146000000.0,36842000000.0,35479250000.0,1772000000.0,35070000000.0,0.139,10.313,-3623000000.0,305000000.0,305000000.0,2557000000.0,1020000000.0,0.454,3.535,15628000000.0,2004000000.0,13624000000.0,15628000000.0,0.0,799000000.0,0.0,0.039,1.62,1503000000.0,2302000000.0,0.468,2302000000.0,1503000000.0,909000000.0,1.0,1.0,1.0,7157000000.0,7346500000.0,7157000000.0,43557949783.0,29.0,18.922,-1597000000.0,-2.301,1.0,2359000000.0,0.48,4181000000.0,594000000.0,44079000000.0,42715000000.0,253000000.0,2780000000.0,0.0,2780000000.0,25303000000.0,3905000000.0,21398000000.0,28823949783.0,92000000.0,-44000000.0,579000000.0,850000000.0,-1127000000.0,1890000000.0,-3830000000.0,84000000.0,2026000000.0,6000000.0,693000000.0,693000000.0,693000000.0,0.0,327000000.0,0.141,800000000.0,1559000000.0,828000000.0,1.62,4.027,41.593,41.09,26208000000.0,0.0,41.09,5.863,5.801,1003000000.0,1307000000.0,4916000000.0,4916000000.0,0.0,0.02,0.094,0.035,0.306,0.0,0.0,1.0,701483324.0,694000000.0,696000000.0,7.084,32661000000.0,0.0,216000000.0,5855000000.0,47.062,-2133000000.0
1,SE1,MRY,2015-12-31,2015-12-31,2015-12-31,2020-10-20,-269000000.0,32923000000.0,33036500000.0,1648000000.0,31275000000.0,0.158,9.726,-2848000000.0,213000000.0,213000000.0,2692000000.0,460000000.0,0.486,3.584,14656000000.0,1764000000.0,12892000000.0,14656000000.0,0.0,778000000.0,0.0,0.062,1.48,993000000.0,1771000000.0,0.338,1771000000.0,993000000.0,357000000.0,0.29,0.29,0.29,6526000000.0,7261250000.0,6526000000.0,29976573187.0,30.0,16.926,-601000000.0,-0.896,1.0,2542000000.0,0.486,4154000000.0,636000000.0,39820000000.0,39443250000.0,307000000.0,2592000000.0,0.0,2592000000.0,23391000000.0,3392000000.0,19999000000.0,16073573187.0,-2000000.0,-124000000.0,546000000.0,861000000.0,-996000000.0,540000000.0,-2782000000.0,470000000.0,2247000000.0,-7000000.0,196000000.0,196000000.0,196000000.0,0.0,264000000.0,0.037,1109000000.0,1433000000.0,511000000.0,5.103,2.463,82.008,82.552,22918000000.0,0.0,23.94,3.071,3.069,806000000.0,1741000000.0,5234000000.0,5234000000.0,0.0,0.006,0.027,0.025,0.19,0.0,0.0,1.0,671410743.0,671000000.0,672000000.0,7.8,28769000000.0,0.0,161000000.0,5523000000.0,42.875,-1744000000.0
2,SE1,MRY,2014-12-31,2014-12-31,2014-12-31,2020-10-20,662000000.0,33998000000.0,33832250000.0,2332000000.0,31666000000.0,0.174,12.161,-2028000000.0,215000000.0,215000000.0,3182000000.0,1283000000.0,0.612,2.892,14637000000.0,1910000000.0,12727000000.0,14637000000.0,0.0,809000000.0,0.0,0.038,1.375,2143000000.0,2952000000.0,0.5,2952000000.0,2143000000.0,1464000000.0,1.61,1.61,1.61,8160000000.0,8408500000.0,8160000000.0,38840309910.0,18.0,13.157,193000000.0,0.288,1.0,2721000000.0,0.461,4714000000.0,679000000.0,39897000000.0,39828750000.0,313000000.0,2966000000.0,0.0,2966000000.0,23600000000.0,3809000000.0,19791000000.0,24357309910.0,14000000.0,-259000000.0,327000000.0,418000000.0,-925000000.0,-199000000.0,-2003000000.0,285000000.0,2221000000.0,-5000000.0,1082000000.0,1082000000.0,1082000000.0,0.0,201000000.0,0.183,797000000.0,1924000000.0,458000000.0,0.854,2.985,22.511,22.547,22307000000.0,0.0,36.3,4.126,4.126,1336000000.0,2541000000.0,5903000000.0,5903000000.0,0.0,0.032,0.129,0.054,0.363,0.0,0.0,1.0,671000273.0,671000000.0,672000000.0,8.797,29284000000.0,0.0,382000000.0,5496000000.0,43.642,-1477000000.0
3,SE1,MRY,2013-12-31,2013-12-31,2013-12-31,2020-10-20,1241000000.0,33533000000.0,33521000000.0,2081000000.0,31452000000.0,0.165,12.697,-1947000000.0,201000000.0,201000000.0,3080000000.0,1159000000.0,0.515,2.733,14717000000.0,2229000000.0,12488000000.0,14717000000.0,0.0,787000000.0,0.0,0.034,1.22,2114000000.0,2901000000.0,0.526,2901000000.0,2114000000.0,1457000000.0,1.55,1.55,1.55,8494000000.0,8777750000.0,8494000000.0,40527793241.0,19.0,13.97,83000000.0,0.124,1.0,2438000000.0,0.442,4810000000.0,657000000.0,39200000000.0,38983500000.0,263000000.0,3043000000.0,0.0,3043000000.0,23210000000.0,4039000000.0,19171000000.0,23866793241.0,107000000.0,-1566000000.0,214000000.0,2027000000.0,-821000000.0,1316000000.0,-3236000000.0,342000000.0,2030000000.0,-3000000.0,1038000000.0,1038000000.0,1038000000.0,0.0,121000000.0,0.188,772000000.0,1666000000.0,440000000.0,0.787,2.81,22.993,22.981,21829000000.0,0.0,35.62,4.325,4.319,1336000000.0,2383000000.0,5518000000.0,5518000000.0,0.0,0.031,0.118,0.054,0.383,0.0,0.0,1.0,670039114.0,669000000.0,671000000.0,8.248,28723000000.0,0.0,419000000.0,5040000000.0,42.934,-1958000000.0
4,SE1,MRY,2012-12-31,2012-12-31,2012-12-31,2020-10-20,1509000000.0,30587000000.0,29225750000.0,1663000000.0,28924000000.0,0.174,13.74,-2025000000.0,94000000.0,94000000.0,2754000000.0,1047000000.0,0.439,2.312,12833000000.0,2180000000.0,10653000000.0,12833000000.0,0.0,760000000.0,0.0,0.042,1.145,1935000000.0,2695000000.0,0.531,2695000000.0,1935000000.0,1310000000.0,1.44,1.43,1.44,8972000000.0,8567250000.0,8972000000.0,30223668516.0,16.0,11.215,-87000000.0,-0.133,1.0,2321000000.0,0.457,4513000000.0,625000000.0,35022000000.0,33195500000.0,309000000.0,2692000000.0,0.0,2692000000.0,20744000000.0,3791000000.0,16953000000.0,17879668516.0,-80000000.0,-533000000.0,527000000.0,975000000.0,-753000000.0,654000000.0,-2674000000.0,-223000000.0,1938000000.0,2000000.0,940000000.0,940000000.0,940000000.0,-2000000.0,107000000.0,0.185,746000000.0,1575000000.0,464000000.0,0.795,1.993,19.021,19.014,19905000000.0,0.0,27.38,3.523,3.523,970000000.0,2165000000.0,5075000000.0,5075000000.0,0.0,0.032,0.11,0.058,0.381,0.0,0.0,1.0,653019303.0,653000000.0,656000000.0,7.772,26074000000.0,0.0,370000000.0,4425000000.0,39.93,-2128000000.0
5,SE1,MRY,2011-12-31,2011-12-31,2011-12-31,2020-10-20,1273000000.0,28138000000.0,27610750000.0,1764000000.0,26374000000.0,0.194,12.408,-1915000000.0,174000000.0,174000000.0,2887000000.0,1282000000.0,0.569,2.386,11723000000.0,1577000000.0,10146000000.0,11723000000.0,0.0,725000000.0,0.0,0.034,1.06,2296000000.0,3021000000.0,0.565,3021000000.0,2296000000.0,1671000000.0,1.82,1.81,1.82,8065000000.0,8167000000.0,8065000000.0,31171122895.0,14.0,10.318,271000000.0,0.417,1.0,2464000000.0,0.46,4420000000.0,625000000.0,32166000000.0,31827750000.0,393000000.0,2064000000.0,0.0,2064000000.0,19242000000.0,3101000000.0,16141000000.0,19998122895.0,44000000.0,-377000000.0,213000000.0,528000000.0,-694000000.0,-35000000.0,-2098000000.0,204000000.0,2186000000.0,-9000000.0,1184000000.0,1184000000.0,1184000000.0,-25000000.0,98000000.0,0.221,701000000.0,1763000000.0,498000000.0,0.582,2.48,16.89,16.896,18258000000.0,0.0,30.75,3.737,3.735,962000000.0,1977000000.0,5351000000.0,5351000000.0,0.0,0.043,0.145,0.072,0.429,0.0,0.0,1.0,650345460.0,650000000.0,653000000.0,8.232,23718000000.0,0.0,487000000.0,4022000000.0,36.489,-1337000000.0
6,SE1,MRY,2010-12-31,2010-12-31,2010-12-31,2020-10-20,1595000000.0,26686000000.0,25179500000.0,1638000000.0,25048000000.0,0.196,12.051,-1346000000.0,130000000.0,130000000.0,2631000000.0,1129000000.0,0.649,2.331,11320000000.0,1151000000.0,10169000000.0,11320000000.0,0.0,664000000.0,0.0,0.04,1.0,2062000000.0,2726000000.0,0.551,2726000000.0,2062000000.0,1432000000.0,1.62,1.61,1.62,7809000000.0,7496250000.0,7809000000.0,27042065706.0,13.0,9.92,62000000.0,0.096,1.0,2314000000.0,0.468,4305000000.0,630000000.0,31048000000.0,28851750000.0,287000000.0,2033000000.0,0.0,2033000000.0,18199000000.0,2523000000.0,15676000000.0,16199065706.0,-36000000.0,-485000000.0,216000000.0,1152000000.0,-650000000.0,656000000.0,-2101000000.0,-265000000.0,1408000000.0,1000000.0,1049000000.0,1049000000.0,1049000000.0,-6000000.0,80000000.0,0.212,640000000.0,1674000000.0,369000000.0,0.617,2.074,15.442,15.426,16980000000.0,0.0,24.99,3.276,3.275,1018000000.0,1487000000.0,4945000000.0,4945000000.0,0.0,0.042,0.14,0.071,0.417,0.0,0.0,1.0,648221917.0,648000000.0,650000000.0,7.631,22381000000.0,0.0,383000000.0,3614000000.0,34.539,-885000000.0
7,SE1,MRY,2009-12-31,2009-12-31,2009-12-31,2020-10-20,1307000000.0,24091000000.0,23026000000.0,1429000000.0,22662000000.0,0.198,10.967,-980000000.0,166000000.0,166000000.0,2504000000.0,924000000.0,0.573,2.345,9918000000.0,971000000.0,8947000000.0,9918000000.0,0.0,598000000.0,0.0,0.049,1.0,1811000000.0,2409000000.0,0.529,2409000000.0,1811000000.0,1201000000.0,1.32,1.32,1.32,7041000000.0,6603250000.0,7041000000.0,23018952064.0,13.0,9.555,780000000.0,1.215,1.0,2048000000.0,0.45,3948000000.0,610000000.0,27400000000.0,26416750000.0,321000000.0,2001000000.0,0.0,2001000000.0,16510000000.0,2495000000.0,14015000000.0,13264952064.0,-39000000.0,-6000000.0,656000000.0,-670000000.0,-631000000.0,-803000000.0,-1021000000.0,-89000000.0,1760000000.0,25000000.0,849000000.0,849000000.0,849000000.0,-5000000.0,75000000.0,0.187,573000000.0,1475000000.0,333000000.0,0.758,1.884,15.624,15.538,15347000000.0,0.0,20.51,2.914,2.893,778000000.0,1088000000.0,4552000000.0,4552000000.0,0.0,0.037,0.129,0.069,0.398,0.0,0.0,1.0,646755342.0,642000000.0,643000000.0,7.09,20143000000.0,0.0,352000000.0,3348000000.0,31.375,-1066000000.0
8,SE1,MRY,2008-12-31,2008-12-31,2008-12-31,2020-10-20,536000000.0,21924000000.0,22985750000.0,1450000000.0,20474000000.0,0.221,8.907,-1502000000.0,214000000.0,214000000.0,3067000000.0,1197000000.0,0.476,2.873,10047000000.0,1757000000.0,8290000000.0,10047000000.0,0.0,581000000.0,0.0,0.061,0.96,2261000000.0,2842000000.0,0.56,2842000000.0,2261000000.0,1625000000.0,1.82,1.81,1.82,5540000000.0,6443750000.0,5540000000.0,19839911764.0,9.0,6.981,303000000.0,0.487,1.0,2007000000.0,0.396,3381000000.0,636000000.0,25332000000.0,26150000000.0,279000000.0,2152000000.0,0.0,2152000000.0,15914000000.0,3044000000.0,12870000000.0,9617911764.0,145000000.0,-584000000.0,-600000000.0,1406000000.0,-598000000.0,214000000.0,-1863000000.0,124000000.0,1805000000.0,-11000000.0,1132000000.0,1132000000.0,1132000000.0,-2000000.0,65000000.0,0.223,527000000.0,1480000000.0,285000000.0,0.527,1.736,8.496,8.648,13639000000.0,0.0,15.74,1.896,1.929,795000000.0,899000000.0,5074000000.0,5074000000.0,0.0,0.049,0.176,0.086,0.446,0.0,0.0,1.0,611049032.0,622000000.0,624000000.0,8.158,18543000000.0,0.0,493000000.0,2894000000.0,29.812,-1594000000.0
9,SE1,MRY,2007-12-31,2007-12-31,2007-12-31,2020-10-20,1830000000.0,22970000000.0,22076250000.0,1379000000.0,21591000000.0,0.213,10.85,-1202000000.0,94000000.0,94000000.0,2773000000.0,1027000000.0,0.569,2.35,9398000000.0,1053000000.0,8345000000.0,9398000000.0,0.0,534000000.0,0.0,0.034,0.88,2030000000.0,2564000000.0,0.545,2564000000.0,2030000000.0,1397000000.0,1.51,1.51,1.51,6857000000.0,6335500000.0,6857000000.0,25693931726.0,13.0,10.021,265000000.0,0.419,1.0,1931000000.0,0.411,3948000000.0,633000000.0,25904000000.0,24836250000.0,287000000.0,1780000000.0,0.0,1780000000.0,16113000000.0,2422000000.0,13691000000.0,16325931726.0,-205000000.0,-212000000.0,230000000.0,168000000.0,-558000000.0,-191000000.0,-1544000000.0,-145000000.0,1467000000.0,63000000.0,957000000.0,957000000.0,957000000.0,-25000000.0,70000000.0,0.203,505000000.0,1426000000.0,363000000.0,0.583,2.381,17.059,17.099,14300000000.0,0.0,25.82,3.471,3.469,907000000.0,368000000.0,4704000000.0,4704000000.0,0.0,0.043,0.151,0.082,0.432,0.0,0.0,1.0,632297898.0,632000000.0,635000000.0,7.443,19022000000.0,0.0,440000000.0,2968000000.0,30.098,-1043000000.0
10,SE1,MRY,2006-12-31,2006-12-31,2006-12-31,2020-10-20,1041000000.0,20345000000.0,27700500000.0,1625000000.0,18720000000.0,0.162,8.93,-987000000.0,299000000.0,299000000.0,2832000000.0,1244000000.0,0.689,2.608,8625000000.0,899000000.0,7726000000.0,8625000000.0,0.0,606000000.0,0.0,0.0,0.0,2242000000.0,2848000000.0,0.633,2848000000.0,2242000000.0,1637000000.0,,,,5639000000.0,8571500000.0,5639000000.0,19524153750.0,9.0,6.855,-293000000.0,-0.464,1.0,1669000000.0,0.371,3507000000.0,605000000.0,22806000000.0,28274500000.0,397000000.0,1618000000.0,0.0,1618000000.0,14706000000.0,2358000000.0,12348000000.0,17523153750.0,-192000000.0,-24000000.0,0.0,398000000.0,0.0,-2454000000.0,1569000000.0,2347000000.0,694000000.0,-1000000.0,1244000000.0,1244000000.0,1244000000.0,-312000000.0,0.0,0.276,435000000.0,1234000000.0,246000000.0,,3.107,14.086,,12394000000.0,0.0,27.75,3.893,3.893,779000000.0,0.0,4501000000.0,4501000000.0,0.0,0.045,0.145,0.079,0.498,0.0,0.0,1.0,631465000.0,631465000.0,,7.128,16838000000.0,0.0,393000000.0,3194000000.0,26.665,-733000000.0
11,SE1,MRY,2005-12-31,2005-12-31,2005-12-31,2020-10-20,656000000.0,35056000000.0,,6608000000.0,28448000000.0,,18.218,-997000000.0,491000000.0,491000000.0,7387000000.0,674000000.0,0.903,2.047,10267000000.0,1477000000.0,8790000000.0,10267000000.0,0.0,774000000.0,0.0,,0.0,2275000000.0,3049000000.0,0.323,3049000000.0,2275000000.0,1600000000.0,,,,11504000000.0,,11504000000.0,,,,72000000.0,0.114,1.0,2067000000.0,0.219,3775000000.0,675000000.0,33743000000.0,,444000000.0,3871000000.0,521000000.0,3350000000.0,23552000000.0,7314000000.0,16238000000.0,,-25000000.0,-317000000.0,0.0,-282000000.0,0.0,-2341000000.0,1241000000.0,1864000000.0,1069000000.0,6000000.0,674000000.0,674000000.0,674000000.0,731000000.0,0.0,0.071,214000000.0,1853000000.0,1837000000.0,,,,,15686000000.0,0.0,,,,1935000000.0,411000000.0,9454000000.0,9454000000.0,0.0,,,,0.241,0.0,0.0,1.0,631465000.0,631465000.0,,14.972,31281000000.0,0.0,926000000.0,3425000000.0,49.537,-706000000.0
12,SE1,MRY,2004-12-31,2004-12-31,2004-12-31,2020-10-20,,,,,,,,-1035000000.0,,,11002000000.0,-114000000.0,,,,,,,,1014000000.0,,,0.0,2012000000.0,3026000000.0,0.225,3026000000.0,2012000000.0,1154000000.0,,,,,,,,,,1202000000.0,,1.0,2431000000.0,0.181,,858000000.0,,,,,,,,,,,134000000.0,0.0,0.0,-2651000000.0,0.0,-2902000000.0,760000000.0,1178000000.0,2237000000.0,0.0,-114000000.0,-114000000.0,-114000000.0,-593000000.0,0.0,-0.008,1104000000.0,1327000000.0,,,,,,,0.0,,,,,,13433000000.0,13433000000.0,0.0,,,,0.15,0.0,0.0,1.0,,,,,,,1268000000.0,,,
0,SE1,MRQ,2016-12-31,2016-12-31,2016-12-31,2020-10-20,-146000000.0,36842000000.0,,1772000000.0,35070000000.0,,10.224,-1216000000.0,305000000.0,305000000.0,707000000.0,208000000.0,0.454,3.535,15628000000.0,2004000000.0,13624000000.0,15628000000.0,0.0,200000000.0,0.0,0.039,0.405,328000000.0,528000000.0,0.407,528000000.0,328000000.0,171000000.0,0.16,0.17,0.16,7157000000.0,,7157000000.0,43557949783.0,29.0,18.922,-789000000.0,-1.127,1.0,591000000.0,0.455,4181000000.0,157000000.0,44079000000.0,,253000000.0,2780000000.0,0.0,2780000000.0,25303000000.0,3905000000.0,21398000000.0,28823949783.0,-159000000.0,-67000000.0,106000000.0,585000000.0,-285000000.0,646000000.0,-1235000000.0,49000000.0,427000000.0,3000000.0,115000000.0,115000000.0,115000000.0,0.0,93000000.0,0.089,218000000.0,373000000.0,828000000.0,2.531,4.027,41.593,41.09,26208000000.0,0.0,41.09,5.863,5.801,1003000000.0,1307000000.0,1298000000.0,1298000000.0,0.0,,,,,0.0,0.0,1.0,701483324.0,700000000.0,705000000.0,1.854,32661000000.0,0.0,56000000.0,5855000000.0,46.659,-2133000000.0
1,SE1,MRQ,2016-09-30,2016-09-30,2016-09-30,2020-10-20,13000000.0,35937000000.0,,1750000000.0,34187000000.0,,10.653,-887000000.0,464000000.0,464000000.0,561000000.0,281000000.0,0.475,3.283,15198000000.0,2104000000.0,13094000000.0,15198000000.0,0.0,202000000.0,0.0,0.037,0.405,338000000.0,540000000.0,0.502,540000000.0,338000000.0,205000000.0,0.28,0.28,0.28,7468000000.0,,7468000000.0,44497054027.0,42.0,23.949,-527000000.0,-0.752,1.0,514000000.0,0.478,4203000000.0,133000000.0,42781000000.0,,287000000.0,2742000000.0,0.0,2742000000.0,24518000000.0,3687000000.0,20831000000.0,29972054027.0,224000000.0,135000000.0,152000000.0,525000000.0,-285000000.0,716000000.0,-851000000.0,-29000000.0,360000000.0,-1000000.0,195000000.0,195000000.0,195000000.0,0.0,86000000.0,0.181,193000000.0,321000000.0,736000000.0,1.446,4.013,95.149,95.0,25337000000.0,0.0,42.75,6.075,6.074,712000000.0,1477000000.0,1075000000.0,1075000000.0,0.0,,,,,0.0,0.0,1.0,701100679.0,701000000.0,703000000.0,1.534,31734000000.0,0.0,10000000.0,5831000000.0,45.27,-1937000000.0
2,SE1,MRQ,2016-06-30,2016-06-30,2016-06-30,2020-10-20,86000000.0,35047000000.0,,1637000000.0,33410000000.0,,10.87,-856000000.0,240000000.0,240000000.0,592000000.0,221000000.0,0.588,3.136,14765000000.0,1181000000.0,13584000000.0,14765000000.0,0.0,201000000.0,0.0,0.042,0.405,354000000.0,555000000.0,0.479,555000000.0,354000000.0,201000000.0,0.21,0.21,0.21,7598000000.0,,7598000000.0,39776596146.0,35.0,20.847,-174000000.0,-0.249,1.0,567000000.0,0.489,4217000000.0,153000000.0,42569000000.0,,185000000.0,2657000000.0,0.0,2657000000.0,23824000000.0,2786000000.0,21038000000.0,25062596146.0,-39000000.0,-85000000.0,241000000.0,-269000000.0,-281000000.0,306000000.0,-1028000000.0,43000000.0,682000000.0,1000000.0,149000000.0,149000000.0,149000000.0,0.0,72000000.0,0.129,196000000.0,371000000.0,709000000.0,1.929,3.299,85.247,85.186,24707000000.0,0.0,36.63,5.051,5.16,708000000.0,1567000000.0,1159000000.0,1159000000.0,0.0,,,,,0.0,0.0,1.0,684209559.0,699000000.0,701000000.0,1.658,30830000000.0,0.0,52000000.0,5774000000.0,44.106,-1149000000.0
3,SE1,MRQ,2016-03-31,2016-03-31,2016-03-31,2020-10-20,32000000.0,34091000000.0,,1475000000.0,32616000000.0,,10.628,-664000000.0,279000000.0,279000000.0,697000000.0,310000000.0,0.466,3.313,14993000000.0,1803000000.0,13190000000.0,14993000000.0,0.0,196000000.0,0.0,0.05,0.405,483000000.0,679000000.0,0.491,679000000.0,483000000.0,332000000.0,0.35,0.35,0.35,7163000000.0,,7163000000.0,34990908262.0,37.0,20.261,-107000000.0,-0.159,1.0,687000000.0,0.496,4211000000.0,151000000.0,41431000000.0,,199000000.0,2588000000.0,0.0,2588000000.0,23731000000.0,3163000000.0,20568000000.0,20547908262.0,66000000.0,-27000000.0,80000000.0,9000000.0,-276000000.0,222000000.0,-716000000.0,21000000.0,557000000.0,3000000.0,234000000.0,234000000.0,234000000.0,0.0,76000000.0,0.169,193000000.0,494000000.0,493000000.0,1.157,2.869,126.061,122.4,24019000000.0,0.0,30.6,4.114,4.129,723000000.0,1699000000.0,1384000000.0,1384000000.0,0.0,,,,,0.0,0.0,1.0,671500270.0,674000000.0,675000000.0,2.053,29880000000.0,0.0,98000000.0,5732000000.0,44.332,-1688000000.0
4,SE1,MRQ,2015-12-31,2015-12-31,2015-12-31,2020-10-20,-269000000.0,32923000000.0,,1648000000.0,31275000000.0,,9.726,-1031000000.0,213000000.0,213000000.0,684000000.0,-188000000.0,0.486,3.584,14656000000.0,1764000000.0,12892000000.0,14656000000.0,0.0,194000000.0,0.0,0.062,0.37,-110000000.0,84000000.0,0.064,84000000.0,-110000000.0,-266000000.0,-0.39,-0.39,-0.39,6526000000.0,,6526000000.0,29976573187.0,30.0,16.926,-607000000.0,-0.905,1.0,632000000.0,0.48,4154000000.0,156000000.0,39820000000.0,,307000000.0,2592000000.0,0.0,2592000000.0,23391000000.0,3392000000.0,19999000000.0,16073573187.0,-125000000.0,-33000000.0,195000000.0,666000000.0,-249000000.0,731000000.0,-1279000000.0,34000000.0,424000000.0,-1000000.0,-263000000.0,-263000000.0,-263000000.0,0.0,75000000.0,-0.2,535000000.0,97000000.0,511000000.0,-0.949,2.463,82.008,82.552,22918000000.0,0.0,23.94,3.071,3.069,806000000.0,1741000000.0,1316000000.0,1316000000.0,0.0,,,,,0.0,0.0,1.0,671410743.0,671000000.0,672000000.0,1.961,28769000000.0,0.0,-3000000.0,5523000000.0,42.875,-1744000000.0
5,SE1,MRQ,2015-09-30,2015-09-30,2015-09-30,2020-10-20,-62000000.0,33259000000.0,,1839000000.0,31420000000.0,,10.754,-828000000.0,338000000.0,338000000.0,526000000.0,243000000.0,0.54,3.233,14241000000.0,1343000000.0,12898000000.0,14241000000.0,0.0,191000000.0,0.0,0.056,0.37,399000000.0,590000000.0,0.535,590000000.0,399000000.0,244000000.0,0.26,0.26,0.26,7216000000.0,,7216000000.0,31584708296.0,19.0,12.96,-461000000.0,-0.687,1.0,577000000.0,0.523,4534000000.0,155000000.0,39221000000.0,,344000000.0,2741000000.0,0.0,2741000000.0,23328000000.0,3407000000.0,19921000000.0,17636708296.0,51000000.0,-57000000.0,171000000.0,270000000.0,-248000000.0,215000000.0,-527000000.0,385000000.0,367000000.0,-4000000.0,174000000.0,174000000.0,174000000.0,0.0,69000000.0,0.158,188000000.0,389000000.0,648000000.0,1.423,2.444,22.757,22.647,22438000000.0,0.0,26.27,3.196,3.194,842000000.0,2253000000.0,1103000000.0,1103000000.0,0.0,,,,,0.0,0.0,1.0,671363087.0,671000000.0,672000000.0,1.644,28725000000.0,0.0,70000000.0,5561000000.0,42.809,-1568000000.0
6,SE1,MRQ,2015-06-30,2015-06-30,2015-06-30,2020-10-20,276000000.0,33044000000.0,,1737000000.0,31307000000.0,,11.32,-601000000.0,287000000.0,287000000.0,593000000.0,80000000.0,0.554,3.023,14235000000.0,1452000000.0,12783000000.0,14235000000.0,0.0,197000000.0,0.0,0.044,0.37,177000000.0,374000000.0,0.314,374000000.0,177000000.0,11000000.0,0.03,0.03,0.03,7596000000.0,,7596000000.0,35769266916.0,21.0,14.331,89000000.0,0.133,1.0,599000000.0,0.503,4615000000.0,166000000.0,39240000000.0,,248000000.0,2701000000.0,0.0,2701000000.0,22965000000.0,3137000000.0,19828000000.0,21885266916.0,-122000000.0,-19000000.0,141000000.0,-117000000.0,-249000000.0,-242000000.0,-572000000.0,54000000.0,690000000.0,2000000.0,18000000.0,18000000.0,18000000.0,0.0,62000000.0,0.015,193000000.0,406000000.0,557000000.0,12.333,2.881,27.288,27.167,22281000000.0,0.0,32.6,3.893,3.891,880000000.0,2329000000.0,1192000000.0,1192000000.0,0.0,,,,,0.0,0.0,1.0,671327206.0,671000000.0,672000000.0,1.776,28429000000.0,0.0,-7000000.0,5567000000.0,42.368,-1400000000.0
7,SE1,MRQ,2015-03-31,2015-03-31,2015-03-31,2020-10-20,185000000.0,32920000000.0,,2063000000.0,30857000000.0,,11.486,-388000000.0,409000000.0,409000000.0,889000000.0,325000000.0,0.759,2.97,14293000000.0,1115000000.0,13178000000.0,14293000000.0,0.0,196000000.0,0.0,0.039,0.37,527000000.0,723000000.0,0.445,723000000.0,527000000.0,368000000.0,0.4,0.4,0.4,7707000000.0,,7707000000.0,38737308228.0,20.0,14.289,378000000.0,0.563,1.0,734000000.0,0.452,4595000000.0,159000000.0,39492000000.0,,174000000.0,2943000000.0,0.0,2943000000.0,22889000000.0,2717000000.0,20172000000.0,24273308228.0,194000000.0,-15000000.0,39000000.0,42000000.0,-250000000.0,-164000000.0,-404000000.0,-3000000.0,766000000.0,-4000000.0,267000000.0,267000000.0,267000000.0,0.0,58000000.0,0.165,193000000.0,541000000.0,420000000.0,0.925,3.15,26.1,26.022,21644000000.0,0.0,36.17,4.271,4.271,1152000000.0,2558000000.0,1623000000.0,1623000000.0,0.0,,,,,0.0,0.0,1.0,671089528.0,671000000.0,673000000.0,2.419,28325000000.0,0.0,101000000.0,5552000000.0,42.213,-654000000.0
8,SE1,MRQ,2014-12-31,2014-12-31,2014-12-31,2020-10-20,662000000.0,33998000000.0,,2332000000.0,31666000000.0,,12.161,-599000000.0,215000000.0,215000000.0,838000000.0,374000000.0,0.612,2.892,14637000000.0,1910000000.0,12727000000.0,14637000000.0,0.0,199000000.0,0.0,0.038,0.37,551000000.0,750000000.0,0.469,750000000.0,551000000.0,393000000.0,0.47,0.47,0.47,8160000000.0,,8160000000.0,38840309910.0,18.0,13.157,76000000.0,0.113,1.0,762000000.0,0.476,4714000000.0,158000000.0,39897000000.0,,313000000.0,2966000000.0,0.0,2966000000.0,23600000000.0,3809000000.0,19791000000.0,24357309910.0,-6000000.0,-282000000.0,50000000.0,142000000.0,-248000000.0,-97000000.0,-582000000.0,299000000.0,675000000.0,-2000000.0,316000000.0,316000000.0,316000000.0,0.0,58000000.0,0.198,197000000.0,565000000.0,458000000.0,0.787,2.985,22.511,22.547,22307000000.0,0.0,36.3,4.126,4.126,1336000000.0,2541000000.0,1600000000.0,1600000000.0,0.0,,,,,0.0,0.0,1.0,671000273.0,671000000.0,672000000.0,2.385,29284000000.0,0.0,77000000.0,5496000000.0,43.642,-1477000000.0
9,SE1,MRQ,2014-09-30,2014-09-30,2014-09-30,2020-10-20,943000000.0,34001000000.0,,2252000000.0,31749000000.0,,12.453,-596000000.0,221000000.0,221000000.0,624000000.0,254000000.0,0.645,2.808,14704000000.0,1632000000.0,13072000000.0,14704000000.0,0.0,205000000.0,0.0,0.033,0.335,444000000.0,649000000.0,0.538,649000000.0,444000000.0,277000000.0,0.3,0.3,0.3,8356000000.0,,8356000000.0,40445290431.0,19.0,13.659,-259000000.0,-0.386,1.0,583000000.0,0.483,4768000000.0,167000000.0,40225000000.0,,446000000.0,3008000000.0,0.0,3008000000.0,23463000000.0,3491000000.0,19972000000.0,26339290431.0,-79000000.0,-189000000.0,86000000.0,556000000.0,-224000000.0,397000000.0,-809000000.0,-24000000.0,337000000.0,-4000000.0,201000000.0,201000000.0,201000000.0,0.0,53000000.0,0.167,201000000.0,382000000.0,478000000.0,1.117,3.152,26.287,26.173,22201000000.0,0.0,39.26,4.489,4.489,1202000000.0,2473000000.0,1207000000.0,1207000000.0,0.0,,,,,0.0,0.0,1.0,670893796.0,671000000.0,673000000.0,1.799,29233000000.0,0.0,76000000.0,5366000000.0,43.566,-1239000000.0
10,SE1,MRQ,2014-06-30,2014-06-30,2014-06-30,2020-10-20,1236000000.0,33946000000.0,,2205000000.0,31741000000.0,,12.894,-459000000.0,300000000.0,300000000.0,716000000.0,188000000.0,0.699,2.682,14406000000.0,1265000000.0,13141000000.0,14406000000.0,0.0,202000000.0,0.0,0.03,0.335,387000000.0,589000000.0,0.47,589000000.0,387000000.0,211000000.0,0.22,0.22,0.22,8652000000.0,,8652000000.0,42719707254.0,19.0,14.118,64000000.0,0.095,1.0,537000000.0,0.429,4841000000.0,176000000.0,40055000000.0,,277000000.0,2803000000.0,0.0,2803000000.0,23201000000.0,3156000000.0,20045000000.0,28490707254.0,107000000.0,208000000.0,139000000.0,-194000000.0,-225000000.0,-209000000.0,-210000000.0,49000000.0,523000000.0,3000000.0,146000000.0,146000000.0,146000000.0,0.0,42000000.0,0.117,199000000.0,338000000.0,518000000.0,1.523,3.293,26.777,26.717,22260000000.0,0.0,42.48,4.908,4.91,1222000000.0,2497000000.0,1253000000.0,1253000000.0,0.0,,,,,0.0,0.0,1.0,670685199.0,671000000.0,673000000.0,1.867,29105000000.0,0.0,65000000.0,5326000000.0,43.376,-951000000.0
11,SE1,MRQ,2014-03-31,2014-03-31,2014-03-31,2020-10-20,1008000000.0,33384000000.0,,2172000000.0,31212000000.0,,12.636,-374000000.0,193000000.0,193000000.0,1004000000.0,467000000.0,0.589,2.721,14422000000.0,1822000000.0,12600000000.0,14422000000.0,0.0,203000000.0,0.0,0.034,0.335,761000000.0,964000000.0,0.523,964000000.0,761000000.0,583000000.0,0.63,0.62,0.63,8466000000.0,,8466000000.0,39272133141.0,17.0,12.847,312000000.0,0.466,1.0,839000000.0,0.455,4788000000.0,178000000.0,39138000000.0,,148000000.0,3033000000.0,0.0,3033000000.0,23039000000.0,3687000000.0,19352000000.0,24756133141.0,-8000000.0,4000000.0,52000000.0,-86000000.0,-228000000.0,-290000000.0,-402000000.0,-39000000.0,686000000.0,-2000000.0,419000000.0,419000000.0,419000000.0,0.0,48000000.0,0.227,200000000.0,639000000.0,611000000.0,0.532,2.924,22.163,22.12,21610000000.0,0.0,36.94,4.289,4.288,1378000000.0,2577000000.0,1843000000.0,1843000000.0,0.0,,,,,0.0,0.0,1.0,670171444.0,670000000.0,672000000.0,2.751,28596000000.0,0.0,164000000.0,5181000000.0,42.681,-1515000000.0
12,SE1,MRQ,2013-12-31,2013-12-31,2013-12-31,2020-10-20,1241000000.0,33533000000.0,,2081000000.0,31452000000.0,,12.697,-471000000.0,201000000.0,201000000.0,897000000.0,271000000.0,0.515,2.733,14717000000.0,2229000000.0,12488000000.0,14717000000.0,0.0,200000000.0,0.0,0.034,0.305,559000000.0,759000000.0,0.485,759000000.0,559000000.0,378000000.0,0.35,0.35,0.35,8494000000.0,,8494000000.0,40527793241.0,19.0,13.97,159000000.0,0.238,1.0,668000000.0,0.427,4810000000.0,181000000.0,39200000000.0,,263000000.0,3043000000.0,0.0,3043000000.0,23210000000.0,4039000000.0,19171000000.0,23866793241.0,41000000.0,-105000000.0,24000000.0,-1952000000.0,-205000000.0,-2151000000.0,1564000000.0,2206000000.0,630000000.0,-2000000.0,236000000.0,236000000.0,236000000.0,0.0,35000000.0,0.151,195000000.0,473000000.0,440000000.0,0.871,2.81,22.993,22.981,21829000000.0,0.0,35.62,4.325,4.319,1336000000.0,2383000000.0,1565000000.0,1565000000.0,0.0,,,,,0.0,0.0,1.0,670039114.0,669000000.0,671000000.0,2.339,28723000000.0,0.0,142000000.0,5040000000.0,42.934,-1958000000.0
13,SE1,MRQ,2013-09-30,2013-09-30,2013-09-30,2020-10-20,1266000000.0,35353000000.0,,1921000000.0,33432000000.0,,13.333,-517000000.0,160000000.0,160000000.0,616000000.0,292000000.0,0.312,2.838,16821000000.0,4553000000.0,12268000000.0,16821000000.0,0.0,199000000.0,0.0,0.036,0.305,515000000.0,714000000.0,0.624,714000000.0,515000000.0,348000000.0,0.39,0.39,0.39,8933000000.0,,8933000000.0,37174420571.0,19.0,13.353,-317000000.0,-0.473,1.0,528000000.0,0.462,4869000000.0,167000000.0,40986000000.0,,429000000.0,3026000000.0,0.0,3026000000.0,25356000000.0,6159000000.0,19197000000.0,22911420571.0,-57000000.0,-52000000.0,0.0,2237000000.0,-204000000.0,2006000000.0,-2265000000.0,-1694000000.0,200000000.0,2000000.0,263000000.0,263000000.0,263000000.0,0.0,29000000.0,0.23,195000000.0,333000000.0,428000000.0,0.782,2.565,22.573,22.373,21822000000.0,0.0,34.23,4.323,4.327,966000000.0,2352000000.0,1144000000.0,1144000000.0,0.0,,,,,0.0,0.0,1.0,669337440.0,670000000.0,672000000.0,1.707,30484000000.0,0.0,85000000.0,5120000000.0,45.499,-4238000000.0
14,SE1,MRQ,2013-06-30,2013-06-30,2013-06-30,2020-10-20,1102000000.0,32660000000.0,,1727000000.0,30933000000.0,,13.07,-533000000.0,217000000.0,217000000.0,670000000.0,226000000.0,0.383,2.622,14480000000.0,2824000000.0,11656000000.0,14480000000.0,0.0,199000000.0,0.0,0.035,0.305,421000000.0,620000000.0,0.508,620000000.0,421000000.0,261000000.0,0.3,0.3,0.3,8744000000.0,,8744000000.0,37314511459.0,20.0,13.97,85000000.0,0.127,1.0,550000000.0,0.451,4806000000.0,160000000.0,37606000000.0,,224000000.0,2883000000.0,0.0,2883000000.0,22931000000.0,4511000000.0,18420000000.0,23060511459.0,29000000.0,-74000000.0,190000000.0,223000000.0,-204000000.0,174000000.0,-761000000.0,-150000000.0,618000000.0,-2000000.0,199000000.0,199000000.0,199000000.0,0.0,27000000.0,0.163,196000000.0,354000000.0,577000000.0,1.017,2.637,24.77,24.44,21297000000.0,0.0,34.46,4.411,4.41,957000000.0,2294000000.0,1220000000.0,1220000000.0,0.0,,,,,0.0,0.0,1.0,669196502.0,669000000.0,671000000.0,1.824,27854000000.0,0.0,62000000.0,4969000000.0,41.635,-2784000000.0
15,SE1,MRQ,2013-03-31,2013-03-31,2013-03-31,2020-10-20,1340000000.0,32538000000.0,,1736000000.0,30802000000.0,,13.363,-426000000.0,188000000.0,188000000.0,897000000.0,370000000.0,0.461,2.542,14442000000.0,2162000000.0,12280000000.0,14442000000.0,0.0,189000000.0,0.0,0.038,0.305,619000000.0,808000000.0,0.508,808000000.0,619000000.0,470000000.0,0.51,0.51,0.51,8940000000.0,,8940000000.0,33284063151.0,17.0,12.378,156000000.0,0.233,1.0,692000000.0,0.435,4887000000.0,149000000.0,38142000000.0,,128000000.0,2801000000.0,0.0,2801000000.0,22728000000.0,3763000000.0,18965000000.0,20545063151.0,94000000.0,-1335000000.0,0.0,1519000000.0,-208000000.0,1287000000.0,-1774000000.0,-20000000.0,582000000.0,-1000000.0,340000000.0,340000000.0,340000000.0,0.0,30000000.0,0.214,186000000.0,506000000.0,515000000.0,0.598,2.298,21.695,21.354,21304000000.0,0.0,30.75,4.013,4.018,1119000000.0,2301000000.0,1589000000.0,1589000000.0,0.0,,,,,0.0,0.0,1.0,668132135.0,669000000.0,670000000.0,2.375,27651000000.0,0.0,130000000.0,4863000000.0,41.332,-2027000000.0
16,SE1,MRQ,2012-12-31,2012-12-31,2012-12-31,2020-10-20,1509000000.0,30587000000.0,,1663000000.0,28924000000.0,,13.74,-607000000.0,94000000.0,94000000.0,795000000.0,241000000.0,0.439,2.312,12833000000.0,2180000000.0,10653000000.0,12833000000.0,0.0,194000000.0,0.0,0.042,0.305,448000000.0,642000000.0,0.477,642000000.0,448000000.0,294000000.0,0.33,0.32,0.33,8972000000.0,,8972000000.0,30223668516.0,16.0,11.215,-123000000.0,-0.188,1.0,552000000.0,0.41,4513000000.0,154000000.0,35022000000.0,,309000000.0,2692000000.0,0.0,2692000000.0,20744000000.0,3791000000.0,16953000000.0,17879668516.0,-52000000.0,-514000000.0,527000000.0,397000000.0,-198000000.0,689000000.0,-1224000000.0,-126000000.0,484000000.0,-1000000.0,213000000.0,213000000.0,213000000.0,0.0,28000000.0,0.158,191000000.0,361000000.0,464000000.0,0.924,1.993,19.021,19.014,19905000000.0,0.0,27.38,3.523,3.523,970000000.0,2165000000.0,1347000000.0,1347000000.0,0.0,,,,,0.0,0.0,1.0,653019303.0,653000000.0,659000000.0,2.063,26074000000.0,0.0,81000000.0,4425000000.0,39.93,-2128000000.0
17,SE1,MRQ,2012-09-30,2012-09-30,2012-09-30,2020-10-20,1593000000.0,29582000000.0,,1621000000.0,27961000000.0,,13.155,-629000000.0,146000000.0,146000000.0,556000000.0,204000000.0,0.403,2.347,12490000000.0,2598000000.0,9892000000.0,12490000000.0,0.0,191000000.0,0.0,0.038,0.28,410000000.0,601000000.0,0.561,601000000.0,410000000.0,251000000.0,0.27,0.27,0.27,8590000000.0,,8590000000.0,30776277528.0,15.0,11.019,-334000000.0,-0.511,1.0,516000000.0,0.481,4541000000.0,159000000.0,33362000000.0,,404000000.0,2118000000.0,0.0,2118000000.0,20164000000.0,4023000000.0,16141000000.0,19168277528.0,19000000.0,0.0,0.0,591000000.0,-183000000.0,379000000.0,-658000000.0,-15000000.0,295000000.0,3000000.0,179000000.0,179000000.0,179000000.0,0.0,25000000.0,0.167,188000000.0,328000000.0,451000000.0,1.037,2.231,18.866,18.942,19607000000.0,0.0,29.36,3.718,3.718,775000000.0,2152000000.0,1072000000.0,1072000000.0,0.0,,,,,0.0,0.0,1.0,652870488.0,653000000.0,655000000.0,1.642,25041000000.0,0.0,72000000.0,4304000000.0,38.348,-2402000000.0
18,SE1,MRQ,2012-06-30,2012-06-30,2012-06-30,2020-10-20,1332000000.0,28375000000.0,,1395000000.0,26980000000.0,,12.74,-446000000.0,127000000.0,127000000.0,561000000.0,241000000.0,0.405,2.311,11735000000.0,2103000000.0,9632000000.0,11735000000.0,0.0,188000000.0,0.0,0.038,0.28,450000000.0,638000000.0,0.574,638000000.0,450000000.0,295000000.0,0.33,0.33,0.33,8319000000.0,,8319000000.0,30664579444.0,14.0,10.592,167000000.0,0.256,1.0,551000000.0,0.496,4435000000.0,155000000.0,32104000000.0,,307000000.0,2082000000.0,0.0,2082000000.0,19227000000.0,3444000000.0,15783000000.0,18968579444.0,22000000.0,6000000.0,0.0,13000000.0,-187000000.0,-200000000.0,-390000000.0,31000000.0,613000000.0,-1000000.0,215000000.0,215000000.0,215000000.0,0.0,26000000.0,0.193,184000000.0,367000000.0,458000000.0,0.848,2.28,17.386,17.401,18798000000.0,0.0,29.06,3.643,3.644,715000000.0,2156000000.0,1112000000.0,1112000000.0,0.0,,,,,0.0,0.0,1.0,652738453.0,653000000.0,655000000.0,1.703,23940000000.0,0.0,80000000.0,4235000000.0,36.662,-2049000000.0
19,SE1,MRQ,2012-03-31,2012-03-31,2012-03-31,2020-10-20,1440000000.0,28359000000.0,,1437000000.0,26922000000.0,,12.865,-343000000.0,105000000.0,105000000.0,842000000.0,361000000.0,0.44,2.281,11801000000.0,2052000000.0,9749000000.0,11801000000.0,0.0,187000000.0,0.0,0.034,0.28,627000000.0,814000000.0,0.527,814000000.0,627000000.0,470000000.0,0.51,0.51,0.51,8388000000.0,,8388000000.0,32092808529.0,14.0,10.676,203000000.0,0.311,1.0,702000000.0,0.455,4492000000.0,157000000.0,32294000000.0,,258000000.0,2090000000.0,0.0,2090000000.0,19135000000.0,3269000000.0,15866000000.0,20543808529.0,-69000000.0,-25000000.0,0.0,-26000000.0,-185000000.0,-214000000.0,-402000000.0,-113000000.0,546000000.0,1000000.0,333000000.0,333000000.0,333000000.0,-2000000.0,28000000.0,0.216,183000000.0,519000000.0,408000000.0,0.549,2.449,17.71,17.725,18678000000.0,0.0,31.55,3.889,3.894,816000000.0,2125000000.0,1544000000.0,1544000000.0,0.0,,,,,0.0,0.0,1.0,651150825.0,652000000.0,655000000.0,2.368,23867000000.0,0.0,137000000.0,4149000000.0,36.606,-1832000000.0
20,SE1,MRQ,2011-12-31,2011-12-31,2011-12-31,2020-10-20,1273000000.0,28138000000.0,,1764000000.0,26374000000.0,,12.408,-616000000.0,174000000.0,174000000.0,811000000.0,312000000.0,0.569,2.386,11723000000.0,1577000000.0,10146000000.0,11723000000.0,0.0,182000000.0,0.0,0.034,0.28,558000000.0,740000000.0,0.518,740000000.0,558000000.0,404000000.0,0.44,0.44,0.44,8065000000.0,,8065000000.0,31171122895.0,14.0,10.318,-117000000.0,-0.18,1.0,617000000.0,0.432,4420000000.0,154000000.0,32166000000.0,,393000000.0,2064000000.0,0.0,2064000000.0,19242000000.0,3101000000.0,16141000000.0,19998122895.0,100000000.0,13000000.0,0.0,358000000.0,-183000000.0,153000000.0,-552000000.0,7000000.0,499000000.0,0.0,289000000.0,289000000.0,289000000.0,-2000000.0,23000000.0,0.202,174000000.0,443000000.0,498000000.0,0.636,2.48,16.89,16.896,18258000000.0,0.0,30.75,3.737,3.735,962000000.0,1977000000.0,1428000000.0,1428000000.0,0.0,,,,,0.0,0.0,1.0,650345460.0,650000000.0,656000000.0,2.197,23718000000.0,0.0,115000000.0,4022000000.0,36.489,-1337000000.0
21,SE1,MRQ,2011-09-30,2011-09-30,2011-09-30,2020-10-20,1274000000.0,27215000000.0,,1608000000.0,25607000000.0,,12.214,-560000000.0,74000000.0,74000000.0,583000000.0,281000000.0,0.64,2.324,11247000000.0,1013000000.0,10234000000.0,11247000000.0,0.0,184000000.0,0.0,0.042,0.26,519000000.0,703000000.0,0.626,703000000.0,519000000.0,362000000.0,0.39,0.39,0.39,7939000000.0,,7939000000.0,26696364671.0,11.0,8.704,-211000000.0,-0.325,1.0,540000000.0,0.481,4337000000.0,157000000.0,31538000000.0,,423000000.0,2091000000.0,0.0,2091000000.0,18449000000.0,2513000000.0,15936000000.0,15951364671.0,-464000000.0,-386000000.0,0.0,375000000.0,-170000000.0,173000000.0,-975000000.0,38000000.0,349000000.0,-11000000.0,254000000.0,254000000.0,254000000.0,-7000000.0,27000000.0,0.226,179000000.0,361000000.0,496000000.0,0.667,2.009,13.129,13.118,17591000000.0,0.0,24.53,3.006,3.005,886000000.0,1871000000.0,1123000000.0,1123000000.0,0.0,,,,,0.0,0.0,1.0,650279848.0,650000000.0,652000000.0,1.728,22878000000.0,0.0,108000000.0,3946000000.0,35.197,-905000000.0
22,SE1,MRQ,2011-06-30,2011-06-30,2011-06-30,2020-10-20,1867000000.0,27939000000.0,,1942000000.0,25997000000.0,,12.994,-410000000.0,538000000.0,538000000.0,609000000.0,307000000.0,0.887,2.209,11283000000.0,643000000.0,10640000000.0,11283000000.0,0.0,181000000.0,0.0,0.037,0.26,568000000.0,749000000.0,0.63,749000000.0,568000000.0,409000000.0,0.44,0.44,0.44,8446000000.0,,8446000000.0,28908475471.0,13.0,9.773,206000000.0,0.317,1.0,579000000.0,0.487,4421000000.0,159000000.0,32074000000.0,,264000000.0,2111000000.0,0.0,2111000000.0,18656000000.0,2189000000.0,16467000000.0,17813475471.0,398000000.0,0.0,213000000.0,0.0,-171000000.0,21000000.0,-239000000.0,159000000.0,616000000.0,0.0,284000000.0,284000000.0,284000000.0,-9000000.0,23000000.0,0.239,177000000.0,402000000.0,592000000.0,0.591,2.109,15.383,15.399,17801000000.0,0.0,27.41,3.424,3.425,914000000.0,1787000000.0,1188000000.0,1188000000.0,0.0,,,,,0.0,0.0,1.0,649889656.0,650000000.0,652000000.0,1.828,23518000000.0,0.0,125000000.0,3943000000.0,36.182,-247000000.0
23,SE1,MRQ,2011-03-31,2011-03-31,2011-03-31,2020-10-20,1803000000.0,27151000000.0,,1517000000.0,25634000000.0,,12.663,-329000000.0,140000000.0,140000000.0,884000000.0,382000000.0,0.655,2.221,11235000000.0,978000000.0,10257000000.0,11235000000.0,0.0,178000000.0,0.0,0.037,0.26,651000000.0,829000000.0,0.514,829000000.0,651000000.0,496000000.0,0.55,0.55,0.55,8218000000.0,,8218000000.0,28819409652.0,14.0,10.382,393000000.0,0.606,1.0,728000000.0,0.452,4396000000.0,155000000.0,31533000000.0,,143000000.0,2061000000.0,0.0,2061000000.0,18250000000.0,2317000000.0,15933000000.0,17629409652.0,10000000.0,-4000000.0,0.0,-205000000.0,-170000000.0,-382000000.0,-332000000.0,0.0,722000000.0,2000000.0,357000000.0,357000000.0,357000000.0,-7000000.0,25000000.0,0.221,171000000.0,557000000.0,460000000.0,0.473,2.145,16.822,16.882,17430000000.0,0.0,27.18,3.472,3.474,1016000000.0,1674000000.0,1612000000.0,1612000000.0,0.0,,,,,0.0,0.0,1.0,648616985.0,649000000.0,651000000.0,2.484,22755000000.0,0.0,139000000.0,3797000000.0,35.062,-800000000.0
24,SE1,MRQ,2010-12-31,2010-12-31,2010-12-31,2020-10-20,1595000000.0,26686000000.0,,1638000000.0,25048000000.0,,12.051,-465000000.0,130000000.0,130000000.0,726000000.0,341000000.0,0.649,2.331,11320000000.0,1151000000.0,10169000000.0,11320000000.0,0.0,171000000.0,0.0,0.04,0.25,615000000.0,786000000.0,0.568,786000000.0,615000000.0,461000000.0,0.49,0.49,0.49,7809000000.0,,7809000000.0,27042065706.0,13.0,9.92,-64000000.0,-0.099,1.0,657000000.0,0.475,4305000000.0,154000000.0,31048000000.0,,287000000.0,2033000000.0,0.0,2033000000.0,18199000000.0,2523000000.0,15676000000.0,16199065706.0,-26000000.0,1000000.0,216000000.0,208000000.0,-163000000.0,250000000.0,-680000000.0,-211000000.0,401000000.0,3000000.0,320000000.0,320000000.0,320000000.0,11000000.0,21000000.0,0.231,158000000.0,499000000.0,369000000.0,0.51,2.074,15.442,15.426,16980000000.0,0.0,24.99,3.276,3.275,1018000000.0,1487000000.0,1383000000.0,1383000000.0,0.0,,,,,0.0,0.0,1.0,648221917.0,648000000.0,650000000.0,2.134,22381000000.0,0.0,141000000.0,3614000000.0,34.539,-885000000.0
25,SE1,MRQ,2010-09-30,2010-09-30,2010-09-30,2020-10-20,1430000000.0,25516000000.0,,1422000000.0,24094000000.0,,11.528,-384000000.0,156000000.0,156000000.0,513000000.0,219000000.0,0.464,2.341,10999000000.0,1722000000.0,9277000000.0,10999000000.0,0.0,169000000.0,0.0,0.044,0.25,425000000.0,594000000.0,0.583,594000000.0,425000000.0,266000000.0,0.3,0.3,0.3,7470000000.0,,7470000000.0,24391831765.0,13.0,9.513,-208000000.0,-0.321,1.0,506000000.0,0.497,4236000000.0,159000000.0,29058000000.0,,371000000.0,2003000000.0,0.0,2003000000.0,17487000000.0,3065000000.0,14422000000.0,14612831765.0,50000000.0,-495000000.0,0.0,956000000.0,-162000000.0,774000000.0,-900000000.0,-19000000.0,176000000.0,0.0,197000000.0,197000000.0,197000000.0,-1000000.0,22000000.0,0.193,165000000.0,341000000.0,353000000.0,0.833,1.956,15.398,15.445,16375000000.0,0.0,22.55,3.007,3.007,699000000.0,1338000000.0,1019000000.0,1019000000.0,0.0,,,,,0.0,0.0,1.0,648019147.0,648000000.0,650000000.0,1.573,21280000000.0,0.0,69000000.0,3282000000.0,32.84,-1643000000.0
26,SE1,MRQ,2010-06-30,2010-06-30,2010-06-30,2020-10-20,1212000000.0,24069000000.0,,1240000000.0,22829000000.0,,11.125,-321000000.0,106000000.0,106000000.0,565000000.0,191000000.0,0.476,2.262,9885000000.0,1215000000.0,8670000000.0,9885000000.0,0.0,159000000.0,0.0,0.05,0.25,408000000.0,567000000.0,0.533,567000000.0,408000000.0,250000000.0,0.27,0.27,0.27,7209000000.0,,7209000000.0,22799108302.0,12.0,9.015,40000000.0,0.062,1.0,498000000.0,0.468,3917000000.0,158000000.0,27325000000.0,,296000000.0,1957000000.0,0.0,1957000000.0,16308000000.0,2606000000.0,13702000000.0,13005108302.0,-7000000.0,12000000.0,0.0,111000000.0,-164000000.0,-66000000.0,-300000000.0,-1000000.0,361000000.0,-2000000.0,174000000.0,174000000.0,174000000.0,0.0,17000000.0,0.164,156000000.0,342000000.0,420000000.0,0.926,1.804,13.791,13.747,15557000000.0,0.0,20.07,2.724,2.724,661000000.0,1303000000.0,1063000000.0,1063000000.0,0.0,,,,,0.0,0.0,1.0,647987459.0,648000000.0,650000000.0,1.64,20152000000.0,0.0,76000000.0,3231000000.0,31.099,-1366000000.0
27,SE1,MRQ,2010-03-31,2010-03-31,2010-03-31,2020-10-20,1519000000.0,24447000000.0,,1269000000.0,23178000000.0,,11.569,-176000000.0,158000000.0,158000000.0,827000000.0,378000000.0,0.576,2.187,9952000000.0,864000000.0,9088000000.0,9952000000.0,0.0,165000000.0,0.0,0.044,0.25,614000000.0,779000000.0,0.526,779000000.0,614000000.0,455000000.0,0.55,0.55,0.55,7497000000.0,,7497000000.0,24309798704.0,13.0,9.878,294000000.0,0.454,1.0,653000000.0,0.441,4062000000.0,159000000.0,27976000000.0,,202000000.0,2006000000.0,0.0,2006000000.0,16393000000.0,2203000000.0,14190000000.0,14587798704.0,-53000000.0,-3000000.0,0.0,-123000000.0,-161000000.0,-302000000.0,-221000000.0,-34000000.0,470000000.0,0.0,358000000.0,358000000.0,358000000.0,-16000000.0,20000000.0,0.242,161000000.0,492000000.0,416000000.0,0.455,1.946,16.048,15.979,15706000000.0,0.0,22.53,3.139,3.141,772000000.0,1293000000.0,1480000000.0,1480000000.0,0.0,,,,,0.0,0.0,1.0,647483298.0,648000000.0,649000000.0,2.284,20385000000.0,0.0,97000000.0,3305000000.0,31.458,-934000000.0
28,SE1,MRQ,2009-12-31,2009-12-31,2009-12-31,2020-10-20,1307000000.0,24091000000.0,,1429000000.0,22662000000.0,,10.866,-267000000.0,166000000.0,166000000.0,763000000.0,240000000.0,0.573,2.345,9918000000.0,971000000.0,8947000000.0,9918000000.0,0.0,158000000.0,0.0,0.049,0.25,466000000.0,624000000.0,0.481,624000000.0,466000000.0,312000000.0,0.34,0.34,0.34,7041000000.0,,7041000000.0,23018952064.0,13.0,9.555,226000000.0,0.349,1.0,535000000.0,0.412,3948000000.0,154000000.0,27400000000.0,,321000000.0,2001000000.0,0.0,2001000000.0,16510000000.0,2495000000.0,14015000000.0,13264952064.0,-267000000.0,10000000.0,0.0,-344000000.0,-160000000.0,-514000000.0,-281000000.0,-121000000.0,493000000.0,35000000.0,220000000.0,220000000.0,220000000.0,-2000000.0,20000000.0,0.169,155000000.0,380000000.0,333000000.0,0.735,1.884,15.624,15.538,15347000000.0,0.0,20.51,2.914,2.893,778000000.0,1088000000.0,1298000000.0,1298000000.0,0.0,,,,,0.0,0.0,1.0,646755342.0,648000000.0,649000000.0,2.003,20143000000.0,0.0,92000000.0,3348000000.0,31.085,-1066000000.0
29,SE1,MRQ,2009-09-30,2009-09-30,2009-09-30,2020-10-20,1217000000.0,23938000000.0,,1527000000.0,22411000000.0,,10.74,-338000000.0,450000000.0,450000000.0,432000000.0,212000000.0,0.677,2.372,10204000000.0,857000000.0,9347000000.0,10204000000.0,0.0,154000000.0,0.0,0.053,0.25,405000000.0,559000000.0,0.599,559000000.0,405000000.0,245000000.0,0.3,0.3,0.3,6938000000.0,,6938000000.0,21516488183.0,12.0,9.351,-90000000.0,-0.139,1.0,501000000.0,0.537,3901000000.0,160000000.0,27534000000.0,,350000000.0,1997000000.0,0.0,1997000000.0,16458000000.0,2257000000.0,14201000000.0,12233488183.0,141000000.0,182000000.0,0.0,293000000.0,-157000000.0,113000000.0,-196000000.0,0.0,248000000.0,-24000000.0,191000000.0,191000000.0,191000000.0,-1000000.0,21000000.0,0.205,148000000.0,353000000.0,192000000.0,0.833,1.763,15.235,14.797,15109000000.0,0.0,18.94,2.71,2.71,569000000.0,1041000000.0,933000000.0,933000000.0,0.0,,,,,0.0,0.0,1.0,645907507.0,646000000.0,647000000.0,1.444,20037000000.0,0.0,54000000.0,3211000000.0,31.017,-730000000.0
30,SE1,MRQ,2009-06-30,2009-06-30,2009-06-30,2020-10-20,770000000.0,22658000000.0,,1231000000.0,21427000000.0,,9.995,-228000000.0,301000000.0,301000000.0,476000000.0,157000000.0,0.529,2.43,9584000000.0,979000000.0,8605000000.0,9584000000.0,0.0,146000000.0,0.0,0.059,0.25,353000000.0,499000000.0,0.533,499000000.0,353000000.0,207000000.0,0.22,0.22,0.22,6447000000.0,,6447000000.0,19919968439.0,10.0,7.997,235000000.0,0.364,1.0,461000000.0,0.492,3654000000.0,146000000.0,25962000000.0,,229000000.0,2214000000.0,0.0,2214000000.0,15667000000.0,2325000000.0,13342000000.0,10912968439.0,80000000.0,-173000000.0,208000000.0,70000000.0,-157000000.0,3000000.0,-402000000.0,0.0,463000000.0,16000000.0,140000000.0,140000000.0,140000000.0,1000000.0,17000000.0,0.149,144000000.0,317000000.0,260000000.0,1.136,1.693,12.019,11.589,14285000000.0,0.0,16.92,2.341,2.341,565000000.0,1012000000.0,937000000.0,937000000.0,0.0,,,,,0.0,0.0,1.0,644974494.0,645000000.0,646000000.0,1.453,19004000000.0,0.0,67000000.0,3097000000.0,29.464,-1094000000.0
31,SE1,MRQ,2009-03-31,2009-03-31,2009-03-31,2020-10-20,331000000.0,21417000000.0,,1224000000.0,20193000000.0,,9.533,-147000000.0,221000000.0,221000000.0,833000000.0,315000000.0,0.519,2.498,9228000000.0,1197000000.0,8031000000.0,9228000000.0,0.0,140000000.0,0.0,0.069,0.25,587000000.0,727000000.0,0.525,727000000.0,587000000.0,437000000.0,0.47,0.47,0.47,5987000000.0,,5987000000.0,18929824178.0,9.0,6.949,409000000.0,0.651,1.0,551000000.0,0.398,3294000000.0,150000000.0,24771000000.0,,136000000.0,2327000000.0,0.0,2327000000.0,14953000000.0,2359000000.0,12594000000.0,9096824178.0,7000000.0,-25000000.0,448000000.0,-689000000.0,-157000000.0,-405000000.0,-142000000.0,32000000.0,556000000.0,-2000000.0,298000000.0,298000000.0,298000000.0,-3000000.0,17000000.0,0.215,126000000.0,425000000.0,248000000.0,0.532,1.519,8.558,8.269,13411000000.0,0.0,14.14,1.873,1.828,727000000.0,1034000000.0,1384000000.0,1384000000.0,0.0,,,,,0.0,0.0,1.0,643339758.0,628000000.0,629000000.0,2.204,18123000000.0,0.0,139000000.0,2983000000.0,28.858,-1135000000.0
32,SE1,MRQ,2008-12-31,2008-12-31,2008-12-31,2020-10-20,536000000.0,21924000000.0,,1450000000.0,20474000000.0,,9.082,-464000000.0,214000000.0,214000000.0,835000000.0,190000000.0,0.476,2.873,10047000000.0,1757000000.0,8290000000.0,10047000000.0,0.0,136000000.0,0.0,0.061,0.25,380000000.0,516000000.0,0.409,516000000.0,380000000.0,214000000.0,0.29,0.29,0.29,5540000000.0,,5540000000.0,19839911764.0,9.0,6.981,-55000000.0,-0.09,1.0,426000000.0,0.338,3381000000.0,166000000.0,25332000000.0,,279000000.0,2152000000.0,0.0,2152000000.0,15914000000.0,3044000000.0,12870000000.0,9617911764.0,-42000000.0,7000000.0,0.0,31000000.0,-154000000.0,-140000000.0,-299000000.0,59000000.0,409000000.0,-12000000.0,174000000.0,174000000.0,174000000.0,-3000000.0,16000000.0,0.138,122000000.0,304000000.0,285000000.0,0.862,1.736,8.496,8.648,13639000000.0,0.0,15.74,1.896,1.929,795000000.0,899000000.0,1261000000.0,1261000000.0,0.0,,,,,0.0,0.0,1.0,611049032.0,610000000.0,609000000.0,2.067,18543000000.0,0.0,40000000.0,2894000000.0,30.398,-1594000000.0
33,SE1,MRQ,2008-09-30,2008-09-30,2008-09-30,2020-10-20,1440000000.0,23507000000.0,,1818000000.0,21689000000.0,,10.441,-430000000.0,281000000.0,281000000.0,596000000.0,312000000.0,0.712,2.661,10503000000.0,1134000000.0,9369000000.0,10503000000.0,0.0,145000000.0,0.0,0.039,0.25,604000000.0,749000000.0,0.694,749000000.0,604000000.0,441000000.0,0.48,0.48,0.48,6421000000.0,,6421000000.0,24290093468.0,10.0,7.959,-175000000.0,-0.285,1.0,484000000.0,0.448,3767000000.0,163000000.0,27407000000.0,,470000000.0,2089000000.0,0.0,2089000000.0,17086000000.0,2555000000.0,14531000000.0,14633093468.0,192000000.0,-144000000.0,-316000000.0,926000000.0,-152000000.0,477000000.0,-540000000.0,35000000.0,255000000.0,0.0,296000000.0,296000000.0,296000000.0,2000000.0,16000000.0,0.274,144000000.0,340000000.0,349000000.0,0.521,2.279,11.716,11.96,14361000000.0,0.0,23.8,2.814,2.815,795000000.0,882000000.0,1080000000.0,1080000000.0,0.0,,,,,0.0,0.0,1.0,614835860.0,615000000.0,617000000.0,1.756,19740000000.0,0.0,145000000.0,3039000000.0,32.098,-737000000.0
34,SE1,MRQ,2008-06-30,2008-06-30,2008-06-30,2020-10-20,1725000000.0,23400000000.0,,1519000000.0,21881000000.0,,10.903,-363000000.0,89000000.0,89000000.0,674000000.0,309000000.0,0.53,2.407,9746000000.0,1256000000.0,8490000000.0,9746000000.0,0.0,152000000.0,0.0,0.031,0.23,580000000.0,732000000.0,0.646,732000000.0,580000000.0,431000000.0,0.47,0.47,0.47,6869000000.0,,6869000000.0,27250167338.0,12.0,9.262,105000000.0,0.167,1.0,459000000.0,0.405,3880000000.0,149000000.0,26310000000.0,,216000000.0,1970000000.0,46000000.0,1924000000.0,16531000000.0,2867000000.0,13664000000.0,18191167338.0,-163000000.0,-324000000.0,-284000000.0,438000000.0,-146000000.0,16000000.0,-652000000.0,38000000.0,468000000.0,5000000.0,295000000.0,295000000.0,295000000.0,2000000.0,14000000.0,0.26,116000000.0,343000000.0,468000000.0,0.489,2.648,15.325,15.287,14543000000.0,0.0,28.74,3.588,3.571,874000000.0,738000000.0,1133000000.0,1133000000.0,0.0,,,,,0.0,0.0,1.0,632956414.0,630000000.0,633000000.0,1.798,19520000000.0,0.0,136000000.0,3022000000.0,30.984,-1348000000.0
35,SE1,MRQ,2008-03-31,2008-03-31,2008-03-31,2020-10-20,1681000000.0,23112000000.0,,1530000000.0,21582000000.0,,10.972,-245000000.0,252000000.0,252000000.0,962000000.0,386000000.0,0.555,2.328,9311000000.0,1231000000.0,8080000000.0,9311000000.0,0.0,148000000.0,0.0,0.039,0.23,697000000.0,845000000.0,0.528,845000000.0,697000000.0,539000000.0,0.58,0.58,0.58,6945000000.0,,6945000000.0,23694215954.0,11.0,8.532,428000000.0,0.676,1.0,638000000.0,0.399,3864000000.0,158000000.0,25551000000.0,,131000000.0,1980000000.0,14000000.0,1966000000.0,16167000000.0,2756000000.0,13411000000.0,14390215954.0,158000000.0,-123000000.0,0.0,11000000.0,-146000000.0,-139000000.0,-372000000.0,-8000000.0,673000000.0,-4000000.0,367000000.0,367000000.0,367000000.0,-3000000.0,19000000.0,0.229,145000000.0,493000000.0,376000000.0,0.397,2.072,13.226,13.227,14168000000.0,0.0,22.75,2.924,2.926,994000000.0,589000000.0,1600000000.0,1600000000.0,0.0,,,,,0.0,0.0,1.0,632536965.0,633000000.0,635000000.0,2.528,19248000000.0,0.0,172000000.0,3082000000.0,30.408,-1226000000.0
36,SE1,MRQ,2007-12-31,2007-12-31,2007-12-31,2020-10-20,1830000000.0,22970000000.0,,1379000000.0,21591000000.0,,10.85,-423000000.0,94000000.0,94000000.0,874000000.0,361000000.0,0.569,2.35,9398000000.0,1053000000.0,8345000000.0,9398000000.0,0.0,141000000.0,0.0,0.034,0.22,585000000.0,726000000.0,0.523,726000000.0,585000000.0,419000000.0,0.46,0.46,0.46,6857000000.0,,6857000000.0,25693931726.0,13.0,10.021,192000000.0,0.304,1.0,513000000.0,0.37,3948000000.0,166000000.0,25904000000.0,,287000000.0,1780000000.0,0.0,1780000000.0,16113000000.0,2422000000.0,13691000000.0,16325931726.0,-41000000.0,-51000000.0,230000000.0,-84000000.0,-140000000.0,-230000000.0,-427000000.0,58000000.0,615000000.0,1000000.0,291000000.0,291000000.0,291000000.0,-8000000.0,70000000.0,0.21,129000000.0,384000000.0,363000000.0,0.478,2.381,17.059,17.099,14300000000.0,0.0,25.82,3.471,3.469,907000000.0,368000000.0,1387000000.0,1387000000.0,0.0,,,,,0.0,0.0,1.0,632297898.0,632000000.0,635000000.0,2.195,19022000000.0,0.0,128000000.0,2968000000.0,30.098,-1043000000.0
37,SE1,MRQ,2007-09-30,2007-09-30,2007-09-30,2020-10-20,1875000000.0,22859000000.0,,1595000000.0,21264000000.0,,10.616,-355000000.0,135000000.0,135000000.0,490000000.0,234000000.0,0.799,2.407,9503000000.0,910000000.0,8593000000.0,9503000000.0,0.0,139000000.0,0.0,0.027,0.22,500000000.0,639000000.0,0.673,639000000.0,500000000.0,344000000.0,0.37,0.37,0.37,6709000000.0,,6709000000.0,24223409645.0,13.0,9.907,-157000000.0,-0.248,1.0,460000000.0,0.484,3977000000.0,156000000.0,26254000000.0,,444000000.0,1937000000.0,203000000.0,1734000000.0,16150000000.0,1996000000.0,14154000000.0,15474409645.0,-394000000.0,-67000000.0,0.0,-76000000.0,-139000000.0,10000000.0,-613000000.0,-203000000.0,198000000.0,11000000.0,234000000.0,234000000.0,234000000.0,-3000000.0,0.0,0.246,130000000.0,330000000.0,227000000.0,0.595,2.307,16.802,,13977000000.0,0.0,24.48,3.437,3.437,696000000.0,217000000.0,950000000.0,950000000.0,0.0,,,,,0.0,0.0,1.0,632124577.0,632000000.0,635000000.0,1.503,18882000000.0,0.0,110000000.0,3160000000.0,29.877,-401000000.0
38,SE1,MRQ,2007-06-30,2007-06-30,2007-06-30,2020-10-20,1449000000.0,21764000000.0,,1615000000.0,20149000000.0,,9.763,-313000000.0,529000000.0,529000000.0,555000000.0,196000000.0,0.58,2.527,9278000000.0,1544000000.0,7734000000.0,9278000000.0,0.0,130000000.0,0.0,0.017,0.22,437000000.0,567000000.0,0.576,567000000.0,437000000.0,281000000.0,0.31,0.31,0.31,6170000000.0,,6170000000.0,24810269651.0,12.0,9.264,95000000.0,0.15,1.0,430000000.0,0.437,3755000000.0,156000000.0,23973000000.0,,278000000.0,1742000000.0,0.0,1742000000.0,15594000000.0,2785000000.0,12809000000.0,16402269651.0,-67000000.0,-30000000.0,0.0,-32000000.0,-140000000.0,-191000000.0,-330000000.0,0.0,408000000.0,46000000.0,196000000.0,196000000.0,196000000.0,-11000000.0,0.0,0.199,128000000.0,302000000.0,343000000.0,0.71,2.658,14.464,,13176000000.0,0.0,25.96,3.71,3.711,701000000.0,119000000.0,985000000.0,985000000.0,0.0,,,,,0.0,0.0,1.0,631828569.0,632000000.0,635000000.0,1.559,18009000000.0,0.0,85000000.0,3101000000.0,28.495,-1170000000.0
39,SE1,MRQ,2007-03-31,2007-03-31,2007-03-31,2020-10-20,946000000.0,20712000000.0,,1616000000.0,19096000000.0,,8.884,-111000000.0,596000000.0,596000000.0,860000000.0,236000000.0,0.679,2.695,9004000000.0,1281000000.0,7723000000.0,9004000000.0,0.0,124000000.0,0.0,0.008,0.22,510000000.0,634000000.0,0.453,634000000.0,510000000.0,355000000.0,0.37,0.37,0.37,5606000000.0,,5606000000.0,18589585550.0,8.0,6.632,135000000.0,0.214,1.0,541000000.0,0.386,3527000000.0,155000000.0,23214000000.0,,156000000.0,1707000000.0,0.0,1707000000.0,15106000000.0,2379000000.0,12727000000.0,16588585550.0,297000000.0,-64000000.0,0.0,360000000.0,-139000000.0,220000000.0,-174000000.0,0.0,246000000.0,5000000.0,236000000.0,236000000.0,236000000.0,0.0,0.0,0.168,121000000.0,420000000.0,305000000.0,0.595,2.959,13.186,,12415000000.0,0.0,26.27,3.756,3.753,769000000.0,71000000.0,1401000000.0,1401000000.0,0.0,,,,,0.0,0.0,1.0,631465000.0,631000000.0,634000000.0,2.22,17185000000.0,0.0,119000000.0,3047000000.0,27.235,-763000000.0
40,SE1,MRQ,2006-12-31,2006-12-31,2006-12-31,2020-10-20,1041000000.0,20345000000.0,,1625000000.0,18720000000.0,,8.93,-303000000.0,299000000.0,299000000.0,793000000.0,255000000.0,0.689,2.608,8625000000.0,899000000.0,7726000000.0,8625000000.0,0.0,148000000.0,0.0,0.0,0.0,457000000.0,605000000.0,0.519,605000000.0,457000000.0,295000000.0,,,,5639000000.0,,5639000000.0,19524153750.0,9.0,6.855,32000000.0,0.051,1.0,373000000.0,0.32,3507000000.0,162000000.0,22806000000.0,,397000000.0,1618000000.0,0.0,1618000000.0,14706000000.0,2358000000.0,12348000000.0,17523153750.0,-278000000.0,145000000.0,0.0,-242000000.0,0.0,-749000000.0,147000000.0,295000000.0,335000000.0,-11000000.0,255000000.0,255000000.0,255000000.0,-17000000.0,0.0,0.219,97000000.0,276000000.0,246000000.0,,3.107,14.086,,12394000000.0,0.0,27.75,3.893,3.893,779000000.0,0.0,1166000000.0,1166000000.0,0.0,,,,,0.0,0.0,1.0,631465000.0,631465000.0,,1.846,16838000000.0,0.0,40000000.0,3194000000.0,26.665,-733000000.0
41,SE1,MRQ,2006-09-30,2006-09-30,2006-09-30,2020-10-20,,,,,,,,-262000000.0,,,495000000.0,447000000.0,,,,,,,,141000000.0,,,0.0,731000000.0,872000000.0,1.003,872000000.0,731000000.0,579000000.0,,,,,,,,,,-89000000.0,-0.141,1.0,374000000.0,0.43,,152000000.0,,,,,,,,,,,21000000.0,-80000000.0,0.0,1380000000.0,0.0,-155000000.0,1000000.0,202000000.0,173000000.0,2000000.0,447000000.0,447000000.0,447000000.0,-254000000.0,0.0,0.514,122000000.0,252000000.0,,,,,,,0.0,,,,,,869000000.0,869000000.0,0.0,,,,,0.0,0.0,1.0,631465000.0,631465000.0,,1.376,,,132000000.0,,,
42,SE1,MRQ,2006-06-30,2006-06-30,2006-06-30,2020-10-20,,,,,,,,-201000000.0,,,539000000.0,320000000.0,,,,,,,,151000000.0,,,0.0,541000000.0,692000000.0,0.705,692000000.0,541000000.0,393000000.0,,,,,,,,,,-390000000.0,-0.618,1.0,442000000.0,0.451,,148000000.0,,,,,,,,,,,-204000000.0,1000000.0,0.0,-623000000.0,0.0,-1328000000.0,1305000000.0,1405000000.0,-189000000.0,8000000.0,320000000.0,320000000.0,320000000.0,-63000000.0,0.0,0.326,121000000.0,321000000.0,,,,,,,0.0,,,,,,981000000.0,981000000.0,0.0,,,,,0.0,0.0,1.0,631465000.0,631465000.0,,1.554,,,73000000.0,,,
43,SE1,MRQ,2006-03-31,2006-03-31,2006-03-31,2020-10-20,,,,,,,,-221000000.0,,,1005000000.0,222000000.0,,,,,,,,166000000.0,,,0.0,513000000.0,679000000.0,0.457,679000000.0,513000000.0,370000000.0,,,,,,,,,,154000000.0,0.244,1.0,480000000.0,0.323,,143000000.0,,,,,,,,,,,269000000.0,-90000000.0,0.0,-117000000.0,0.0,-222000000.0,116000000.0,445000000.0,375000000.0,0.0,222000000.0,222000000.0,222000000.0,22000000.0,0.0,0.149,95000000.0,385000000.0,,,,,,,0.0,,,,,,1485000000.0,1485000000.0,0.0,,,,,0.0,0.0,1.0,631465000.0,631465000.0,,2.352,,,148000000.0,,,
44,SE1,MRQ,2005-12-31,2005-12-31,2005-12-31,2020-10-20,656000000.0,35056000000.0,,6608000000.0,28448000000.0,,18.218,,491000000.0,491000000.0,,,0.903,2.047,10267000000.0,1477000000.0,8790000000.0,10267000000.0,0.0,,0.0,,0.0,,,,,,,,,,11504000000.0,,11504000000.0,,,,,,1.0,,,3775000000.0,,33743000000.0,,444000000.0,3871000000.0,521000000.0,3350000000.0,23552000000.0,7314000000.0,16238000000.0,,,,,,,,,,,,,,,,,,,,1837000000.0,,,,,15686000000.0,,,,,1935000000.0,411000000.0,,,,,,,,,,1.0,631465000.0,631465000.0,,,31281000000.0,0.0,,3425000000.0,49.537,-706000000.0
0,SE1,MRT,2016-12-31,2016-12-31,2016-12-31,2020-10-20,-146000000.0,36842000000.0,35479250000.0,1772000000.0,35070000000.0,0.139,10.313,-3623000000.0,305000000.0,305000000.0,2557000000.0,1020000000.0,0.454,3.535,15628000000.0,2004000000.0,13624000000.0,15628000000.0,0.0,799000000.0,0.0,0.039,1.62,1503000000.0,2302000000.0,0.468,2302000000.0,1503000000.0,909000000.0,1.0,1.0,1.0,7157000000.0,7346500000.0,7157000000.0,43557949783.0,29.0,18.922,-1597000000.0,-2.301,1.0,2359000000.0,0.48,4181000000.0,594000000.0,44079000000.0,42715000000.0,253000000.0,2780000000.0,0.0,2780000000.0,25303000000.0,3905000000.0,21398000000.0,28823949783.0,92000000.0,-44000000.0,579000000.0,850000000.0,-1127000000.0,1890000000.0,-3830000000.0,84000000.0,2026000000.0,6000000.0,693000000.0,693000000.0,693000000.0,0.0,327000000.0,0.141,800000000.0,1559000000.0,828000000.0,1.62,4.027,41.593,41.09,26208000000.0,0.0,41.09,5.863,5.801,1003000000.0,1307000000.0,4916000000.0,4916000000.0,0.0,0.02,0.094,0.035,0.306,0.0,0.0,1.0,701483324.0,694000000.0,696000000.0,7.084,32661000000.0,0.0,216000000.0,5855000000.0,47.062,-2133000000.0
1,SE1,MRT,2016-09-30,2016-09-30,2016-09-30,2020-10-20,13000000.0,35937000000.0,34499500000.0,1750000000.0,34187000000.0,0.143,10.653,-3438000000.0,464000000.0,464000000.0,2534000000.0,624000000.0,0.475,3.283,15198000000.0,2104000000.0,13094000000.0,15198000000.0,0.0,793000000.0,0.0,0.037,1.585,1065000000.0,1858000000.0,0.377,1858000000.0,1065000000.0,472000000.0,0.45,0.45,0.45,7468000000.0,7188750000.0,7468000000.0,44497054027.0,42.0,23.949,-1415000000.0,-2.019,1.0,2400000000.0,0.486,4203000000.0,593000000.0,42781000000.0,41650250000.0,287000000.0,2742000000.0,0.0,2742000000.0,24518000000.0,3687000000.0,20831000000.0,29972054027.0,126000000.0,-10000000.0,668000000.0,931000000.0,-1091000000.0,1975000000.0,-3874000000.0,69000000.0,2023000000.0,2000000.0,315000000.0,315000000.0,315000000.0,0.0,309000000.0,0.064,1117000000.0,1283000000.0,736000000.0,3.522,4.013,95.149,95.0,25337000000.0,0.0,42.75,6.075,6.074,712000000.0,1477000000.0,4934000000.0,4934000000.0,0.0,0.009,0.044,0.026,0.216,0.0,0.0,1.0,701100679.0,701000000.0,703000000.0,7.039,31734000000.0,0.0,157000000.0,5831000000.0,45.27,-1937000000.0
2,SE1,MRT,2016-06-30,2016-06-30,2016-06-30,2020-10-20,86000000.0,35047000000.0,33830000000.0,1637000000.0,33410000000.0,0.147,10.87,-3379000000.0,240000000.0,240000000.0,2499000000.0,586000000.0,0.588,3.136,14765000000.0,1181000000.0,13584000000.0,14765000000.0,0.0,782000000.0,0.0,0.042,1.55,1126000000.0,1908000000.0,0.385,1908000000.0,1126000000.0,511000000.0,0.43,0.43,0.43,7598000000.0,7125750000.0,7598000000.0,39776596146.0,35.0,20.847,-1349000000.0,-1.93,1.0,2463000000.0,0.496,4217000000.0,615000000.0,42569000000.0,40760250000.0,185000000.0,2657000000.0,0.0,2657000000.0,23824000000.0,2786000000.0,21038000000.0,25062596146.0,-47000000.0,-202000000.0,687000000.0,676000000.0,-1054000000.0,1474000000.0,-3550000000.0,483000000.0,2030000000.0,-1000000.0,294000000.0,294000000.0,294000000.0,0.0,292000000.0,0.059,1112000000.0,1351000000.0,709000000.0,3.605,3.299,85.247,85.186,24707000000.0,0.0,36.63,5.051,5.16,708000000.0,1567000000.0,4962000000.0,4962000000.0,0.0,0.009,0.041,0.028,0.227,0.0,0.0,1.0,684209559.0,699000000.0,701000000.0,7.099,30830000000.0,0.0,217000000.0,5774000000.0,44.106,-1149000000.0
3,SE1,MRT,2016-03-31,2016-03-31,2016-03-31,2020-10-20,32000000.0,34091000000.0,33329250000.0,1475000000.0,32616000000.0,0.15,10.628,-3124000000.0,279000000.0,279000000.0,2500000000.0,445000000.0,0.466,3.313,14993000000.0,1803000000.0,13190000000.0,14993000000.0,0.0,778000000.0,0.0,0.05,1.515,949000000.0,1727000000.0,0.346,1727000000.0,949000000.0,321000000.0,0.25,0.25,0.25,7163000000.0,7125250000.0,7163000000.0,34990908262.0,37.0,20.261,-1086000000.0,-1.611,1.0,2495000000.0,0.499,4211000000.0,628000000.0,41431000000.0,39928000000.0,199000000.0,2588000000.0,0.0,2588000000.0,23731000000.0,3163000000.0,20568000000.0,20547908262.0,-130000000.0,-136000000.0,587000000.0,828000000.0,-1022000000.0,926000000.0,-3094000000.0,494000000.0,2038000000.0,0.0,163000000.0,163000000.0,163000000.0,0.0,282000000.0,0.033,1109000000.0,1386000000.0,493000000.0,6.06,2.869,126.061,122.4,24019000000.0,0.0,30.6,4.114,4.129,723000000.0,1699000000.0,4995000000.0,4995000000.0,0.0,0.005,0.023,0.024,0.19,0.0,0.0,1.0,671500270.0,674000000.0,675000000.0,7.411,29880000000.0,0.0,158000000.0,5732000000.0,44.332,-1688000000.0
4,SE1,MRT,2015-12-31,2015-12-31,2015-12-31,2020-10-20,-269000000.0,32923000000.0,33036500000.0,1648000000.0,31275000000.0,0.158,9.726,-2848000000.0,213000000.0,213000000.0,2692000000.0,460000000.0,0.486,3.584,14656000000.0,1764000000.0,12892000000.0,14656000000.0,0.0,778000000.0,0.0,0.062,1.48,993000000.0,1771000000.0,0.338,1771000000.0,993000000.0,357000000.0,0.29,0.29,0.29,6526000000.0,7261250000.0,6526000000.0,29976573187.0,30.0,16.926,-601000000.0,-0.896,1.0,2542000000.0,0.486,4154000000.0,636000000.0,39820000000.0,39443250000.0,307000000.0,2592000000.0,0.0,2592000000.0,23391000000.0,3392000000.0,19999000000.0,16073573187.0,-2000000.0,-124000000.0,546000000.0,861000000.0,-996000000.0,540000000.0,-2782000000.0,470000000.0,2247000000.0,-7000000.0,196000000.0,196000000.0,196000000.0,0.0,264000000.0,0.037,1109000000.0,1433000000.0,511000000.0,5.103,2.463,82.008,82.552,22918000000.0,0.0,23.94,3.071,3.069,806000000.0,1741000000.0,5234000000.0,5234000000.0,0.0,0.006,0.027,0.025,0.19,0.0,0.0,1.0,671410743.0,671000000.0,672000000.0,7.8,28769000000.0,0.0,161000000.0,5523000000.0,42.875,-1744000000.0
5,SE1,MRT,2015-09-30,2015-09-30,2015-09-30,2020-10-20,-62000000.0,33259000000.0,33305250000.0,1839000000.0,31420000000.0,0.166,10.754,-2416000000.0,338000000.0,338000000.0,2846000000.0,1022000000.0,0.54,3.233,14241000000.0,1343000000.0,12898000000.0,14241000000.0,0.0,783000000.0,0.0,0.056,1.48,1654000000.0,2437000000.0,0.442,2437000000.0,1654000000.0,1016000000.0,1.16,1.16,1.16,7216000000.0,7669750000.0,7216000000.0,31584708296.0,19.0,12.96,82000000.0,0.122,1.0,2672000000.0,0.484,4534000000.0,638000000.0,39221000000.0,39462500000.0,344000000.0,2741000000.0,0.0,2741000000.0,23328000000.0,3407000000.0,19921000000.0,17636708296.0,117000000.0,-373000000.0,401000000.0,337000000.0,-995000000.0,-288000000.0,-2085000000.0,735000000.0,2498000000.0,-8000000.0,775000000.0,775000000.0,775000000.0,0.0,247000000.0,0.14,771000000.0,1901000000.0,648000000.0,1.276,2.444,22.757,22.647,22438000000.0,0.0,26.27,3.196,3.194,842000000.0,2253000000.0,5518000000.0,5518000000.0,0.0,0.023,0.101,0.042,0.3,0.0,0.0,1.0,671363087.0,671000000.0,672000000.0,8.224,28725000000.0,0.0,241000000.0,5561000000.0,42.809,-1568000000.0
6,SE1,MRT,2015-06-30,2015-06-30,2015-06-30,2020-10-20,276000000.0,33044000000.0,33490750000.0,1737000000.0,31307000000.0,0.168,11.32,-2184000000.0,287000000.0,287000000.0,2944000000.0,1033000000.0,0.554,3.023,14235000000.0,1452000000.0,12783000000.0,14235000000.0,0.0,797000000.0,0.0,0.044,1.445,1699000000.0,2496000000.0,0.444,2496000000.0,1699000000.0,1049000000.0,1.2,1.2,1.2,7596000000.0,7954750000.0,7596000000.0,35769266916.0,21.0,14.331,284000000.0,0.423,1.0,2678000000.0,0.476,4615000000.0,650000000.0,39240000000.0,39713500000.0,248000000.0,2701000000.0,0.0,2701000000.0,22965000000.0,3137000000.0,19828000000.0,21885266916.0,-13000000.0,-505000000.0,316000000.0,623000000.0,-971000000.0,-106000000.0,-2367000000.0,326000000.0,2468000000.0,-8000000.0,802000000.0,802000000.0,802000000.0,0.0,231000000.0,0.143,784000000.0,1894000000.0,557000000.0,1.204,2.881,27.288,27.167,22281000000.0,0.0,32.6,3.893,3.891,880000000.0,2329000000.0,5622000000.0,5622000000.0,0.0,0.024,0.101,0.043,0.302,0.0,0.0,1.0,671327206.0,671000000.0,672000000.0,8.379,28429000000.0,0.0,247000000.0,5567000000.0,42.368,-1400000000.0
7,SE1,MRT,2015-03-31,2015-03-31,2015-03-31,2020-10-20,185000000.0,32920000000.0,33716250000.0,2063000000.0,30857000000.0,0.169,11.486,-2042000000.0,409000000.0,409000000.0,3067000000.0,1141000000.0,0.759,2.97,14293000000.0,1115000000.0,13178000000.0,14293000000.0,0.0,802000000.0,0.0,0.039,1.41,1909000000.0,2711000000.0,0.477,2711000000.0,1909000000.0,1249000000.0,1.39,1.39,1.39,7707000000.0,8218750000.0,7707000000.0,38737308228.0,20.0,14.289,259000000.0,0.386,1.0,2616000000.0,0.46,4595000000.0,660000000.0,39492000000.0,39917250000.0,174000000.0,2943000000.0,0.0,2943000000.0,22889000000.0,2717000000.0,20172000000.0,24273308228.0,216000000.0,-278000000.0,314000000.0,546000000.0,-947000000.0,-73000000.0,-2005000000.0,321000000.0,2301000000.0,-7000000.0,930000000.0,930000000.0,930000000.0,0.0,211000000.0,0.164,790000000.0,1826000000.0,420000000.0,1.014,3.15,26.1,26.022,21644000000.0,0.0,36.17,4.271,4.271,1152000000.0,2558000000.0,5683000000.0,5683000000.0,0.0,0.028,0.113,0.048,0.336,0.0,0.0,1.0,671089528.0,671000000.0,673000000.0,8.469,28325000000.0,0.0,319000000.0,5552000000.0,42.213,-654000000.0
8,SE1,MRT,2014-12-31,2014-12-31,2014-12-31,2020-10-20,662000000.0,33998000000.0,33832250000.0,2332000000.0,31666000000.0,0.174,12.161,-2028000000.0,215000000.0,215000000.0,3182000000.0,1283000000.0,0.612,2.892,14637000000.0,1910000000.0,12727000000.0,14637000000.0,0.0,809000000.0,0.0,0.038,1.375,2143000000.0,2952000000.0,0.5,2952000000.0,2143000000.0,1464000000.0,1.61,1.61,1.61,8160000000.0,8408500000.0,8160000000.0,38840309910.0,18.0,13.157,193000000.0,0.288,1.0,2721000000.0,0.461,4714000000.0,679000000.0,39897000000.0,39828750000.0,313000000.0,2966000000.0,0.0,2966000000.0,23600000000.0,3809000000.0,19791000000.0,24357309910.0,14000000.0,-259000000.0,327000000.0,418000000.0,-925000000.0,-199000000.0,-2003000000.0,285000000.0,2221000000.0,-5000000.0,1082000000.0,1082000000.0,1082000000.0,0.0,201000000.0,0.183,797000000.0,1924000000.0,458000000.0,0.854,2.985,22.511,22.547,22307000000.0,0.0,36.3,4.126,4.126,1336000000.0,2541000000.0,5903000000.0,5903000000.0,0.0,0.032,0.129,0.054,0.363,0.0,0.0,1.0,671000273.0,671000000.0,672000000.0,8.797,29284000000.0,0.0,382000000.0,5496000000.0,43.642,-1477000000.0
9,SE1,MRT,2014-09-30,2014-09-30,2014-09-30,2020-10-20,943000000.0,34001000000.0,33716000000.0,2252000000.0,31749000000.0,0.174,12.453,-1900000000.0,221000000.0,221000000.0,3241000000.0,1180000000.0,0.645,2.808,14704000000.0,1632000000.0,13072000000.0,14704000000.0,0.0,810000000.0,0.0,0.033,1.31,2151000000.0,2961000000.0,0.505,2961000000.0,2151000000.0,1449000000.0,1.5,1.49,1.5,8356000000.0,8492000000.0,8356000000.0,40445290431.0,19.0,13.659,276000000.0,0.411,1.0,2627000000.0,0.448,4768000000.0,702000000.0,40225000000.0,39654500000.0,446000000.0,3008000000.0,0.0,3008000000.0,23463000000.0,3491000000.0,19972000000.0,26339290431.0,61000000.0,-82000000.0,301000000.0,-1676000000.0,-882000000.0,-2253000000.0,143000000.0,2192000000.0,2176000000.0,-5000000.0,1002000000.0,1002000000.0,1002000000.0,0.0,178000000.0,0.171,795000000.0,1832000000.0,478000000.0,0.873,3.152,26.287,26.173,22201000000.0,0.0,39.26,4.489,4.489,1202000000.0,2473000000.0,5868000000.0,5868000000.0,0.0,0.03,0.118,0.054,0.367,0.0,0.0,1.0,670893796.0,671000000.0,673000000.0,8.745,29233000000.0,0.0,447000000.0,5366000000.0,43.566,-1239000000.0
10,SE1,MRT,2014-06-30,2014-06-30,2014-06-30,2020-10-20,1236000000.0,33946000000.0,34054000000.0,2205000000.0,31741000000.0,0.17,12.894,-1821000000.0,300000000.0,300000000.0,3233000000.0,1218000000.0,0.699,2.682,14406000000.0,1265000000.0,13141000000.0,14406000000.0,0.0,804000000.0,0.0,0.03,1.28,2222000000.0,3026000000.0,0.521,3026000000.0,2222000000.0,1520000000.0,1.59,1.58,1.59,8652000000.0,8636250000.0,8652000000.0,42719707254.0,19.0,14.118,218000000.0,0.325,1.0,2572000000.0,0.443,4841000000.0,702000000.0,40055000000.0,39844750000.0,277000000.0,2803000000.0,0.0,2803000000.0,23201000000.0,3156000000.0,20045000000.0,28490707254.0,83000000.0,55000000.0,215000000.0,5000000.0,-862000000.0,-644000000.0,-1313000000.0,522000000.0,2039000000.0,1000000.0,1064000000.0,1064000000.0,1064000000.0,0.0,154000000.0,0.183,789000000.0,1783000000.0,518000000.0,0.805,3.293,26.777,26.717,22260000000.0,0.0,42.48,4.908,4.91,1222000000.0,2497000000.0,5805000000.0,5805000000.0,0.0,0.031,0.123,0.056,0.383,0.0,0.0,1.0,670685199.0,671000000.0,673000000.0,8.651,29105000000.0,0.0,456000000.0,5326000000.0,43.376,-951000000.0
11,SE1,MRT,2014-03-31,2014-03-31,2014-03-31,2020-10-20,1008000000.0,33384000000.0,33732500000.0,2172000000.0,31212000000.0,0.171,12.636,-1895000000.0,193000000.0,193000000.0,3187000000.0,1256000000.0,0.589,2.721,14422000000.0,1822000000.0,12600000000.0,14422000000.0,0.0,801000000.0,0.0,0.034,1.25,2256000000.0,3057000000.0,0.53,3057000000.0,2256000000.0,1570000000.0,1.67,1.66,1.67,8466000000.0,8659250000.0,8466000000.0,39272133141.0,17.0,12.847,239000000.0,0.357,1.0,2585000000.0,0.448,4788000000.0,686000000.0,39138000000.0,39232500000.0,148000000.0,3033000000.0,0.0,3033000000.0,23039000000.0,3687000000.0,19352000000.0,24756133141.0,5000000.0,-227000000.0,266000000.0,422000000.0,-841000000.0,-261000000.0,-1864000000.0,323000000.0,2134000000.0,-4000000.0,1117000000.0,1117000000.0,1117000000.0,0.0,139000000.0,0.194,786000000.0,1799000000.0,611000000.0,0.749,2.924,22.163,22.12,21610000000.0,0.0,36.94,4.289,4.288,1378000000.0,2577000000.0,5772000000.0,5772000000.0,0.0,0.033,0.129,0.058,0.391,0.0,0.0,1.0,670171444.0,670000000.0,672000000.0,8.615,28596000000.0,0.0,453000000.0,5181000000.0,42.681,-1515000000.0
12,SE1,MRT,2013-12-31,2013-12-31,2013-12-31,2020-10-20,1241000000.0,33533000000.0,33521000000.0,2081000000.0,31452000000.0,0.165,12.697,-1947000000.0,201000000.0,201000000.0,3080000000.0,1159000000.0,0.515,2.733,14717000000.0,2229000000.0,12488000000.0,14717000000.0,0.0,787000000.0,0.0,0.034,1.22,2114000000.0,2901000000.0,0.526,2901000000.0,2114000000.0,1457000000.0,1.55,1.55,1.55,8494000000.0,8777750000.0,8494000000.0,40527793241.0,19.0,13.97,83000000.0,0.124,1.0,2438000000.0,0.442,4810000000.0,657000000.0,39200000000.0,38983500000.0,263000000.0,3043000000.0,0.0,3043000000.0,23210000000.0,4039000000.0,19171000000.0,23866793241.0,107000000.0,-1566000000.0,214000000.0,2027000000.0,-821000000.0,1316000000.0,-3236000000.0,342000000.0,2030000000.0,-3000000.0,1038000000.0,1038000000.0,1038000000.0,0.0,121000000.0,0.188,772000000.0,1666000000.0,440000000.0,0.787,2.81,22.993,22.981,21829000000.0,0.0,35.62,4.325,4.319,1336000000.0,2383000000.0,5518000000.0,5518000000.0,0.0,0.031,0.118,0.054,0.383,0.0,0.0,1.0,670039114.0,669000000.0,671000000.0,8.248,28723000000.0,0.0,419000000.0,5040000000.0,42.934,-1958000000.0
13,SE1,MRT,2013-09-30,2013-09-30,2013-09-30,2020-10-20,1266000000.0,35353000000.0,32784500000.0,1921000000.0,33432000000.0,0.162,13.333,-2083000000.0,160000000.0,160000000.0,2978000000.0,1129000000.0,0.312,2.838,16821000000.0,4553000000.0,12268000000.0,16821000000.0,0.0,781000000.0,0.0,0.036,1.22,2003000000.0,2784000000.0,0.525,2784000000.0,2003000000.0,1373000000.0,1.53,1.52,1.53,8933000000.0,8897250000.0,8933000000.0,37174420571.0,19.0,13.353,-199000000.0,-0.297,1.0,2322000000.0,0.438,4869000000.0,630000000.0,40986000000.0,37939000000.0,429000000.0,3026000000.0,0.0,3026000000.0,25356000000.0,6159000000.0,19197000000.0,22911420571.0,14000000.0,-1975000000.0,717000000.0,4376000000.0,-814000000.0,4156000000.0,-6024000000.0,-1990000000.0,1884000000.0,-2000000.0,1015000000.0,1015000000.0,1015000000.0,0.0,114000000.0,0.192,768000000.0,1554000000.0,428000000.0,0.797,2.565,22.573,22.373,21822000000.0,0.0,34.23,4.323,4.327,966000000.0,2352000000.0,5300000000.0,5300000000.0,0.0,0.031,0.114,0.053,0.378,0.0,0.0,1.0,669337440.0,670000000.0,672000000.0,7.91,30484000000.0,0.0,358000000.0,5120000000.0,45.499,-4238000000.0
14,SE1,MRT,2013-06-30,2013-06-30,2013-06-30,2020-10-20,1102000000.0,32660000000.0,31341750000.0,1727000000.0,30933000000.0,0.167,13.07,-2195000000.0,217000000.0,217000000.0,2918000000.0,1041000000.0,0.383,2.622,14480000000.0,2824000000.0,11656000000.0,14480000000.0,0.0,773000000.0,0.0,0.035,1.195,1898000000.0,2671000000.0,0.511,2671000000.0,1898000000.0,1276000000.0,1.41,1.4,1.41,8744000000.0,8811500000.0,8744000000.0,37314511459.0,20.0,13.97,-216000000.0,-0.323,1.0,2310000000.0,0.442,4806000000.0,622000000.0,37606000000.0,36033000000.0,224000000.0,2883000000.0,0.0,2883000000.0,22931000000.0,4511000000.0,18420000000.0,23060511459.0,90000000.0,-1923000000.0,717000000.0,2730000000.0,-793000000.0,2529000000.0,-4417000000.0,-311000000.0,1979000000.0,-1000000.0,931000000.0,931000000.0,931000000.0,0.0,110000000.0,0.178,761000000.0,1549000000.0,577000000.0,0.848,2.637,24.77,24.44,21297000000.0,0.0,34.46,4.411,4.41,957000000.0,2294000000.0,5228000000.0,5228000000.0,0.0,0.03,0.106,0.053,0.363,0.0,0.0,1.0,669196502.0,669000000.0,671000000.0,7.815,27854000000.0,0.0,345000000.0,4969000000.0,41.635,-2784000000.0
15,SE1,MRT,2013-03-31,2013-03-31,2013-03-31,2020-10-20,1340000000.0,32538000000.0,30270500000.0,1736000000.0,30802000000.0,0.169,13.363,-2108000000.0,188000000.0,188000000.0,2809000000.0,1056000000.0,0.461,2.542,14442000000.0,2162000000.0,12280000000.0,14442000000.0,0.0,762000000.0,0.0,0.038,1.17,1927000000.0,2689000000.0,0.525,2689000000.0,1927000000.0,1310000000.0,1.44,1.43,1.44,8940000000.0,8705250000.0,8940000000.0,33284063151.0,17.0,12.378,-134000000.0,-0.2,1.0,2311000000.0,0.451,4887000000.0,617000000.0,38142000000.0,34657500000.0,128000000.0,2801000000.0,0.0,2801000000.0,22728000000.0,3763000000.0,18965000000.0,20545063151.0,83000000.0,-1843000000.0,527000000.0,2520000000.0,-776000000.0,2155000000.0,-4046000000.0,-130000000.0,1974000000.0,0.0,947000000.0,947000000.0,947000000.0,0.0,109000000.0,0.185,749000000.0,1562000000.0,515000000.0,0.813,2.298,21.695,21.354,21304000000.0,0.0,30.75,4.013,4.018,1119000000.0,2301000000.0,5120000000.0,5120000000.0,0.0,0.031,0.109,0.056,0.376,0.0,0.0,1.0,668132135.0,669000000.0,670000000.0,7.653,27651000000.0,0.0,363000000.0,4863000000.0,41.332,-2027000000.0
16,SE1,MRT,2012-12-31,2012-12-31,2012-12-31,2020-10-20,1509000000.0,30587000000.0,29225750000.0,1663000000.0,28924000000.0,0.174,13.74,-2025000000.0,94000000.0,94000000.0,2754000000.0,1047000000.0,0.439,2.312,12833000000.0,2180000000.0,10653000000.0,12833000000.0,0.0,760000000.0,0.0,0.042,1.145,1935000000.0,2695000000.0,0.531,2695000000.0,1935000000.0,1310000000.0,1.44,1.43,1.44,8972000000.0,8567250000.0,8972000000.0,30223668516.0,16.0,11.215,-87000000.0,-0.133,1.0,2321000000.0,0.457,4513000000.0,625000000.0,35022000000.0,33195500000.0,309000000.0,2692000000.0,0.0,2692000000.0,20744000000.0,3791000000.0,16953000000.0,17879668516.0,-80000000.0,-533000000.0,527000000.0,975000000.0,-753000000.0,654000000.0,-2674000000.0,-223000000.0,1938000000.0,2000000.0,940000000.0,940000000.0,940000000.0,-2000000.0,107000000.0,0.185,746000000.0,1575000000.0,464000000.0,0.795,1.993,19.021,19.014,19905000000.0,0.0,27.38,3.523,3.523,970000000.0,2165000000.0,5075000000.0,5075000000.0,0.0,0.032,0.11,0.058,0.381,0.0,0.0,1.0,653019303.0,653000000.0,656000000.0,7.772,26074000000.0,0.0,370000000.0,4425000000.0,39.93,-2128000000.0
17,SE1,MRT,2012-09-30,2012-09-30,2012-09-30,2020-10-20,1593000000.0,29582000000.0,28613500000.0,1621000000.0,27961000000.0,0.18,13.155,-2034000000.0,146000000.0,146000000.0,2770000000.0,1118000000.0,0.403,2.347,12490000000.0,2598000000.0,9892000000.0,12490000000.0,0.0,748000000.0,0.0,0.038,1.12,2045000000.0,2793000000.0,0.542,2793000000.0,2045000000.0,1420000000.0,1.55,1.55,1.55,8590000000.0,8340500000.0,8590000000.0,30776277528.0,15.0,11.019,-81000000.0,-0.124,1.0,2386000000.0,0.463,4541000000.0,625000000.0,33362000000.0,32481500000.0,404000000.0,2118000000.0,0.0,2118000000.0,20164000000.0,4023000000.0,16141000000.0,19168277528.0,72000000.0,-6000000.0,0.0,936000000.0,-738000000.0,118000000.0,-2002000000.0,-90000000.0,1953000000.0,3000000.0,1016000000.0,1016000000.0,1016000000.0,-4000000.0,102000000.0,0.197,729000000.0,1657000000.0,451000000.0,0.723,2.231,18.866,18.942,19607000000.0,0.0,29.36,3.718,3.718,775000000.0,2152000000.0,5156000000.0,5156000000.0,0.0,0.036,0.122,0.063,0.397,0.0,0.0,1.0,652870488.0,653000000.0,655000000.0,7.896,25041000000.0,0.0,404000000.0,4304000000.0,38.348,-2402000000.0
18,SE1,MRT,2012-06-30,2012-06-30,2012-06-30,2020-10-20,1332000000.0,28375000000.0,28021750000.0,1395000000.0,26980000000.0,0.186,12.74,-1965000000.0,127000000.0,127000000.0,2797000000.0,1195000000.0,0.405,2.311,11735000000.0,2103000000.0,9632000000.0,11735000000.0,0.0,741000000.0,0.0,0.038,1.1,2154000000.0,2895000000.0,0.556,2895000000.0,2154000000.0,1531000000.0,1.67,1.67,1.67,8319000000.0,8177750000.0,8319000000.0,30664579444.0,14.0,10.592,42000000.0,0.064,1.0,2410000000.0,0.463,4435000000.0,623000000.0,32104000000.0,32025500000.0,307000000.0,2082000000.0,0.0,2082000000.0,19227000000.0,3444000000.0,15783000000.0,18968579444.0,-411000000.0,-392000000.0,0.0,720000000.0,-725000000.0,-88000000.0,-2319000000.0,-37000000.0,2007000000.0,-11000000.0,1091000000.0,1091000000.0,1091000000.0,-11000000.0,104000000.0,0.21,720000000.0,1690000000.0,458000000.0,0.659,2.28,17.386,17.401,18798000000.0,0.0,29.06,3.643,3.644,715000000.0,2156000000.0,5207000000.0,5207000000.0,0.0,0.039,0.133,0.067,0.414,0.0,0.0,1.0,652738453.0,653000000.0,655000000.0,7.974,23940000000.0,0.0,440000000.0,4235000000.0,36.662,-2049000000.0
19,SE1,MRT,2012-03-31,2012-03-31,2012-03-31,2020-10-20,1440000000.0,28359000000.0,27912750000.0,1437000000.0,26922000000.0,0.189,12.865,-1929000000.0,105000000.0,105000000.0,2845000000.0,1261000000.0,0.44,2.281,11801000000.0,2052000000.0,9749000000.0,11801000000.0,0.0,734000000.0,0.0,0.034,1.08,2272000000.0,3006000000.0,0.569,3006000000.0,2272000000.0,1645000000.0,1.78,1.78,1.78,8388000000.0,8209500000.0,8388000000.0,32092808529.0,14.0,10.676,81000000.0,0.124,1.0,2438000000.0,0.461,4492000000.0,627000000.0,32294000000.0,32018000000.0,258000000.0,2090000000.0,0.0,2090000000.0,19135000000.0,3269000000.0,15866000000.0,20543808529.0,-35000000.0,-398000000.0,213000000.0,707000000.0,-709000000.0,133000000.0,-2168000000.0,91000000.0,2010000000.0,-10000000.0,1160000000.0,1160000000.0,1160000000.0,-20000000.0,101000000.0,0.22,713000000.0,1725000000.0,408000000.0,0.607,2.449,17.71,17.725,18678000000.0,0.0,31.55,3.889,3.894,816000000.0,2125000000.0,5283000000.0,5283000000.0,0.0,0.042,0.141,0.071,0.43,0.0,0.0,1.0,651150825.0,652000000.0,655000000.0,8.103,23867000000.0,0.0,485000000.0,4149000000.0,36.606,-1832000000.0
20,SE1,MRT,2011-12-31,2011-12-31,2011-12-31,2020-10-20,1273000000.0,28138000000.0,27610750000.0,1764000000.0,26374000000.0,0.194,12.408,-1915000000.0,174000000.0,174000000.0,2887000000.0,1282000000.0,0.569,2.386,11723000000.0,1577000000.0,10146000000.0,11723000000.0,0.0,725000000.0,0.0,0.034,1.06,2296000000.0,3021000000.0,0.565,3021000000.0,2296000000.0,1671000000.0,1.82,1.81,1.82,8065000000.0,8167000000.0,8065000000.0,31171122895.0,14.0,10.318,271000000.0,0.417,1.0,2464000000.0,0.46,4420000000.0,625000000.0,32166000000.0,31827750000.0,393000000.0,2064000000.0,0.0,2064000000.0,19242000000.0,3101000000.0,16141000000.0,19998122895.0,44000000.0,-377000000.0,213000000.0,528000000.0,-694000000.0,-35000000.0,-2098000000.0,204000000.0,2186000000.0,-9000000.0,1184000000.0,1184000000.0,1184000000.0,-25000000.0,98000000.0,0.221,701000000.0,1763000000.0,498000000.0,0.582,2.48,16.89,16.896,18258000000.0,0.0,30.75,3.737,3.735,962000000.0,1977000000.0,5351000000.0,5351000000.0,0.0,0.043,0.145,0.072,0.429,0.0,0.0,1.0,650345460.0,650000000.0,653000000.0,8.232,23718000000.0,0.0,487000000.0,4022000000.0,36.489,-1337000000.0
21,SE1,MRT,2011-09-30,2011-09-30,2011-09-30,2020-10-20,1274000000.0,27215000000.0,27247750000.0,1608000000.0,25607000000.0,0.195,12.214,-1764000000.0,74000000.0,74000000.0,2802000000.0,1311000000.0,0.64,2.324,11247000000.0,1013000000.0,10234000000.0,11247000000.0,0.0,714000000.0,0.0,0.042,1.03,2353000000.0,3067000000.0,0.578,3067000000.0,2353000000.0,1728000000.0,1.87,1.87,1.87,7939000000.0,8103000000.0,7939000000.0,26696364671.0,11.0,8.704,324000000.0,0.498,1.0,2504000000.0,0.472,4337000000.0,625000000.0,31538000000.0,31548250000.0,423000000.0,2091000000.0,0.0,2091000000.0,18449000000.0,2513000000.0,15936000000.0,15951364671.0,-82000000.0,-389000000.0,429000000.0,378000000.0,-674000000.0,62000000.0,-2226000000.0,-14000000.0,2088000000.0,-6000000.0,1215000000.0,1215000000.0,1215000000.0,-12000000.0,96000000.0,0.229,685000000.0,1819000000.0,496000000.0,0.551,2.009,13.129,13.118,17591000000.0,0.0,24.53,3.006,3.005,886000000.0,1871000000.0,5306000000.0,5306000000.0,0.0,0.045,0.15,0.075,0.443,0.0,0.0,1.0,650279848.0,650000000.0,652000000.0,8.163,22878000000.0,0.0,513000000.0,3946000000.0,35.197,-905000000.0
22,SE1,MRT,2011-06-30,2011-06-30,2011-06-30,2020-10-20,1867000000.0,27939000000.0,26823000000.0,1942000000.0,25997000000.0,0.194,12.994,-1588000000.0,538000000.0,538000000.0,2732000000.0,1249000000.0,0.887,2.209,11283000000.0,643000000.0,10640000000.0,11283000000.0,0.0,699000000.0,0.0,0.037,1.02,2259000000.0,2958000000.0,0.569,2958000000.0,2259000000.0,1632000000.0,1.78,1.78,1.78,8446000000.0,7985750000.0,8446000000.0,28908475471.0,13.0,9.773,327000000.0,0.503,1.0,2470000000.0,0.475,4421000000.0,627000000.0,32074000000.0,30928250000.0,264000000.0,2111000000.0,0.0,2111000000.0,18656000000.0,2189000000.0,16467000000.0,17813475471.0,432000000.0,-498000000.0,429000000.0,959000000.0,-666000000.0,663000000.0,-2151000000.0,-71000000.0,1915000000.0,5000000.0,1158000000.0,1158000000.0,1158000000.0,-6000000.0,91000000.0,0.223,671000000.0,1799000000.0,592000000.0,0.573,2.109,15.383,15.399,17801000000.0,0.0,27.41,3.424,3.425,914000000.0,1787000000.0,5202000000.0,5202000000.0,0.0,0.043,0.145,0.073,0.434,0.0,0.0,1.0,649889656.0,650000000.0,652000000.0,8.003,23518000000.0,0.0,474000000.0,3943000000.0,36.182,-247000000.0
23,SE1,MRT,2011-03-31,2011-03-31,2011-03-31,2020-10-20,1803000000.0,27151000000.0,25855500000.0,1517000000.0,25634000000.0,0.196,12.663,-1499000000.0,140000000.0,140000000.0,2688000000.0,1133000000.0,0.655,2.221,11235000000.0,978000000.0,10257000000.0,11235000000.0,0.0,677000000.0,0.0,0.037,1.01,2099000000.0,2776000000.0,0.547,2776000000.0,2099000000.0,1473000000.0,1.61,1.61,1.61,8218000000.0,7676500000.0,8218000000.0,28819409652.0,14.0,10.382,161000000.0,0.248,1.0,2389000000.0,0.471,4396000000.0,626000000.0,31533000000.0,29741000000.0,143000000.0,2061000000.0,0.0,2061000000.0,18250000000.0,2317000000.0,15933000000.0,17629409652.0,27000000.0,-486000000.0,216000000.0,1070000000.0,-659000000.0,576000000.0,-2212000000.0,-231000000.0,1660000000.0,3000000.0,1048000000.0,1048000000.0,1048000000.0,3000000.0,85000000.0,0.206,650000000.0,1739000000.0,460000000.0,0.627,2.145,16.822,16.882,17430000000.0,0.0,27.18,3.472,3.474,1016000000.0,1674000000.0,5077000000.0,5077000000.0,0.0,0.041,0.137,0.071,0.413,0.0,0.0,1.0,648616985.0,649000000.0,651000000.0,7.823,22755000000.0,0.0,425000000.0,3797000000.0,35.062,-800000000.0
24,SE1,MRT,2010-12-31,2010-12-31,2010-12-31,2020-10-20,1595000000.0,26686000000.0,25179500000.0,1638000000.0,25048000000.0,0.196,12.051,-1346000000.0,130000000.0,130000000.0,2631000000.0,1129000000.0,0.649,2.331,11320000000.0,1151000000.0,10169000000.0,11320000000.0,0.0,664000000.0,0.0,0.04,1.0,2062000000.0,2726000000.0,0.551,2726000000.0,2062000000.0,1432000000.0,1.62,1.61,1.62,7809000000.0,7496250000.0,7809000000.0,27042065706.0,13.0,9.92,62000000.0,0.096,1.0,2314000000.0,0.468,4305000000.0,630000000.0,31048000000.0,28851750000.0,287000000.0,2033000000.0,0.0,2033000000.0,18199000000.0,2523000000.0,15676000000.0,16199065706.0,-36000000.0,-485000000.0,216000000.0,1152000000.0,-650000000.0,656000000.0,-2101000000.0,-265000000.0,1408000000.0,1000000.0,1049000000.0,1049000000.0,1049000000.0,-6000000.0,80000000.0,0.212,640000000.0,1674000000.0,369000000.0,0.617,2.074,15.442,15.426,16980000000.0,0.0,24.99,3.276,3.275,1018000000.0,1487000000.0,4945000000.0,4945000000.0,0.0,0.042,0.14,0.071,0.417,0.0,0.0,1.0,648221917.0,648000000.0,650000000.0,7.631,22381000000.0,0.0,383000000.0,3614000000.0,34.539,-885000000.0
25,SE1,MRT,2010-09-30,2010-09-30,2010-09-30,2020-10-20,1430000000.0,25516000000.0,24530750000.0,1422000000.0,24094000000.0,0.198,11.528,-1148000000.0,156000000.0,156000000.0,2668000000.0,1028000000.0,0.464,2.341,10999000000.0,1722000000.0,9277000000.0,10999000000.0,0.0,651000000.0,0.0,0.044,1.0,1913000000.0,2564000000.0,0.528,2564000000.0,1913000000.0,1283000000.0,1.46,1.46,1.46,7470000000.0,7304250000.0,7470000000.0,24391831765.0,13.0,9.513,352000000.0,0.543,1.0,2192000000.0,0.451,4236000000.0,630000000.0,29058000000.0,27939750000.0,371000000.0,2003000000.0,0.0,2003000000.0,17487000000.0,3065000000.0,14422000000.0,14612831765.0,-277000000.0,-476000000.0,0.0,600000000.0,-647000000.0,-108000000.0,-1702000000.0,-175000000.0,1500000000.0,33000000.0,949000000.0,949000000.0,949000000.0,-19000000.0,79000000.0,0.195,637000000.0,1555000000.0,353000000.0,0.685,1.956,15.398,15.445,16375000000.0,0.0,22.55,3.007,3.007,699000000.0,1338000000.0,4860000000.0,4860000000.0,0.0,0.039,0.13,0.068,0.394,0.0,0.0,1.0,648019147.0,648000000.0,650000000.0,7.5,21280000000.0,0.0,334000000.0,3282000000.0,32.84,-1643000000.0
26,SE1,MRT,2010-06-30,2010-06-30,2010-06-30,2020-10-20,1212000000.0,24069000000.0,24136250000.0,1240000000.0,22829000000.0,0.198,11.125,-1102000000.0,106000000.0,106000000.0,2587000000.0,1021000000.0,0.476,2.262,9885000000.0,1215000000.0,8670000000.0,9885000000.0,0.0,636000000.0,0.0,0.05,1.0,1893000000.0,2529000000.0,0.53,2529000000.0,1893000000.0,1262000000.0,1.46,1.46,1.46,7209000000.0,7171250000.0,7209000000.0,22799108302.0,12.0,9.015,470000000.0,0.725,1.0,2187000000.0,0.458,3917000000.0,631000000.0,27325000000.0,27558750000.0,296000000.0,1957000000.0,0.0,1957000000.0,16308000000.0,2606000000.0,13702000000.0,13005108302.0,-186000000.0,201000000.0,0.0,-63000000.0,-642000000.0,-769000000.0,-998000000.0,-156000000.0,1572000000.0,9000000.0,943000000.0,943000000.0,943000000.0,-19000000.0,78000000.0,0.198,620000000.0,1567000000.0,420000000.0,0.685,1.804,13.791,13.747,15557000000.0,0.0,20.07,2.724,2.724,661000000.0,1303000000.0,4774000000.0,4774000000.0,0.0,0.039,0.131,0.069,0.397,0.0,0.0,1.0,647987459.0,648000000.0,650000000.0,7.367,20152000000.0,0.0,319000000.0,3231000000.0,31.099,-1366000000.0
27,SE1,MRT,2010-03-31,2010-03-31,2010-03-31,2020-10-20,1519000000.0,24447000000.0,23783500000.0,1269000000.0,23178000000.0,0.195,11.569,-1009000000.0,158000000.0,158000000.0,2498000000.0,987000000.0,0.576,2.187,9952000000.0,864000000.0,9088000000.0,9952000000.0,0.0,623000000.0,0.0,0.044,1.0,1838000000.0,2461000000.0,0.529,2461000000.0,1838000000.0,1219000000.0,1.41,1.41,1.41,7497000000.0,6980750000.0,7497000000.0,24309798704.0,13.0,9.878,665000000.0,1.026,1.0,2150000000.0,0.463,4062000000.0,619000000.0,27976000000.0,27218000000.0,202000000.0,2006000000.0,0.0,2006000000.0,16393000000.0,2203000000.0,14190000000.0,14587798704.0,-99000000.0,16000000.0,208000000.0,-104000000.0,-635000000.0,-700000000.0,-1100000000.0,-155000000.0,1674000000.0,27000000.0,909000000.0,909000000.0,909000000.0,-18000000.0,78000000.0,0.196,608000000.0,1542000000.0,416000000.0,0.709,1.946,16.048,15.979,15706000000.0,0.0,22.53,3.139,3.141,772000000.0,1293000000.0,4648000000.0,4648000000.0,0.0,0.038,0.13,0.068,0.395,0.0,0.0,1.0,647483298.0,648000000.0,649000000.0,7.173,20385000000.0,0.0,310000000.0,3305000000.0,31.458,-934000000.0
28,SE1,MRT,2009-12-31,2009-12-31,2009-12-31,2020-10-20,1307000000.0,24091000000.0,23026000000.0,1429000000.0,22662000000.0,0.198,10.967,-980000000.0,166000000.0,166000000.0,2504000000.0,924000000.0,0.573,2.345,9918000000.0,971000000.0,8947000000.0,9918000000.0,0.0,598000000.0,0.0,0.049,1.0,1811000000.0,2409000000.0,0.529,2409000000.0,1811000000.0,1201000000.0,1.32,1.32,1.32,7041000000.0,6603250000.0,7041000000.0,23018952064.0,13.0,9.555,780000000.0,1.215,1.0,2048000000.0,0.45,3948000000.0,610000000.0,27400000000.0,26416750000.0,321000000.0,2001000000.0,0.0,2001000000.0,16510000000.0,2495000000.0,14015000000.0,13264952064.0,-39000000.0,-6000000.0,656000000.0,-670000000.0,-631000000.0,-803000000.0,-1021000000.0,-89000000.0,1760000000.0,25000000.0,849000000.0,849000000.0,849000000.0,-5000000.0,75000000.0,0.187,573000000.0,1475000000.0,333000000.0,0.758,1.884,15.624,15.538,15347000000.0,0.0,20.51,2.914,2.893,778000000.0,1088000000.0,4552000000.0,4552000000.0,0.0,0.037,0.129,0.069,0.398,0.0,0.0,1.0,646755342.0,642000000.0,643000000.0,7.09,20143000000.0,0.0,352000000.0,3348000000.0,31.375,-1066000000.0
29,SE1,MRT,2009-09-30,2009-09-30,2009-09-30,2020-10-20,1217000000.0,23938000000.0,22484250000.0,1527000000.0,22411000000.0,0.201,10.74,-1177000000.0,450000000.0,450000000.0,2576000000.0,874000000.0,0.677,2.372,10204000000.0,857000000.0,9347000000.0,10204000000.0,0.0,576000000.0,0.0,0.053,1.0,1725000000.0,2301000000.0,0.51,2301000000.0,1725000000.0,1103000000.0,1.28,1.28,1.28,6938000000.0,6228000000.0,6938000000.0,21516488183.0,12.0,9.351,499000000.0,0.772,1.0,1939000000.0,0.429,3901000000.0,622000000.0,27534000000.0,25899750000.0,350000000.0,1997000000.0,0.0,1997000000.0,16458000000.0,2257000000.0,14201000000.0,12233488183.0,186000000.0,-9000000.0,656000000.0,-295000000.0,-625000000.0,-429000000.0,-1039000000.0,91000000.0,1676000000.0,-22000000.0,803000000.0,803000000.0,803000000.0,-6000000.0,71000000.0,0.178,540000000.0,1399000000.0,192000000.0,0.781,1.763,15.235,14.797,15109000000.0,0.0,18.94,2.71,2.71,569000000.0,1041000000.0,4515000000.0,4515000000.0,0.0,0.036,0.129,0.067,0.382,0.0,0.0,1.0,645907507.0,646000000.0,647000000.0,6.989,20037000000.0,0.0,300000000.0,3211000000.0,31.017,-730000000.0
30,SE1,MRT,2009-06-30,2009-06-30,2009-06-30,2020-10-20,770000000.0,22658000000.0,22376500000.0,1231000000.0,21427000000.0,0.208,9.995,-1269000000.0,301000000.0,301000000.0,2740000000.0,974000000.0,0.529,2.43,9584000000.0,979000000.0,8605000000.0,9584000000.0,0.0,567000000.0,0.0,0.059,1.0,1924000000.0,2491000000.0,0.534,2491000000.0,1924000000.0,1299000000.0,1.46,1.46,1.46,6447000000.0,6098750000.0,6447000000.0,19919968439.0,10.0,7.997,414000000.0,0.642,1.0,1922000000.0,0.412,3654000000.0,625000000.0,25962000000.0,25868000000.0,229000000.0,2214000000.0,0.0,2214000000.0,15667000000.0,2325000000.0,13342000000.0,10912968439.0,237000000.0,-335000000.0,340000000.0,338000000.0,-620000000.0,-65000000.0,-1383000000.0,126000000.0,1683000000.0,2000000.0,908000000.0,908000000.0,908000000.0,-3000000.0,66000000.0,0.195,536000000.0,1386000000.0,260000000.0,0.685,1.693,12.019,11.589,14285000000.0,0.0,16.92,2.341,2.341,565000000.0,1012000000.0,4662000000.0,4662000000.0,0.0,0.041,0.149,0.074,0.413,0.0,0.0,1.0,644974494.0,645000000.0,646000000.0,7.228,19004000000.0,0.0,391000000.0,3097000000.0,29.464,-1094000000.0
31,SE1,MRT,2009-03-31,2009-03-31,2009-03-31,2020-10-20,331000000.0,21417000000.0,22562000000.0,1224000000.0,20193000000.0,0.215,9.533,-1404000000.0,221000000.0,221000000.0,2938000000.0,1126000000.0,0.519,2.498,9228000000.0,1197000000.0,8031000000.0,9228000000.0,0.0,573000000.0,0.0,0.069,0.98,2151000000.0,2724000000.0,0.561,2724000000.0,2151000000.0,1523000000.0,1.71,1.71,1.71,5987000000.0,6204250000.0,5987000000.0,18929824178.0,9.0,6.949,284000000.0,0.452,1.0,1920000000.0,0.395,3294000000.0,628000000.0,24771000000.0,25955000000.0,136000000.0,2327000000.0,0.0,2327000000.0,14953000000.0,2359000000.0,12594000000.0,9096824178.0,-6000000.0,-486000000.0,-152000000.0,706000000.0,-609000000.0,-52000000.0,-1633000000.0,164000000.0,1688000000.0,-9000000.0,1063000000.0,1063000000.0,1063000000.0,-2000000.0,63000000.0,0.219,508000000.0,1412000000.0,248000000.0,0.573,1.519,8.558,8.269,13411000000.0,0.0,14.14,1.873,1.828,727000000.0,1034000000.0,4858000000.0,4858000000.0,0.0,0.047,0.171,0.083,0.443,0.0,0.0,1.0,643339758.0,628000000.0,629000000.0,7.736,18123000000.0,0.0,460000000.0,2983000000.0,28.858,-1135000000.0
32,SE1,MRT,2008-12-31,2008-12-31,2008-12-31,2020-10-20,536000000.0,21924000000.0,22985750000.0,1450000000.0,20474000000.0,0.221,8.907,-1502000000.0,214000000.0,214000000.0,3067000000.0,1197000000.0,0.476,2.873,10047000000.0,1757000000.0,8290000000.0,10047000000.0,0.0,581000000.0,0.0,0.061,0.96,2261000000.0,2842000000.0,0.56,2842000000.0,2261000000.0,1625000000.0,1.82,1.81,1.82,5540000000.0,6443750000.0,5540000000.0,19839911764.0,9.0,6.981,303000000.0,0.487,1.0,2007000000.0,0.396,3381000000.0,636000000.0,25332000000.0,26150000000.0,279000000.0,2152000000.0,0.0,2152000000.0,15914000000.0,3044000000.0,12870000000.0,9617911764.0,145000000.0,-584000000.0,-600000000.0,1406000000.0,-598000000.0,214000000.0,-1863000000.0,124000000.0,1805000000.0,-11000000.0,1132000000.0,1132000000.0,1132000000.0,-2000000.0,65000000.0,0.223,527000000.0,1480000000.0,285000000.0,0.527,1.736,8.496,8.648,13639000000.0,0.0,15.74,1.896,1.929,795000000.0,899000000.0,5074000000.0,5074000000.0,0.0,0.049,0.176,0.086,0.446,0.0,0.0,1.0,611049032.0,622000000.0,624000000.0,8.158,18543000000.0,0.0,493000000.0,2894000000.0,29.812,-1594000000.0
33,SE1,MRT,2008-09-30,2008-09-30,2008-09-30,2020-10-20,1440000000.0,23507000000.0,23247250000.0,1818000000.0,21689000000.0,0.224,10.441,-1461000000.0,281000000.0,281000000.0,3106000000.0,1368000000.0,0.712,2.661,10503000000.0,1134000000.0,9369000000.0,10503000000.0,0.0,586000000.0,0.0,0.039,0.93,2466000000.0,3052000000.0,0.587,3052000000.0,2466000000.0,1830000000.0,1.99,1.99,1.99,6421000000.0,6773000000.0,6421000000.0,24290093468.0,10.0,7.959,550000000.0,0.894,1.0,2094000000.0,0.403,3767000000.0,636000000.0,27407000000.0,26293000000.0,470000000.0,2089000000.0,0.0,2089000000.0,17086000000.0,2555000000.0,14531000000.0,14633093468.0,146000000.0,-642000000.0,-370000000.0,1291000000.0,-584000000.0,124000000.0,-1991000000.0,123000000.0,2011000000.0,2000000.0,1249000000.0,1249000000.0,1249000000.0,-7000000.0,119000000.0,0.24,534000000.0,1560000000.0,349000000.0,0.467,2.279,11.716,11.96,14361000000.0,0.0,23.8,2.814,2.815,795000000.0,882000000.0,5200000000.0,5200000000.0,0.0,0.054,0.184,0.094,0.474,0.0,0.0,1.0,614835860.0,615000000.0,617000000.0,8.455,19740000000.0,0.0,581000000.0,3039000000.0,32.098,-737000000.0
34,SE1,MRT,2008-06-30,2008-06-30,2008-06-30,2020-10-20,1725000000.0,23400000000.0,23085250000.0,1519000000.0,21881000000.0,0.22,10.903,-1386000000.0,89000000.0,89000000.0,3000000000.0,1290000000.0,0.53,2.407,9746000000.0,1256000000.0,8490000000.0,9746000000.0,0.0,580000000.0,0.0,0.031,0.9,2362000000.0,2942000000.0,0.58,2942000000.0,2362000000.0,1733000000.0,1.88,1.88,1.88,6869000000.0,6845000000.0,6869000000.0,27250167338.0,12.0,9.262,568000000.0,0.902,1.0,2070000000.0,0.408,3880000000.0,629000000.0,26310000000.0,26004750000.0,216000000.0,1970000000.0,46000000.0,1924000000.0,16531000000.0,2867000000.0,13664000000.0,18191167338.0,-440000000.0,-565000000.0,-54000000.0,289000000.0,-571000000.0,-343000000.0,-2064000000.0,-115000000.0,1954000000.0,13000000.0,1187000000.0,1187000000.0,1187000000.0,-12000000.0,103000000.0,0.234,520000000.0,1550000000.0,468000000.0,0.479,2.648,15.325,15.287,14543000000.0,0.0,28.74,3.588,3.571,874000000.0,738000000.0,5070000000.0,5070000000.0,0.0,0.051,0.173,0.091,0.466,0.0,0.0,1.0,632956414.0,630000000.0,633000000.0,8.048,19520000000.0,0.0,546000000.0,3022000000.0,30.984,-1348000000.0
35,SE1,MRT,2008-03-31,2008-03-31,2008-03-31,2020-10-20,1681000000.0,23112000000.0,22676250000.0,1530000000.0,21582000000.0,0.217,10.972,-1336000000.0,252000000.0,252000000.0,2881000000.0,1177000000.0,0.555,2.328,9311000000.0,1231000000.0,8080000000.0,9311000000.0,0.0,558000000.0,0.0,0.039,0.89,2219000000.0,2777000000.0,0.564,2777000000.0,2219000000.0,1583000000.0,1.72,1.72,1.72,6945000000.0,6670250000.0,6945000000.0,23694215954.0,11.0,8.532,558000000.0,0.882,1.0,2041000000.0,0.415,3864000000.0,636000000.0,25551000000.0,25420500000.0,131000000.0,1980000000.0,14000000.0,1966000000.0,16167000000.0,2756000000.0,13411000000.0,14390215954.0,-344000000.0,-271000000.0,230000000.0,-181000000.0,-565000000.0,-550000000.0,-1742000000.0,-153000000.0,1894000000.0,54000000.0,1088000000.0,1088000000.0,1088000000.0,-25000000.0,89000000.0,0.221,532000000.0,1509000000.0,376000000.0,0.517,2.072,13.226,13.227,14168000000.0,0.0,22.75,2.924,2.926,994000000.0,589000000.0,4922000000.0,4922000000.0,0.0,0.048,0.163,0.087,0.451,0.0,0.0,1.0,632536965.0,633000000.0,635000000.0,7.776,19248000000.0,0.0,495000000.0,3082000000.0,30.408,-1226000000.0
36,SE1,MRT,2007-12-31,2007-12-31,2007-12-31,2020-10-20,1830000000.0,22970000000.0,22076250000.0,1379000000.0,21591000000.0,0.213,10.85,-1202000000.0,94000000.0,94000000.0,2773000000.0,1027000000.0,0.569,2.35,9398000000.0,1053000000.0,8345000000.0,9398000000.0,0.0,534000000.0,0.0,0.034,0.88,2030000000.0,2564000000.0,0.545,2564000000.0,2030000000.0,1397000000.0,1.51,1.51,1.51,6857000000.0,6335500000.0,6857000000.0,25693931726.0,13.0,10.021,265000000.0,0.419,1.0,1931000000.0,0.411,3948000000.0,633000000.0,25904000000.0,24836250000.0,287000000.0,1780000000.0,0.0,1780000000.0,16113000000.0,2422000000.0,13691000000.0,16325931726.0,-205000000.0,-212000000.0,230000000.0,168000000.0,-558000000.0,-191000000.0,-1544000000.0,-145000000.0,1467000000.0,63000000.0,957000000.0,957000000.0,957000000.0,-25000000.0,70000000.0,0.203,505000000.0,1426000000.0,363000000.0,0.583,2.381,17.059,17.099,14300000000.0,0.0,25.82,3.471,3.469,907000000.0,368000000.0,4704000000.0,4704000000.0,0.0,0.043,0.151,0.082,0.432,0.0,0.0,1.0,632297898.0,632000000.0,635000000.0,7.443,19022000000.0,0.0,440000000.0,2968000000.0,30.098,-1043000000.0
37,SE1,MRT,2007-09-30,2007-09-30,2007-09-30,2020-10-20,1875000000.0,22859000000.0,21420000000.0,1595000000.0,21264000000.0,0.21,10.616,-1082000000.0,135000000.0,135000000.0,2698000000.0,921000000.0,0.799,2.407,9503000000.0,910000000.0,8593000000.0,9503000000.0,0.0,541000000.0,0.0,0.027,0.66,1904000000.0,2445000000.0,0.543,2445000000.0,1904000000.0,1275000000.0,,,,6709000000.0,6031000000.0,6709000000.0,24223409645.0,13.0,9.907,105000000.0,0.166,1.0,1804000000.0,0.401,3977000000.0,629000000.0,26254000000.0,24061750000.0,444000000.0,1937000000.0,203000000.0,1734000000.0,16150000000.0,1996000000.0,14154000000.0,15474409645.0,-442000000.0,-16000000.0,0.0,10000000.0,-418000000.0,-710000000.0,-970000000.0,92000000.0,1187000000.0,51000000.0,921000000.0,921000000.0,921000000.0,-31000000.0,0.0,0.205,476000000.0,1328000000.0,227000000.0,,2.307,16.802,,13977000000.0,0.0,24.48,3.437,3.437,696000000.0,217000000.0,4502000000.0,4502000000.0,0.0,0.043,0.153,0.079,0.423,0.0,0.0,1.0,632124577.0,632000000.0,,7.123,18882000000.0,0.0,354000000.0,3160000000.0,29.877,-401000000.0
38,SE1,MRT,2007-06-30,2007-06-30,2007-06-30,2020-10-20,1449000000.0,21764000000.0,,1615000000.0,20149000000.0,,9.763,-989000000.0,529000000.0,529000000.0,2703000000.0,1134000000.0,0.58,2.527,9278000000.0,1544000000.0,7734000000.0,9278000000.0,0.0,543000000.0,0.0,0.017,0.44,2135000000.0,2678000000.0,0.606,2678000000.0,2135000000.0,1510000000.0,,,,6170000000.0,,6170000000.0,24810269651.0,12.0,9.264,173000000.0,0.274,1.0,1718000000.0,0.389,3755000000.0,625000000.0,23973000000.0,,278000000.0,1742000000.0,0.0,1742000000.0,15594000000.0,2785000000.0,12809000000.0,16402269651.0,-27000000.0,-29000000.0,0.0,1466000000.0,-279000000.0,-875000000.0,-356000000.0,497000000.0,1162000000.0,42000000.0,1134000000.0,1134000000.0,1134000000.0,-282000000.0,0.0,0.257,468000000.0,1250000000.0,343000000.0,,2.658,14.464,,13176000000.0,0.0,25.96,3.71,3.711,701000000.0,119000000.0,4421000000.0,4421000000.0,0.0,,,,0.483,0.0,0.0,1.0,631828569.0,632000000.0,,6.995,18009000000.0,0.0,376000000.0,3101000000.0,28.495,-1170000000.0
39,SE1,MRT,2007-03-31,2007-03-31,2007-03-31,2020-10-20,946000000.0,20712000000.0,,1616000000.0,19096000000.0,,8.884,-877000000.0,596000000.0,596000000.0,2687000000.0,1258000000.0,0.679,2.695,9004000000.0,1281000000.0,7723000000.0,9004000000.0,0.0,564000000.0,0.0,0.008,0.22,2239000000.0,2803000000.0,0.635,2803000000.0,2239000000.0,1622000000.0,,,,5606000000.0,,5606000000.0,18589585550.0,8.0,6.632,-312000000.0,-0.494,1.0,1730000000.0,0.392,3527000000.0,617000000.0,23214000000.0,,156000000.0,1707000000.0,0.0,1707000000.0,15106000000.0,2379000000.0,12727000000.0,16588585550.0,-164000000.0,2000000.0,0.0,875000000.0,-139000000.0,-2012000000.0,1279000000.0,1902000000.0,565000000.0,4000000.0,1258000000.0,1258000000.0,1258000000.0,-334000000.0,0.0,0.285,461000000.0,1269000000.0,305000000.0,,2.959,13.186,,12415000000.0,0.0,26.27,3.756,3.753,769000000.0,71000000.0,4417000000.0,4417000000.0,0.0,,,,0.507,0.0,0.0,1.0,631465000.0,631000000.0,,7.0,17185000000.0,0.0,364000000.0,3047000000.0,27.235,-763000000.0
40,SE1,MRT,2006-12-31,2006-12-31,2006-12-31,2020-10-20,1041000000.0,20345000000.0,27700500000.0,1625000000.0,18720000000.0,0.162,8.93,-987000000.0,299000000.0,299000000.0,2832000000.0,1244000000.0,0.689,2.608,8625000000.0,899000000.0,7726000000.0,8625000000.0,0.0,606000000.0,0.0,0.0,0.0,2242000000.0,2848000000.0,0.633,2848000000.0,2242000000.0,1637000000.0,,,,5639000000.0,8571500000.0,5639000000.0,19524153750.0,9.0,6.855,-293000000.0,-0.464,1.0,1669000000.0,0.371,3507000000.0,605000000.0,22806000000.0,28274500000.0,397000000.0,1618000000.0,0.0,1618000000.0,14706000000.0,2358000000.0,12348000000.0,17523153750.0,-192000000.0,-24000000.0,0.0,398000000.0,0.0,-2454000000.0,1569000000.0,2347000000.0,694000000.0,-1000000.0,1244000000.0,1244000000.0,1244000000.0,-312000000.0,0.0,0.276,435000000.0,1234000000.0,246000000.0,,3.107,14.086,,12394000000.0,0.0,27.75,3.893,3.893,779000000.0,0.0,4501000000.0,4501000000.0,0.0,0.045,0.145,0.079,0.498,0.0,0.0,1.0,631465000.0,631465000.0,,7.128,16838000000.0,0.0,393000000.0,3194000000.0,26.665,-733000000.0
41,SE1,MRT,2006-09-30,2006-09-30,2006-09-30,2020-10-20,,,,,,,,,,,,,,,,,,,,,,,0.0,,,,,,,,,,,,,,,,,,1.0,,,,,,,,,,,,,,,,,,,,,,,,,,,,,,,,,,,,,,,,,,,,,,,,,,,,,,1.0,631465000.0,631465000.0,,,,,,,,
42,SE1,MRT,2006-06-30,2006-06-30,2006-06-30,2020-10-20,,,,,,,,,,,,,,,,,,,,,,,0.0,,,,,,,,,,,,,,,,,,1.0,,,,,,,,,,,,,,,,,,,,,,,,,,,,,,,,,,,,,,,,,,,,,,,,,,,,,,1.0,631465000.0,631465000.0,,,,,,,,
43,SE1,MRT,2006-03-31,2006-03-31,2006-03-31,2020-10-20,,,,,,,,,,,,,,,,,,,,,,,0.0,,,,,,,,,,,,,,,,,,1.0,,,,,,,,,,,,,,,,,,,,,,,,,,,,,,,,,,,,,,,,,,,,,,,,,,,,,,1.0,631465000.0,631465000.0,,,,,,,,
44,SE1,MRT,2005-12-31,2005-12-31,2005-12-31,2020-10-20,656000000.0,35056000000.0,,6608000000.0,28448000000.0,,18.218,-997000000.0,491000000.0,491000000.0,7387000000.0,674000000.0,0.903,2.047,10267000000.0,1477000000.0,8790000000.0,10267000000.0,0.0,774000000.0,0.0,,0.0,2275000000.0,3049000000.0,0.323,3049000000.0,2275000000.0,1600000000.0,,,,11504000000.0,,11504000000.0,,,,72000000.0,0.114,1.0,2067000000.0,0.219,3775000000.0,675000000.0,33743000000.0,,444000000.0,3871000000.0,521000000.0,3350000000.0,23552000000.0,7314000000.0,16238000000.0,,-25000000.0,-317000000.0,0.0,-282000000.0,0.0,-2341000000.0,1241000000.0,1864000000.0,1069000000.0,6000000.0,674000000.0,674000000.0,674000000.0,731000000.0,0.0,0.071,214000000.0,1853000000.0,1837000000.0,,,,,15686000000.0,0.0,,,,1935000000.0,411000000.0,9454000000.0,9454000000.0,0.0,,,,0.241,0.0,0.0,1.0,631465000.0,631465000.0,,14.972,31281000000.0,0.0,926000000.0,3425000000.0,49.537,-706000000.0
45,SE1,MRT,2004-12-31,2004-12-31,2004-12-31,2020-10-20,,,,,,,,-1035000000.0,,,11002000000.0,-114000000.0,,,,,,,,1014000000.0,,,0.0,2012000000.0,3026000000.0,0.225,3026000000.0,2012000000.0,1154000000.0,,,,,,,,,,1202000000.0,,1.0,2431000000.0,0.181,,858000000.0,,,,,,,,,,,134000000.0,0.0,0.0,-2651000000.0,0.0,-2902000000.0,760000000.0,1178000000.0,2237000000.0,0.0,-114000000.0,-114000000.0,-114000000.0,-593000000.0,0.0,-0.008,1104000000.0,1327000000.0,,,,,,,0.0,,,,,,13433000000.0,13433000000.0,0.0,,,,0.15,0.0,0.0,1.0,,,,,,,1268000000.0,,,
