None,ticker,dimension,calendardate,datekey,reportperiod,lastupdated,accoci,assets,assetsavg,assetsc,assetsnc,assetturnover,bvps,capex,cashneq,cashnequsd,cor,consolinc,currentratio,de,debt,debtc,debtnc,debtusd,deferredrev,depamor,deposits,divyield,dps,ebit,ebitda,ebitdamargin,ebitdausd,ebitusd,ebt,eps,epsdil,epsusd,equity,equityavg,equityusd,ev,evebit,evebitda,fcf,fcfps,fxusd,gp,grossmargin,intangibles,intexp,invcap,invcapavg,inventory,investments,investmentsc,investmentsnc,liabilities,liabilitiesc,liabilitiesnc,marketcap,ncf,ncfbus,ncfcommon,ncfdebt,ncfdiv,ncff,ncfi,ncfinv,ncfo,ncfx,netinc,netinccmn,netinccmnusd,netincdis,netincnci,netmargin,opex,opinc,payables,payoutratio,pb,pe,pe1,ppnenet,prefdivis,price,ps,ps1,receivables,retearn,revenue,revenueusd,rnd,roa,roe,roic,ros,sbcomp,sgna,sharefactor,sharesbas,shareswa,shareswadil,sps,tangibles,taxassets,taxexp,taxliabilities,tbvps,workingcapital
0,GLW,MRY,2020-12-31,2020-12-31,2020-12-31,2021-09-07,-740000000.0,30775000000.0,29111750000.0,8004000000.0,22771000000.0,0.388,17.352,-1340000000.0,2672000000.0,2672000000.0,7772000000.0,512000000.0,2.125,1.307,7972000000.0,156000000.0,7816000000.0,7972000000.0,0.0,1520000000.0,0.0,0.024,0.88,899000000.0,2419000000.0,0.214,2419000000.0,899000000.0,623000000.0,0.54,0.54,0.54,13257000000.0,12541000000.0,13257000000.0,33068361044.0,37.0,13.67,840000000.0,1.099,1.0,3531000000.0,0.312,3768000000.0,276000000.0,28540000000.0,27836500000.0,2438000000.0,0.0,0.0,0.0,17327000000.0,3767000000.0,13560000000.0,27504361044.0,238000000.0,4000000.0,19000000.0,22000000.0,-787000000.0,-729000000.0,-1310000000.0,0.0,2180000000.0,97000000.0,512000000.0,512000000.0,512000000.0,0.0,0.0,0.045,3082000000.0,449000000.0,1174000000.0,1.63,2.075,53.719,66.667,15742000000.0,0.0,36.0,2.433,2.433,2133000000.0,16120000000.0,11303000000.0,11303000000.0,1154000000.0,0.018,0.041,0.032,0.08,207000000.0,1747000000.0,1.0,764010029.0,764010029.0,,14.794,27007000000.0,1121000000.0,111000000.0,0.0,35.349,4237000000.0
1,GLW,MRY,2019-12-31,2019-12-31,2019-12-31,2021-09-07,-1171000000.0,28898000000.0,27780750000.0,7463000000.0,21435000000.0,0.414,16.782,-1909000000.0,2434000000.0,2434000000.0,7468000000.0,960000000.0,2.12,1.232,7740000000.0,11000000.0,7729000000.0,7740000000.0,0.0,1503000000.0,0.0,0.027,0.8,1437000000.0,2940000000.0,0.256,2940000000.0,1437000000.0,1216000000.0,1.11,1.07,1.11,12907000000.0,13243250000.0,12907000000.0,27947785608.0,19.0,9.506,122000000.0,0.159,1.0,4035000000.0,0.351,3120000000.0,221000000.0,27563000000.0,26423750000.0,2320000000.0,0.0,0.0,0.0,15901000000.0,3521000000.0,12380000000.0,22388785608.0,79000000.0,0.0,-882000000.0,1531000000.0,-742000000.0,-47000000.0,-1891000000.0,0.0,2031000000.0,-14000000.0,960000000.0,960000000.0,960000000.0,0.0,0.0,0.083,2884000000.0,1151000000.0,1587000000.0,0.721,1.735,23.322,26.225,15337000000.0,0.0,29.11,1.946,1.946,1836000000.0,16408000000.0,11503000000.0,11503000000.0,1031000000.0,0.035,0.072,0.054,0.125,56000000.0,1585000000.0,1.0,769109777.0,769109777.0,,14.956,25778000000.0,1157000000.0,256000000.0,0.0,33.517,3942000000.0
2,GLW,MRY,2018-12-31,2018-12-31,2018-12-31,2021-09-07,-1010000000.0,27505000000.0,26717750000.0,7034000000.0,20471000000.0,0.423,17.231,-2291000000.0,2355000000.0,2355000000.0,6829000000.0,1066000000.0,2.124,0.987,5998000000.0,4000000.0,5994000000.0,5998000000.0,0.0,1293000000.0,0.0,0.024,0.72,1694000000.0,2987000000.0,0.265,2987000000.0,1694000000.0,1503000000.0,1.19,1.13,1.19,13792000000.0,13993000000.0,13792000000.0,27585056509.0,16.0,9.235,628000000.0,0.785,1.0,4461000000.0,0.395,3228000000.0,191000000.0,24609000000.0,23686750000.0,2037000000.0,376000000.0,0.0,376000000.0,13619000000.0,3311000000.0,10308000000.0,24180056509.0,-1962000000.0,-646000000.0,-2146000000.0,856000000.0,-685000000.0,-1995000000.0,-2887000000.0,0.0,2919000000.0,1000000.0,1066000000.0,1066000000.0,1066000000.0,0.0,0.0,0.094,3102000000.0,1359000000.0,1456000000.0,0.605,1.753,22.683,25.387,14895000000.0,0.0,30.21,2.142,2.142,1940000000.0,16303000000.0,11290000000.0,11290000000.0,993000000.0,0.04,0.076,0.072,0.15,51000000.0,1799000000.0,1.0,800399090.0,800399090.0,,14.105,24277000000.0,951000000.0,437000000.0,0.0,30.331,3723000000.0
3,GLW,MRY,2017-12-31,2017-12-31,2017-12-31,2021-09-07,-842000000.0,27494000000.0,27930750000.0,8827000000.0,18667000000.0,0.362,18.063,-1804000000.0,4317000000.0,4317000000.0,6096000000.0,-497000000.0,2.751,0.747,5128000000.0,379000000.0,4749000000.0,5128000000.0,0.0,1158000000.0,0.0,0.019,0.62,1812000000.0,2970000000.0,0.294,2970000000.0,1812000000.0,1657000000.0,-0.66,-0.66,-0.66,15698000000.0,17333750000.0,15698000000.0,28561147378.0,16.0,9.617,200000000.0,0.23,1.0,4020000000.0,0.397,2563000000.0,155000000.0,22533000000.0,22646250000.0,1712000000.0,340000000.0,0.0,340000000.0,11724000000.0,3209000000.0,8515000000.0,27801147378.0,-974000000.0,-171000000.0,-2143000000.0,1193000000.0,-651000000.0,-1624000000.0,-1710000000.0,0.0,2004000000.0,356000000.0,-497000000.0,-497000000.0,-497000000.0,0.0,0.0,-0.049,2493000000.0,1527000000.0,1439000000.0,-0.939,1.771,-55.938,-48.47,14017000000.0,0.0,31.99,2.748,2.748,1807000000.0,15930000000.0,10116000000.0,10116000000.0,864000000.0,-0.018,-0.029,0.08,0.179,46000000.0,1473000000.0,1.0,869057436.0,869057436.0,,11.64,24931000000.0,813000000.0,2154000000.0,0.0,28.687,5618000000.0
4,GLW,MRY,2016-12-31,2016-12-31,2016-12-31,2021-09-07,-1676000000.0,27899000000.0,28826500000.0,9048000000.0,18851000000.0,0.326,18.81,-1130000000.0,5291000000.0,5291000000.0,5627000000.0,3695000000.0,3.289,0.555,3902000000.0,256000000.0,3646000000.0,3902000000.0,0.0,1195000000.0,0.0,0.022,0.54,3851000000.0,5046000000.0,0.537,5046000000.0,3851000000.0,3692000000.0,3.53,3.23,3.53,17893000000.0,18285250000.0,17893000000.0,22188235119.0,6.0,4.397,1407000000.0,1.479,1.0,3763000000.0,0.401,2373000000.0,159000000.0,21386000000.0,22924500000.0,1471000000.0,336000000.0,0.0,336000000.0,9939000000.0,2751000000.0,7188000000.0,23086235119.0,791000000.0,-333000000.0,-4089000000.0,-566000000.0,-645000000.0,-5322000000.0,3662000000.0,4919000000.0,2537000000.0,-86000000.0,3695000000.0,3695000000.0,3695000000.0,0.0,0.0,0.394,2456000000.0,1307000000.0,1079000000.0,0.153,1.29,6.248,6.875,12546000000.0,0.0,24.27,2.459,2.459,1481000000.0,16880000000.0,9390000000.0,9390000000.0,736000000.0,0.128,0.202,0.168,0.41,0.0,1462000000.0,1.0,951225180.0,951225180.0,,9.871,25526000000.0,2325000000.0,-3000000.0,0.0,26.835,6297000000.0
5,GLW,MRY,2015-12-31,2015-12-31,2015-12-31,2021-09-07,-1811000000.0,28527000000.0,29159000000.0,8269000000.0,20258000000.0,0.312,15.882,-1250000000.0,4500000000.0,4500000000.0,5458000000.0,1339000000.0,2.939,0.514,4462000000.0,572000000.0,3890000000.0,4462000000.0,0.0,1184000000.0,0.0,0.026,0.48,1626000000.0,2810000000.0,0.308,2810000000.0,1626000000.0,1486000000.0,1.02,1.0,1.02,18788000000.0,20266500000.0,18788000000.0,20627956203.0,13.0,7.341,1579000000.0,1.335,1.0,3653000000.0,0.401,2086000000.0,140000000.0,23589000000.0,23866250000.0,1385000000.0,2075000000.0,100000000.0,1975000000.0,9664000000.0,2814000000.0,6850000000.0,21624956203.0,-809000000.0,-720000000.0,-3126000000.0,1212000000.0,-679000000.0,-2623000000.0,-685000000.0,660000000.0,2829000000.0,-330000000.0,1339000000.0,1339000000.0,1339000000.0,0.0,0.0,0.147,2427000000.0,1226000000.0,934000000.0,0.471,1.151,16.15,17.922,12648000000.0,0.0,18.28,2.373,2.373,1372000000.0,13832000000.0,9111000000.0,9111000000.0,769000000.0,0.046,0.066,0.068,0.178,0.0,1508000000.0,1.0,1182984475.0,1182984475.0,,7.702,26441000000.0,2056000000.0,147000000.0,0.0,22.351,5455000000.0
6,GLW,MRY,2014-12-31,2014-12-31,2014-12-31,2021-09-07,-1307000000.0,30063000000.0,29813500000.0,10238000000.0,19825000000.0,0.326,16.834,-1076000000.0,6068000000.0,6068000000.0,5663000000.0,2472000000.0,4.405,0.39,3263000000.0,36000000.0,3227000000.0,3263000000.0,0.0,1200000000.0,0.0,0.017,0.4,3691000000.0,4891000000.0,0.503,4891000000.0,3691000000.0,3568000000.0,1.82,1.73,1.82,21579000000.0,21692750000.0,21579000000.0,26971777713.0,7.0,5.515,3633000000.0,2.834,1.0,4052000000.0,0.417,1647000000.0,123000000.0,23287000000.0,23644500000.0,1322000000.0,1801000000.0,0.0,1801000000.0,8411000000.0,2324000000.0,6087000000.0,29392777713.0,605000000.0,-20000000.0,-2367000000.0,-28000000.0,-591000000.0,-2586000000.0,-962000000.0,-231000000.0,4709000000.0,-556000000.0,2472000000.0,2472000000.0,2472000000.0,0.0,0.0,0.254,2096000000.0,1956000000.0,997000000.0,0.22,1.362,11.89,12.599,12766000000.0,0.0,22.93,3.026,3.026,1501000000.0,13021000000.0,9715000000.0,9715000000.0,815000000.0,0.083,0.114,0.156,0.38,58000000.0,1202000000.0,1.0,1281848134.0,1281848134.0,,7.579,28416000000.0,2137000000.0,1096000000.0,0.0,22.168,7914000000.0
7,GLW,MRY,2013-12-31,2013-12-31,2013-12-31,2021-09-07,44000000.0,28478000000.0,28544000000.0,8891000000.0,19587000000.0,0.274,14.623,-1019000000.0,5235000000.0,5235000000.0,4495000000.0,1961000000.0,5.092,0.343,3293000000.0,21000000.0,3272000000.0,3293000000.0,0.0,1002000000.0,0.0,0.022,0.39,2593000000.0,3595000000.0,0.46,3595000000.0,2593000000.0,2473000000.0,1.35,1.34,1.35,21162000000.0,21408250000.0,21162000000.0,23182137876.0,9.0,6.448,1768000000.0,1.222,1.0,3324000000.0,0.425,1542000000.0,120000000.0,23248000000.0,22837750000.0,1270000000.0,5537000000.0,0.0,5537000000.0,7267000000.0,1746000000.0,5521000000.0,25789137876.0,-284000000.0,-586000000.0,-1431000000.0,-52000000.0,-566000000.0,-2063000000.0,-1004000000.0,513000000.0,2787000000.0,-4000000.0,1961000000.0,1961000000.0,1961000000.0,0.0,0.0,0.251,1908000000.0,1416000000.0,771000000.0,0.289,1.219,13.151,13.2,9801000000.0,0.0,17.82,3.298,3.298,1253000000.0,11320000000.0,7819000000.0,7819000000.0,710000000.0,0.069,0.092,0.114,0.332,54000000.0,1126000000.0,1.0,1447201901.0,1447201901.0,,5.403,26936000000.0,2512000000.0,512000000.0,0.0,18.612,7145000000.0
8,GLW,MRY,2012-12-31,2012-12-31,2012-12-31,2021-09-07,356000000.0,29375000000.0,29007000000.0,9695000000.0,19680000000.0,0.276,14.539,-1801000000.0,6144000000.0,6144000000.0,4693000000.0,1636000000.0,4.957,0.365,3458000000.0,76000000.0,3382000000.0,3458000000.0,0.0,997000000.0,0.0,0.025,0.315,2086000000.0,3083000000.0,0.385,3083000000.0,2086000000.0,1975000000.0,1.1,1.09,1.1,21486000000.0,21499000000.0,21486000000.0,15701359074.0,8.0,5.093,1405000000.0,0.951,1.0,3319000000.0,0.414,1496000000.0,111000000.0,23237000000.0,22942500000.0,1051000000.0,4915000000.0,0.0,4915000000.0,7842000000.0,1956000000.0,5886000000.0,18650359074.0,327000000.0,-834000000.0,-682000000.0,1055000000.0,-472000000.0,-115000000.0,-2628000000.0,-1000000.0,3206000000.0,-136000000.0,1636000000.0,1636000000.0,1636000000.0,0.0,0.0,0.204,2140000000.0,1179000000.0,779000000.0,0.286,0.868,11.4,11.473,10625000000.0,0.0,12.62,2.328,2.328,1302000000.0,9932000000.0,8012000000.0,8012000000.0,769000000.0,0.056,0.076,0.091,0.26,70000000.0,1205000000.0,1.0,1477841448.0,1477841448.0,,5.421,27879000000.0,2922000000.0,339000000.0,0.0,18.865,7739000000.0
9,GLW,MRY,2011-12-31,2011-12-31,2011-12-31,2021-09-07,-89000000.0,27848000000.0,27626500000.0,8677000000.0,19171000000.0,0.286,13.412,-2432000000.0,5825000000.0,5825000000.0,4314000000.0,2817000000.0,4.138,0.319,2391000000.0,27000000.0,2364000000.0,2391000000.0,0.0,957000000.0,0.0,0.017,0.225,3320000000.0,4277000000.0,0.542,4277000000.0,3320000000.0,3231000000.0,1.8,1.78,1.8,21078000000.0,21069250000.0,21078000000.0,16287096874.0,5.0,3.808,757000000.0,0.482,1.0,3576000000.0,0.453,926000000.0,89000000.0,21391000000.0,20796750000.0,975000000.0,4726000000.0,0.0,4726000000.0,6719000000.0,2097000000.0,4622000000.0,20399096874.0,63000000.0,-213000000.0,-690000000.0,64000000.0,-354000000.0,-980000000.0,-2056000000.0,589000000.0,3189000000.0,-90000000.0,2817000000.0,2817000000.0,2817000000.0,0.0,0.0,0.357,1864000000.0,1712000000.0,977000000.0,0.125,0.968,7.241,7.211,10671000000.0,0.0,12.98,2.585,2.585,1082000000.0,9332000000.0,7890000000.0,7890000000.0,668000000.0,0.102,0.134,0.16,0.421,86000000.0,1028000000.0,1.0,1571579112.0,1571579112.0,,5.02,26922000000.0,3100000000.0,414000000.0,0.0,17.131,6580000000.0
10,GLW,MRY,2010-12-31,2010-12-31,2010-12-31,2021-09-07,43000000.0,25833000000.0,23692750000.0,8859000000.0,16974000000.0,0.28,12.397,-1007000000.0,6350000000.0,6350000000.0,3583000000.0,3558000000.0,4.461,0.331,2319000000.0,57000000.0,2262000000.0,2319000000.0,0.0,854000000.0,0.0,0.01,0.2,3954000000.0,4808000000.0,0.725,4808000000.0,3954000000.0,3845000000.0,2.28,2.25,2.28,19375000000.0,17771250000.0,19375000000.0,27580820058.0,7.0,5.736,2828000000.0,1.809,1.0,3049000000.0,0.46,716000000.0,109000000.0,19100000000.0,18686250000.0,738000000.0,4372000000.0,0.0,4372000000.0,6407000000.0,1986000000.0,4421000000.0,30194820058.0,2057000000.0,-62000000.0,70000000.0,241000000.0,-313000000.0,-2000000.0,-1769000000.0,-707000000.0,3835000000.0,-7000000.0,3558000000.0,3558000000.0,3558000000.0,0.0,0.0,0.536,1248000000.0,1801000000.0,798000000.0,0.088,1.558,8.486,8.474,8943000000.0,0.0,19.32,4.553,4.553,973000000.0,6881000000.0,6632000000.0,6632000000.0,603000000.0,0.15,0.2,0.212,0.596,92000000.0,1015000000.0,1.0,1562878885.0,1562878885.0,,4.243,25117000000.0,3221000000.0,287000000.0,0.0,16.071,6873000000.0
11,GLW,MRY,2009-12-31,2009-12-31,2009-12-31,2021-09-07,-401000000.0,21295000000.0,19956000000.0,5521000000.0,15774000000.0,0.27,9.988,-890000000.0,3583000000.0,3583000000.0,3302000000.0,2008000000.0,3.587,0.367,2004000000.0,74000000.0,1930000000.0,2004000000.0,0.0,792000000.0,0.0,0.01,0.2,2016000000.0,2808000000.0,0.52,2808000000.0,2016000000.0,1934000000.0,1.3,1.28,1.3,15543000000.0,14240000000.0,15543000000.0,29138165852.0,14.0,10.377,1187000000.0,0.763,1.0,2093000000.0,0.388,676000000.0,82000000.0,17501000000.0,16804500000.0,579000000.0,3992000000.0,0.0,3992000000.0,5700000000.0,1539000000.0,4161000000.0,30048165852.0,668000000.0,-389000000.0,44000000.0,250000000.0,-312000000.0,-15000000.0,-1370000000.0,-91000000.0,2077000000.0,-24000000.0,2008000000.0,2008000000.0,2008000000.0,0.0,0.0,0.372,1702000000.0,391000000.0,550000000.0,0.154,1.933,14.964,14.854,7995000000.0,0.0,19.31,5.57,5.57,753000000.0,3636000000.0,5395000000.0,5395000000.0,563000000.0,0.101,0.141,0.12,0.374,127000000.0,881000000.0,1.0,1556093519.0,1556093519.0,,3.467,20619000000.0,3217000000.0,-74000000.0,0.0,13.25,3982000000.0
12,GLW,MRY,2008-12-31,2008-12-31,2008-12-31,2021-09-07,-643000000.0,19256000000.0,18422250000.0,4619000000.0,14637000000.0,0.323,8.649,-1921000000.0,2816000000.0,2816000000.0,3210000000.0,5257000000.0,2.251,0.429,1605000000.0,78000000.0,1527000000.0,1605000000.0,0.0,695000000.0,0.0,0.021,0.2,2941000000.0,3636000000.0,0.611,3636000000.0,2941000000.0,2882000000.0,3.37,3.32,3.37,13443000000.0,12823000000.0,13443000000.0,13185740579.0,4.0,3.626,207000000.0,0.133,1.0,2738000000.0,0.46,305000000.0,59000000.0,15688000000.0,14504000000.0,798000000.0,3056000000.0,0.0,3056000000.0,5765000000.0,2052000000.0,3713000000.0,14812740579.0,-343000000.0,4000000.0,-522000000.0,-24000000.0,-313000000.0,-798000000.0,-1699000000.0,218000000.0,2128000000.0,26000000.0,5257000000.0,5257000000.0,5257000000.0,0.0,0.0,0.884,1240000000.0,1498000000.0,846000000.0,0.059,1.102,2.818,2.828,8199000000.0,0.0,9.53,2.49,2.49,512000000.0,1940000000.0,5948000000.0,5948000000.0,627000000.0,0.285,0.41,0.203,0.494,118000000.0,901000000.0,1.0,1554327448.0,1554327448.0,,3.827,18951000000.0,3090000000.0,-2375000000.0,0.0,12.192,2567000000.0
13,GLW,MRY,2007-12-31,2007-12-31,2007-12-31,2021-09-07,-90000000.0,15215000000.0,14047250000.0,5294000000.0,9921000000.0,0.417,6.026,-1262000000.0,3516000000.0,3516000000.0,3111000000.0,2150000000.0,2.107,0.597,1537000000.0,23000000.0,1514000000.0,1537000000.0,0.0,607000000.0,0.0,0.004,0.1,2353000000.0,2960000000.0,0.505,2960000000.0,2353000000.0,2271000000.0,1.37,1.34,1.37,9496000000.0,8526000000.0,9496000000.0,35956259867.0,15.0,12.147,815000000.0,0.517,1.0,2749000000.0,0.469,308000000.0,82000000.0,10416000000.0,9695750000.0,631000000.0,3036000000.0,0.0,3036000000.0,5673000000.0,2512000000.0,3161000000.0,37804259867.0,1059000000.0,-9000000.0,-120000000.0,-258000000.0,-158000000.0,-539000000.0,-561000000.0,710000000.0,2077000000.0,82000000.0,2150000000.0,2150000000.0,2150000000.0,0.0,0.0,0.367,1668000000.0,1081000000.0,609000000.0,0.073,3.981,17.583,17.511,5986000000.0,0.0,23.99,6.451,6.451,856000000.0,-3002000000.0,5860000000.0,5860000000.0,565000000.0,0.153,0.252,0.243,0.402,138000000.0,912000000.0,1.0,1575834092.0,1575834092.0,,3.719,14907000000.0,256000000.0,121000000.0,0.0,9.46,2782000000.0
14,GLW,MRY,2006-12-31,2006-12-31,2006-12-31,2021-09-07,-360000000.0,13065000000.0,12467000000.0,4798000000.0,8267000000.0,0.415,4.632,-1182000000.0,3167000000.0,3167000000.0,2891000000.0,1855000000.0,2.069,0.797,1716000000.0,20000000.0,1696000000.0,1716000000.0,0.0,591000000.0,0.0,0.0,0.0,1986000000.0,2577000000.0,0.498,2577000000.0,1986000000.0,1910000000.0,1.2,1.16,1.2,7246000000.0,6789500000.0,7246000000.0,28186086865.0,14.0,10.938,621000000.0,0.397,1.0,2283000000.0,0.441,316000000.0,76000000.0,8979000000.0,8745000000.0,639000000.0,2522000000.0,0.0,2522000000.0,5774000000.0,2319000000.0,3455000000.0,29268086865.0,-185000000.0,-4000000.0,329000000.0,-136000000.0,0.0,180000000.0,-2181000000.0,-995000000.0,1803000000.0,13000000.0,1855000000.0,1855000000.0,1855000000.0,0.0,0.0,0.359,1437000000.0,846000000.0,631000000.0,0.0,4.039,15.778,15.592,5193000000.0,0.0,18.71,5.657,5.657,719000000.0,-4992000000.0,5174000000.0,5174000000.0,517000000.0,0.149,0.273,0.227,0.384,127000000.0,857000000.0,1.0,1564301810.0,1564301810.0,,3.308,12749000000.0,161000000.0,55000000.0,0.0,8.15,2479000000.0
15,GLW,MRY,2005-12-31,2005-12-31,2005-12-31,2021-09-07,178000000.0,11207000000.0,10550750000.0,3860000000.0,7347000000.0,0.434,3.6,-1553000000.0,2434000000.0,2434000000.0,2595000000.0,585000000.0,1.629,1.035,1807000000.0,18000000.0,1789000000.0,1807000000.0,0.0,512000000.0,0.0,0.0,0.0,1271000000.0,1783000000.0,0.389,1783000000.0,1271000000.0,1163000000.0,0.4,0.38,0.4,5487000000.0,4851750000.0,5487000000.0,29640022360.0,23.0,16.624,386000000.0,0.253,1.0,1984000000.0,0.433,338000000.0,108000000.0,7872000000.0,7903250000.0,570000000.0,1729000000.0,0.0,1729000000.0,5677000000.0,2370000000.0,3307000000.0,29961022360.0,333000000.0,18000000.0,567000000.0,-406000000.0,0.0,147000000.0,-1712000000.0,-216000000.0,1939000000.0,-41000000.0,585000000.0,585000000.0,585000000.0,0.0,0.0,0.128,1392000000.0,592000000.0,690000000.0,0.0,5.46,51.215,49.15,4675000000.0,0.0,19.66,6.543,6.543,629000000.0,-6847000000.0,4579000000.0,4579000000.0,443000000.0,0.055,0.121,0.161,0.278,29000000.0,756000000.0,1.0,1523958411.0,1523958411.0,,3.005,10869000000.0,54000000.0,578000000.0,0.0,7.132,1490000000.0
16,GLW,MRY,2004-12-31,2004-12-31,2004-12-31,2021-09-07,156000000.0,9770000000.0,10240250000.0,3283000000.0,6487000000.0,0.376,2.639,-857000000.0,1881000000.0,1881000000.0,2439000000.0,-2231000000.0,1.324,1.632,2692000000.0,478000000.0,2214000000.0,2692000000.0,0.0,523000000.0,0.0,0.0,0.0,-1014000000.0,-491000000.0,-0.127,-491000000.0,-1014000000.0,-1147000000.0,-1.61,-1.61,-1.61,3701000000.0,4760250000.0,3701000000.0,17417350017.0,-17.0,-35.473,152000000.0,0.108,1.0,1415000000.0,0.367,398000000.0,133000000.0,7704000000.0,8259250000.0,535000000.0,1510000000.0,0.0,1510000000.0,6040000000.0,2479000000.0,3561000000.0,16504350017.0,321000000.0,149000000.0,91000000.0,173000000.0,0.0,265000000.0,-992000000.0,-296000000.0,1009000000.0,39000000.0,-2231000000.0,-2231000000.0,-2231000000.0,-20000000.0,0.0,-0.579,2900000000.0,-1485000000.0,682000000.0,0.0,4.459,-7.398,-7.311,3941000000.0,0.0,11.77,4.282,4.282,585000000.0,-7432000000.0,3854000000.0,3854000000.0,355000000.0,-0.218,-0.469,-0.123,-0.263,8000000.0,653000000.0,1.0,1402238744.0,1402238744.0,,2.748,9372000000.0,566000000.0,1084000000.0,0.0,6.684,804000000.0
17,GLW,MRY,2003-12-31,2003-12-31,2003-12-31,2021-09-07,98000000.0,10752000000.0,10858000000.0,2694000000.0,8058000000.0,0.285,4.109,-366000000.0,1266000000.0,1266000000.0,2241000000.0,-280000000.0,1.735,0.961,2814000000.0,146000000.0,2668000000.0,2814000000.0,0.0,517000000.0,0.0,0.0,0.0,-438000000.0,79000000.0,0.026,79000000.0,-438000000.0,-587000000.0,-0.22,-0.22,-0.22,5464000000.0,5041250000.0,5464000000.0,15254247411.0,-35.0,193.092,-233000000.0,-0.175,1.0,849000000.0,0.275,1901000000.0,149000000.0,8846000000.0,9021000000.0,467000000.0,1045000000.0,0.0,1045000000.0,5252000000.0,1553000000.0,3699000000.0,13869247411.0,-388000000.0,49000000.0,666000000.0,-1370000000.0,0.0,-708000000.0,127000000.0,435000000.0,133000000.0,60000000.0,-280000000.0,-280000000.0,-280000000.0,0.0,0.0,-0.091,1627000000.0,-778000000.0,333000000.0,0.0,2.538,-49.533,-47.409,3620000000.0,0.0,10.43,4.488,4.488,525000000.0,-5144000000.0,3090000000.0,3090000000.0,344000000.0,-0.026,-0.056,-0.049,-0.142,1000000.0,599000000.0,1.0,1329745677.0,1329745677.0,,2.324,8851000000.0,1467000000.0,-307000000.0,0.0,6.656,1141000000.0
18,GLW,MRY,2002-12-31,2002-12-31,2002-12-31,2021-09-07,-170000000.0,11406000000.0,11940500000.0,3825000000.0,7581000000.0,0.265,4.086,-357000000.0,2172000000.0,2172000000.0,2562000000.0,-1302000000.0,2.277,1.431,4167000000.0,204000000.0,3963000000.0,4167000000.0,0.0,661000000.0,0.0,0.0,0.0,-1849000000.0,-1188000000.0,-0.375,-1188000000.0,-1849000000.0,-2028000000.0,-1.39,-1.39,-1.39,4691000000.0,5119500000.0,4691000000.0,6512879245.0,-4.0,-5.482,-681000000.0,-0.593,1.0,602000000.0,0.19,1928000000.0,179000000.0,9793000000.0,10795250000.0,559000000.0,769000000.0,0.0,769000000.0,6715000000.0,1680000000.0,5035000000.0,3799879245.0,154000000.0,823000000.0,21000000.0,-804000000.0,0.0,-314000000.0,689000000.0,223000000.0,-324000000.0,43000000.0,-1302000000.0,-1430000000.0,-1430000000.0,-478000000.0,0.0,-0.452,3360000000.0,-2758000000.0,339000000.0,0.0,0.81,-2.657,-2.381,3705000000.0,128000000.0,3.31,1.201,1.201,828000000.0,-4921000000.0,3164000000.0,3164000000.0,483000000.0,-0.12,-0.279,-0.171,-0.584,0.0,716000000.0,1.0,1147999772.0,1147999772.0,,2.756,9478000000.0,1183000000.0,-726000000.0,0.0,8.256,2145000000.0
19,GLW,MRY,2001-12-31,2001-12-31,2001-12-31,2021-09-07,-193000000.0,12793000000.0,13825250000.0,4107000000.0,8686000000.0,0.437,5.725,-1741000000.0,2219000000.0,2219000000.0,4227000000.0,-5498000000.0,2.06,1.363,4940000000.0,477000000.0,4463000000.0,4940000000.0,0.0,1060000000.0,0.0,0.013,0.12,-5813000000.0,-4753000000.0,-0.786,-4753000000.0,-5813000000.0,-5966000000.0,-5.89,-5.89,-5.89,5414000000.0,7033250000.0,5414000000.0,12573135617.0,-2.0,-2.645,-359000000.0,-0.38,1.0,1820000000.0,0.301,2289000000.0,153000000.0,11231000000.0,11260250000.0,725000000.0,778000000.0,0.0,778000000.0,7379000000.0,1994000000.0,5385000000.0,8436135617.0,-42000000.0,1000000.0,247000000.0,812000000.0,-113000000.0,904000000.0,-2316000000.0,-467000000.0,1382000000.0,-7000000.0,-5498000000.0,-5499000000.0,-5499000000.0,-34000000.0,0.0,-0.909,7896000000.0,-6076000000.0,441000000.0,-0.02,1.558,-1.534,-1.514,5097000000.0,1000000.0,8.92,1.395,1.395,742000000.0,-3610000000.0,6047000000.0,6047000000.0,622000000.0,-0.398,-0.782,-0.516,-0.961,157000000.0,1090000000.0,1.0,945755114.0,945755114.0,,6.394,10504000000.0,660000000.0,-468000000.0,0.0,11.106,2113000000.0
20,GLW,MRY,2000-12-31,2000-12-31,2000-12-31,2021-09-07,-127000000.0,17526000000.0,12665575000.0,4634000000.0,12892000000.0,0.546,12.026,-1485000000.0,1794000000.0,1794000000.0,4009000000.0,422000000.0,2.378,0.648,4094000000.0,128000000.0,3966000000.0,4094000000.0,0.0,747000000.0,0.0,0.005,0.24,912000000.0,1659000000.0,0.24,1659000000.0,912000000.0,805000000.0,0.49,0.48,0.49,10633000000.0,7742325000.0,10633000000.0,48647114995.0,53.0,29.323,-112000000.0,-0.127,1.0,2911000000.0,0.421,7340000000.0,107000000.0,10537000000.0,9308525000.0,1040000000.0,650000000.0,0.0,650000000.0,6893000000.0,1949000000.0,4944000000.0,46693914995.0,799000000.0,-4973000000.0,4744000000.0,2173000000.0,-211000000.0,6649000000.0,-7223000000.0,-770000000.0,1373000000.0,-5000000.0,422000000.0,421000000.0,421000000.0,-59000000.0,0.0,0.061,2288000000.0,623000000.0,855000000.0,0.49,4.391,110.912,107.776,4679000000.0,1000000.0,52.81,6.748,6.748,1302000000.0,2001000000.0,6920000000.0,6920000000.0,531000000.0,0.033,0.054,0.098,0.132,352000000.0,1041000000.0,1.0,884186991.0,884186991.0,,7.826,10186000000.0,172000000.0,383000000.0,61000000.0,11.52,2685000000.0
21,GLW,MRY,1999-12-31,1999-12-31,1999-12-31,2021-09-07,-30600000.0,6526000000.0,5714175000.0,1984200000.0,4541800000.0,0.83,3.354,-757000000.0,121800000.0,121800000.0,2930000000.0,516000000.0,1.277,1.65,1911100000.0,420700000.0,1490400000.0,1911100000.0,0.0,376000000.0,0.0,0.006,0.24,816000000.0,1192000000.0,0.251,1192000000.0,816000000.0,723000000.0,0.67,0.66,0.67,2462700000.0,2111850000.0,2462700000.0,33068147572.0,41.0,27.742,110000000.0,0.15,1.0,1811000000.0,0.382,506700000.0,93000000.0,6254600000.0,5702950000.0,602200000.0,663000000.0,158600000.0,504400000.0,4063300000.0,1554000000.0,2509300000.0,31552747572.0,221000000.0,-120000000.0,17000000.0,482000000.0,-177000000.0,304000000.0,-933000000.0,-38000000.0,867000000.0,-4000000.0,516000000.0,516000000.0,516000000.0,-5000000.0,0.0,0.109,1085000000.0,726000000.0,418000000.0,0.358,12.812,61.149,64.129,3201700000.0,0.0,42.967,6.655,6.655,872400000.0,1790000000.0,4741000000.0,4741000000.0,378000000.0,0.09,0.244,0.143,0.172,67000000.0,667000000.0,1.0,734354094.0,734354094.0,,6.456,6019300000.0,229200000.0,207000000.0,0.0,8.197,430200000.0
22,GLW,MRY,1998-12-31,1998-12-31,1998-12-31,2021-09-07,3200000.0,5464300000.0,4926375000.0,1475700000.0,3988600000.0,0.796,2.461,-589200000.0,20800000.0,20800000.0,2360500000.0,421300000.0,1.308,2.202,1424500000.0,206700000.0,1217800000.0,1424500000.0,0.0,297900000.0,0.0,0.016,0.24,637600000.0,935500000.0,0.239,935500000.0,637600000.0,570800000.0,0.57,0.56,0.57,1706600000.0,1447250000.0,1706600000.0,11532266635.0,18.0,12.327,93000000.0,0.134,1.0,1561100000.0,0.398,506200000.0,66800000.0,5233800000.0,4914750000.0,536000000.0,415600000.0,38400000.0,377200000.0,3757700000.0,1128000000.0,2629700000.0,10402366635.0,-46400000.0,508100000.0,-45600000.0,-154200000.0,-168300000.0,-378200000.0,-182800000.0,0.0,682200000.0,4400000.0,421300000.0,421300000.0,421300000.0,-66500000.0,0.0,0.107,957000000.0,604100000.0,312500000.0,0.421,6.095,24.691,26.316,2783900000.0,0.0,15.0,2.653,2.653,696000000.0,1451100000.0,3921600000.0,3921600000.0,307400000.0,0.086,0.291,0.13,0.163,13800000.0,542800000.0,1.0,693491109.0,693491109.0,,5.655,4958100000.0,184500000.0,149500000.0,0.0,7.149,347700000.0
23,GLW,MRY,1997-12-31,1997-12-31,1997-12-31,2021-09-07,-32200000.0,4691900000.0,4528625000.0,1199100000.0,3492800000.0,0.855,1.797,-702200000.0,61000000.0,61000000.0,2224300000.0,461500000.0,1.252,2.764,1338800000.0,213000000.0,1125800000.0,1338800000.0,0.0,305000000.0,0.0,0.208,2.573,767800000.0,1072800000.0,0.277,1072800000.0,767800000.0,684800000.0,0.63,0.607,0.63,1246500000.0,1151050000.0,1246500000.0,9864146982.0,13.0,9.195,-2700000.0,-0.004,1.0,1645800000.0,0.425,294200000.0,83000000.0,4717800000.0,4602850000.0,428300000.0,346000000.0,36000000.0,310000000.0,3445400000.0,957700000.0,2487700000.0,8583146982.0,-115600000.0,-61900000.0,-25600000.0,110200000.0,-167800000.0,-83400000.0,-756100000.0,-8800000.0,699500000.0,2400000.0,461500000.0,461500000.0,461500000.0,-30900000.0,0.0,0.119,878100000.0,767700000.0,300000000.0,4.084,6.886,18.598,19.646,2267900000.0,0.0,12.377,2.218,2.218,559700000.0,1296000000.0,3870100000.0,3870100000.0,262900000.0,0.102,0.401,0.167,0.198,0.0,593400000.0,1.0,693494235.0,693494235.0,,5.581,4397700000.0,114100000.0,223300000.0,0.0,6.341,241400000.0
24,GLW,MRY,1996-12-31,1996-12-31,1996-12-31,2021-09-07,43600000.0,4183400000.0,4822550000.0,1177400000.0,3006000000.0,0.633,1.411,-524300000.0,43800000.0,43800000.0,1830100000.0,175600000.0,1.608,3.353,1248600000.0,53500000.0,1195100000.0,1248600000.0,0.0,252300000.0,0.0,0.016,0.24,384200000.0,636500000.0,0.208,636500000.0,384200000.0,327000000.0,0.253,0.26,0.253,961100000.0,1532050000.0,961100000.0,,,,-3200000.0,-0.005,1.0,1223600000.0,0.401,259900000.0,57200000.0,4396100000.0,5097850000.0,364500000.0,508500000.0,171300000.0,337200000.0,3222300000.0,732200000.0,2490100000.0,10601936664.0,38400000.0,634900000.0,-40500000.0,-239600000.0,-167200000.0,-438700000.0,117600000.0,-12700000.0,521100000.0,-2200000.0,175600000.0,175600000.0,175600000.0,147700000.0,0.0,0.058,688600000.0,535000000.0,247300000.0,0.949,11.031,60.375,60.935,1808600000.0,0.0,15.417,3.472,3.44,485900000.0,1024000000.0,3053700000.0,3053700000.0,189200000.0,0.036,0.115,0.075,0.126,0.0,499400000.0,1.0,687693189.0,681300000.0,,4.482,3923500000.0,111900000.0,151400000.0,0.0,5.759,445200000.0
25,GLW,MRY,1995-12-31,1995-12-31,1995-12-31,2021-09-07,56500000.0,5461700000.0,,1196400000.0,4265300000.0,,3.094,-318800000.0,72400000.0,72400000.0,1608700000.0,-50800000.0,1.612,1.597,1483100000.0,143100000.0,1340000000.0,1483100000.0,0.0,221100000.0,0.0,0.022,0.24,113100000.0,334200000.0,0.125,334200000.0,113100000.0,56500000.0,-0.077,-0.077,-0.077,2103000000.0,,2103000000.0,,,,215600000.0,0.317,1.0,1062700000.0,0.398,330800000.0,56600000.0,5799600000.0,,426500000.0,480100000.0,115200000.0,364900000.0,3358700000.0,742000000.0,2616700000.0,,45500000.0,-3100000.0,-8800000.0,82200000.0,-167200000.0,-93800000.0,-355000000.0,-28100000.0,534400000.0,1200000.0,-50800000.0,-50800000.0,-50800000.0,-26500000.0,0.0,-0.019,602800000.0,459900000.0,202600000.0,-3.117,,,-138.528,1599600000.0,0.0,10.667,,2.714,479500000.0,1496500000.0,2671400000.0,2671400000.0,172200000.0,,,,0.042,0.0,404100000.0,1.0,,679800000.0,,3.93,5130900000.0,102800000.0,107300000.0,0.0,7.548,454400000.0
26,GLW,MRY,1993-12-31,1994-01-01,1994-01-01,2021-09-07,,,,,,,,-153000000.0,,,1950000000.0,281300000.0,,,,,,,,242700000.0,,0.024,0.227,459500000.0,702200000.0,0.226,702200000.0,459500000.0,393900000.0,0.44,,0.44,,,,,,,202700000.0,0.319,1.0,1159900000.0,0.373,,65600000.0,,,,,,,,,,,-6700000.0,-390700000.0,247700000.0,-272400000.0,-152200000.0,254000000.0,-569400000.0,-14100000.0,355700000.0,3300000.0,281300000.0,281300000.0,281300000.0,-59000000.0,0.0,0.09,712400000.0,447500000.0,,0.516,,,21.212,,0.0,9.333,,1.907,,,3109900000.0,3109900000.0,176600000.0,,,,0.148,0.0,535800000.0,1.0,,635400000.0,,4.894,,,112600000.0,,,
0,GLW,MRQ,2021-06-30,2021-06-30,2021-06-30,2021-09-07,-1052000000.0,29806000000.0,,7648000000.0,22158000000.0,,14.048,-307000000.0,2320000000.0,2320000000.0,2186000000.0,449000000.0,1.654,1.477,7378000000.0,353000000.0,7025000000.0,7378000000.0,0.0,369000000.0,0.0,0.022,0.24,594000000.0,963000000.0,0.275,963000000.0,594000000.0,516000000.0,-0.42,-0.42,-0.42,11960000000.0,,11960000000.0,39756494429.0,16.0,10.096,464000000.0,0.545,1.0,1315000000.0,0.376,3661000000.0,78000000.0,26579000000.0,,2387000000.0,0.0,0.0,0.0,17664000000.0,4624000000.0,13040000000.0,34820494429.0,-548000000.0,163000000.0,30000000.0,-435000000.0,-234000000.0,-1199000000.0,-127000000.0,0.0,771000000.0,7000000.0,449000000.0,449000000.0,449000000.0,0.0,0.0,0.128,733000000.0,582000000.0,1312000000.0,-0.571,2.911,20.162,35.565,15455000000.0,0.0,40.9,2.65,2.65,2057000000.0,15739000000.0,3501000000.0,3501000000.0,242000000.0,,,,,78000000.0,465000000.0,1.0,851356832.0,851356832.0,,4.112,26145000000.0,1051000000.0,67000000.0,0.0,30.71,3024000000.0
1,GLW,MRQ,2021-03-31,2021-03-31,2021-03-31,2021-09-07,-1092000000.0,30143000000.0,,8103000000.0,22040000000.0,,17.399,-289000000.0,2868000000.0,2868000000.0,2134000000.0,599000000.0,2.307,1.241,7804000000.0,154000000.0,7650000000.0,7804000000.0,0.0,362000000.0,0.0,0.021,0.24,902000000.0,1264000000.0,0.384,1264000000.0,902000000.0,825000000.0,0.75,0.67,0.75,13369000000.0,,13369000000.0,38731686850.0,21.0,11.579,434000000.0,0.565,1.0,1156000000.0,0.351,3688000000.0,77000000.0,27878000000.0,,2361000000.0,0.0,0.0,0.0,16585000000.0,3513000000.0,13072000000.0,33431686850.0,196000000.0,24000000.0,51000000.0,-25000000.0,-208000000.0,-190000000.0,-288000000.0,0.0,723000000.0,-49000000.0,599000000.0,599000000.0,599000000.0,0.0,0.0,0.182,537000000.0,619000000.0,1272000000.0,0.32,2.501,28.284,30.215,15364000000.0,0.0,43.51,2.74,2.74,1900000000.0,16509000000.0,3290000000.0,3290000000.0,222000000.0,,,,,0.0,400000000.0,1.0,768367889.0,768367889.0,,4.282,26455000000.0,992000000.0,226000000.0,0.0,34.43,4590000000.0
2,GLW,MRQ,2020-12-31,2020-12-31,2020-12-31,2021-09-07,-740000000.0,30775000000.0,,8004000000.0,22771000000.0,,17.352,-381000000.0,2672000000.0,2672000000.0,2137000000.0,252000000.0,2.125,1.307,7972000000.0,156000000.0,7816000000.0,7972000000.0,0.0,392000000.0,0.0,0.024,0.22,405000000.0,797000000.0,0.238,797000000.0,405000000.0,330000000.0,0.29,0.3,0.29,13257000000.0,,13257000000.0,33068361044.0,37.0,13.67,393000000.0,0.514,1.0,1213000000.0,0.362,3768000000.0,75000000.0,28540000000.0,,2438000000.0,0.0,0.0,0.0,17327000000.0,3767000000.0,13560000000.0,27504361044.0,158000000.0,4000000.0,75000000.0,-190000000.0,-200000000.0,-314000000.0,-378000000.0,0.0,774000000.0,76000000.0,252000000.0,252000000.0,252000000.0,0.0,0.0,0.075,726000000.0,487000000.0,1174000000.0,0.759,2.075,53.719,66.667,15742000000.0,0.0,36.0,2.433,2.433,2133000000.0,16120000000.0,3350000000.0,3350000000.0,232000000.0,,,,,80000000.0,471000000.0,1.0,764010029.0,764010029.0,,4.385,27007000000.0,1121000000.0,78000000.0,0.0,35.349,4237000000.0
3,GLW,MRQ,2020-09-30,2020-09-30,2020-09-30,2021-09-07,-1134000000.0,30267000000.0,,8058000000.0,22209000000.0,,16.619,-153000000.0,2514000000.0,2514000000.0,2000000000.0,427000000.0,2.094,1.375,8078000000.0,256000000.0,7822000000.0,8078000000.0,0.0,394000000.0,0.0,0.027,0.22,520000000.0,914000000.0,0.305,914000000.0,520000000.0,450000000.0,0.53,0.48,0.53,12660000000.0,,12660000000.0,30340170207.0,53.0,14.51,455000000.0,0.597,1.0,1001000000.0,0.334,3759000000.0,70000000.0,28223000000.0,,2581000000.0,354000000.0,0.0,354000000.0,17410000000.0,3849000000.0,13561000000.0,24689170207.0,356000000.0,0.0,36000000.0,3000000.0,-204000000.0,-143000000.0,-148000000.0,0.0,608000000.0,39000000.0,427000000.0,427000000.0,427000000.0,0.0,0.0,0.142,806000000.0,195000000.0,1176000000.0,0.415,1.95,92.469,129.64,15449000000.0,0.0,32.41,2.292,2.292,2099000000.0,16065000000.0,3001000000.0,3001000000.0,231000000.0,,,,,62000000.0,480000000.0,1.0,761776310.0,761776310.0,,3.939,26508000000.0,1173000000.0,23000000.0,0.0,34.798,4209000000.0
4,GLW,MRQ,2020-06-30,2020-06-30,2020-06-30,2021-09-07,-1432000000.0,27546000000.0,,6846000000.0,20700000000.0,,15.834,-261000000.0,2158000000.0,2158000000.0,1805000000.0,-71000000.0,2.267,1.279,7809000000.0,12000000.0,7797000000.0,7809000000.0,0.0,352000000.0,0.0,0.032,0.22,18000000.0,370000000.0,0.144,370000000.0,18000000.0,-49000000.0,-0.13,-0.13,-0.13,12049000000.0,,12049000000.0,25510552527.0,50.0,12.53,289000000.0,0.38,1.0,756000000.0,0.295,2997000000.0,67000000.0,27180000000.0,,2235000000.0,329000000.0,0.0,329000000.0,15413000000.0,3020000000.0,12393000000.0,19708552527.0,133000000.0,-5000000.0,6000000.0,9000000.0,-191000000.0,-178000000.0,-245000000.0,0.0,550000000.0,6000000.0,-71000000.0,-96000000.0,-96000000.0,0.0,0.0,-0.037,857000000.0,-101000000.0,1109000000.0,-1.692,1.636,111.348,215.833,14691000000.0,25000000.0,25.9,1.841,1.841,1712000000.0,15847000000.0,2561000000.0,2561000000.0,430000000.0,,,,,65000000.0,401000000.0,1.0,760947974.0,760947974.0,,3.366,24549000000.0,1266000000.0,22000000.0,0.0,32.261,3826000000.0
5,GLW,MRQ,2020-03-31,2020-03-31,2020-03-31,2021-09-07,-1497000000.0,27859000000.0,,6946000000.0,20913000000.0,,15.974,-545000000.0,2025000000.0,2025000000.0,1830000000.0,-96000000.0,2.177,1.277,7827000000.0,12000000.0,7815000000.0,7827000000.0,0.0,382000000.0,0.0,0.04,0.22,-44000000.0,338000000.0,0.141,338000000.0,-44000000.0,-108000000.0,-0.16,-0.16,-0.16,12198000000.0,,12198000000.0,20990924584.0,27.0,9.063,-297000000.0,-0.389,1.0,561000000.0,0.235,3067000000.0,64000000.0,27403000000.0,,2347000000.0,320000000.0,0.0,320000000.0,15572000000.0,3191000000.0,12381000000.0,15684924584.0,-409000000.0,0.0,-98000000.0,200000000.0,-192000000.0,-94000000.0,-539000000.0,0.0,248000000.0,-24000000.0,-96000000.0,-96000000.0,-96000000.0,0.0,0.0,-0.04,693000000.0,-132000000.0,1250000000.0,-1.375,1.286,42.972,60.412,14932000000.0,0.0,20.54,1.415,1.415,1708000000.0,16114000000.0,2391000000.0,2391000000.0,261000000.0,,,,,0.0,395000000.0,1.0,763628266.0,763628266.0,,3.131,24792000000.0,1181000000.0,-12000000.0,0.0,32.466,3755000000.0
6,GLW,MRQ,2019-12-31,2019-12-31,2019-12-31,2021-09-07,-1171000000.0,28898000000.0,,7463000000.0,21435000000.0,,16.782,-369000000.0,2434000000.0,2434000000.0,1963000000.0,32000000.0,2.12,1.232,7740000000.0,11000000.0,7729000000.0,7740000000.0,0.0,392000000.0,0.0,0.027,0.2,77000000.0,469000000.0,0.166,469000000.0,77000000.0,17000000.0,0.01,0.04,0.01,12907000000.0,,12907000000.0,27947785608.0,19.0,9.506,649000000.0,0.844,1.0,854000000.0,0.303,3120000000.0,60000000.0,27563000000.0,,2320000000.0,0.0,0.0,0.0,15901000000.0,3521000000.0,12380000000.0,22388785608.0,1463000000.0,0.0,-217000000.0,1182000000.0,-188000000.0,786000000.0,-357000000.0,0.0,1018000000.0,16000000.0,32000000.0,32000000.0,32000000.0,0.0,0.0,0.011,803000000.0,51000000.0,1587000000.0,20.0,1.735,23.322,26.225,15337000000.0,0.0,29.11,1.946,1.946,1836000000.0,16408000000.0,2817000000.0,2817000000.0,278000000.0,,,,,13000000.0,401000000.0,1.0,769109777.0,769109777.0,,3.663,25778000000.0,1157000000.0,-15000000.0,0.0,33.517,3942000000.0
7,GLW,MRQ,2019-09-30,2019-09-30,2019-09-30,2021-09-07,-1387000000.0,27329000000.0,,6156000000.0,21173000000.0,,16.692,-446000000.0,971000000.0,971000000.0,1917000000.0,337000000.0,1.71,1.089,6530000000.0,305000000.0,6225000000.0,6530000000.0,0.0,396000000.0,0.0,0.027,0.2,463000000.0,859000000.0,0.293,859000000.0,463000000.0,408000000.0,0.4,0.38,0.4,13034000000.0,,13034000000.0,27627301115.0,16.0,8.639,443000000.0,0.567,1.0,1017000000.0,0.347,3130000000.0,55000000.0,26158000000.0,,2337000000.0,339000000.0,0.0,339000000.0,14195000000.0,3600000000.0,10595000000.0,22270301115.0,-207000000.0,0.0,-294000000.0,-97000000.0,-192000000.0,-571000000.0,-500000000.0,0.0,889000000.0,-25000000.0,337000000.0,337000000.0,337000000.0,0.0,0.0,0.115,667000000.0,350000000.0,1447000000.0,0.5,1.709,18.254,19.806,15083000000.0,0.0,28.52,1.9,1.9,2024000000.0,16555000000.0,2934000000.0,2934000000.0,255000000.0,,,,,13000000.0,369000000.0,1.0,780866098.0,780866098.0,,3.757,24199000000.0,1109000000.0,71000000.0,0.0,30.99,2556000000.0
8,GLW,MRQ,2019-06-30,2019-06-30,2019-06-30,2021-09-07,-1130000000.0,27575000000.0,,6311000000.0,21264000000.0,,17.107,-570000000.0,1178000000.0,1178000000.0,1875000000.0,92000000.0,1.847,1.047,6535000000.0,455000000.0,6080000000.0,6535000000.0,0.0,380000000.0,0.0,0.023,0.2,270000000.0,650000000.0,0.221,650000000.0,270000000.0,216000000.0,0.09,0.09,0.09,13425000000.0,,13425000000.0,30646383096.0,15.0,8.857,-417000000.0,-0.531,1.0,1065000000.0,0.362,3178000000.0,54000000.0,26338000000.0,,2291000000.0,344000000.0,0.0,344000000.0,14054000000.0,3416000000.0,10638000000.0,26077383096.0,-278000000.0,0.0,-114000000.0,446000000.0,-181000000.0,131000000.0,-551000000.0,0.0,153000000.0,-11000000.0,92000000.0,92000000.0,92000000.0,0.0,0.0,0.031,726000000.0,339000000.0,1297000000.0,2.222,1.942,17.293,18.564,15137000000.0,0.0,33.23,2.211,2.211,2103000000.0,16399000000.0,2940000000.0,2940000000.0,249000000.0,,,,,30000000.0,414000000.0,1.0,784754231.0,784754231.0,,3.746,24397000000.0,1053000000.0,124000000.0,0.0,31.089,2895000000.0
9,GLW,MRQ,2019-03-31,2019-03-31,2019-03-31,2021-09-07,-1166000000.0,27321000000.0,,6349000000.0,20972000000.0,,17.295,-524000000.0,1456000000.0,1456000000.0,1713000000.0,499000000.0,2.076,1.001,6025000000.0,7000000.0,6018000000.0,6025000000.0,0.0,335000000.0,0.0,0.022,0.2,627000000.0,962000000.0,0.342,962000000.0,627000000.0,575000000.0,0.61,0.55,0.61,13607000000.0,,13607000000.0,29684791516.0,11.0,7.35,-553000000.0,-0.703,1.0,1099000000.0,0.391,3195000000.0,52000000.0,25636000000.0,,2190000000.0,346000000.0,0.0,346000000.0,13615000000.0,3059000000.0,10556000000.0,26041791516.0,-899000000.0,0.0,-257000000.0,0.0,-181000000.0,-393000000.0,-483000000.0,0.0,-29000000.0,6000000.0,499000000.0,499000000.0,499000000.0,0.0,0.0,0.177,688000000.0,411000000.0,1278000000.0,0.328,1.914,12.09,12.879,14878000000.0,0.0,33.1,2.245,2.245,1974000000.0,16489000000.0,2812000000.0,2812000000.0,249000000.0,,,,,0.0,401000000.0,1.0,786761073.0,786761073.0,,3.574,24126000000.0,1051000000.0,76000000.0,0.0,30.665,3290000000.0
10,GLW,MRQ,2018-12-31,2018-12-31,2018-12-31,2021-09-07,-1010000000.0,27505000000.0,,7034000000.0,20471000000.0,,17.231,-599000000.0,2355000000.0,2355000000.0,1833000000.0,292000000.0,2.124,0.987,5998000000.0,4000000.0,5994000000.0,5998000000.0,0.0,330000000.0,0.0,0.024,0.18,397000000.0,727000000.0,0.24,727000000.0,397000000.0,346000000.0,0.34,0.31,0.34,13792000000.0,,13792000000.0,27585056509.0,16.0,9.235,342000000.0,0.427,1.0,1202000000.0,0.396,3228000000.0,51000000.0,24609000000.0,,2037000000.0,376000000.0,0.0,376000000.0,13619000000.0,3311000000.0,10308000000.0,24180056509.0,452000000.0,-38000000.0,-340000000.0,635000000.0,-168000000.0,121000000.0,-621000000.0,0.0,941000000.0,11000000.0,292000000.0,292000000.0,292000000.0,0.0,0.0,0.096,943000000.0,259000000.0,1456000000.0,0.529,1.753,22.683,25.387,14895000000.0,0.0,30.21,2.142,2.142,1940000000.0,16303000000.0,3035000000.0,3035000000.0,265000000.0,,,,,51000000.0,447000000.0,1.0,800399090.0,800399090.0,,3.792,24277000000.0,951000000.0,54000000.0,0.0,30.331,3723000000.0
11,GLW,MRQ,2018-09-30,2018-09-30,2018-09-30,2021-09-07,-1136000000.0,26392000000.0,,6632000000.0,19760000000.0,,17.148,-515000000.0,1903000000.0,1903000000.0,1776000000.0,625000000.0,2.131,0.894,5308000000.0,252000000.0,5056000000.0,5308000000.0,0.0,318000000.0,0.0,0.02,0.18,803000000.0,1121000000.0,0.373,1121000000.0,803000000.0,758000000.0,0.75,0.67,0.75,13890000000.0,,13890000000.0,31921529676.0,17.0,10.054,428000000.0,0.528,1.0,1232000000.0,0.41,3239000000.0,45000000.0,23446000000.0,,1921000000.0,322000000.0,0.0,322000000.0,12414000000.0,3112000000.0,9302000000.0,28593529676.0,-120000000.0,-10000000.0,-366000000.0,0.0,-169000000.0,-538000000.0,-511000000.0,0.0,943000000.0,-14000000.0,625000000.0,625000000.0,625000000.0,0.0,0.0,0.208,698000000.0,534000000.0,1092000000.0,0.24,2.059,-44.817,-51.159,14345000000.0,0.0,35.3,2.625,2.625,1973000000.0,16186000000.0,3008000000.0,3008000000.0,244000000.0,,,,,0.0,439000000.0,1.0,810015005.0,810015005.0,,3.714,23153000000.0,831000000.0,133000000.0,0.0,28.583,3520000000.0
12,GLW,MRQ,2018-06-30,2018-06-30,2018-06-30,2021-09-07,-1035000000.0,26140000000.0,,6484000000.0,19656000000.0,,16.712,-522000000.0,2023000000.0,2023000000.0,1675000000.0,738000000.0,2.23,0.878,5351000000.0,252000000.0,5099000000.0,5351000000.0,0.0,322000000.0,0.0,0.024,0.18,907000000.0,1229000000.0,0.447,1229000000.0,907000000.0,864000000.0,0.87,0.78,0.87,13877000000.0,,13877000000.0,24934896946.0,15.0,8.706,193000000.0,0.232,1.0,1072000000.0,0.39,3250000000.0,43000000.0,23310000000.0,,1896000000.0,339000000.0,0.0,339000000.0,12189000000.0,2908000000.0,9281000000.0,22842896946.0,-1073000000.0,-598000000.0,-661000000.0,221000000.0,-171000000.0,-619000000.0,-1111000000.0,0.0,715000000.0,-58000000.0,738000000.0,738000000.0,738000000.0,0.0,0.0,0.269,663000000.0,409000000.0,1111000000.0,0.207,1.646,-26.166,-26.709,14201000000.0,0.0,27.51,2.177,2.177,1842000000.0,15731000000.0,2747000000.0,2747000000.0,243000000.0,,,,,0.0,412000000.0,1.0,830348853.0,830348853.0,,3.308,22890000000.0,859000000.0,126000000.0,0.0,27.567,3576000000.0
13,GLW,MRQ,2018-03-31,2018-03-31,2018-03-31,2021-09-07,-577000000.0,26834000000.0,,7663000000.0,19171000000.0,,16.809,-655000000.0,3096000000.0,3096000000.0,1545000000.0,-589000000.0,2.559,0.857,5188000000.0,380000000.0,4808000000.0,5188000000.0,0.0,323000000.0,0.0,0.023,0.18,-413000000.0,-90000000.0,-0.036,-90000000.0,-413000000.0,-465000000.0,-0.72,-0.72,-0.72,14413000000.0,,14413000000.0,24716792372.0,18.0,9.708,-335000000.0,-0.391,1.0,955000000.0,0.382,2549000000.0,52000000.0,23382000000.0,,1834000000.0,345000000.0,0.0,345000000.0,12346000000.0,2995000000.0,9351000000.0,23905792372.0,-1221000000.0,0.0,-779000000.0,0.0,-177000000.0,-959000000.0,-644000000.0,0.0,320000000.0,62000000.0,-589000000.0,-589000000.0,-589000000.0,0.0,0.0,-0.236,798000000.0,157000000.0,1164000000.0,-0.25,1.659,-20.397,-19.361,14416000000.0,0.0,27.88,2.334,2.334,1747000000.0,15166000000.0,2500000000.0,2500000000.0,241000000.0,,,,,0.0,501000000.0,1.0,857453098.0,857453098.0,,2.916,24285000000.0,909000000.0,124000000.0,0.0,28.322,4668000000.0
14,GLW,MRQ,2017-12-31,2017-12-31,2017-12-31,2021-09-07,-842000000.0,27494000000.0,,8827000000.0,18667000000.0,,18.063,-557000000.0,4317000000.0,4317000000.0,1605000000.0,-1412000000.0,2.751,0.747,5128000000.0,379000000.0,4749000000.0,5128000000.0,0.0,306000000.0,0.0,0.019,0.155,609000000.0,915000000.0,0.347,915000000.0,609000000.0,566000000.0,-1.59,-1.55,-1.59,15698000000.0,,15698000000.0,28561147378.0,16.0,9.617,331000000.0,0.381,1.0,1032000000.0,0.391,2563000000.0,43000000.0,22533000000.0,,1712000000.0,340000000.0,0.0,340000000.0,11724000000.0,3209000000.0,8515000000.0,27801147378.0,452000000.0,0.0,-354000000.0,492000000.0,-158000000.0,-29000000.0,-492000000.0,0.0,888000000.0,85000000.0,-1412000000.0,-1412000000.0,-1412000000.0,0.0,0.0,-0.535,720000000.0,312000000.0,1439000000.0,-0.097,1.771,-55.938,-48.47,14017000000.0,0.0,31.99,2.748,2.748,1807000000.0,15930000000.0,2637000000.0,2637000000.0,241000000.0,,,,,46000000.0,401000000.0,1.0,869057436.0,869057436.0,,3.034,24931000000.0,813000000.0,1978000000.0,0.0,28.687,5618000000.0
15,GLW,MRQ,2017-09-30,2017-09-30,2017-09-30,2021-09-07,-1146000000.0,28094000000.0,,8254000000.0,19840000000.0,,19.173,-486000000.0,3865000000.0,3865000000.0,1557000000.0,390000000.0,2.693,0.619,4625000000.0,631000000.0,3994000000.0,4625000000.0,0.0,294000000.0,0.0,0.02,0.155,516000000.0,810000000.0,0.311,810000000.0,516000000.0,479000000.0,0.41,0.39,0.41,17317000000.0,,17317000000.0,26767254688.0,7.0,5.575,159000000.0,0.176,1.0,1050000000.0,0.403,2575000000.0,37000000.0,23214000000.0,,1693000000.0,352000000.0,0.0,352000000.0,10711000000.0,3065000000.0,7646000000.0,27023254688.0,-324000000.0,-133000000.0,-996000000.0,702000000.0,-160000000.0,-457000000.0,-584000000.0,-29000000.0,645000000.0,72000000.0,390000000.0,390000000.0,390000000.0,0.0,0.0,0.15,601000000.0,449000000.0,1179000000.0,0.378,1.561,10.866,11.92,13344000000.0,0.0,29.92,2.715,2.715,1748000000.0,17533000000.0,2607000000.0,2607000000.0,215000000.0,,,,,0.0,375000000.0,1.0,903183646.0,903183646.0,,2.886,25519000000.0,2641000000.0,89000000.0,0.0,28.254,5189000000.0
16,GLW,MRQ,2017-06-30,2017-06-30,2017-06-30,2021-09-07,-1201000000.0,27830000000.0,,8431000000.0,19399000000.0,,19.573,-397000000.0,4189000000.0,4189000000.0,1510000000.0,439000000.0,3.002,0.541,3933000000.0,631000000.0,3302000000.0,3933000000.0,0.0,281000000.0,0.0,0.019,0.155,630000000.0,911000000.0,0.365,911000000.0,630000000.0,592000000.0,0.46,0.42,0.46,18012000000.0,,18012000000.0,26734960391.0,8.0,5.826,-117000000.0,-0.127,1.0,987000000.0,0.395,2450000000.0,38000000.0,22316000000.0,,1616000000.0,348000000.0,0.0,348000000.0,9750000000.0,2808000000.0,6942000000.0,27652960391.0,-655000000.0,-3000000.0,-575000000.0,-1000000.0,-165000000.0,-750000000.0,-308000000.0,29000000.0,280000000.0,123000000.0,439000000.0,439000000.0,439000000.0,0.0,0.0,0.176,624000000.0,363000000.0,1096000000.0,0.337,1.535,11.614,12.679,13060000000.0,0.0,30.05,2.806,2.806,1640000000.0,17303000000.0,2497000000.0,2497000000.0,206000000.0,,,,,0.0,378000000.0,1.0,920231627.0,920231627.0,,2.713,25380000000.0,2651000000.0,153000000.0,0.0,27.58,5623000000.0
17,GLW,MRQ,2017-03-31,2017-03-31,2017-03-31,2021-09-07,-1196000000.0,28305000000.0,,8718000000.0,19587000000.0,,19.726,-364000000.0,4844000000.0,4844000000.0,1424000000.0,86000000.0,3.601,0.542,3926000000.0,257000000.0,3669000000.0,3926000000.0,0.0,277000000.0,0.0,0.021,0.155,57000000.0,334000000.0,0.141,334000000.0,57000000.0,20000000.0,0.07,0.07,0.07,18308000000.0,,18308000000.0,23669524716.0,5.0,4.141,-173000000.0,-0.186,1.0,951000000.0,0.4,2444000000.0,37000000.0,22522000000.0,,1544000000.0,365000000.0,28000000.0,337000000.0,9926000000.0,2421000000.0,7505000000.0,25058524716.0,-447000000.0,-35000000.0,-218000000.0,0.0,-168000000.0,-388000000.0,-326000000.0,0.0,191000000.0,76000000.0,86000000.0,86000000.0,86000000.0,0.0,0.0,0.036,548000000.0,403000000.0,1015000000.0,2.214,1.369,6.04,6.801,12969000000.0,0.0,27.0,2.579,2.579,1583000000.0,17030000000.0,2375000000.0,2375000000.0,202000000.0,,,,,0.0,319000000.0,1.0,928093508.0,928093508.0,,2.559,25861000000.0,2705000000.0,-66000000.0,0.0,27.865,6297000000.0
18,GLW,MRQ,2016-12-31,2016-12-31,2016-12-31,2021-09-07,-1676000000.0,27899000000.0,,9048000000.0,18851000000.0,,18.81,-315000000.0,5291000000.0,5291000000.0,1469000000.0,1572000000.0,3.289,0.555,3902000000.0,256000000.0,3646000000.0,3902000000.0,0.0,305000000.0,0.0,0.022,0.135,2441000000.0,2746000000.0,1.109,2746000000.0,2441000000.0,2404000000.0,1.57,1.42,1.57,17893000000.0,,17893000000.0,22188235119.0,6.0,4.397,1113000000.0,1.17,1.0,1007000000.0,0.407,2373000000.0,37000000.0,21386000000.0,,1471000000.0,336000000.0,0.0,336000000.0,9939000000.0,2751000000.0,7188000000.0,23086235119.0,470000000.0,-54000000.0,-291000000.0,1000000.0,-152000000.0,-450000000.0,-294000000.0,0.0,1428000000.0,-214000000.0,1572000000.0,1572000000.0,1572000000.0,0.0,0.0,0.635,589000000.0,418000000.0,1079000000.0,0.086,1.29,6.248,6.875,12546000000.0,0.0,24.27,2.459,2.459,1481000000.0,16880000000.0,2476000000.0,2476000000.0,167000000.0,,,,,0.0,358000000.0,1.0,951225180.0,951225180.0,,2.603,25526000000.0,2325000000.0,832000000.0,0.0,26.835,6297000000.0
19,GLW,MRQ,2016-09-30,2016-09-30,2016-09-30,2021-09-07,-715000000.0,28809000000.0,,8479000000.0,20330000000.0,,17.091,-282000000.0,4821000000.0,4821000000.0,1466000000.0,284000000.0,3.696,0.622,3923000000.0,7000000.0,3916000000.0,3923000000.0,0.0,300000000.0,0.0,0.022,0.135,298000000.0,598000000.0,0.239,598000000.0,298000000.0,257000000.0,0.27,0.26,0.27,17721000000.0,,17721000000.0,21575144858.0,13.0,7.678,372000000.0,0.359,1.0,1041000000.0,0.415,2366000000.0,41000000.0,23251000000.0,,1516000000.0,352000000.0,0.0,352000000.0,11022000000.0,2294000000.0,8728000000.0,24522144858.0,-2323000000.0,0.0,-2310000000.0,-272000000.0,-153000000.0,-2737000000.0,-282000000.0,0.0,654000000.0,42000000.0,284000000.0,284000000.0,284000000.0,0.0,0.0,0.113,534000000.0,507000000.0,933000000.0,0.5,1.384,10.448,11.0,13293000000.0,0.0,23.65,2.681,2.681,1645000000.0,15460000000.0,2507000000.0,2507000000.0,187000000.0,,,,,0.0,302000000.0,1.0,1036877161.0,1036877161.0,,2.418,26443000000.0,3110000000.0,-27000000.0,0.0,25.503,6185000000.0
20,GLW,MRQ,2016-06-30,2016-06-30,2016-06-30,2021-09-07,-966000000.0,30653000000.0,,10747000000.0,19906000000.0,,18.235,-263000000.0,7144000000.0,7144000000.0,1409000000.0,2207000000.0,4.39,0.56,4197000000.0,279000000.0,3918000000.0,4197000000.0,0.0,295000000.0,0.0,0.025,0.135,1743000000.0,2038000000.0,0.864,2038000000.0,1743000000.0,1703000000.0,2.06,1.87,2.06,19609000000.0,,19609000000.0,22920138017.0,15.0,8.304,272000000.0,0.253,1.0,951000000.0,0.403,2373000000.0,40000000.0,22885000000.0,,1501000000.0,346000000.0,0.0,346000000.0,10981000000.0,2448000000.0,8533000000.0,22023138017.0,3604000000.0,-279000000.0,-794000000.0,-249000000.0,-167000000.0,-1219000000.0,4314000000.0,4818000000.0,535000000.0,-26000000.0,2207000000.0,2207000000.0,2207000000.0,0.0,0.0,0.935,730000000.0,221000000.0,938000000.0,0.066,1.123,9.681,10.039,13048000000.0,0.0,20.48,2.472,2.472,1544000000.0,15331000000.0,2360000000.0,2360000000.0,192000000.0,,,,,-9000000.0,499000000.0,1.0,1075348536.0,1075348536.0,,2.195,28280000000.0,2952000000.0,-504000000.0,0.0,26.298,8299000000.0
21,GLW,MRQ,2016-03-31,2016-03-31,2016-03-31,2021-09-07,-1404000000.0,27945000000.0,,7178000000.0,20767000000.0,,16.101,-270000000.0,3540000000.0,3540000000.0,1283000000.0,-368000000.0,2.8,0.556,4437000000.0,527000000.0,3910000000.0,4437000000.0,0.0,295000000.0,0.0,0.024,0.135,-631000000.0,-336000000.0,-0.164,-336000000.0,-631000000.0,-672000000.0,-0.36,-0.36,-0.36,17918000000.0,,17918000000.0,23129169212.0,49.0,13.933,-350000000.0,-0.315,1.0,764000000.0,0.373,2102000000.0,41000000.0,24176000000.0,,1453000000.0,2072000000.0,0.0,2072000000.0,9958000000.0,2564000000.0,7394000000.0,23247169212.0,-960000000.0,0.0,-694000000.0,-46000000.0,-173000000.0,-916000000.0,-76000000.0,101000000.0,-80000000.0,112000000.0,-368000000.0,-368000000.0,-368000000.0,0.0,0.0,-0.18,603000000.0,161000000.0,836000000.0,-0.375,1.297,41.218,58.028,12823000000.0,0.0,20.89,2.614,2.614,1388000000.0,13290000000.0,2047000000.0,2047000000.0,190000000.0,,,,,9000000.0,303000000.0,1.0,1112837205.0,1112837205.0,,1.839,25843000000.0,2428000000.0,-304000000.0,0.0,23.223,4614000000.0
22,GLW,MRQ,2015-12-31,2015-12-31,2015-12-31,2021-09-07,-1811000000.0,28527000000.0,,8269000000.0,20258000000.0,,15.882,-311000000.0,4500000000.0,4500000000.0,1374000000.0,224000000.0,2.939,0.514,4462000000.0,572000000.0,3890000000.0,4462000000.0,0.0,302000000.0,0.0,0.026,0.12,208000000.0,510000000.0,0.229,510000000.0,208000000.0,169000000.0,0.18,0.18,0.18,18788000000.0,,18788000000.0,20627956203.0,13.0,7.341,673000000.0,0.569,1.0,857000000.0,0.384,2086000000.0,39000000.0,23589000000.0,,1385000000.0,2075000000.0,100000000.0,1975000000.0,9664000000.0,2814000000.0,6850000000.0,21624956203.0,60000000.0,-162000000.0,-1320000000.0,466000000.0,-160000000.0,-1034000000.0,137000000.0,473000000.0,984000000.0,-27000000.0,224000000.0,224000000.0,224000000.0,0.0,0.0,0.1,796000000.0,61000000.0,934000000.0,0.667,1.151,16.15,17.922,12648000000.0,0.0,18.28,2.373,2.373,1372000000.0,13832000000.0,2231000000.0,2231000000.0,208000000.0,,,,,-36000000.0,548000000.0,1.0,1182984475.0,1182984475.0,,1.886,26441000000.0,2056000000.0,-55000000.0,0.0,22.351,5455000000.0
23,GLW,MRQ,2015-09-30,2015-09-30,2015-09-30,2021-09-07,-1803000000.0,28898000000.0,,9253000000.0,19645000000.0,,16.312,-298000000.0,5013000000.0,5013000000.0,1380000000.0,212000000.0,4.707,0.441,4016000000.0,101000000.0,3915000000.0,4016000000.0,0.0,292000000.0,0.0,0.027,0.12,256000000.0,548000000.0,0.241,548000000.0,256000000.0,218000000.0,0.16,0.15,0.16,19997000000.0,,19997000000.0,19527009682.0,7.0,4.922,399000000.0,0.325,1.0,892000000.0,0.393,2008000000.0,38000000.0,23927000000.0,,1374000000.0,1826000000.0,0.0,1826000000.0,8828000000.0,1966000000.0,6862000000.0,20988009682.0,-528000000.0,0.0,-811000000.0,0.0,-169000000.0,-980000000.0,-199000000.0,-68000000.0,697000000.0,-46000000.0,212000000.0,212000000.0,212000000.0,0.0,0.0,0.093,532000000.0,360000000.0,909000000.0,0.75,1.05,9.98,10.835,12549000000.0,0.0,17.12,2.261,2.261,1479000000.0,13769000000.0,2272000000.0,2272000000.0,181000000.0,,,,,11000000.0,307000000.0,1.0,1225935145.0,1225935145.0,,1.853,26890000000.0,2026000000.0,6000000.0,0.0,21.934,7287000000.0
24,GLW,MRQ,2015-06-30,2015-06-30,2015-06-30,2021-09-07,-1591000000.0,29888000000.0,,9868000000.0,20020000000.0,,16.672,-308000000.0,5473000000.0,5473000000.0,1368000000.0,496000000.0,4.88,0.421,4012000000.0,102000000.0,3910000000.0,4012000000.0,0.0,299000000.0,0.0,0.022,0.12,639000000.0,938000000.0,0.4,938000000.0,639000000.0,606000000.0,0.38,0.36,0.38,20983000000.0,,20983000000.0,23035254814.0,6.0,4.462,239000000.0,0.19,1.0,975000000.0,0.416,2043000000.0,33000000.0,24362000000.0,,1385000000.0,1844000000.0,0.0,1844000000.0,8833000000.0,2022000000.0,6811000000.0,24831254814.0,664000000.0,-31000000.0,-607000000.0,746000000.0,-173000000.0,-35000000.0,90000000.0,257000000.0,547000000.0,62000000.0,496000000.0,496000000.0,496000000.0,0.0,0.0,0.212,565000000.0,410000000.0,930000000.0,0.316,1.183,8.548,9.009,12669000000.0,0.0,19.73,2.6,2.6,1545000000.0,13727000000.0,2343000000.0,2343000000.0,191000000.0,,,,,15000000.0,337000000.0,1.0,1258553209.0,1258553209.0,,1.862,27845000000.0,2099000000.0,110000000.0,0.0,22.125,7846000000.0
25,GLW,MRQ,2015-03-31,2015-03-31,2015-03-31,2021-09-07,-1556000000.0,29323000000.0,,9238000000.0,20085000000.0,,16.752,-333000000.0,5067000000.0,5067000000.0,1336000000.0,407000000.0,4.875,0.373,3271000000.0,106000000.0,3165000000.0,3271000000.0,0.0,291000000.0,0.0,0.019,0.12,523000000.0,814000000.0,0.359,814000000.0,523000000.0,493000000.0,0.3,0.29,0.3,21298000000.0,,21298000000.0,26029003266.0,7.0,5.315,268000000.0,0.211,1.0,929000000.0,0.41,2045000000.0,30000000.0,23587000000.0,,1331000000.0,1764000000.0,0.0,1764000000.0,7951000000.0,1895000000.0,6056000000.0,28834003266.0,-1005000000.0,-527000000.0,-388000000.0,0.0,-177000000.0,-574000000.0,-713000000.0,-2000000.0,601000000.0,-319000000.0,407000000.0,407000000.0,407000000.0,0.0,0.0,0.18,547000000.0,382000000.0,872000000.0,0.4,1.354,11.185,11.812,12708000000.0,0.0,22.68,2.975,2.975,1487000000.0,13405000000.0,2265000000.0,2265000000.0,189000000.0,,,,,10000000.0,316000000.0,1.0,1271340532.0,1271340532.0,,1.782,27278000000.0,2145000000.0,86000000.0,0.0,21.456,7343000000.0
26,GLW,MRQ,2014-12-31,2014-12-31,2014-12-31,2021-09-07,-1307000000.0,30063000000.0,,10238000000.0,19825000000.0,,16.834,-336000000.0,6068000000.0,6068000000.0,1408000000.0,988000000.0,4.405,0.39,3263000000.0,36000000.0,3227000000.0,3263000000.0,0.0,298000000.0,0.0,0.017,0.1,1369000000.0,1667000000.0,0.693,1667000000.0,1369000000.0,1337000000.0,0.74,0.7,0.74,21579000000.0,,21579000000.0,26971777713.0,7.0,5.515,776000000.0,0.605,1.0,996000000.0,0.414,1647000000.0,32000000.0,23287000000.0,,1322000000.0,1801000000.0,0.0,1801000000.0,8411000000.0,2324000000.0,6087000000.0,29392777713.0,-44000000.0,8000000.0,-165000000.0,-423000000.0,-152000000.0,-740000000.0,-209000000.0,-15000000.0,1112000000.0,-207000000.0,988000000.0,988000000.0,988000000.0,0.0,0.0,0.411,476000000.0,520000000.0,997000000.0,0.135,1.362,11.89,12.599,12766000000.0,0.0,22.93,3.026,3.026,1501000000.0,13021000000.0,2404000000.0,2404000000.0,210000000.0,,,,,11000000.0,222000000.0,1.0,1281848134.0,1281848134.0,,1.875,28416000000.0,2137000000.0,349000000.0,0.0,22.168,7914000000.0
27,GLW,MRQ,2014-09-30,2014-09-30,2014-09-30,2021-09-07,-489000000.0,29815000000.0,,10013000000.0,19802000000.0,,16.87,-262000000.0,6104000000.0,6104000000.0,1451000000.0,1014000000.0,4.683,0.366,3683000000.0,455000000.0,3228000000.0,3683000000.0,0.0,303000000.0,0.0,0.021,0.1,1440000000.0,1743000000.0,0.686,1743000000.0,1440000000.0,1409000000.0,0.77,0.72,0.77,21779000000.0,,21779000000.0,22770469916.0,8.0,5.597,855000000.0,0.662,1.0,1089000000.0,0.429,1653000000.0,31000000.0,23603000000.0,,1327000000.0,2002000000.0,0.0,2002000000.0,7965000000.0,2138000000.0,5827000000.0,24968469916.0,235000000.0,4000000.0,-210000000.0,5000000.0,-152000000.0,-357000000.0,-170000000.0,13000000.0,1117000000.0,-355000000.0,1014000000.0,1014000000.0,1014000000.0,0.0,0.0,0.399,514000000.0,575000000.0,716000000.0,0.13,1.146,13.107,13.914,13033000000.0,0.0,19.34,2.694,2.694,1601000000.0,12339000000.0,2540000000.0,2540000000.0,199000000.0,,,,,19000000.0,261000000.0,1.0,1291027400.0,1291027400.0,,1.967,28162000000.0,2100000000.0,395000000.0,0.0,21.814,7875000000.0
28,GLW,MRQ,2014-06-30,2014-06-30,2014-06-30,2021-09-07,185000000.0,29832000000.0,,9864000000.0,19968000000.0,,16.632,-232000000.0,5886000000.0,5886000000.0,1450000000.0,169000000.0,4.531,0.368,3688000000.0,450000000.0,3238000000.0,3688000000.0,0.0,302000000.0,0.0,0.018,0.1,371000000.0,673000000.0,0.271,673000000.0,371000000.0,341000000.0,0.11,0.11,0.11,21763000000.0,,21763000000.0,26801049298.0,13.0,8.508,511000000.0,0.391,1.0,1032000000.0,0.416,1682000000.0,30000000.0,23775000000.0,,1380000000.0,2013000000.0,0.0,2013000000.0,8000000000.0,2177000000.0,5823000000.0,28721049298.0,150000000.0,6000000.0,-141000000.0,-20000000.0,-151000000.0,-312000000.0,-282000000.0,-122000000.0,743000000.0,1000000.0,169000000.0,169000000.0,169000000.0,0.0,0.0,0.068,590000000.0,442000000.0,777000000.0,0.909,1.32,22.11,24.389,13523000000.0,0.0,21.95,3.266,3.266,1645000000.0,11478000000.0,2482000000.0,2482000000.0,208000000.0,,,,,13000000.0,322000000.0,1.0,1308476050.0,1308476050.0,,1.897,28150000000.0,2433000000.0,172000000.0,0.0,21.514,7687000000.0
29,GLW,MRQ,2014-03-31,2014-03-31,2014-03-31,2021-09-07,-70000000.0,29544000000.0,,9613000000.0,19931000000.0,,15.552,-246000000.0,5612000000.0,5612000000.0,1354000000.0,301000000.0,4.698,0.361,3692000000.0,468000000.0,3224000000.0,3692000000.0,0.0,297000000.0,0.0,0.019,0.1,511000000.0,808000000.0,0.353,808000000.0,511000000.0,481000000.0,0.21,0.2,0.21,21650000000.0,,21650000000.0,27042037545.0,11.0,7.545,1491000000.0,1.071,1.0,935000000.0,0.408,1665000000.0,30000000.0,23913000000.0,,1395000000.0,1976000000.0,0.0,1976000000.0,7825000000.0,2046000000.0,5779000000.0,28984037545.0,264000000.0,-38000000.0,-1851000000.0,410000000.0,-136000000.0,-1177000000.0,-301000000.0,-107000000.0,1737000000.0,5000000.0,301000000.0,301000000.0,301000000.0,0.0,0.0,0.131,546000000.0,389000000.0,732000000.0,0.476,1.339,16.394,17.066,13344000000.0,0.0,20.82,3.495,3.495,1588000000.0,11465000000.0,2289000000.0,2289000000.0,198000000.0,,,,,15000000.0,397000000.0,1.0,1392124762.0,1392124762.0,,1.644,27879000000.0,2501000000.0,180000000.0,0.0,20.026,7567000000.0
30,GLW,MRQ,2013-12-31,2013-12-31,2013-12-31,2021-09-07,44000000.0,28478000000.0,,8891000000.0,19587000000.0,,14.623,-337000000.0,5235000000.0,5235000000.0,1186000000.0,421000000.0,5.092,0.343,3293000000.0,21000000.0,3272000000.0,3293000000.0,0.0,249000000.0,0.0,0.022,0.1,595000000.0,844000000.0,0.431,844000000.0,595000000.0,567000000.0,0.3,0.3,0.3,21162000000.0,,21162000000.0,23182137876.0,9.0,6.448,947000000.0,0.654,1.0,770000000.0,0.394,1542000000.0,28000000.0,23248000000.0,,1270000000.0,5537000000.0,0.0,5537000000.0,7267000000.0,1746000000.0,5521000000.0,25789137876.0,144000000.0,-501000000.0,-1044000000.0,517000000.0,-140000000.0,-716000000.0,-429000000.0,354000000.0,1284000000.0,5000000.0,421000000.0,421000000.0,421000000.0,0.0,0.0,0.215,541000000.0,229000000.0,771000000.0,0.333,1.219,13.151,13.2,9801000000.0,0.0,17.82,3.298,3.298,1253000000.0,11320000000.0,1956000000.0,1956000000.0,169000000.0,,,,,14000000.0,336000000.0,1.0,1447201901.0,1447201901.0,,1.352,26936000000.0,2512000000.0,146000000.0,0.0,18.612,7145000000.0
31,GLW,MRQ,2013-09-30,2013-09-30,2013-09-30,2021-09-07,-75000000.0,28714000000.0,,9128000000.0,19586000000.0,,14.892,-244000000.0,5446000000.0,5446000000.0,1166000000.0,408000000.0,5.785,0.318,2839000000.0,23000000.0,2816000000.0,2839000000.0,0.0,248000000.0,0.0,0.026,0.1,577000000.0,825000000.0,0.399,825000000.0,577000000.0,549000000.0,0.28,0.28,0.28,21749000000.0,,21749000000.0,18730287371.0,8.0,5.79,247000000.0,0.169,1.0,901000000.0,0.436,1551000000.0,28000000.0,22978000000.0,,1275000000.0,5160000000.0,0.0,5160000000.0,6916000000.0,1578000000.0,5338000000.0,21307287371.0,-41000000.0,-10000000.0,-194000000.0,-58000000.0,-146000000.0,-354000000.0,-240000000.0,-17000000.0,491000000.0,62000000.0,408000000.0,408000000.0,408000000.0,0.0,0.0,0.197,462000000.0,439000000.0,640000000.0,0.357,0.98,12.571,12.687,9977000000.0,0.0,14.59,2.66,2.66,1392000000.0,11017000000.0,2067000000.0,2067000000.0,184000000.0,,,,,15000000.0,265000000.0,1.0,1460403521.0,1460403521.0,,1.415,27163000000.0,2712000000.0,141000000.0,0.0,18.6,7550000000.0
32,GLW,MRQ,2013-06-30,2013-06-30,2013-06-30,2021-09-07,-388000000.0,28389000000.0,,9053000000.0,19336000000.0,,14.493,-244000000.0,5471000000.0,5471000000.0,1099000000.0,638000000.0,5.669,0.324,2894000000.0,72000000.0,2822000000.0,2894000000.0,0.0,250000000.0,0.0,0.025,0.1,857000000.0,1107000000.0,0.559,1107000000.0,857000000.0,829000000.0,0.43,0.43,0.43,21378000000.0,,21378000000.0,18144514378.0,8.0,5.47,145000000.0,0.098,1.0,883000000.0,0.446,1559000000.0,28000000.0,22656000000.0,,1240000000.0,4809000000.0,0.0,4809000000.0,6935000000.0,1597000000.0,5338000000.0,20990514378.0,-196000000.0,-75000000.0,-205000000.0,-3000000.0,-147000000.0,-364000000.0,-213000000.0,105000000.0,389000000.0,-8000000.0,638000000.0,638000000.0,638000000.0,0.0,0.0,0.322,459000000.0,424000000.0,721000000.0,0.233,0.982,11.533,11.569,9954000000.0,0.0,14.23,2.63,2.63,1296000000.0,10754000000.0,1982000000.0,1982000000.0,179000000.0,,,,,14000000.0,266000000.0,1.0,1475088853.0,1475088853.0,,1.344,26830000000.0,2735000000.0,191000000.0,0.0,18.189,7456000000.0
33,GLW,MRQ,2013-03-31,2013-03-31,2013-03-31,2021-09-07,-132000000.0,28595000000.0,,9269000000.0,19326000000.0,,14.496,-194000000.0,5775000000.0,5775000000.0,1044000000.0,494000000.0,5.164,0.338,2929000000.0,74000000.0,2855000000.0,2929000000.0,0.0,255000000.0,0.0,0.025,0.09,564000000.0,819000000.0,0.451,819000000.0,564000000.0,528000000.0,0.33,0.33,0.33,21344000000.0,,21344000000.0,16941075857.0,8.0,5.554,429000000.0,0.291,1.0,770000000.0,0.424,1485000000.0,36000000.0,22469000000.0,,1171000000.0,4726000000.0,0.0,4726000000.0,7205000000.0,1795000000.0,5410000000.0,19627075857.0,-191000000.0,0.0,12000000.0,-508000000.0,-133000000.0,-629000000.0,-122000000.0,71000000.0,623000000.0,-63000000.0,494000000.0,494000000.0,494000000.0,0.0,0.0,0.272,446000000.0,324000000.0,762000000.0,0.273,0.92,11.852,12.009,10171000000.0,0.0,13.33,2.483,2.483,1243000000.0,10262000000.0,1814000000.0,1814000000.0,178000000.0,,,,,11000000.0,259000000.0,1.0,1472398789.0,1472398789.0,,1.232,27110000000.0,2906000000.0,34000000.0,0.0,18.412,7474000000.0
34,GLW,MRQ,2012-12-31,2012-12-31,2012-12-31,2021-09-07,356000000.0,29375000000.0,,9695000000.0,19680000000.0,,14.539,-526000000.0,6144000000.0,6144000000.0,1348000000.0,155000000.0,4.957,0.365,3458000000.0,76000000.0,3382000000.0,3458000000.0,0.0,267000000.0,0.0,0.025,0.09,217000000.0,484000000.0,0.226,484000000.0,217000000.0,182000000.0,0.11,0.11,0.11,21486000000.0,,21486000000.0,15701359074.0,8.0,5.093,714000000.0,0.483,1.0,798000000.0,0.372,1496000000.0,35000000.0,23237000000.0,,1051000000.0,4915000000.0,0.0,4915000000.0,7842000000.0,1956000000.0,5886000000.0,18650359074.0,36000000.0,-723000000.0,-128000000.0,50000000.0,-133000000.0,-209000000.0,-1007000000.0,240000000.0,1240000000.0,12000000.0,155000000.0,155000000.0,155000000.0,0.0,0.0,0.072,719000000.0,79000000.0,779000000.0,0.818,0.868,11.4,11.473,10625000000.0,0.0,12.62,2.328,2.328,1302000000.0,9932000000.0,2146000000.0,2146000000.0,218000000.0,,,,,14000000.0,357000000.0,1.0,1477841448.0,1477841448.0,,1.452,27879000000.0,2922000000.0,27000000.0,0.0,18.865,7739000000.0
35,GLW,MRQ,2012-09-30,2012-09-30,2012-09-30,2021-09-07,105000000.0,29410000000.0,,9516000000.0,19894000000.0,,14.667,-422000000.0,6351000000.0,6351000000.0,1149000000.0,533000000.0,4.789,0.345,3402000000.0,130000000.0,3272000000.0,3402000000.0,0.0,248000000.0,0.0,0.023,0.075,659000000.0,907000000.0,0.445,907000000.0,659000000.0,627000000.0,0.36,0.36,0.36,21839000000.0,,21839000000.0,16493588830.0,7.0,4.804,212000000.0,0.142,1.0,889000000.0,0.436,912000000.0,32000000.0,23562000000.0,,1003000000.0,5172000000.0,0.0,5172000000.0,7524000000.0,1987000000.0,5537000000.0,19580588830.0,-56000000.0,0.0,-187000000.0,133000000.0,-112000000.0,-166000000.0,-482000000.0,-62000000.0,634000000.0,-42000000.0,533000000.0,533000000.0,533000000.0,0.0,0.0,0.262,478000000.0,411000000.0,901000000.0,0.208,0.897,9.869,10.115,11036000000.0,0.0,13.15,2.526,2.526,1248000000.0,10438000000.0,2038000000.0,2038000000.0,182000000.0,,,,,16000000.0,289000000.0,1.0,1489018162.0,1489018162.0,,1.369,28498000000.0,2991000000.0,94000000.0,0.0,19.139,7529000000.0
36,GLW,MRQ,2012-06-30,2012-06-30,2012-06-30,2021-09-07,-136000000.0,28754000000.0,,9378000000.0,19376000000.0,,14.071,-441000000.0,6345000000.0,6345000000.0,1100000000.0,474000000.0,4.957,0.344,3258000000.0,29000000.0,3229000000.0,3258000000.0,0.0,242000000.0,0.0,0.021,0.075,598000000.0,840000000.0,0.44,840000000.0,598000000.0,574000000.0,0.31,0.31,0.31,21354000000.0,,21354000000.0,15948469564.0,6.0,4.293,129000000.0,0.085,1.0,808000000.0,0.423,916000000.0,24000000.0,22859000000.0,,999000000.0,4870000000.0,0.0,4870000000.0,7352000000.0,1892000000.0,5460000000.0,19622469564.0,-482000000.0,-111000000.0,-311000000.0,92000000.0,-113000000.0,-332000000.0,-535000000.0,8000000.0,570000000.0,-185000000.0,474000000.0,474000000.0,474000000.0,0.0,0.0,0.248,480000000.0,328000000.0,929000000.0,0.242,0.919,8.675,8.856,10751000000.0,0.0,12.93,2.519,2.519,1157000000.0,10029000000.0,1908000000.0,1908000000.0,185000000.0,,,,,16000000.0,286000000.0,1.0,1517592387.0,1517592387.0,,1.257,27838000000.0,3006000000.0,100000000.0,0.0,18.344,7486000000.0
37,GLW,MRQ,2012-03-31,2012-03-31,2012-03-31,2021-09-07,-140000000.0,28489000000.0,,9801000000.0,18688000000.0,,14.04,-412000000.0,6836000000.0,6836000000.0,1096000000.0,474000000.0,5.503,0.334,3162000000.0,27000000.0,3135000000.0,3162000000.0,0.0,240000000.0,0.0,0.018,0.075,612000000.0,852000000.0,0.444,852000000.0,612000000.0,592000000.0,0.31,0.31,0.31,21317000000.0,,21317000000.0,17943248401.0,6.0,4.474,350000000.0,0.231,1.0,824000000.0,0.429,922000000.0,20000000.0,22112000000.0,,955000000.0,4554000000.0,0.0,4554000000.0,7122000000.0,1781000000.0,5341000000.0,21377248401.0,829000000.0,0.0,-56000000.0,780000000.0,-114000000.0,592000000.0,-604000000.0,-187000000.0,762000000.0,79000000.0,474000000.0,474000000.0,474000000.0,0.0,0.0,0.247,463000000.0,361000000.0,847000000.0,0.242,1.003,8.406,8.638,10373000000.0,0.0,14.08,2.71,2.71,1108000000.0,9679000000.0,1920000000.0,1920000000.0,184000000.0,,,,,24000000.0,273000000.0,1.0,1518270483.0,1518270483.0,,1.265,27567000000.0,3003000000.0,118000000.0,0.0,18.157,8020000000.0
38,GLW,MRQ,2011-12-31,2011-12-31,2011-12-31,2021-09-07,-89000000.0,27848000000.0,,8677000000.0,19171000000.0,,13.412,-766000000.0,5825000000.0,5825000000.0,1052000000.0,503000000.0,4.138,0.319,2391000000.0,27000000.0,2364000000.0,2391000000.0,0.0,247000000.0,0.0,0.017,0.075,587000000.0,834000000.0,0.442,834000000.0,587000000.0,570000000.0,0.32,0.32,0.32,21078000000.0,,21078000000.0,16287096874.0,5.0,3.808,391000000.0,0.249,1.0,835000000.0,0.443,926000000.0,17000000.0,21391000000.0,,975000000.0,4726000000.0,0.0,4726000000.0,6719000000.0,2097000000.0,4622000000.0,20399096874.0,-240000000.0,-65000000.0,-772000000.0,84000000.0,-117000000.0,-805000000.0,-476000000.0,356000000.0,1157000000.0,-116000000.0,503000000.0,503000000.0,503000000.0,0.0,0.0,0.267,594000000.0,241000000.0,977000000.0,0.234,0.968,7.241,7.211,10671000000.0,0.0,12.98,2.585,2.585,1082000000.0,9332000000.0,1887000000.0,1887000000.0,174000000.0,,,,,20000000.0,278000000.0,1.0,1571579112.0,1571579112.0,,1.201,26922000000.0,3100000000.0,67000000.0,0.0,17.131,6580000000.0
39,GLW,MRQ,2011-09-30,2011-09-30,2011-09-30,2021-09-07,93000000.0,28173000000.0,,9264000000.0,18909000000.0,,13.774,-640000000.0,6421000000.0,6421000000.0,1097000000.0,811000000.0,4.611,0.3,2309000000.0,27000000.0,2282000000.0,2309000000.0,0.0,245000000.0,0.0,0.016,0.05,944000000.0,1189000000.0,0.573,1189000000.0,944000000.0,921000000.0,0.52,0.51,0.52,21640000000.0,,21640000000.0,15336076214.0,4.0,3.14,273000000.0,0.174,1.0,978000000.0,0.471,881000000.0,23000000.0,21171000000.0,,939000000.0,4890000000.0,0.0,4890000000.0,6482000000.0,2009000000.0,4473000000.0,19419076214.0,292000000.0,0.0,9000000.0,24000000.0,-79000000.0,-46000000.0,-418000000.0,226000000.0,913000000.0,-157000000.0,811000000.0,811000000.0,811000000.0,0.0,0.0,0.391,391000000.0,587000000.0,938000000.0,0.096,0.897,5.783,5.749,10266000000.0,0.0,12.36,2.5,2.5,1189000000.0,8958000000.0,2075000000.0,2075000000.0,166000000.0,,,,,21000000.0,216000000.0,1.0,1571122671.0,1571122671.0,,1.321,27292000000.0,3071000000.0,110000000.0,0.0,17.371,7255000000.0
40,GLW,MRQ,2011-06-30,2011-06-30,2011-06-30,2021-09-07,464000000.0,27825000000.0,,9329000000.0,18496000000.0,,13.539,-494000000.0,6357000000.0,6357000000.0,1116000000.0,755000000.0,4.479,0.307,2274000000.0,26000000.0,2248000000.0,2274000000.0,0.0,236000000.0,0.0,0.011,0.05,900000000.0,1136000000.0,0.567,1136000000.0,900000000.0,878000000.0,0.48,0.47,0.48,21255000000.0,,21255000000.0,24461793247.0,6.0,5.164,52000000.0,0.033,1.0,889000000.0,0.443,883000000.0,22000000.0,20776000000.0,,917000000.0,5029000000.0,0.0,5029000000.0,6519000000.0,2083000000.0,4436000000.0,28493793247.0,39000000.0,0.0,9000000.0,-2000000.0,-79000000.0,-72000000.0,-505000000.0,-13000000.0,546000000.0,70000000.0,755000000.0,755000000.0,755000000.0,0.0,0.0,0.377,465000000.0,424000000.0,1052000000.0,0.104,1.341,8.552,8.521,9755000000.0,0.0,18.15,3.906,3.906,1252000000.0,8227000000.0,2005000000.0,2005000000.0,172000000.0,,,,,22000000.0,284000000.0,1.0,1569905964.0,1569905964.0,,1.277,26942000000.0,3118000000.0,123000000.0,0.0,17.162,7246000000.0
41,GLW,MRQ,2011-03-31,2011-03-31,2011-03-31,2021-09-07,223000000.0,26660000000.0,,9037000000.0,17623000000.0,,12.968,-532000000.0,6303000000.0,6303000000.0,1049000000.0,748000000.0,4.771,0.311,2271000000.0,26000000.0,2245000000.0,2271000000.0,0.0,229000000.0,0.0,0.01,0.05,889000000.0,1118000000.0,0.581,1118000000.0,889000000.0,862000000.0,0.48,0.47,0.48,20304000000.0,,20304000000.0,28269537143.0,7.0,5.915,41000000.0,0.026,1.0,874000000.0,0.454,885000000.0,27000000.0,19849000000.0,,841000000.0,4569000000.0,0.0,4569000000.0,6305000000.0,1894000000.0,4411000000.0,32300537143.0,-28000000.0,-148000000.0,64000000.0,-42000000.0,-79000000.0,-57000000.0,-657000000.0,20000000.0,573000000.0,113000000.0,748000000.0,748000000.0,748000000.0,0.0,0.0,0.389,414000000.0,460000000.0,949000000.0,0.104,1.591,9.255,9.21,9235000000.0,0.0,20.63,4.613,4.613,1107000000.0,7550000000.0,1923000000.0,1923000000.0,156000000.0,,,,,23000000.0,250000000.0,1.0,1565707084.0,1565707084.0,,1.228,25775000000.0,3193000000.0,114000000.0,0.0,16.462,7143000000.0
42,GLW,MRQ,2010-12-31,2010-12-31,2010-12-31,2021-09-07,43000000.0,25833000000.0,,8859000000.0,16974000000.0,,12.397,-473000000.0,6350000000.0,6350000000.0,998000000.0,1044000000.0,4.461,0.331,2319000000.0,57000000.0,2262000000.0,2319000000.0,0.0,224000000.0,0.0,0.01,0.05,1217000000.0,1441000000.0,0.816,1441000000.0,1217000000.0,1189000000.0,0.67,0.66,0.67,19375000000.0,,19375000000.0,27580820058.0,7.0,5.736,1619000000.0,1.036,1.0,767000000.0,0.435,716000000.0,28000000.0,19100000000.0,,738000000.0,4372000000.0,0.0,4372000000.0,6407000000.0,1986000000.0,4421000000.0,30194820058.0,1296000000.0,-63000000.0,16000000.0,-113000000.0,-78000000.0,-175000000.0,-560000000.0,-25000000.0,2092000000.0,-61000000.0,1044000000.0,1044000000.0,1044000000.0,0.0,0.0,0.592,118000000.0,649000000.0,798000000.0,0.075,1.558,8.486,8.474,8943000000.0,0.0,19.32,4.553,4.553,973000000.0,6881000000.0,1765000000.0,1765000000.0,166000000.0,,,,,15000000.0,284000000.0,1.0,1562878885.0,1562878885.0,,1.129,25117000000.0,3221000000.0,145000000.0,0.0,16.071,6873000000.0
43,GLW,MRQ,2010-09-30,2010-09-30,2010-09-30,2021-09-07,81000000.0,24670000000.0,,7363000000.0,17307000000.0,,11.793,-225000000.0,5029000000.0,5029000000.0,878000000.0,785000000.0,4.347,0.337,2415000000.0,25000000.0,2390000000.0,2415000000.0,0.0,214000000.0,0.0,0.011,0.05,828000000.0,1042000000.0,0.65,1042000000.0,828000000.0,799000000.0,0.5,0.5,0.5,18416000000.0,,18416000000.0,26238574245.0,8.0,6.112,203000000.0,0.13,1.0,724000000.0,0.452,668000000.0,29000000.0,19694000000.0,,712000000.0,5194000000.0,0.0,5194000000.0,6203000000.0,1694000000.0,4509000000.0,28546574245.0,88000000.0,1000000.0,10000000.0,415000000.0,-79000000.0,346000000.0,-902000000.0,-682000000.0,428000000.0,216000000.0,785000000.0,785000000.0,785000000.0,0.0,0.0,0.49,405000000.0,319000000.0,720000000.0,0.1,1.55,8.773,8.746,8526000000.0,0.0,18.28,4.461,4.461,854000000.0,5916000000.0,1602000000.0,1602000000.0,148000000.0,,,,,22000000.0,250000000.0,1.0,1561628788.0,1561628788.0,,1.026,24002000000.0,3247000000.0,14000000.0,0.0,15.37,5669000000.0
44,GLW,MRQ,2010-06-30,2010-06-30,2010-06-30,2021-09-07,-606000000.0,22541000000.0,,6460000000.0,16081000000.0,,10.887,-136000000.0,4259000000.0,4259000000.0,885000000.0,913000000.0,4.434,0.324,1951000000.0,24000000.0,1927000000.0,1951000000.0,0.0,208000000.0,0.0,0.012,0.05,970000000.0,1178000000.0,0.688,1178000000.0,970000000.0,944000000.0,0.59,0.58,0.59,16992000000.0,,16992000000.0,23275294979.0,7.0,5.568,536000000.0,0.343,1.0,827000000.0,0.483,669000000.0,26000000.0,18107000000.0,,607000000.0,4434000000.0,0.0,4434000000.0,5499000000.0,1457000000.0,4042000000.0,25206294979.0,139000000.0,0.0,19000000.0,-3000000.0,-78000000.0,-62000000.0,-384000000.0,-248000000.0,672000000.0,-87000000.0,913000000.0,913000000.0,913000000.0,0.0,0.0,0.533,397000000.0,430000000.0,519000000.0,0.085,1.483,8.1,8.075,8047000000.0,0.0,16.15,4.016,4.016,938000000.0,5208000000.0,1712000000.0,1712000000.0,144000000.0,,,,,26000000.0,246000000.0,1.0,1560761299.0,1560761299.0,,1.097,21872000000.0,3177000000.0,31000000.0,0.0,14.014,5003000000.0
45,GLW,MRQ,2010-03-31,2010-03-31,2010-03-31,2021-09-07,-419000000.0,21727000000.0,,6052000000.0,15675000000.0,,10.457,-173000000.0,3873000000.0,3873000000.0,822000000.0,816000000.0,4.736,0.33,1942000000.0,23000000.0,1919000000.0,1942000000.0,0.0,208000000.0,0.0,0.01,0.05,939000000.0,1147000000.0,0.739,1147000000.0,939000000.0,913000000.0,0.52,0.52,0.52,16302000000.0,,16302000000.0,29926050046.0,10.0,7.844,470000000.0,0.301,1.0,731000000.0,0.471,674000000.0,26000000.0,17844000000.0,,604000000.0,4296000000.0,0.0,4296000000.0,5374000000.0,1278000000.0,4096000000.0,31505050046.0,534000000.0,0.0,25000000.0,-58000000.0,-78000000.0,-111000000.0,77000000.0,248000000.0,643000000.0,-75000000.0,816000000.0,816000000.0,816000000.0,0.0,0.0,0.525,328000000.0,403000000.0,459000000.0,0.096,1.933,11.212,11.228,7847000000.0,0.0,20.21,5.287,5.287,860000000.0,4374000000.0,1553000000.0,1553000000.0,145000000.0,,,,,29000000.0,235000000.0,1.0,1558884218.0,1558884218.0,,0.996,21053000000.0,3125000000.0,97000000.0,0.0,13.505,4774000000.0
46,GLW,MRQ,2009-12-31,2009-12-31,2009-12-31,2021-09-07,-401000000.0,21295000000.0,,5521000000.0,15774000000.0,,9.988,-163000000.0,3583000000.0,3583000000.0,883000000.0,740000000.0,3.587,0.367,2004000000.0,74000000.0,1930000000.0,2004000000.0,0.0,198000000.0,0.0,0.01,0.05,728000000.0,926000000.0,0.604,926000000.0,728000000.0,704000000.0,0.48,0.47,0.48,15543000000.0,,15543000000.0,29138165852.0,14.0,10.377,750000000.0,0.482,1.0,649000000.0,0.424,676000000.0,24000000.0,17501000000.0,,579000000.0,3992000000.0,0.0,3992000000.0,5700000000.0,1539000000.0,4161000000.0,30048165852.0,579000000.0,6000000.0,18000000.0,-2000000.0,-78000000.0,-62000000.0,-231000000.0,-74000000.0,913000000.0,-41000000.0,740000000.0,740000000.0,740000000.0,0.0,0.0,0.483,449000000.0,200000000.0,550000000.0,0.104,1.933,14.964,14.854,7995000000.0,0.0,19.31,5.57,5.57,753000000.0,3636000000.0,1532000000.0,1532000000.0,145000000.0,,,,,30000000.0,244000000.0,1.0,1556093519.0,1556093519.0,,0.985,20619000000.0,3217000000.0,-36000000.0,0.0,13.25,3982000000.0
47,GLW,MRQ,2009-09-30,2009-09-30,2009-09-30,2021-09-07,-266000000.0,20747000000.0,,4847000000.0,15900000000.0,,9.628,-236000000.0,2930000000.0,2930000000.0,880000000.0,643000000.0,3.189,0.383,2020000000.0,75000000.0,1945000000.0,2020000000.0,0.0,230000000.0,0.0,0.013,0.05,699000000.0,929000000.0,0.628,929000000.0,699000000.0,675000000.0,0.41,0.41,0.41,14967000000.0,,14967000000.0,22743715013.0,15.0,9.761,296000000.0,0.19,1.0,599000000.0,0.405,680000000.0,24000000.0,17637000000.0,,618000000.0,3818000000.0,0.0,3818000000.0,5729000000.0,1520000000.0,4209000000.0,23800715013.0,-272000000.0,-410000000.0,10000000.0,-19000000.0,-78000000.0,-87000000.0,-774000000.0,-128000000.0,532000000.0,57000000.0,643000000.0,643000000.0,643000000.0,0.0,0.0,0.435,369000000.0,230000000.0,470000000.0,0.122,1.59,15.689,15.622,8180000000.0,0.0,15.31,4.811,4.811,835000000.0,2974000000.0,1479000000.0,1479000000.0,131000000.0,,,,,30000000.0,219000000.0,1.0,1554586219.0,1554586219.0,,0.951,20067000000.0,3201000000.0,32000000.0,0.0,12.908,3327000000.0
48,GLW,MRQ,2009-06-30,2009-06-30,2009-06-30,2021-09-07,-828000000.0,19604000000.0,,5028000000.0,14576000000.0,,8.883,-215000000.0,3075000000.0,3075000000.0,820000000.0,611000000.0,3.284,0.417,2018000000.0,80000000.0,1938000000.0,2018000000.0,0.0,186000000.0,0.0,0.012,0.05,627000000.0,813000000.0,0.583,813000000.0,627000000.0,607000000.0,0.39,0.39,0.39,13803000000.0,,13803000000.0,24034223506.0,15.0,10.454,153000000.0,0.098,1.0,575000000.0,0.412,299000000.0,20000000.0,16717000000.0,,647000000.0,3168000000.0,0.0,3168000000.0,5752000000.0,1531000000.0,4221000000.0,24955223506.0,454000000.0,3000000.0,10000000.0,343000000.0,-78000000.0,277000000.0,-239000000.0,-27000000.0,368000000.0,48000000.0,611000000.0,611000000.0,611000000.0,0.0,0.0,0.438,354000000.0,221000000.0,502000000.0,0.128,1.808,15.198,15.151,7885000000.0,0.0,16.06,4.968,4.968,790000000.0,2409000000.0,1395000000.0,1395000000.0,136000000.0,,,,,32000000.0,211000000.0,1.0,1553874440.0,1553874440.0,,0.898,19305000000.0,3208000000.0,-4000000.0,0.0,12.424,3497000000.0
49,GLW,MRQ,2009-03-31,2009-03-31,2009-03-31,2021-09-07,-1409000000.0,18178000000.0,,4439000000.0,13739000000.0,,8.133,-276000000.0,2585000000.0,2585000000.0,719000000.0,14000000.0,2.788,0.434,1664000000.0,68000000.0,1596000000.0,1664000000.0,0.0,178000000.0,0.0,0.015,0.05,-38000000.0,140000000.0,0.142,140000000.0,-38000000.0,-52000000.0,0.01,0.01,0.01,12647000000.0,,12647000000.0,19424189115.0,11.0,7.782,-12000000.0,-0.008,1.0,270000000.0,0.273,302000000.0,14000000.0,15363000000.0,,731000000.0,2435000000.0,0.0,2435000000.0,5483000000.0,1592000000.0,3891000000.0,20635189115.0,-93000000.0,12000000.0,6000000.0,-72000000.0,-78000000.0,-143000000.0,-126000000.0,138000000.0,264000000.0,-88000000.0,14000000.0,14000000.0,14000000.0,0.0,0.0,0.014,530000000.0,-260000000.0,542000000.0,5.0,1.632,4.864,4.879,7806000000.0,0.0,13.27,3.879,3.879,593000000.0,1876000000.0,989000000.0,989000000.0,151000000.0,,,,,35000000.0,207000000.0,1.0,1555025555.0,1555025555.0,,0.636,17876000000.0,3210000000.0,-66000000.0,0.0,11.496,2847000000.0
50,GLW,MRQ,2008-12-31,2008-12-31,2008-12-31,2021-09-07,-643000000.0,19256000000.0,,4619000000.0,14637000000.0,,8.649,-766000000.0,2816000000.0,2816000000.0,777000000.0,249000000.0,2.251,0.429,1605000000.0,78000000.0,1527000000.0,1605000000.0,0.0,205000000.0,0.0,0.021,0.05,243000000.0,448000000.0,0.413,448000000.0,243000000.0,232000000.0,0.17,0.17,0.17,13443000000.0,,13443000000.0,13185740579.0,4.0,3.626,-386000000.0,-0.248,1.0,307000000.0,0.283,305000000.0,11000000.0,15688000000.0,,798000000.0,3056000000.0,0.0,3056000000.0,5765000000.0,2052000000.0,3713000000.0,14812740579.0,-723000000.0,2000000.0,5000000.0,-4000000.0,-78000000.0,-16000000.0,-1138000000.0,-374000000.0,380000000.0,51000000.0,249000000.0,249000000.0,249000000.0,0.0,0.0,0.23,352000000.0,-45000000.0,846000000.0,0.294,1.102,2.818,2.828,8199000000.0,0.0,9.53,2.49,2.49,512000000.0,1940000000.0,1084000000.0,1084000000.0,153000000.0,,,,,14000000.0,179000000.0,1.0,1554327448.0,1554327448.0,,0.697,18951000000.0,3090000000.0,-17000000.0,0.0,12.192,2567000000.0
51,GLW,MRQ,2008-09-30,2008-09-30,2008-09-30,2021-09-07,-468000000.0,18990000000.0,,5222000000.0,13768000000.0,,8.51,-291000000.0,3172000000.0,3172000000.0,820000000.0,768000000.0,2.537,0.411,1545000000.0,75000000.0,1470000000.0,1545000000.0,0.0,166000000.0,0.0,0.013,0.05,732000000.0,898000000.0,0.577,898000000.0,732000000.0,717000000.0,0.49,0.49,0.49,13428000000.0,,13428000000.0,22721610134.0,7.0,5.598,472000000.0,0.299,1.0,735000000.0,0.473,306000000.0,15000000.0,14999000000.0,,755000000.0,3119000000.0,0.0,3119000000.0,5514000000.0,2058000000.0,3456000000.0,24678610134.0,421000000.0,0.0,-491000000.0,-8000000.0,-77000000.0,-576000000.0,355000000.0,646000000.0,763000000.0,-121000000.0,768000000.0,768000000.0,768000000.0,0.0,0.0,0.494,386000000.0,349000000.0,958000000.0,0.102,1.838,4.311,4.273,7220000000.0,0.0,15.64,3.829,3.829,828000000.0,1770000000.0,1555000000.0,1555000000.0,160000000.0,,,,,26000000.0,220000000.0,1.0,1577916249.0,1577916249.0,,0.985,18684000000.0,2778000000.0,-51000000.0,0.0,11.841,3164000000.0
52,GLW,MRQ,2008-06-30,2008-06-30,2008-06-30,2021-09-07,9000000.0,19180000000.0,,5648000000.0,13532000000.0,,8.687,-397000000.0,3507000000.0,3507000000.0,840000000.0,3211000000.0,2.885,0.398,1550000000.0,76000000.0,1474000000.0,1550000000.0,0.0,165000000.0,0.0,0.009,0.05,845000000.0,1010000000.0,0.597,1010000000.0,845000000.0,830000000.0,2.05,2.01,2.05,13681000000.0,,13681000000.0,34573539574.0,10.0,8.613,293000000.0,0.186,1.0,852000000.0,0.504,303000000.0,15000000.0,14962000000.0,,726000000.0,3264000000.0,0.0,3264000000.0,5451000000.0,1958000000.0,3493000000.0,36301539574.0,51000000.0,2000000.0,4000000.0,-3000000.0,-80000000.0,-77000000.0,-541000000.0,-146000000.0,690000000.0,-21000000.0,3211000000.0,3211000000.0,3211000000.0,0.0,0.0,1.898,435000000.0,417000000.0,831000000.0,0.024,2.653,6.513,6.475,6944000000.0,0.0,23.05,5.633,5.633,958000000.0,1080000000.0,1692000000.0,1692000000.0,163000000.0,,,,,37000000.0,260000000.0,1.0,1574904103.0,1574904103.0,,1.074,18877000000.0,2747000000.0,-2381000000.0,0.0,11.986,3690000000.0
53,GLW,MRQ,2008-03-31,2008-03-31,2008-03-31,2021-09-07,231000000.0,16263000000.0,,5339000000.0,10924000000.0,,6.821,-467000000.0,3309000000.0,3309000000.0,773000000.0,1029000000.0,2.867,0.51,1581000000.0,78000000.0,1503000000.0,1581000000.0,0.0,159000000.0,0.0,0.006,0.05,1121000000.0,1280000000.0,0.792,1280000000.0,1121000000.0,1103000000.0,0.66,0.64,0.66,10740000000.0,,10740000000.0,35875248238.0,12.0,9.741,-172000000.0,-0.109,1.0,844000000.0,0.522,306000000.0,18000000.0,12367000000.0,,692000000.0,3098000000.0,0.0,3098000000.0,5476000000.0,1862000000.0,3614000000.0,37854248238.0,-92000000.0,0.0,-40000000.0,-9000000.0,-78000000.0,-129000000.0,-375000000.0,92000000.0,295000000.0,117000000.0,1029000000.0,1029000000.0,1029000000.0,0.0,0.0,0.636,67000000.0,777000000.0,701000000.0,0.076,3.525,13.273,13.209,6837000000.0,0.0,24.04,6.135,6.135,988000000.0,-2053000000.0,1617000000.0,1617000000.0,151000000.0,,,,,41000000.0,242000000.0,1.0,1574635950.0,1574635950.0,,1.027,15957000000.0,276000000.0,74000000.0,0.0,10.134,3477000000.0
54,GLW,MRQ,2007-12-31,2007-12-31,2007-12-31,2021-09-07,-90000000.0,15215000000.0,,5294000000.0,9921000000.0,,6.026,-391000000.0,3516000000.0,3516000000.0,825000000.0,717000000.0,2.107,0.597,1537000000.0,23000000.0,1514000000.0,1537000000.0,0.0,154000000.0,0.0,0.004,0.05,717000000.0,871000000.0,0.551,871000000.0,717000000.0,697000000.0,0.46,0.45,0.46,9496000000.0,,9496000000.0,35956259867.0,15.0,12.147,341000000.0,0.216,1.0,757000000.0,0.479,308000000.0,20000000.0,10416000000.0,,631000000.0,3036000000.0,0.0,3036000000.0,5673000000.0,2512000000.0,3161000000.0,37804259867.0,338000000.0,5000000.0,-101000000.0,-2000000.0,-79000000.0,-183000000.0,-235000000.0,151000000.0,732000000.0,24000000.0,717000000.0,717000000.0,717000000.0,0.0,0.0,0.453,426000000.0,331000000.0,609000000.0,0.109,3.981,17.583,17.511,5986000000.0,0.0,23.99,6.451,6.451,856000000.0,-3002000000.0,1582000000.0,1582000000.0,153000000.0,,,,,38000000.0,257000000.0,1.0,1575834092.0,1575834092.0,,1.004,14907000000.0,256000000.0,-20000000.0,0.0,9.46,2782000000.0
55,GLW,MRQ,2007-09-30,2007-09-30,2007-09-30,2021-09-07,-213000000.0,14273000000.0,,5126000000.0,9147000000.0,,5.573,-405000000.0,3329000000.0,3329000000.0,811000000.0,617000000.0,2.273,0.617,1481000000.0,21000000.0,1460000000.0,1481000000.0,0.0,149000000.0,0.0,0.002,0.05,704000000.0,853000000.0,0.549,853000000.0,704000000.0,683000000.0,0.39,0.38,0.39,8798000000.0,,8798000000.0,37186176257.0,16.0,12.788,272000000.0,0.172,1.0,742000000.0,0.478,311000000.0,21000000.0,9859000000.0,,665000000.0,2932000000.0,0.0,2932000000.0,5431000000.0,2255000000.0,3176000000.0,38914176257.0,4000000.0,0.0,-101000000.0,-8000000.0,-79000000.0,-190000000.0,-527000000.0,-122000000.0,677000000.0,44000000.0,617000000.0,617000000.0,617000000.0,0.0,0.0,0.397,343000000.0,399000000.0,495000000.0,0.128,4.423,18.718,18.534,5602000000.0,0.0,24.65,6.891,6.891,874000000.0,-3641000000.0,1553000000.0,1553000000.0,145000000.0,,,,,29000000.0,212000000.0,1.0,1578668408.0,1578668408.0,,0.984,13962000000.0,129000000.0,66000000.0,0.0,8.844,2871000000.0
56,GLW,MRQ,2007-06-30,2007-06-30,2007-06-30,2021-09-07,-382000000.0,13540000000.0,,5007000000.0,8533000000.0,,5.192,-204000000.0,3203000000.0,3203000000.0,759000000.0,489000000.0,2.271,0.653,1475000000.0,19000000.0,1456000000.0,1475000000.0,0.0,151000000.0,0.0,0.0,0.0,528000000.0,679000000.0,0.479,679000000.0,528000000.0,508000000.0,0.31,0.3,0.31,8166000000.0,,8166000000.0,38782767509.0,19.0,14.439,271000000.0,0.172,1.0,659000000.0,0.465,313000000.0,20000000.0,9294000000.0,,677000000.0,2720000000.0,0.0,2720000000.0,5331000000.0,2205000000.0,3126000000.0,40184767509.0,751000000.0,-14000000.0,56000000.0,-2000000.0,0.0,54000000.0,218000000.0,436000000.0,475000000.0,4000000.0,489000000.0,489000000.0,489000000.0,0.0,0.0,0.345,442000000.0,217000000.0,474000000.0,0.0,4.921,21.15,20.943,5179000000.0,0.0,25.55,7.475,7.475,793000000.0,-4179000000.0,1418000000.0,1418000000.0,137000000.0,,,,,35000000.0,229000000.0,1.0,1572789335.0,1572789335.0,,0.902,13227000000.0,149000000.0,19000000.0,0.0,8.41,2802000000.0
57,GLW,MRQ,2007-03-31,2007-03-31,2007-03-31,2021-09-07,-330000000.0,13161000000.0,,4629000000.0,8532000000.0,,4.87,-262000000.0,2888000000.0,2888000000.0,716000000.0,327000000.0,2.075,0.716,1486000000.0,20000000.0,1466000000.0,1486000000.0,0.0,153000000.0,0.0,0.0,0.0,404000000.0,557000000.0,0.426,557000000.0,404000000.0,383000000.0,0.21,0.2,0.21,7644000000.0,,7644000000.0,34243920559.0,16.0,12.613,-69000000.0,-0.044,1.0,591000000.0,0.452,314000000.0,21000000.0,9214000000.0,,685000000.0,2588000000.0,0.0,2588000000.0,5471000000.0,2231000000.0,3240000000.0,35694920559.0,-34000000.0,0.0,26000000.0,-246000000.0,0.0,-220000000.0,-17000000.0,245000000.0,193000000.0,10000000.0,327000000.0,327000000.0,327000000.0,0.0,0.0,0.25,457000000.0,134000000.0,551000000.0,0.0,4.67,18.543,18.339,5281000000.0,0.0,22.74,6.839,6.839,781000000.0,-4668000000.0,1307000000.0,1307000000.0,130000000.0,,,,,36000000.0,214000000.0,1.0,1569697474.0,1569697474.0,,0.833,12847000000.0,154000000.0,56000000.0,0.0,8.184,2398000000.0
58,GLW,MRQ,2006-12-31,2006-12-31,2006-12-31,2021-09-07,-360000000.0,13065000000.0,,4798000000.0,8267000000.0,,4.632,-290000000.0,3167000000.0,3167000000.0,766000000.0,646000000.0,2.069,0.797,1716000000.0,20000000.0,1696000000.0,1716000000.0,0.0,153000000.0,0.0,0.0,0.0,666000000.0,819000000.0,0.598,819000000.0,666000000.0,646000000.0,0.42,0.4,0.42,7246000000.0,,7246000000.0,28186086865.0,14.0,10.938,338000000.0,0.216,1.0,603000000.0,0.44,316000000.0,20000000.0,8979000000.0,,639000000.0,2522000000.0,0.0,2522000000.0,5774000000.0,2319000000.0,3455000000.0,29268086865.0,178000000.0,1000000.0,29000000.0,-25000000.0,0.0,3000000.0,-467000000.0,-178000000.0,628000000.0,14000000.0,646000000.0,646000000.0,646000000.0,0.0,0.0,0.472,265000000.0,338000000.0,631000000.0,0.0,4.039,15.778,15.592,5193000000.0,0.0,18.71,5.657,5.657,719000000.0,-4992000000.0,1369000000.0,1369000000.0,138000000.0,,,,,32000000.0,222000000.0,1.0,1564301810.0,1564301810.0,,0.875,12749000000.0,161000000.0,0.0,0.0,8.15,2479000000.0
59,GLW,MRQ,2006-09-30,2006-09-30,2006-09-30,2021-09-07,297000000.0,12847000000.0,,4486000000.0,8361000000.0,,4.608,-338000000.0,2812000000.0,2812000000.0,716000000.0,438000000.0,1.934,0.782,1730000000.0,20000000.0,1710000000.0,1730000000.0,0.0,142000000.0,0.0,0.0,0.0,489000000.0,631000000.0,0.492,631000000.0,489000000.0,471000000.0,0.28,0.27,0.28,7188000000.0,,7188000000.0,37096145756.0,21.0,15.692,75000000.0,0.048,1.0,566000000.0,0.441,331000000.0,18000000.0,9114000000.0,,673000000.0,2312000000.0,0.0,2312000000.0,5618000000.0,2320000000.0,3298000000.0,38074145756.0,-119000000.0,3000000.0,34000000.0,230000000.0,0.0,260000000.0,-790000000.0,-455000000.0,413000000.0,-2000000.0,438000000.0,438000000.0,438000000.0,0.0,0.0,0.342,362000000.0,204000000.0,574000000.0,0.0,5.297,32.376,32.547,5082000000.0,0.0,24.41,7.607,7.607,753000000.0,-5638000000.0,1282000000.0,1282000000.0,127000000.0,,,,,33000000.0,218000000.0,1.0,1559776557.0,1559776557.0,,0.822,12516000000.0,120000000.0,33000000.0,0.0,8.024,2166000000.0
60,GLW,MRQ,2006-06-30,2006-06-30,2006-06-30,2021-09-07,292000000.0,12199000000.0,,4035000000.0,8164000000.0,,4.291,-274000000.0,2475000000.0,2475000000.0,720000000.0,514000000.0,1.701,0.819,1497000000.0,22000000.0,1475000000.0,1497000000.0,0.0,152000000.0,0.0,0.0,0.0,556000000.0,708000000.0,0.561,708000000.0,556000000.0,538000000.0,0.33,0.32,0.33,6684000000.0,,6684000000.0,37010208497.0,24.0,17.482,307000000.0,0.197,1.0,541000000.0,0.429,333000000.0,18000000.0,8516000000.0,,664000000.0,2150000000.0,0.0,2150000000.0,5475000000.0,2372000000.0,3103000000.0,37677208497.0,-164000000.0,-8000000.0,41000000.0,-337000000.0,0.0,-302000000.0,-444000000.0,-162000000.0,581000000.0,1000000.0,514000000.0,514000000.0,514000000.0,0.0,0.0,0.408,269000000.0,272000000.0,705000000.0,0.0,5.637,40.04,39.656,5032000000.0,0.0,24.19,7.672,7.672,633000000.0,-6076000000.0,1261000000.0,1261000000.0,128000000.0,,,,,30000000.0,194000000.0,1.0,1557553059.0,1557553059.0,,0.81,11866000000.0,116000000.0,24000000.0,0.0,7.618,1663000000.0
61,GLW,MRQ,2006-03-31,2006-03-31,2006-03-31,2021-09-07,218000000.0,11757000000.0,,4044000000.0,7713000000.0,,3.907,-280000000.0,2478000000.0,2478000000.0,689000000.0,257000000.0,1.697,0.939,1811000000.0,23000000.0,1788000000.0,1811000000.0,0.0,144000000.0,0.0,0.0,0.0,275000000.0,419000000.0,0.332,419000000.0,275000000.0,255000000.0,0.17,0.16,0.17,6040000000.0,,6040000000.0,40990861660.0,33.0,23.119,-99000000.0,-0.064,1.0,573000000.0,0.454,336000000.0,20000000.0,8371000000.0,,616000000.0,1929000000.0,0.0,1929000000.0,5671000000.0,2383000000.0,3288000000.0,41617861660.0,-80000000.0,0.0,225000000.0,-4000000.0,0.0,219000000.0,-480000000.0,-200000000.0,181000000.0,0.0,257000000.0,257000000.0,257000000.0,0.0,0.0,0.204,541000000.0,32000000.0,661000000.0,0.0,6.89,70.3,69.026,4816000000.0,0.0,26.92,8.687,8.687,696000000.0,-6591000000.0,1262000000.0,1262000000.0,124000000.0,,,,,32000000.0,223000000.0,1.0,1545982974.0,1545982974.0,,0.816,11421000000.0,115000000.0,-2000000.0,0.0,7.388,1661000000.0
62,GLW,MRQ,2005-12-31,2005-12-31,2005-12-31,2021-09-07,178000000.0,11207000000.0,,3860000000.0,7347000000.0,,3.6,-494000000.0,2434000000.0,2434000000.0,673000000.0,-33000000.0,1.629,1.035,1807000000.0,18000000.0,1789000000.0,1807000000.0,0.0,128000000.0,0.0,0.0,0.0,478000000.0,606000000.0,0.505,606000000.0,478000000.0,454000000.0,-0.03,-0.03,-0.03,5487000000.0,,5487000000.0,29640022360.0,23.0,16.624,165000000.0,0.108,1.0,527000000.0,0.439,338000000.0,24000000.0,7872000000.0,,570000000.0,1729000000.0,0.0,1729000000.0,5677000000.0,2370000000.0,3307000000.0,29961022360.0,-53000000.0,18000000.0,69000000.0,-253000000.0,0.0,-186000000.0,-516000000.0,-66000000.0,659000000.0,-10000000.0,-33000000.0,-33000000.0,-33000000.0,0.0,0.0,-0.028,258000000.0,269000000.0,690000000.0,0.0,5.46,51.215,49.15,4675000000.0,0.0,19.66,6.543,6.543,629000000.0,-6847000000.0,1200000000.0,1200000000.0,123000000.0,,,,,1000000.0,203000000.0,1.0,1523958411.0,1523958411.0,,0.787,10869000000.0,54000000.0,487000000.0,0.0,7.132,1490000000.0
63,GLW,MRQ,2005-09-30,2005-09-30,2005-09-30,2021-09-07,37000000.0,10913000000.0,,3899000000.0,7014000000.0,,3.469,-361000000.0,2418000000.0,2418000000.0,643000000.0,203000000.0,1.638,1.132,2097000000.0,293000000.0,1804000000.0,2097000000.0,0.0,130000000.0,0.0,0.0,0.0,254000000.0,384000000.0,0.323,384000000.0,254000000.0,231000000.0,0.14,0.13,0.14,5106000000.0,,5106000000.0,28542966733.0,28.0,18.692,234000000.0,0.159,1.0,545000000.0,0.459,380000000.0,23000000.0,7831000000.0,,559000000.0,1635000000.0,0.0,1635000000.0,5780000000.0,2381000000.0,3399000000.0,28454966733.0,94000000.0,-17000000.0,95000000.0,-3000000.0,0.0,86000000.0,-584000000.0,-209000000.0,595000000.0,-3000000.0,203000000.0,203000000.0,203000000.0,0.0,0.0,0.171,400000000.0,145000000.0,554000000.0,0.0,5.573,37.051,35.145,4367000000.0,0.0,19.33,6.449,6.449,631000000.0,-6814000000.0,1188000000.0,1188000000.0,118000000.0,,,,,15000000.0,178000000.0,1.0,1472062428.0,1472062428.0,,0.807,10533000000.0,574000000.0,28000000.0,0.0,7.155,1518000000.0
64,GLW,MRQ,2005-06-30,2005-06-30,2005-06-30,2021-09-07,70000000.0,10424000000.0,,3628000000.0,6796000000.0,,3.298,-375000000.0,2115000000.0,2115000000.0,658000000.0,165000000.0,1.607,1.192,2203000000.0,288000000.0,1915000000.0,2203000000.0,0.0,129000000.0,0.0,0.0,0.0,235000000.0,364000000.0,0.319,364000000.0,235000000.0,209000000.0,0.11,0.11,0.11,4743000000.0,,4743000000.0,24515599421.0,-34.0,-121.968,168000000.0,0.117,1.0,483000000.0,0.423,383000000.0,26000000.0,7871000000.0,,552000000.0,1573000000.0,0.0,1573000000.0,5653000000.0,2258000000.0,3395000000.0,23649599421.0,454000000.0,17000000.0,382000000.0,-4000000.0,0.0,377000000.0,-463000000.0,-113000000.0,543000000.0,-3000000.0,165000000.0,165000000.0,165000000.0,0.0,0.0,0.145,440000000.0,43000000.0,609000000.0,0.0,4.986,-11.938,-11.787,4220000000.0,0.0,16.62,5.591,5.65,645000000.0,-7017000000.0,1141000000.0,1141000000.0,104000000.0,,,,,7000000.0,191000000.0,1.0,1422960254.0,1438000000.0,1517000000.0,0.793,10041000000.0,557000000.0,44000000.0,0.0,6.983,1370000000.0
65,GLW,MRQ,2005-03-31,2005-03-31,2005-03-31,2021-09-07,142000000.0,9659000000.0,,3028000000.0,6631000000.0,,2.885,-323000000.0,1547000000.0,1547000000.0,621000000.0,250000000.0,1.443,1.366,2413000000.0,288000000.0,2125000000.0,2413000000.0,0.0,125000000.0,0.0,0.0,0.0,304000000.0,429000000.0,0.409,429000000.0,304000000.0,269000000.0,0.18,0.17,0.18,4071000000.0,,4071000000.0,16501918859.0,-21.0,-61.345,-181000000.0,-0.128,1.0,429000000.0,0.409,387000000.0,35000000.0,8039000000.0,,562000000.0,1511000000.0,0.0,1511000000.0,5559000000.0,2099000000.0,3460000000.0,15690918859.0,-162000000.0,0.0,21000000.0,-146000000.0,0.0,-130000000.0,-149000000.0,172000000.0,142000000.0,-25000000.0,250000000.0,250000000.0,250000000.0,0.0,0.0,0.238,303000000.0,126000000.0,667000000.0,0.0,3.854,-7.703,-7.729,4096000000.0,0.0,11.13,3.865,3.868,621000000.0,-7182000000.0,1050000000.0,1050000000.0,98000000.0,,,,,6000000.0,184000000.0,1.0,1409786061.0,1411000000.0,1503000000.0,0.744,9272000000.0,568000000.0,19000000.0,0.0,6.571,929000000.0
66,GLW,MRQ,2004-12-31,2004-12-31,2004-12-31,2021-09-07,156000000.0,9770000000.0,,3283000000.0,6487000000.0,,2.639,-301000000.0,1881000000.0,1881000000.0,668000000.0,150000000.0,1.324,1.632,2692000000.0,478000000.0,2214000000.0,2692000000.0,0.0,136000000.0,0.0,0.0,0.0,214000000.0,350000000.0,0.339,350000000.0,214000000.0,184000000.0,0.12,0.12,0.12,3701000000.0,,3701000000.0,17417350017.0,-17.0,-35.473,65000000.0,0.046,1.0,365000000.0,0.353,398000000.0,30000000.0,7704000000.0,,535000000.0,1510000000.0,0.0,1510000000.0,6040000000.0,2479000000.0,3561000000.0,16504350017.0,97000000.0,3000000.0,24000000.0,-4000000.0,0.0,27000000.0,-339000000.0,-53000000.0,366000000.0,43000000.0,150000000.0,150000000.0,150000000.0,0.0,0.0,0.145,313000000.0,52000000.0,682000000.0,0.0,4.459,-7.398,-7.311,3941000000.0,0.0,11.77,4.282,4.282,585000000.0,-7432000000.0,1033000000.0,1033000000.0,98000000.0,,,,,8000000.0,174000000.0,1.0,1402238744.0,1402238744.0,,0.737,9372000000.0,566000000.0,34000000.0,0.0,6.684,804000000.0
67,GLW,MRQ,2004-09-30,2004-09-30,2004-09-30,2021-09-07,91000000.0,8869000000.0,,3070000000.0,5799000000.0,,2.56,-254000000.0,1739000000.0,1739000000.0,602000000.0,-2546000000.0,1.775,1.486,2652000000.0,214000000.0,2438000000.0,2652000000.0,0.0,128000000.0,0.0,0.0,0.0,-1472000000.0,-1344000000.0,-1.336,-1344000000.0,-1472000000.0,-1506000000.0,-1.82,-1.82,-1.82,3568000000.0,,3568000000.0,16614466836.0,-12.0,-19.119,82000000.0,0.059,1.0,404000000.0,0.402,408000000.0,34000000.0,7644000000.0,,498000000.0,1233000000.0,0.0,1233000000.0,5301000000.0,1730000000.0,3571000000.0,15441466836.0,258000000.0,111000000.0,16000000.0,-60000000.0,0.0,-45000000.0,-34000000.0,114000000.0,336000000.0,1000000.0,-2546000000.0,-2546000000.0,-2546000000.0,-20000000.0,0.0,-2.531,1999000000.0,-1595000000.0,489000000.0,0.0,4.328,-6.259,-6.26,3505000000.0,0.0,11.08,4.241,4.241,538000000.0,-7472000000.0,1006000000.0,1006000000.0,88000000.0,,,,,0.0,153000000.0,1.0,1393634191.0,1393634191.0,,0.722,8461000000.0,531000000.0,1040000000.0,0.0,6.071,1340000000.0
68,GLW,MRQ,2004-06-30,2004-06-30,2004-06-30,2021-09-07,95000000.0,11249000000.0,,3065000000.0,8184000000.0,,4.34,-168000000.0,1587000000.0,1587000000.0,625000000.0,109000000.0,1.747,0.874,2760000000.0,312000000.0,2448000000.0,2760000000.0,0.0,129000000.0,0.0,0.0,0.0,167000000.0,296000000.0,0.305,296000000.0,167000000.0,132000000.0,0.08,0.07,0.08,6002000000.0,,6002000000.0,19325965225.0,150.0,30.339,94000000.0,0.068,1.0,346000000.0,0.356,1875000000.0,35000000.0,8793000000.0,,501000000.0,1132000000.0,0.0,1132000000.0,5247000000.0,1754000000.0,3493000000.0,17920965225.0,-106000000.0,35000000.0,28000000.0,-16000000.0,0.0,9000000.0,-373000000.0,-234000000.0,262000000.0,-4000000.0,109000000.0,109000000.0,109000000.0,0.0,0.0,0.112,278000000.0,68000000.0,377000000.0,0.0,2.986,160.009,163.25,3663000000.0,0.0,13.06,5.26,5.301,566000000.0,-4981000000.0,971000000.0,971000000.0,85000000.0,,,,,0.0,166000000.0,1.0,1372202544.0,1383000000.0,1495000000.0,0.702,9374000000.0,1514000000.0,23000000.0,0.0,6.778,1311000000.0
69,GLW,MRQ,2004-03-31,2004-03-31,2004-03-31,2021-09-07,100000000.0,11073000000.0,,2941000000.0,8132000000.0,,4.249,-134000000.0,1461000000.0,1461000000.0,544000000.0,56000000.0,1.733,0.919,2866000000.0,313000000.0,2553000000.0,2866000000.0,0.0,130000000.0,0.0,0.0,0.0,77000000.0,207000000.0,0.245,207000000.0,77000000.0,43000000.0,0.04,0.04,0.04,5770000000.0,,5770000000.0,16551286650.0,-318.0,35.366,-89000000.0,-0.066,1.0,300000000.0,0.355,1885000000.0,34000000.0,8896000000.0,,504000000.0,1065000000.0,0.0,1065000000.0,5303000000.0,1697000000.0,3606000000.0,15069286650.0,72000000.0,0.0,23000000.0,253000000.0,0.0,274000000.0,-246000000.0,-123000000.0,45000000.0,-1000000.0,56000000.0,56000000.0,56000000.0,0.0,0.0,0.066,314000000.0,-14000000.0,376000000.0,0.0,2.612,-793.12,-559.0,3640000000.0,0.0,11.18,4.727,4.762,544000000.0,-5089000000.0,844000000.0,844000000.0,84000000.0,,,,,0.0,160000000.0,1.0,1347878949.0,1358000000.0,1437000000.0,0.622,9188000000.0,1519000000.0,-13000000.0,0.0,6.766,1244000000.0
70,GLW,MRQ,2003-12-31,2003-12-31,2003-12-31,2021-09-07,98000000.0,10752000000.0,,2694000000.0,8058000000.0,,4.109,-162000000.0,1266000000.0,1266000000.0,578000000.0,-86000000.0,1.735,0.961,2814000000.0,146000000.0,2668000000.0,2814000000.0,0.0,126000000.0,0.0,0.0,0.0,-154000000.0,-28000000.0,-0.034,-28000000.0,-154000000.0,-185000000.0,-0.07,-0.07,-0.07,5464000000.0,,5464000000.0,15254247411.0,-35.0,193.092,-95000000.0,-0.071,1.0,242000000.0,0.295,1901000000.0,31000000.0,8846000000.0,,467000000.0,1045000000.0,0.0,1045000000.0,5252000000.0,1553000000.0,3699000000.0,13869247411.0,229000000.0,1000000.0,15000000.0,-110000000.0,0.0,-84000000.0,216000000.0,368000000.0,67000000.0,30000000.0,-86000000.0,-86000000.0,-86000000.0,0.0,0.0,-0.105,416000000.0,-174000000.0,333000000.0,0.0,2.538,-49.533,-47.409,3620000000.0,0.0,10.43,4.488,4.488,525000000.0,-5144000000.0,820000000.0,820000000.0,86000000.0,,,,,1000000.0,152000000.0,1.0,1329745677.0,1329745677.0,,0.617,8851000000.0,1467000000.0,-99000000.0,0.0,6.656,1141000000.0
71,GLW,MRQ,2003-09-30,2003-09-30,2003-09-30,2021-09-07,-96000000.0,10814000000.0,,2968000000.0,7846000000.0,,4.184,-94000000.0,1483000000.0,1483000000.0,546000000.0,33000000.0,2.05,1.047,2868000000.0,49000000.0,2819000000.0,2868000000.0,0.0,123000000.0,0.0,0.0,0.0,39000000.0,162000000.0,0.21,162000000.0,39000000.0,3000000.0,0.03,0.02,0.03,5282000000.0,,5282000000.0,13532050811.0,-10.0,-16.852,-76000000.0,-0.06,1.0,226000000.0,0.293,1905000000.0,36000000.0,8846000000.0,,491000000.0,985000000.0,0.0,985000000.0,5532000000.0,1448000000.0,4084000000.0,11891050811.0,62000000.0,-4000000.0,370000000.0,-383000000.0,0.0,-22000000.0,71000000.0,169000000.0,18000000.0,-5000000.0,33000000.0,33000000.0,33000000.0,0.0,0.0,0.043,278000000.0,-52000000.0,310000000.0,0.0,2.251,-13.168,-11.63,3582000000.0,0.0,9.42,3.956,3.956,615000000.0,-5115000000.0,772000000.0,772000000.0,80000000.0,,,,,0.0,147000000.0,1.0,1262319619.0,1262319619.0,,0.612,8909000000.0,1481000000.0,-30000000.0,0.0,7.058,1520000000.0
72,GLW,MRQ,2003-06-30,2003-06-30,2003-06-30,2021-09-07,-142000000.0,10869000000.0,,3137000000.0,7732000000.0,,3.883,-55000000.0,1610000000.0,1610000000.0,571000000.0,-22000000.0,1.938,1.25,3251000000.0,156000000.0,3095000000.0,3251000000.0,0.0,141000000.0,0.0,0.0,0.0,-14000000.0,127000000.0,0.169,127000000.0,-14000000.0,-56000000.0,-0.02,-0.02,-0.02,4831000000.0,,4831000000.0,10834679364.0,-7.0,-11.056,-30000000.0,-0.024,1.0,181000000.0,0.241,1935000000.0,42000000.0,8956000000.0,,538000000.0,842000000.0,0.0,842000000.0,6038000000.0,1619000000.0,4419000000.0,8910679364.0,-380000000.0,30000000.0,278000000.0,-626000000.0,0.0,-351000000.0,-72000000.0,-47000000.0,25000000.0,18000000.0,-22000000.0,-22000000.0,-22000000.0,0.0,0.0,-0.029,330000000.0,-149000000.0,294000000.0,0.0,1.844,-7.444,-6.78,3542000000.0,0.0,7.39,2.974,3.068,637000000.0,-5148000000.0,752000000.0,752000000.0,85000000.0,,,,,0.0,148000000.0,1.0,1205775286.0,1244000000.0,1244000000.0,0.605,8934000000.0,1460000000.0,-34000000.0,0.0,7.182,1518000000.0
73,GLW,MRQ,2003-03-31,2003-03-31,2003-03-31,2021-09-07,-133000000.0,10997000000.0,,3420000000.0,7577000000.0,,3.823,-55000000.0,1931000000.0,1931000000.0,546000000.0,-205000000.0,2.194,1.397,3855000000.0,145000000.0,3710000000.0,3855000000.0,0.0,127000000.0,0.0,0.0,0.0,-309000000.0,-182000000.0,-0.244,-182000000.0,-309000000.0,-349000000.0,-0.17,-0.17,-0.17,4588000000.0,,4588000000.0,8995339117.0,-4.0,-6.221,-32000000.0,-0.027,1.0,200000000.0,0.268,1926000000.0,40000000.0,9436000000.0,,556000000.0,773000000.0,0.0,773000000.0,6409000000.0,1559000000.0,4850000000.0,7000339117.0,-299000000.0,22000000.0,3000000.0,-251000000.0,0.0,-251000000.0,-88000000.0,-55000000.0,23000000.0,17000000.0,-205000000.0,-205000000.0,-205000000.0,0.0,0.0,-0.275,617000000.0,-417000000.0,299000000.0,0.0,1.526,-4.531,-4.0,3576000000.0,0.0,5.84,2.279,2.282,634000000.0,-5126000000.0,746000000.0,746000000.0,93000000.0,,,,,0.0,152000000.0,1.0,1198688205.0,1200000000.0,1200000000.0,0.622,9071000000.0,1341000000.0,-144000000.0,0.0,7.559,1861000000.0
74,GLW,MRQ,2002-12-31,2002-12-31,2002-12-31,2021-09-07,-170000000.0,11406000000.0,,3825000000.0,7581000000.0,,4.086,-78000000.0,2172000000.0,2172000000.0,631000000.0,-709000000.0,2.277,1.431,4167000000.0,204000000.0,3963000000.0,4167000000.0,0.0,157000000.0,0.0,0.0,0.0,-1067000000.0,-910000000.0,-1.236,-910000000.0,-1067000000.0,-1110000000.0,-0.65,-0.65,-0.65,4691000000.0,,4691000000.0,6512879245.0,-4.0,-5.482,-181000000.0,-0.158,1.0,105000000.0,0.143,1928000000.0,43000000.0,9793000000.0,,559000000.0,769000000.0,0.0,769000000.0,6715000000.0,1680000000.0,5035000000.0,3799879245.0,208000000.0,790000000.0,-3000000.0,-123000000.0,0.0,-140000000.0,439000000.0,-293000000.0,-103000000.0,20000000.0,-709000000.0,-709000000.0,-709000000.0,-430000000.0,0.0,-0.963,1795000000.0,-1690000000.0,339000000.0,0.0,0.81,-2.657,-2.381,3705000000.0,0.0,3.31,1.201,1.201,828000000.0,-4921000000.0,736000000.0,736000000.0,113000000.0,,,,,0.0,183000000.0,1.0,1147999772.0,1147999772.0,,0.641,9478000000.0,1183000000.0,-401000000.0,0.0,8.256,2145000000.0
75,GLW,MRQ,2002-09-30,2002-09-30,2002-09-30,2021-09-07,-131000000.0,12182000000.0,,3515000000.0,8667000000.0,,5.671,-69000000.0,1671000000.0,1671000000.0,633000000.0,-133000000.0,2.383,1.257,4384000000.0,213000000.0,4171000000.0,4384000000.0,0.0,165000000.0,0.0,0.0,0.0,-180000000.0,-15000000.0,-0.02,-15000000.0,-180000000.0,-224000000.0,-0.25,-0.25,-0.25,5397000000.0,,5397000000.0,4541796402.0,-2.0,-4.114,-98000000.0,-0.103,1.0,129000000.0,0.169,2491000000.0,44000000.0,10929000000.0,,619000000.0,770000000.0,0.0,770000000.0,6785000000.0,1475000000.0,5310000000.0,1522796402.0,43000000.0,-3000000.0,-9000000.0,-63000000.0,0.0,411000000.0,-366000000.0,-276000000.0,-29000000.0,0.0,-133000000.0,-261000000.0,-261000000.0,-19000000.0,0.0,-0.343,407000000.0,-278000000.0,286000000.0,0.0,0.282,-1.106,-1.127,4592000000.0,128000000.0,1.6,0.479,0.479,541000000.0,-4330000000.0,762000000.0,762000000.0,113000000.0,,,,,0.0,157000000.0,1.0,951747751.0,951747751.0,,0.801,9691000000.0,380000000.0,-91000000.0,0.0,10.182,2040000000.0
76,GLW,MRQ,2002-06-30,2002-06-30,2002-06-30,2021-09-07,-108000000.0,11886000000.0,,3332000000.0,8554000000.0,,5.353,-109000000.0,1323000000.0,1323000000.0,643000000.0,-370000000.0,2.348,1.342,4342000000.0,57000000.0,4285000000.0,4342000000.0,0.0,171000000.0,0.0,0.0,0.0,-510000000.0,-339000000.0,-0.41,-339000000.0,-510000000.0,-554000000.0,-0.39,-0.39,-0.39,5075000000.0,,5075000000.0,6351193272.0,-3.0,-5.64,-99000000.0,-0.104,1.0,184000000.0,0.222,2390000000.0,44000000.0,11096000000.0,,671000000.0,740000000.0,0.0,740000000.0,6811000000.0,1419000000.0,5392000000.0,3373193272.0,-18000000.0,31000000.0,18000000.0,-482000000.0,0.0,-464000000.0,396000000.0,476000000.0,10000000.0,29000000.0,-370000000.0,-370000000.0,-370000000.0,-21000000.0,0.0,-0.447,824000000.0,-640000000.0,310000000.0,0.0,0.665,-2.525,-2.518,4757000000.0,0.0,3.55,0.86,0.858,605000000.0,-4070000000.0,827000000.0,827000000.0,131000000.0,,,,,0.0,188000000.0,1.0,950195288.0,948000000.0,948000000.0,0.872,9496000000.0,400000000.0,-184000000.0,0.0,10.017,1913000000.0
77,GLW,MRQ,2002-03-31,2002-03-31,2002-03-31,2021-09-07,-218000000.0,12288000000.0,,3696000000.0,8592000000.0,,5.624,-101000000.0,1825000000.0,1825000000.0,655000000.0,-90000000.0,2.263,1.312,4803000000.0,385000000.0,4418000000.0,4803000000.0,0.0,168000000.0,0.0,0.008,0.0,-92000000.0,76000000.0,0.091,76000000.0,-92000000.0,-140000000.0,-0.1,-0.1,-0.1,5315000000.0,,5315000000.0,9919288525.0,-2.0,-1.885,-303000000.0,-0.321,1.0,184000000.0,0.219,2270000000.0,48000000.0,11363000000.0,,717000000.0,750000000.0,0.0,750000000.0,6973000000.0,1633000000.0,5340000000.0,7200288525.0,-79000000.0,5000000.0,15000000.0,-136000000.0,0.0,-121000000.0,220000000.0,316000000.0,-202000000.0,-6000000.0,-90000000.0,-90000000.0,-90000000.0,-8000000.0,0.0,-0.107,334000000.0,-150000000.0,338000000.0,0.0,1.355,-1.259,-1.239,4967000000.0,0.0,7.62,1.45,1.45,616000000.0,-3700000000.0,839000000.0,839000000.0,126000000.0,,,,,0.0,188000000.0,1.0,944919754.0,945000000.0,945000000.0,0.888,10018000000.0,329000000.0,-50000000.0,0.0,10.601,2063000000.0
78,GLW,MRQ,2001-12-31,2001-12-31,2001-12-31,2021-09-07,-193000000.0,12793000000.0,,4107000000.0,8686000000.0,,5.725,-209000000.0,2219000000.0,2219000000.0,789000000.0,-655000000.0,2.06,1.363,4940000000.0,477000000.0,4463000000.0,4940000000.0,0.0,220000000.0,0.0,0.013,0.0,-1046000000.0,-826000000.0,-1.103,-826000000.0,-1046000000.0,-1094000000.0,-0.68,-0.68,-0.68,5414000000.0,,5414000000.0,12573135617.0,-2.0,-2.645,-51000000.0,-0.054,1.0,-40000000.0,-0.053,2289000000.0,48000000.0,11231000000.0,,725000000.0,778000000.0,0.0,778000000.0,7379000000.0,1994000000.0,5385000000.0,8436135617.0,469000000.0,18000000.0,1000000.0,699000000.0,-113000000.0,682000000.0,-362000000.0,-62000000.0,158000000.0,-13000000.0,-655000000.0,-656000000.0,-656000000.0,-34000000.0,0.0,-0.876,1111000000.0,-1151000000.0,441000000.0,0.0,1.558,-1.534,-1.514,5097000000.0,1000000.0,8.92,1.395,1.395,742000000.0,-3610000000.0,749000000.0,749000000.0,138000000.0,,,,,94000000.0,291000000.0,1.0,945755114.0,945755114.0,,0.792,10504000000.0,660000000.0,-439000000.0,0.0,11.106,2113000000.0
79,GLW,MRQ,2001-09-30,2001-09-30,2001-09-30,2021-09-07,-164000000.0,12684000000.0,,3948000000.0,8736000000.0,,6.474,-377000000.0,1595000000.0,1595000000.0,994000000.0,-220000000.0,2.186,1.103,4248000000.0,347000000.0,3901000000.0,4248000000.0,0.0,206000000.0,0.0,0.02,0.0,-243000000.0,-37000000.0,-0.025,-37000000.0,-243000000.0,-280000000.0,-0.24,-0.24,-0.24,6031000000.0,,6031000000.0,12414071133.0,-3.0,-3.544,157000000.0,0.169,1.0,515000000.0,0.341,2346000000.0,37000000.0,11185000000.0,,958000000.0,724000000.0,0.0,724000000.0,6653000000.0,1806000000.0,4847000000.0,8217071133.0,-46000000.0,22000000.0,227000000.0,-125000000.0,112000000.0,96000000.0,-688000000.0,-333000000.0,534000000.0,12000000.0,-220000000.0,-220000000.0,-220000000.0,0.0,0.0,-0.146,813000000.0,-298000000.0,430000000.0,0.0,1.362,-1.676,-1.661,5300000000.0,0.0,8.82,1.145,1.145,904000000.0,-2954000000.0,1509000000.0,1509000000.0,153000000.0,,,,,11000000.0,267000000.0,1.0,931640718.0,931640718.0,,1.62,10338000000.0,263000000.0,-60000000.0,0.0,11.097,2142000000.0
80,GLW,MRQ,2001-06-30,2001-06-30,2001-06-30,2021-09-07,-299000000.0,12651000000.0,,4078000000.0,8573000000.0,,6.383,-579000000.0,1311000000.0,1311000000.0,1339000000.0,-4755000000.0,2.152,1.131,4328000000.0,473000000.0,3855000000.0,4328000000.0,0.0,323000000.0,0.0,0.014,0.06,-4798000000.0,-4475000000.0,-2.396,-4475000000.0,-4798000000.0,-4832000000.0,-5.13,-5.13,-5.13,5937000000.0,,5937000000.0,19451609790.0,-5.0,-7.199,-65000000.0,-0.07,1.0,529000000.0,0.283,2283000000.0,34000000.0,11490000000.0,,977000000.0,727000000.0,0.0,727000000.0,6714000000.0,1895000000.0,4819000000.0,15542609790.0,50000000.0,21000000.0,12000000.0,297000000.0,-56000000.0,253000000.0,-713000000.0,-155000000.0,514000000.0,-4000000.0,-4755000000.0,-4755000000.0,-4755000000.0,0.0,0.0,-2.546,5377000000.0,-4848000000.0,512000000.0,-0.012,2.618,-3.51,-3.496,5301000000.0,0.0,16.71,2.05,2.05,1246000000.0,-2734000000.0,1868000000.0,1868000000.0,171000000.0,,,,,16000000.0,262000000.0,1.0,930138228.0,930138228.0,,2.008,10368000000.0,308000000.0,-77000000.0,0.0,11.147,2183000000.0
81,GLW,MRQ,2001-03-31,2001-03-31,2001-03-31,2021-09-07,-234000000.0,17173000000.0,,4074000000.0,13099000000.0,,11.648,-576000000.0,1149000000.0,1149000000.0,1105000000.0,132000000.0,2.487,0.597,4035000000.0,197000000.0,3838000000.0,4035000000.0,0.0,311000000.0,0.0,0.012,0.06,274000000.0,585000000.0,0.305,585000000.0,274000000.0,240000000.0,0.14,0.14,0.14,10751000000.0,,10751000000.0,23158922844.0,22.0,11.72,-400000000.0,-0.433,1.0,816000000.0,0.425,7286000000.0,34000000.0,11135000000.0,,1215000000.0,611000000.0,0.0,611000000.0,6422000000.0,1638000000.0,4784000000.0,19202122844.0,-515000000.0,-60000000.0,7000000.0,-59000000.0,-56000000.0,-127000000.0,-553000000.0,83000000.0,176000000.0,-2000000.0,132000000.0,132000000.0,132000000.0,0.0,0.0,0.069,595000000.0,221000000.0,614000000.0,0.429,1.786,40.341,39.038,4939000000.0,0.0,20.69,2.564,2.55,1245000000.0,2077000000.0,1921000000.0,1921000000.0,160000000.0,,,,,36000000.0,270000000.0,1.0,928087136.0,923000000.0,937000000.0,2.081,9887000000.0,232000000.0,108000000.0,0.0,10.712,2436000000.0
82,GLW,MRQ,2000-12-31,2000-12-31,2000-12-31,2021-09-07,-127000000.0,17526000000.0,,4634000000.0,12892000000.0,,12.026,-566000000.0,1794000000.0,1794000000.0,1079000000.0,-58000000.0,2.378,0.648,4094000000.0,128000000.0,3966000000.0,4094000000.0,0.0,373000000.0,0.0,0.005,0.06,51000000.0,424000000.0,0.226,424000000.0,51000000.0,22000000.0,-0.08,-0.07,-0.08,10633000000.0,,10633000000.0,48647114995.0,53.0,29.323,-69000000.0,-0.078,1.0,798000000.0,0.425,7340000000.0,29000000.0,10537000000.0,,1040000000.0,650000000.0,0.0,650000000.0,6893000000.0,1949000000.0,4944000000.0,46693914995.0,-159000000.0,-3712000000.0,2400000000.0,2021000000.0,-55000000.0,4364000000.0,-5032000000.0,-770000000.0,497000000.0,5000000.0,-58000000.0,-59000000.0,-59000000.0,-59000000.0,0.0,-0.031,902000000.0,-104000000.0,855000000.0,-0.75,4.391,110.912,107.776,4679000000.0,1000000.0,52.81,6.748,6.748,1302000000.0,2001000000.0,1877000000.0,1877000000.0,160000000.0,,,,,61000000.0,327000000.0,1.0,884186991.0,884186991.0,,2.123,10186000000.0,172000000.0,80000000.0,61000000.0,11.52,2685000000.0
83,GLW,MRQ,2000-09-30,2000-09-30,2000-09-30,2021-09-07,-114600000.0,12188100000.0,,3715700000.0,8472400000.0,,8.903,-356000000.0,104500000.0,104500000.0,1112000000.0,254000000.0,2.529,0.552,2057700000.0,111400000.0,1946300000.0,2057700000.0,0.0,374000000.0,0.0,0.002,0.06,390000000.0,764000000.0,0.399,764000000.0,390000000.0,365000000.0,0.29,0.28,0.29,7852200000.0,,7852200000.0,89605650010.0,81.0,57.881,15000000.0,0.017,1.0,804000000.0,0.42,3582100000.0,25000000.0,9090100000.0,,943200000.0,1682100000.0,1133000000.0,549100000.0,4335900000.0,1469100000.0,2866800000.0,87608050010.0,-141000000.0,-16000000.0,23000000.0,-13000000.0,-54000000.0,-52000000.0,-454000000.0,0.0,371000000.0,-6000000.0,254000000.0,254000000.0,254000000.0,0.0,0.0,0.133,479000000.0,325000000.0,506800000.0,0.207,11.157,138.928,132.444,4092300000.0,0.0,99.333,13.792,13.792,1295400000.0,2113700000.0,1916000000.0,1916000000.0,141000000.0,,,,,291000000.0,256000000.0,1.0,881960235.0,881960235.0,,2.172,8606000000.0,239600000.0,111000000.0,0.0,9.758,2246600000.0
84,GLW,MRQ,2000-06-30,2000-06-30,2000-06-30,2021-09-07,-55600000.0,11933900000.0,,3646500000.0,8287400000.0,,9.122,-386000000.0,106000000.0,106000000.0,1030000000.0,149000000.0,2.592,0.569,2103600000.0,126300000.0,1977300000.0,2103600000.0,0.0,-112000000.0,0.0,0.003,0.06,315000000.0,203000000.0,0.114,203000000.0,315000000.0,286000000.0,0.18,0.17,0.18,7605300000.0,,7605300000.0,75438137320.0,81.0,68.202,171000000.0,0.205,1.0,746000000.0,0.42,3586300000.0,29000000.0,8938500000.0,,839800000.0,1789200000.0,1273500000.0,515700000.0,4328600000.0,1406700000.0,2921900000.0,73368637320.0,66000000.0,-101000000.0,54000000.0,-47000000.0,-52000000.0,-50000000.0,-438000000.0,0.0,557000000.0,-2000000.0,149000000.0,149000000.0,149000000.0,0.0,0.0,0.084,482000000.0,264000000.0,445000000.0,0.333,9.647,141.502,137.5,3856500000.0,0.0,88.0,12.827,12.827,1219600000.0,1913400000.0,1776000000.0,1776000000.0,120000000.0,,,,,-127000000.0,258000000.0,1.0,833734515.0,833734515.0,,2.13,8347600000.0,207600000.0,137000000.0,0.0,10.012,2239800000.0
85,GLW,MRQ,2000-03-31,2000-03-31,2000-03-31,2021-09-07,1800000.0,9014300000.0,,3500600000.0,5513700000.0,,5.896,-177000000.0,68400000.0,68400000.0,788000000.0,77000000.0,2.767,0.848,2137900000.0,150100000.0,1987800000.0,2137900000.0,0.0,112000000.0,0.0,0.004,0.06,156000000.0,268000000.0,0.198,268000000.0,156000000.0,132000000.0,0.09,0.09,0.09,4878800000.0,,4878800000.0,55297391764.0,67.0,45.742,-229000000.0,-0.277,1.0,563000000.0,0.417,1150300000.0,24000000.0,8668500000.0,,787000000.0,1766700000.0,1244700000.0,522000000.0,4135500000.0,1265000000.0,2870500000.0,53508091764.0,1033000000.0,-1144000000.0,2267000000.0,212000000.0,-50000000.0,2387000000.0,-1299000000.0,0.0,-52000000.0,-2000000.0,77000000.0,77000000.0,77000000.0,0.0,0.0,0.057,425000000.0,138000000.0,416700000.0,0.667,10.967,106.909,102.646,3629100000.0,0.0,64.667,10.523,10.523,1146600000.0,1816800000.0,1351000000.0,1351000000.0,110000000.0,,,,,127000000.0,200000000.0,1.0,827444718.0,827444718.0,,1.633,7864000000.0,253900000.0,55000000.0,0.0,9.504,2235600000.0
86,GLW,MRQ,1999-12-31,1999-12-31,1999-12-31,2021-09-07,-30600000.0,6526000000.0,,1984200000.0,4541800000.0,,3.354,-314700000.0,121800000.0,121800000.0,855800000.0,150600000.0,1.277,1.65,1911100000.0,420700000.0,1490400000.0,1911100000.0,0.0,73900000.0,0.0,0.006,0.06,239200000.0,313100000.0,0.239,313100000.0,239200000.0,212300000.0,0.19,0.19,0.19,2462700000.0,,2462700000.0,33068147572.0,41.0,27.742,51400000.0,0.07,1.0,453200000.0,0.346,506700000.0,26900000.0,6254600000.0,,602200000.0,663000000.0,158600000.0,504400000.0,4063300000.0,1554000000.0,2509300000.0,31552747572.0,170500000.0,51300000.0,19300000.0,116400000.0,-44500000.0,89900000.0,-281400000.0,-38000000.0,366100000.0,-1400000.0,150600000.0,150600000.0,150600000.0,-5000000.0,0.0,0.115,300800000.0,152400000.0,418000000.0,0.316,12.812,61.149,64.129,3201700000.0,0.0,42.967,6.655,6.655,872400000.0,1790000000.0,1309000000.0,1309000000.0,105900000.0,,,,,33100000.0,191600000.0,1.0,734354094.0,734354094.0,,1.783,6019300000.0,229200000.0,61700000.0,0.0,8.197,430200000.0
87,GLW,MRQ,1999-09-30,1999-09-30,1999-09-30,2021-09-07,-19600000.0,5673800000.0,,1632000000.0,4041800000.0,,2.862,-160900000.0,70000000.0,70000000.0,767000000.0,141900000.0,1.339,1.701,1585400000.0,297800000.0,1287600000.0,1585400000.0,0.0,98400000.0,0.0,0.011,0.06,223600000.0,322000000.0,0.251,322000000.0,223600000.0,197600000.0,0.18,0.18,0.18,2100800000.0,,2100800000.0,18362599508.0,23.0,15.778,207500000.0,0.283,1.0,517000000.0,0.403,344500000.0,26000000.0,5626000000.0,,550600000.0,424500000.0,31500000.0,393000000.0,3573000000.0,1218700000.0,2354300000.0,16777799508.0,25900000.0,-38700000.0,-23600000.0,-31800000.0,-44300000.0,-124700000.0,-214200000.0,0.0,368400000.0,1700000.0,141900000.0,141900000.0,141900000.0,0.0,0.0,0.111,295000000.0,222000000.0,283800000.0,0.333,7.986,33.758,36.683,2909900000.0,0.0,22.853,3.537,3.537,768400000.0,1730800000.0,1284000000.0,1284000000.0,100200000.0,,,,,33900000.0,172000000.0,1.0,734151087.0,734151087.0,,1.749,5329300000.0,211500000.0,55700000.0,0.0,7.259,413300000.0
88,GLW,MRQ,1999-06-30,1999-06-30,1999-06-30,2021-09-07,-33500000.0,5490500000.0,,1612800000.0,3877700000.0,,2.699,-132200000.0,51800000.0,51800000.0,693300000.0,131000000.0,1.386,1.779,1636600000.0,350000000.0,1286600000.0,1636600000.0,0.0,102100000.0,0.0,0.01,0.06,203700000.0,305800000.0,0.268,305800000.0,203700000.0,183300000.0,0.17,0.167,0.17,1975900000.0,,1975900000.0,18507498685.0,25.0,17.097,-62500000.0,-0.085,1.0,447700000.0,0.392,311000000.0,20400000.0,5600600000.0,,553200000.0,378900000.0,24300000.0,354600000.0,3514600000.0,1163700000.0,2350900000.0,17115698685.0,-84400000.0,-125900000.0,-10800000.0,165800000.0,-44300000.0,127000000.0,-276200000.0,0.0,69700000.0,-1300000.0,131000000.0,131000000.0,131000000.0,0.0,0.0,0.115,246700000.0,201000000.0,243200000.0,0.353,8.662,37.249,39.421,2826500000.0,0.0,23.377,3.91,3.91,742400000.0,1641800000.0,1141000000.0,1141000000.0,88500000.0,,,,,0.0,151200000.0,1.0,732170199.0,732170199.0,,1.558,5179500000.0,241100000.0,52300000.0,0.0,7.074,449100000.0
89,GLW,MRQ,1999-03-31,1999-03-31,1999-03-31,2021-09-07,-34700000.0,5166400000.0,,1438400000.0,3728000000.0,,2.746,-149200000.0,43200000.0,43200000.0,613900000.0,92500000.0,1.566,1.708,1435000000.0,143900000.0,1291100000.0,1435000000.0,0.0,101600000.0,0.0,0.012,0.06,149500000.0,251100000.0,0.249,251100000.0,149500000.0,129800000.0,0.123,0.12,0.123,1908000000.0,,1908000000.0,15085335360.0,22.0,14.972,-86400000.0,-0.124,1.0,393100000.0,0.39,309000000.0,19700000.0,5330600000.0,,514000000.0,486200000.0,108700000.0,377500000.0,3258400000.0,918600000.0,2339800000.0,13894635360.0,109000000.0,-6700000.0,32100000.0,231600000.0,-43900000.0,211800000.0,-161200000.0,0.0,62800000.0,-3000000.0,92500000.0,92500000.0,92500000.0,0.0,0.0,0.092,242500000.0,150600000.0,250500000.0,0.488,7.282,30.72,33.167,2729400000.0,0.0,20.0,3.369,3.369,592300000.0,1564200000.0,1007000000.0,1007000000.0,83400000.0,,,,,0.0,152200000.0,1.0,694731768.0,694731768.0,,1.449,4857400000.0,180200000.0,37300000.0,0.0,6.992,519800000.0
90,GLW,MRQ,1998-12-31,1998-12-31,1998-12-31,2021-09-07,3200000.0,5464300000.0,,1475700000.0,3988600000.0,,2.461,-166800000.0,20800000.0,20800000.0,777100000.0,131600000.0,1.308,2.202,1424500000.0,206700000.0,1217800000.0,1424500000.0,0.0,64900000.0,0.0,0.016,0.06,220000000.0,284900000.0,0.217,284900000.0,220000000.0,197000000.0,0.15,0.15,0.15,1706600000.0,,1706600000.0,11532266635.0,18.0,12.327,111000000.0,0.16,1.0,533900000.0,0.407,506200000.0,23000000.0,5233800000.0,,536000000.0,415600000.0,38400000.0,377200000.0,3757700000.0,1128000000.0,2629700000.0,10402366635.0,-42400000.0,-79300000.0,-11000000.0,32400000.0,-42000000.0,-30700000.0,-259900000.0,0.0,277800000.0,100000.0,131600000.0,131600000.0,131600000.0,0.0,0.0,0.1,294700000.0,239200000.0,312500000.0,0.4,6.095,24.691,26.316,2783900000.0,0.0,15.0,2.653,2.653,696000000.0,1451100000.0,1311000000.0,1311000000.0,93600000.0,,,,,13800000.0,190700000.0,1.0,693491109.0,693491109.0,,1.89,4958100000.0,184500000.0,65400000.0,0.0,7.149,347700000.0
91,GLW,MRQ,1998-09-30,1998-09-30,1998-09-30,2021-09-07,-21700000.0,4760300000.0,,1280800000.0,3479500000.0,,2.02,-169000000.0,23800000.0,23800000.0,546200000.0,104400000.0,1.494,2.388,1153700000.0,60400000.0,1093300000.0,1153700000.0,0.0,75800000.0,0.0,0.024,0.06,164900000.0,240700000.0,0.262,240700000.0,164900000.0,153600000.0,0.15,0.147,0.15,1405200000.0,,1405200000.0,7939669289.0,12.0,8.412,51500000.0,0.074,1.0,372100000.0,0.405,283200000.0,11300000.0,4749900000.0,,450500000.0,471000000.0,69200000.0,401800000.0,3355100000.0,857100000.0,2498000000.0,6827069289.0,-98300000.0,10100000.0,-25200000.0,18700000.0,-42300000.0,-48800000.0,-169800000.0,0.0,220500000.0,4400000.0,104400000.0,104400000.0,104400000.0,0.0,0.0,0.114,188100000.0,184000000.0,213800000.0,0.4,4.858,16.259,17.307,2457200000.0,0.0,9.813,1.779,1.779,593500000.0,1459500000.0,918300000.0,918300000.0,71600000.0,,,,,0.0,112600000.0,1.0,695693202.0,695693202.0,,1.32,4477100000.0,143800000.0,49200000.0,0.0,6.435,423700000.0
92,GLW,MRQ,1998-06-30,1998-06-30,1998-06-30,2021-09-07,-3900000.0,4742000000.0,,1334500000.0,3407500000.0,,1.993,-218300000.0,22100000.0,22100000.0,526400000.0,123800000.0,1.525,2.418,1134700000.0,38800000.0,1095900000.0,1134700000.0,0.0,78300000.0,0.0,0.021,0.06,152600000.0,230900000.0,0.26,230900000.0,152600000.0,137700000.0,0.18,0.177,0.18,1387300000.0,,1387300000.0,9547268091.0,15.0,9.952,-26100000.0,-0.037,1.0,362000000.0,0.407,281100000.0,14900000.0,4698500000.0,,464700000.0,533600000.0,169200000.0,364400000.0,3354700000.0,875000000.0,2479700000.0,8064868091.0,111800000.0,577300000.0,-6200000.0,-369900000.0,-41900000.0,-418000000.0,362600000.0,79100000.0,192200000.0,500000.0,123800000.0,123800000.0,123800000.0,-67100000.0,0.0,0.139,290300000.0,71700000.0,207400000.0,0.333,5.813,18.852,19.971,2358500000.0,0.0,11.583,2.111,2.111,543300000.0,1397300000.0,888400000.0,888400000.0,75100000.0,,,,,0.0,126600000.0,1.0,696247605.0,696247605.0,,1.276,4460900000.0,135200000.0,13900000.0,0.0,6.407,459500000.0
93,GLW,MRQ,1998-03-31,1998-03-31,1998-03-31,2021-09-07,-15900000.0,4738900000.0,,1159600000.0,3579300000.0,,1.856,-35100000.0,21500000.0,21500000.0,514700000.0,61500000.0,1.215,2.674,1503900000.0,383800000.0,1120100000.0,1503900000.0,0.0,78900000.0,0.0,0.016,0.06,100100000.0,179000000.0,0.223,179000000.0,100100000.0,82500000.0,0.09,0.087,0.09,1289900000.0,,1289900000.0,11532853710.0,16.0,11.39,-43400000.0,-0.062,1.0,289200000.0,0.36,290100000.0,17600000.0,4976800000.0,,443400000.0,410300000.0,58000000.0,352300000.0,3449000000.0,954400000.0,2494600000.0,10249053710.0,-17500000.0,0.0,-3200000.0,164600000.0,-42100000.0,119300000.0,-115700000.0,-79100000.0,-8300000.0,-600000.0,61500000.0,61500000.0,61500000.0,600000.0,0.0,0.077,180000000.0,109200000.0,172400000.0,0.667,7.946,23.78,25.128,2225500000.0,0.0,14.75,2.664,2.664,514100000.0,1315400000.0,803900000.0,803900000.0,67100000.0,,,,,0.0,112900000.0,1.0,694851099.0,694851099.0,,1.157,4448800000.0,122600000.0,21000000.0,0.0,6.403,205200000.0
94,GLW,MRQ,1997-12-31,1997-12-31,1997-12-31,2021-09-07,-32200000.0,4691900000.0,,1199100000.0,3492800000.0,,1.797,-352100000.0,61000000.0,61000000.0,708400000.0,130200000.0,1.252,2.764,1338800000.0,213000000.0,1125800000.0,1338800000.0,0.0,74800000.0,0.0,0.208,0.06,218400000.0,293200000.0,0.239,293200000.0,218400000.0,192300000.0,0.147,0.143,0.147,1246500000.0,,1246500000.0,9864146982.0,13.0,9.195,-12800000.0,-0.018,1.0,518800000.0,0.423,294200000.0,26100000.0,4717800000.0,,428300000.0,346000000.0,36000000.0,310000000.0,3445400000.0,957700000.0,2487700000.0,8583146982.0,21900000.0,-29900000.0,-17800000.0,69500000.0,-42100000.0,9400000.0,-368300000.0,-1200000.0,339300000.0,-1200000.0,130200000.0,130200000.0,130200000.0,-16800000.0,0.0,0.106,301300000.0,217500000.0,300000000.0,0.408,6.886,18.598,19.646,2267900000.0,0.0,12.377,2.218,2.218,559700000.0,1296000000.0,1227200000.0,1227200000.0,87800000.0,,,,,0.0,191700000.0,1.0,693494235.0,693494235.0,,1.77,4397700000.0,114100000.0,62100000.0,0.0,6.341,241400000.0
95,GLW,MRQ,1997-09-30,1997-09-30,1997-09-30,2021-09-07,19300000.0,4622800000.0,,1458400000.0,3164400000.0,,1.773,-170700000.0,15300000.0,15300000.0,524900000.0,112300000.0,1.74,2.767,1296300000.0,151600000.0,1144700000.0,1296300000.0,0.0,79700000.0,0.0,0.163,0.06,176500000.0,256200000.0,0.284,256200000.0,176500000.0,160300000.0,0.163,0.157,0.163,1227300000.0,,1227300000.0,12137469800.0,27.0,16.997,-13900000.0,-0.02,1.0,376400000.0,0.418,366600000.0,16200000.0,4699000000.0,,597700000.0,425000000.0,64700000.0,360300000.0,3395500000.0,838200000.0,2557300000.0,10902569800.0,-60700000.0,0.0,-5200000.0,5700000.0,-42200000.0,-41700000.0,-171500000.0,-3300000.0,156800000.0,400000.0,112300000.0,112300000.0,112300000.0,-5500000.0,0.0,0.125,204700000.0,171700000.0,169900000.0,0.368,8.883,35.272,34.768,2143700000.0,0.0,15.75,8.758,8.758,642800000.0,1229600000.0,901300000.0,901300000.0,70700000.0,,,,,0.0,134000000.0,1.0,692226654.0,692226654.0,,1.302,4256200000.0,137900000.0,48000000.0,0.0,6.149,620200000.0
96,GLW,MRQ,1997-06-30,1997-06-30,1997-06-30,2021-09-07,19900000.0,4510300000.0,,1470200000.0,3040100000.0,,1.65,-129400000.0,60200000.0,60200000.0,515300000.0,127000000.0,1.793,2.971,1295100000.0,134300000.0,1160800000.0,1295100000.0,0.0,73400000.0,0.0,0.139,0.06,210700000.0,284100000.0,0.311,284100000.0,210700000.0,191200000.0,0.187,0.177,0.187,1135900000.0,,1135900000.0,13973613420.0,26.0,17.597,63600000.0,0.092,1.0,399300000.0,0.437,369900000.0,19500000.0,4555500000.0,,582100000.0,401800000.0,80100000.0,321700000.0,3374400000.0,819800000.0,2554600000.0,12763413420.0,39000000.0,-32000000.0,-200000.0,49700000.0,-41800000.0,7700000.0,-166300000.0,-4200000.0,193000000.0,-300000.0,127000000.0,127000000.0,127000000.0,-2000000.0,0.0,0.139,192300000.0,207000000.0,162800000.0,0.321,11.236,44.659,44.468,2060200000.0,0.0,18.543,4.214,4.214,623300000.0,1159400000.0,914600000.0,914600000.0,53400000.0,,,,,0.0,138900000.0,1.0,688302000.0,688302000.0,,1.329,4140400000.0,124500000.0,64200000.0,0.0,6.015,650400000.0
97,GLW,MRQ,1997-03-31,1997-03-31,1997-03-31,2021-09-07,16700000.0,4289500000.0,,1401400000.0,2888100000.0,,1.464,-50000000.0,32900000.0,32900000.0,475700000.0,92000000.0,1.898,3.313,1243100000.0,48000000.0,1195100000.0,1243100000.0,0.0,77100000.0,0.0,0.174,2.393,162200000.0,239300000.0,0.289,239300000.0,162200000.0,141000000.0,0.133,0.13,0.133,994500000.0,,994500000.0,11383774576.0,27.0,16.719,-39600000.0,-0.058,1.0,351300000.0,0.425,322100000.0,21200000.0,4439100000.0,,538600000.0,399500000.0,74000000.0,325500000.0,3295000000.0,738500000.0,2556500000.0,10173274576.0,-115800000.0,0.0,-2400000.0,-14700000.0,-41700000.0,-58800000.0,-50000000.0,-100000.0,10400000.0,3500000.0,92000000.0,92000000.0,92000000.0,-6600000.0,0.0,0.111,179800000.0,171500000.0,177200000.0,17.992,10.23,51.957,52.273,1967600000.0,0.0,14.793,3.352,3.312,638300000.0,1074300000.0,827000000.0,827000000.0,51000000.0,,,,,0.0,128800000.0,1.0,687693189.0,679500000.0,,1.217,3967400000.0,117600000.0,49000000.0,0.0,5.839,662900000.0
98,GLW,MRQ,1996-12-31,1996-12-31,1996-12-31,2021-09-07,43600000.0,4183400000.0,,1177400000.0,3006000000.0,,1.411,-179300000.0,43800000.0,43800000.0,-892500000.0,-22200000.0,1.608,3.353,1248600000.0,53500000.0,1195100000.0,1248600000.0,0.0,40200000.0,0.0,0.016,0.06,-105700000.0,-65500000.0,0.047,-65500000.0,-105700000.0,-73100000.0,-0.03,-0.037,-0.03,961100000.0,,961100000.0,,,,7800000.0,0.011,1.0,-505600000.0,0.362,259900000.0,-32600000.0,4396100000.0,,364500000.0,508500000.0,171300000.0,337200000.0,3222300000.0,732200000.0,2490100000.0,10601936664.0,98500000.0,650000000.0,-40000000.0,-440100000.0,-41500000.0,-513000000.0,481800000.0,-600000.0,187100000.0,-700000.0,-22200000.0,-22200000.0,-22200000.0,-62500000.0,0.0,0.016,-316000000.0,-189600000.0,247300000.0,-2.0,11.031,60.375,60.935,1808600000.0,0.0,15.417,3.472,3.44,485900000.0,1024000000.0,-1398100000.0,-1398100000.0,-38500000.0,,,,,0.0,-277500000.0,1.0,687693189.0,681300000.0,,-2.052,3923500000.0,111900000.0,-50900000.0,0.0,5.759,445200000.0
99,GLW,MRQ,1996-09-30,1996-09-30,1996-09-30,2021-09-07,,,,,,,,-151700000.0,,,1636900000.0,89000000.0,,,,,,,,70300000.0,,0.018,0.06,265900000.0,336200000.0,0.125,336200000.0,265900000.0,212100000.0,0.127,0.137,0.127,,,,,,,66000000.0,,1.0,1048600000.0,0.39,,53800000.0,,,,,,,,,,,5300000.0,0.0,-500000.0,-12500000.0,-42400000.0,-55400000.0,-160800000.0,-9600000.0,217700000.0,0.0,89000000.0,89000000.0,89000000.0,162600000.0,0.0,0.033,607600000.0,441000000.0,,0.472,,,,,0.0,13.0,,,,,2685500000.0,2685500000.0,137500000.0,,,,,0.0,470100000.0,1.0,,,,,,,123100000.0,,,
100,GLW,MRQ,1996-06-30,1996-06-30,1996-06-30,2021-09-07,,,,,,,,-116000000.0,,,568700000.0,37000000.0,,,,,,,,69900000.0,,0.019,0.06,101000000.0,170900000.0,0.186,170900000.0,101000000.0,82700000.0,0.053,0.057,0.053,,,,,,,-33700000.0,,1.0,352000000.0,0.382,,18300000.0,,,,,,,,,,,22300000.0,0.0,1100000.0,119400000.0,-41800000.0,78700000.0,-111300000.0,-4700000.0,82300000.0,-200000.0,37000000.0,37000000.0,37000000.0,56800000.0,0.0,0.04,193300000.0,158700000.0,,1.132,,,,,0.0,12.833,,,,,920700000.0,920700000.0,44900000.0,,,,,0.0,148400000.0,1.0,,,,,,,45700000.0,,,
101,GLW,MRQ,1996-03-31,1996-03-31,1996-03-31,2021-09-07,,,,,,,,-77300000.0,,,517000000.0,71800000.0,,,,,,,,71900000.0,,0.02,0.06,123000000.0,194900000.0,0.23,194900000.0,123000000.0,105300000.0,0.103,,0.103,,,,,,,-43300000.0,-0.064,1.0,328600000.0,0.389,,17700000.0,,,,,,,,,,,-87700000.0,-15100000.0,-1100000.0,93600000.0,-41500000.0,51000000.0,-92100000.0,2200000.0,34000000.0,-1300000.0,71800000.0,71800000.0,71800000.0,-9200000.0,0.0,0.085,203700000.0,124900000.0,,0.583,,,,,0.0,11.833,,,,,845600000.0,845600000.0,45300000.0,,,,,0.0,158400000.0,1.0,,681600000.0,,1.241,,,33500000.0,,,
102,GLW,MRQ,1995-12-31,1995-12-31,1995-12-31,2021-09-07,56500000.0,5461700000.0,,1196400000.0,4265300000.0,,3.094,,72400000.0,72400000.0,,,1.612,1.597,1483100000.0,143100000.0,1340000000.0,1483100000.0,0.0,,0.0,0.022,0.06,,,,,,,,,,2103000000.0,,2103000000.0,,,,,,1.0,,,330800000.0,,5799600000.0,,426500000.0,480100000.0,115200000.0,364900000.0,3358700000.0,742000000.0,2616700000.0,,,,,,,,,,,,,,,,,,,,202600000.0,,,,-138.528,1599600000.0,,10.667,,2.714,479500000.0,1496500000.0,,,,,,,,,,1.0,,679800000.0,,,5130900000.0,102800000.0,,0.0,7.548,454400000.0
0,GLW,MRT,2021-06-30,2021-06-30,2021-06-30,2021-09-07,-1052000000.0,29806000000.0,30247750000.0,7648000000.0,22158000000.0,0.434,14.048,-1130000000.0,2320000000.0,2320000000.0,8457000000.0,1727000000.0,1.654,1.477,7378000000.0,353000000.0,7025000000.0,7378000000.0,0.0,1517000000.0,0.0,0.022,0.92,2421000000.0,3938000000.0,0.3,3938000000.0,2421000000.0,2121000000.0,1.15,1.03,1.15,11960000000.0,12811500000.0,11960000000.0,39756494429.0,16.0,10.096,1746000000.0,2.051,1.0,4685000000.0,0.356,3661000000.0,300000000.0,26579000000.0,27805000000.0,2387000000.0,0.0,0.0,0.0,17664000000.0,4624000000.0,13040000000.0,34820494429.0,162000000.0,191000000.0,192000000.0,-647000000.0,-846000000.0,-1846000000.0,-941000000.0,0.0,2876000000.0,73000000.0,1727000000.0,1727000000.0,1727000000.0,0.0,0.0,0.131,2802000000.0,1883000000.0,1312000000.0,0.8,2.911,20.162,35.565,15455000000.0,0.0,40.9,2.65,2.65,2057000000.0,15739000000.0,13142000000.0,13142000000.0,927000000.0,0.057,0.135,0.087,0.184,220000000.0,1816000000.0,1.0,851356832.0,851356832.0,,15.437,26145000000.0,1051000000.0,394000000.0,0.0,30.71,3024000000.0
1,GLW,MRT,2021-03-31,2021-03-31,2021-03-31,2021-09-07,-1092000000.0,30143000000.0,29682750000.0,8103000000.0,22040000000.0,0.411,17.399,-1084000000.0,2868000000.0,2868000000.0,8076000000.0,1207000000.0,2.307,1.241,7804000000.0,154000000.0,7650000000.0,7804000000.0,0.0,1500000000.0,0.0,0.021,0.9,1845000000.0,3345000000.0,0.274,3345000000.0,1845000000.0,1556000000.0,1.44,1.32,1.44,13369000000.0,12833750000.0,13369000000.0,38731686850.0,21.0,11.579,1571000000.0,2.045,1.0,4126000000.0,0.338,3688000000.0,289000000.0,27878000000.0,27955250000.0,2361000000.0,0.0,0.0,0.0,16585000000.0,3513000000.0,13072000000.0,33431686850.0,843000000.0,23000000.0,168000000.0,-203000000.0,-803000000.0,-825000000.0,-1059000000.0,0.0,2655000000.0,72000000.0,1207000000.0,1182000000.0,1182000000.0,0.0,0.0,0.097,2926000000.0,1200000000.0,1272000000.0,0.625,2.501,28.284,30.215,15364000000.0,25000000.0,43.51,2.74,2.74,1900000000.0,16509000000.0,12202000000.0,12202000000.0,1115000000.0,0.04,0.092,0.066,0.151,207000000.0,1752000000.0,1.0,768367889.0,768367889.0,,15.88,26455000000.0,992000000.0,349000000.0,0.0,34.43,4590000000.0
2,GLW,MRT,2020-12-31,2020-12-31,2020-12-31,2021-09-07,-740000000.0,30775000000.0,29111750000.0,8004000000.0,22771000000.0,0.388,17.352,-1340000000.0,2672000000.0,2672000000.0,7772000000.0,512000000.0,2.125,1.307,7972000000.0,156000000.0,7816000000.0,7972000000.0,0.0,1520000000.0,0.0,0.024,0.88,899000000.0,2419000000.0,0.214,2419000000.0,899000000.0,623000000.0,0.54,0.54,0.54,13257000000.0,12541000000.0,13257000000.0,33068361044.0,37.0,13.67,840000000.0,1.099,1.0,3531000000.0,0.312,3768000000.0,276000000.0,28540000000.0,27836500000.0,2438000000.0,0.0,0.0,0.0,17327000000.0,3767000000.0,13560000000.0,27504361044.0,238000000.0,4000000.0,19000000.0,22000000.0,-787000000.0,-729000000.0,-1310000000.0,0.0,2180000000.0,97000000.0,512000000.0,512000000.0,512000000.0,0.0,0.0,0.045,3082000000.0,449000000.0,1174000000.0,1.63,2.075,53.719,66.667,15742000000.0,0.0,36.0,2.433,2.433,2133000000.0,16120000000.0,11303000000.0,11303000000.0,1154000000.0,0.018,0.041,0.032,0.08,207000000.0,1747000000.0,1.0,764010029.0,764010029.0,,14.794,27007000000.0,1121000000.0,111000000.0,0.0,35.349,4237000000.0
3,GLW,MRT,2020-09-30,2020-09-30,2020-09-30,2021-09-07,-1134000000.0,30267000000.0,28642500000.0,8058000000.0,22209000000.0,0.376,16.619,-1328000000.0,2514000000.0,2514000000.0,7598000000.0,292000000.0,2.094,1.375,8078000000.0,256000000.0,7822000000.0,8078000000.0,0.0,1520000000.0,0.0,0.027,0.86,571000000.0,2091000000.0,0.194,2091000000.0,571000000.0,310000000.0,0.25,0.23,0.25,12660000000.0,12453500000.0,12660000000.0,30340170207.0,53.0,14.51,1096000000.0,1.439,1.0,3172000000.0,0.295,3759000000.0,261000000.0,28223000000.0,27592250000.0,2581000000.0,354000000.0,0.0,354000000.0,17410000000.0,3849000000.0,13561000000.0,24689170207.0,1543000000.0,-5000000.0,-273000000.0,1394000000.0,-775000000.0,371000000.0,-1289000000.0,0.0,2424000000.0,37000000.0,292000000.0,267000000.0,267000000.0,0.0,0.0,0.025,3159000000.0,13000000.0,1176000000.0,3.44,1.95,92.469,129.64,15449000000.0,25000000.0,32.41,2.292,2.292,2099000000.0,16065000000.0,10770000000.0,10770000000.0,1200000000.0,0.009,0.021,0.021,0.053,140000000.0,1677000000.0,1.0,761776310.0,761776310.0,,14.138,26508000000.0,1173000000.0,18000000.0,0.0,34.798,4209000000.0
4,GLW,MRT,2020-06-30,2020-06-30,2020-06-30,2021-09-07,-1432000000.0,27546000000.0,27908000000.0,6846000000.0,20700000000.0,0.384,15.834,-1621000000.0,2158000000.0,2158000000.0,7515000000.0,202000000.0,2.267,1.279,7809000000.0,12000000.0,7797000000.0,7809000000.0,0.0,1522000000.0,0.0,0.032,0.84,514000000.0,2036000000.0,0.19,2036000000.0,514000000.0,268000000.0,0.12,0.13,0.12,12049000000.0,12547000000.0,12049000000.0,25510552527.0,50.0,12.53,1084000000.0,1.425,1.0,3188000000.0,0.298,2997000000.0,246000000.0,27180000000.0,27076000000.0,2235000000.0,329000000.0,0.0,329000000.0,15413000000.0,3020000000.0,12393000000.0,19708552527.0,980000000.0,-5000000.0,-603000000.0,1294000000.0,-763000000.0,-57000000.0,-1641000000.0,0.0,2705000000.0,-27000000.0,202000000.0,177000000.0,177000000.0,0.0,0.0,0.017,3020000000.0,168000000.0,1109000000.0,7.0,1.636,111.348,215.833,14691000000.0,25000000.0,25.9,1.841,1.841,1712000000.0,15847000000.0,10703000000.0,10703000000.0,1224000000.0,0.006,0.014,0.019,0.048,91000000.0,1566000000.0,1.0,760947974.0,760947974.0,,14.065,24549000000.0,1266000000.0,66000000.0,0.0,32.261,3826000000.0
5,GLW,MRT,2020-03-31,2020-03-31,2020-03-31,2021-09-07,-1497000000.0,27859000000.0,27915250000.0,6946000000.0,20913000000.0,0.397,15.974,-1930000000.0,2025000000.0,2025000000.0,7585000000.0,365000000.0,2.177,1.277,7827000000.0,12000000.0,7815000000.0,7827000000.0,0.0,1550000000.0,0.0,0.04,0.82,766000000.0,2316000000.0,0.209,2316000000.0,766000000.0,533000000.0,0.34,0.35,0.34,12198000000.0,12891000000.0,12198000000.0,20990924584.0,27.0,9.063,378000000.0,0.495,1.0,3497000000.0,0.316,3067000000.0,233000000.0,27403000000.0,26865500000.0,2347000000.0,320000000.0,0.0,320000000.0,15572000000.0,3191000000.0,12381000000.0,15684924584.0,569000000.0,0.0,-723000000.0,1731000000.0,-753000000.0,252000000.0,-1947000000.0,0.0,2308000000.0,-44000000.0,365000000.0,365000000.0,365000000.0,0.0,0.0,0.033,2889000000.0,608000000.0,1250000000.0,2.412,1.286,42.972,60.412,14932000000.0,0.0,20.54,1.415,1.415,1708000000.0,16114000000.0,11082000000.0,11082000000.0,1043000000.0,0.013,0.028,0.029,0.069,56000000.0,1579000000.0,1.0,763628266.0,763628266.0,,14.512,24792000000.0,1181000000.0,168000000.0,0.0,32.466,3755000000.0
6,GLW,MRT,2019-12-31,2019-12-31,2019-12-31,2021-09-07,-1171000000.0,28898000000.0,27780750000.0,7463000000.0,21435000000.0,0.414,16.782,-1909000000.0,2434000000.0,2434000000.0,7468000000.0,960000000.0,2.12,1.232,7740000000.0,11000000.0,7729000000.0,7740000000.0,0.0,1503000000.0,0.0,0.027,0.8,1437000000.0,2940000000.0,0.256,2940000000.0,1437000000.0,1216000000.0,1.11,1.07,1.11,12907000000.0,13243250000.0,12907000000.0,27947785608.0,19.0,9.506,122000000.0,0.159,1.0,4035000000.0,0.351,3120000000.0,221000000.0,27563000000.0,26423750000.0,2320000000.0,0.0,0.0,0.0,15901000000.0,3521000000.0,12380000000.0,22388785608.0,79000000.0,0.0,-882000000.0,1531000000.0,-742000000.0,-47000000.0,-1891000000.0,0.0,2031000000.0,-14000000.0,960000000.0,960000000.0,960000000.0,0.0,0.0,0.083,2884000000.0,1151000000.0,1587000000.0,0.721,1.735,23.322,26.225,15337000000.0,0.0,29.11,1.946,1.946,1836000000.0,16408000000.0,11503000000.0,11503000000.0,1031000000.0,0.035,0.072,0.054,0.125,56000000.0,1585000000.0,1.0,769109777.0,769109777.0,,14.956,25778000000.0,1157000000.0,256000000.0,0.0,33.517,3942000000.0
7,GLW,MRT,2019-09-30,2019-09-30,2019-09-30,2021-09-07,-1387000000.0,27329000000.0,27432500000.0,6156000000.0,21173000000.0,0.427,16.692,-2139000000.0,971000000.0,971000000.0,7338000000.0,1220000000.0,1.71,1.089,6530000000.0,305000000.0,6225000000.0,6530000000.0,0.0,1441000000.0,0.0,0.027,0.78,1757000000.0,3198000000.0,0.273,3198000000.0,1757000000.0,1545000000.0,1.44,1.33,1.44,13034000000.0,13464500000.0,13034000000.0,27627301115.0,16.0,8.639,-185000000.0,-0.237,1.0,4383000000.0,0.374,3130000000.0,212000000.0,26158000000.0,25685250000.0,2337000000.0,339000000.0,0.0,339000000.0,14195000000.0,3600000000.0,10595000000.0,22270301115.0,-932000000.0,-38000000.0,-1005000000.0,984000000.0,-722000000.0,-712000000.0,-2155000000.0,0.0,1954000000.0,-19000000.0,1220000000.0,1220000000.0,1220000000.0,0.0,0.0,0.104,3024000000.0,1359000000.0,1447000000.0,0.542,1.709,18.254,19.806,15083000000.0,0.0,28.52,1.9,1.9,2024000000.0,16555000000.0,11721000000.0,11721000000.0,1018000000.0,0.044,0.091,0.068,0.15,94000000.0,1631000000.0,1.0,780866098.0,780866098.0,,15.01,24199000000.0,1109000000.0,325000000.0,0.0,30.99,2556000000.0
8,GLW,MRT,2019-06-30,2019-06-30,2019-06-30,2021-09-07,-1130000000.0,27575000000.0,27198250000.0,6311000000.0,21264000000.0,0.434,17.107,-2208000000.0,1178000000.0,1178000000.0,7197000000.0,1508000000.0,1.847,1.047,6535000000.0,455000000.0,6080000000.0,6535000000.0,0.0,1363000000.0,0.0,0.023,0.76,2097000000.0,3460000000.0,0.293,3460000000.0,2097000000.0,1895000000.0,1.79,1.62,1.79,13425000000.0,13678500000.0,13425000000.0,30646383096.0,15.0,8.857,-200000000.0,-0.255,1.0,4598000000.0,0.39,3178000000.0,202000000.0,26338000000.0,25007250000.0,2291000000.0,344000000.0,0.0,344000000.0,14054000000.0,3416000000.0,10638000000.0,26077383096.0,-845000000.0,-48000000.0,-1077000000.0,1081000000.0,-699000000.0,-679000000.0,-2166000000.0,0.0,2008000000.0,-8000000.0,1508000000.0,1508000000.0,1508000000.0,0.0,0.0,0.128,3055000000.0,1543000000.0,1297000000.0,0.425,1.942,17.293,18.564,15137000000.0,0.0,33.23,2.211,2.211,2103000000.0,16399000000.0,11795000000.0,11795000000.0,1007000000.0,0.055,0.11,0.084,0.178,81000000.0,1701000000.0,1.0,784754231.0,784754231.0,,15.03,24397000000.0,1053000000.0,387000000.0,0.0,31.089,2895000000.0
9,GLW,MRT,2019-03-31,2019-03-31,2019-03-31,2021-09-07,-1166000000.0,27321000000.0,26839500000.0,6349000000.0,20972000000.0,0.432,17.295,-2160000000.0,1456000000.0,1456000000.0,6997000000.0,2154000000.0,2.076,1.001,6025000000.0,7000000.0,6018000000.0,6025000000.0,0.0,1305000000.0,0.0,0.022,0.74,2734000000.0,4039000000.0,0.348,4039000000.0,2734000000.0,2543000000.0,2.57,2.31,2.57,13607000000.0,13791500000.0,13607000000.0,29684791516.0,11.0,7.35,410000000.0,0.521,1.0,4605000000.0,0.397,3195000000.0,191000000.0,25636000000.0,24250250000.0,2190000000.0,346000000.0,0.0,346000000.0,13615000000.0,3059000000.0,10556000000.0,26041791516.0,-1640000000.0,-646000000.0,-1624000000.0,856000000.0,-689000000.0,-1429000000.0,-2726000000.0,0.0,2570000000.0,-55000000.0,2154000000.0,2154000000.0,2154000000.0,0.0,0.0,0.186,2992000000.0,1613000000.0,1278000000.0,0.288,1.914,12.09,12.879,14878000000.0,0.0,33.1,2.245,2.245,1974000000.0,16489000000.0,11602000000.0,11602000000.0,1001000000.0,0.08,0.156,0.113,0.236,51000000.0,1699000000.0,1.0,786761073.0,786761073.0,,14.747,24126000000.0,1051000000.0,389000000.0,0.0,30.665,3290000000.0
10,GLW,MRT,2018-12-31,2018-12-31,2018-12-31,2021-09-07,-1010000000.0,27505000000.0,26717750000.0,7034000000.0,20471000000.0,0.423,17.231,-2291000000.0,2355000000.0,2355000000.0,6829000000.0,1066000000.0,2.124,0.987,5998000000.0,4000000.0,5994000000.0,5998000000.0,0.0,1293000000.0,0.0,0.024,0.72,1694000000.0,2987000000.0,0.265,2987000000.0,1694000000.0,1503000000.0,1.19,1.13,1.19,13792000000.0,13993000000.0,13792000000.0,27585056509.0,16.0,9.235,628000000.0,0.785,1.0,4461000000.0,0.395,3228000000.0,191000000.0,24609000000.0,23686750000.0,2037000000.0,376000000.0,0.0,376000000.0,13619000000.0,3311000000.0,10308000000.0,24180056509.0,-1962000000.0,-646000000.0,-2146000000.0,856000000.0,-685000000.0,-1995000000.0,-2887000000.0,0.0,2919000000.0,1000000.0,1066000000.0,1066000000.0,1066000000.0,0.0,0.0,0.094,3102000000.0,1359000000.0,1456000000.0,0.605,1.753,22.683,25.387,14895000000.0,0.0,30.21,2.142,2.142,1940000000.0,16303000000.0,11290000000.0,11290000000.0,993000000.0,0.04,0.076,0.072,0.15,51000000.0,1799000000.0,1.0,800399090.0,800399090.0,,14.105,24277000000.0,951000000.0,437000000.0,0.0,30.331,3723000000.0
11,GLW,MRT,2018-09-30,2018-09-30,2018-09-30,2021-09-07,-1136000000.0,26392000000.0,26715000000.0,6632000000.0,19760000000.0,0.408,17.148,-2249000000.0,1903000000.0,1903000000.0,6601000000.0,-638000000.0,2.131,0.894,5308000000.0,252000000.0,5056000000.0,5308000000.0,0.0,1269000000.0,0.0,0.02,0.695,1906000000.0,3175000000.0,0.291,3175000000.0,1906000000.0,1723000000.0,-0.69,-0.82,-0.69,13890000000.0,14469500000.0,13890000000.0,31921529676.0,17.0,10.054,617000000.0,0.762,1.0,4291000000.0,0.394,3239000000.0,183000000.0,23446000000.0,23167750000.0,1921000000.0,322000000.0,0.0,322000000.0,12414000000.0,3112000000.0,9302000000.0,28593529676.0,-1962000000.0,-608000000.0,-2160000000.0,713000000.0,-675000000.0,-2145000000.0,-2758000000.0,0.0,2866000000.0,75000000.0,-638000000.0,-638000000.0,-638000000.0,0.0,0.0,-0.059,2879000000.0,1412000000.0,1092000000.0,-1.007,2.059,-44.817,-51.159,14345000000.0,0.0,35.3,2.625,2.625,1973000000.0,16186000000.0,10892000000.0,10892000000.0,969000000.0,-0.024,-0.044,0.082,0.175,46000000.0,1753000000.0,1.0,810015005.0,810015005.0,,13.447,23153000000.0,831000000.0,2361000000.0,0.0,28.583,3520000000.0
12,GLW,MRT,2018-06-30,2018-06-30,2018-06-30,2021-09-07,-1035000000.0,26140000000.0,27140500000.0,6484000000.0,19656000000.0,0.387,16.712,-2220000000.0,2023000000.0,2023000000.0,6382000000.0,-873000000.0,2.23,0.878,5351000000.0,252000000.0,5099000000.0,5351000000.0,0.0,1245000000.0,0.0,0.024,0.67,1619000000.0,2864000000.0,0.273,2864000000.0,1619000000.0,1444000000.0,-1.03,-1.1,-1.03,13877000000.0,15326250000.0,13877000000.0,24934896946.0,15.0,8.706,348000000.0,0.419,1.0,4109000000.0,0.392,3250000000.0,175000000.0,23310000000.0,23109750000.0,1896000000.0,339000000.0,0.0,339000000.0,12189000000.0,2908000000.0,9281000000.0,22842896946.0,-2166000000.0,-731000000.0,-2790000000.0,1415000000.0,-666000000.0,-2064000000.0,-2831000000.0,-29000000.0,2568000000.0,161000000.0,-873000000.0,-873000000.0,-873000000.0,0.0,0.0,-0.083,2782000000.0,1327000000.0,1111000000.0,-0.65,1.646,-26.166,-26.709,14201000000.0,0.0,27.51,2.177,2.177,1842000000.0,15731000000.0,10491000000.0,10491000000.0,940000000.0,-0.032,-0.057,0.07,0.154,46000000.0,1689000000.0,1.0,830348853.0,830348853.0,,12.634,22890000000.0,859000000.0,2317000000.0,0.0,27.567,3576000000.0
13,GLW,MRT,2018-03-31,2018-03-31,2018-03-31,2021-09-07,-577000000.0,26834000000.0,27563000000.0,7663000000.0,19171000000.0,0.372,16.809,-2095000000.0,3096000000.0,3096000000.0,6217000000.0,-1172000000.0,2.559,0.857,5188000000.0,380000000.0,4808000000.0,5188000000.0,0.0,1204000000.0,0.0,0.023,0.645,1342000000.0,2546000000.0,0.249,2546000000.0,1342000000.0,1172000000.0,-1.44,-1.46,-1.44,14413000000.0,16360000000.0,14413000000.0,24716792372.0,18.0,9.708,38000000.0,0.044,1.0,4024000000.0,0.393,2549000000.0,170000000.0,23382000000.0,22861250000.0,1834000000.0,345000000.0,0.0,345000000.0,12346000000.0,2995000000.0,9351000000.0,23905792372.0,-1748000000.0,-136000000.0,-2704000000.0,1193000000.0,-660000000.0,-2195000000.0,-2028000000.0,0.0,2133000000.0,342000000.0,-1172000000.0,-1172000000.0,-1172000000.0,0.0,0.0,-0.114,2743000000.0,1281000000.0,1164000000.0,-0.448,1.659,-20.397,-19.361,14416000000.0,0.0,27.88,2.334,2.334,1747000000.0,15166000000.0,10241000000.0,10241000000.0,903000000.0,-0.043,-0.072,0.059,0.131,46000000.0,1655000000.0,1.0,857453098.0,857453098.0,,11.944,24285000000.0,909000000.0,2344000000.0,0.0,28.322,4668000000.0
14,GLW,MRT,2017-12-31,2017-12-31,2017-12-31,2021-09-07,-842000000.0,27494000000.0,27930750000.0,8827000000.0,18667000000.0,0.362,18.063,-1804000000.0,4317000000.0,4317000000.0,6096000000.0,-497000000.0,2.751,0.747,5128000000.0,379000000.0,4749000000.0,5128000000.0,0.0,1158000000.0,0.0,0.019,0.62,1812000000.0,2970000000.0,0.294,2970000000.0,1812000000.0,1657000000.0,-0.66,-0.66,-0.66,15698000000.0,17333750000.0,15698000000.0,28561147378.0,16.0,9.617,200000000.0,0.23,1.0,4020000000.0,0.397,2563000000.0,155000000.0,22533000000.0,22646250000.0,1712000000.0,340000000.0,0.0,340000000.0,11724000000.0,3209000000.0,8515000000.0,27801147378.0,-974000000.0,-171000000.0,-2143000000.0,1193000000.0,-651000000.0,-1624000000.0,-1710000000.0,0.0,2004000000.0,356000000.0,-497000000.0,-497000000.0,-497000000.0,0.0,0.0,-0.049,2493000000.0,1527000000.0,1439000000.0,-0.939,1.771,-55.938,-48.47,14017000000.0,0.0,31.99,2.748,2.748,1807000000.0,15930000000.0,10116000000.0,10116000000.0,864000000.0,-0.018,-0.029,0.08,0.179,46000000.0,1473000000.0,1.0,869057436.0,869057436.0,,11.64,24931000000.0,813000000.0,2154000000.0,0.0,28.687,5618000000.0
15,GLW,MRT,2017-09-30,2017-09-30,2017-09-30,2021-09-07,-1146000000.0,28094000000.0,28032000000.0,8254000000.0,19840000000.0,0.355,19.173,-1562000000.0,3865000000.0,3865000000.0,5960000000.0,2487000000.0,2.693,0.619,4625000000.0,631000000.0,3994000000.0,4625000000.0,0.0,1157000000.0,0.0,0.02,0.6,3644000000.0,4801000000.0,0.482,4801000000.0,3644000000.0,3495000000.0,2.51,2.3,2.51,17317000000.0,17882500000.0,17317000000.0,26767254688.0,7.0,5.575,982000000.0,1.087,1.0,3995000000.0,0.401,2575000000.0,149000000.0,23214000000.0,22359500000.0,1693000000.0,352000000.0,0.0,352000000.0,10711000000.0,3065000000.0,7646000000.0,27023254688.0,-956000000.0,-225000000.0,-2080000000.0,702000000.0,-645000000.0,-2045000000.0,-1512000000.0,0.0,2544000000.0,57000000.0,2487000000.0,2487000000.0,2487000000.0,0.0,0.0,0.25,2362000000.0,1633000000.0,1179000000.0,0.239,1.561,10.866,11.92,13344000000.0,0.0,29.92,2.715,2.715,1748000000.0,17533000000.0,9955000000.0,9955000000.0,790000000.0,0.089,0.139,0.163,0.366,0.0,1430000000.0,1.0,903183646.0,903183646.0,,11.022,25519000000.0,2641000000.0,1008000000.0,0.0,28.254,5189000000.0
16,GLW,MRT,2017-06-30,2017-06-30,2017-06-30,2021-09-07,-1201000000.0,27830000000.0,28210750000.0,8431000000.0,19399000000.0,0.349,19.573,-1358000000.0,4189000000.0,4189000000.0,5869000000.0,2381000000.0,3.002,0.541,3933000000.0,631000000.0,3302000000.0,3933000000.0,0.0,1163000000.0,0.0,0.019,0.58,3426000000.0,4589000000.0,0.466,4589000000.0,3426000000.0,3273000000.0,2.37,2.17,2.37,18012000000.0,17983500000.0,18012000000.0,26734960391.0,8.0,5.826,1195000000.0,1.299,1.0,3986000000.0,0.404,2450000000.0,153000000.0,22316000000.0,22368750000.0,1616000000.0,348000000.0,0.0,348000000.0,9750000000.0,2808000000.0,6942000000.0,27652960391.0,-2955000000.0,-92000000.0,-3394000000.0,-272000000.0,-638000000.0,-4325000000.0,-1210000000.0,29000000.0,2553000000.0,27000000.0,2381000000.0,2381000000.0,2381000000.0,0.0,0.0,0.242,2295000000.0,1691000000.0,1096000000.0,0.245,1.535,11.614,12.679,13060000000.0,0.0,30.05,2.806,2.806,1640000000.0,17303000000.0,9855000000.0,9855000000.0,762000000.0,0.084,0.132,0.153,0.348,0.0,1357000000.0,1.0,920231627.0,920231627.0,,10.709,25380000000.0,2651000000.0,892000000.0,0.0,27.58,5623000000.0
17,GLW,MRT,2017-03-31,2017-03-31,2017-03-31,2021-09-07,-1196000000.0,28305000000.0,28916500000.0,8718000000.0,19587000000.0,0.336,19.726,-1224000000.0,4844000000.0,4844000000.0,5768000000.0,4149000000.0,3.601,0.542,3926000000.0,257000000.0,3669000000.0,3926000000.0,0.0,1177000000.0,0.0,0.021,0.56,4539000000.0,5716000000.0,0.588,5716000000.0,4539000000.0,4384000000.0,3.97,3.62,3.97,18308000000.0,18382750000.0,18308000000.0,23669524716.0,5.0,4.141,1584000000.0,1.707,1.0,3950000000.0,0.406,2444000000.0,155000000.0,22522000000.0,22511000000.0,1544000000.0,365000000.0,28000000.0,337000000.0,9926000000.0,2421000000.0,7505000000.0,25058524716.0,1304000000.0,-368000000.0,-3613000000.0,-520000000.0,-640000000.0,-4794000000.0,3412000000.0,4818000000.0,2808000000.0,-122000000.0,4149000000.0,4149000000.0,4149000000.0,0.0,0.0,0.427,2401000000.0,1549000000.0,1015000000.0,0.141,1.369,6.04,6.801,12969000000.0,0.0,27.0,2.579,2.579,1583000000.0,17030000000.0,9718000000.0,9718000000.0,748000000.0,0.143,0.226,0.202,0.467,-9000000.0,1478000000.0,1.0,928093508.0,928093508.0,,10.471,25861000000.0,2705000000.0,235000000.0,0.0,27.865,6297000000.0
18,GLW,MRT,2016-12-31,2016-12-31,2016-12-31,2021-09-07,-1676000000.0,27899000000.0,28826500000.0,9048000000.0,18851000000.0,0.326,18.81,-1130000000.0,5291000000.0,5291000000.0,5627000000.0,3695000000.0,3.289,0.555,3902000000.0,256000000.0,3646000000.0,3902000000.0,0.0,1195000000.0,0.0,0.022,0.54,3851000000.0,5046000000.0,0.537,5046000000.0,3851000000.0,3692000000.0,3.53,3.23,3.53,17893000000.0,18285250000.0,17893000000.0,22188235119.0,6.0,4.397,1407000000.0,1.479,1.0,3763000000.0,0.401,2373000000.0,159000000.0,21386000000.0,22924500000.0,1471000000.0,336000000.0,0.0,336000000.0,9939000000.0,2751000000.0,7188000000.0,23086235119.0,791000000.0,-333000000.0,-4089000000.0,-566000000.0,-645000000.0,-5322000000.0,3662000000.0,4919000000.0,2537000000.0,-86000000.0,3695000000.0,3695000000.0,3695000000.0,0.0,0.0,0.394,2456000000.0,1307000000.0,1079000000.0,0.153,1.29,6.248,6.875,12546000000.0,0.0,24.27,2.459,2.459,1481000000.0,16880000000.0,9390000000.0,9390000000.0,736000000.0,0.128,0.202,0.168,0.41,0.0,1462000000.0,1.0,951225180.0,951225180.0,,9.871,25526000000.0,2325000000.0,-3000000.0,0.0,26.835,6297000000.0
19,GLW,MRT,2016-09-30,2016-09-30,2016-09-30,2021-09-07,-715000000.0,28809000000.0,28983500000.0,8479000000.0,20330000000.0,0.316,17.091,-1126000000.0,4821000000.0,4821000000.0,5532000000.0,2347000000.0,3.696,0.622,3923000000.0,7000000.0,3916000000.0,3923000000.0,0.0,1192000000.0,0.0,0.022,0.525,1618000000.0,2810000000.0,0.307,2810000000.0,1618000000.0,1457000000.0,2.15,1.95,2.15,17721000000.0,18509000000.0,17721000000.0,21575144858.0,13.0,7.678,967000000.0,0.933,1.0,3613000000.0,0.395,2366000000.0,161000000.0,23251000000.0,23475250000.0,1516000000.0,352000000.0,0.0,352000000.0,11022000000.0,2294000000.0,8728000000.0,24522144858.0,381000000.0,-441000000.0,-5118000000.0,-101000000.0,-653000000.0,-5906000000.0,4093000000.0,5392000000.0,2093000000.0,101000000.0,2347000000.0,2347000000.0,2347000000.0,0.0,0.0,0.257,2663000000.0,950000000.0,933000000.0,0.244,1.384,10.448,11.0,13293000000.0,0.0,23.65,2.681,2.681,1645000000.0,15460000000.0,9145000000.0,9145000000.0,777000000.0,0.081,0.127,0.069,0.177,-36000000.0,1652000000.0,1.0,1036877161.0,1036877161.0,,8.82,26443000000.0,3110000000.0,-890000000.0,0.0,25.503,6185000000.0
20,GLW,MRT,2016-06-30,2016-06-30,2016-06-30,2021-09-07,-966000000.0,30653000000.0,29005750000.0,10747000000.0,19906000000.0,0.307,18.235,-1142000000.0,7144000000.0,7144000000.0,5446000000.0,2275000000.0,4.39,0.56,4197000000.0,279000000.0,3918000000.0,4197000000.0,0.0,1184000000.0,0.0,0.025,0.51,1576000000.0,2760000000.0,0.31,2760000000.0,1576000000.0,1418000000.0,2.04,1.84,2.04,19609000000.0,19078000000.0,19609000000.0,22920138017.0,15.0,8.304,994000000.0,0.924,1.0,3464000000.0,0.389,2373000000.0,158000000.0,22885000000.0,23644250000.0,1501000000.0,346000000.0,0.0,346000000.0,10981000000.0,2448000000.0,8533000000.0,22023138017.0,2176000000.0,-441000000.0,-3619000000.0,171000000.0,-669000000.0,-4149000000.0,4176000000.0,5324000000.0,2136000000.0,13000000.0,2275000000.0,2275000000.0,2275000000.0,0.0,0.0,0.255,2661000000.0,803000000.0,938000000.0,0.25,1.123,9.681,10.039,13048000000.0,0.0,20.48,2.472,2.472,1544000000.0,15331000000.0,8910000000.0,8910000000.0,771000000.0,0.078,0.119,0.067,0.177,-25000000.0,1657000000.0,1.0,1075348536.0,1075348536.0,,8.286,28280000000.0,2952000000.0,-857000000.0,0.0,26.298,8299000000.0
21,GLW,MRT,2016-03-31,2016-03-31,2016-03-31,2021-09-07,-1404000000.0,27945000000.0,28814500000.0,7178000000.0,20767000000.0,0.309,16.101,-1187000000.0,3540000000.0,3540000000.0,5405000000.0,564000000.0,2.8,0.556,4437000000.0,527000000.0,3910000000.0,4437000000.0,0.0,1188000000.0,0.0,0.024,0.495,472000000.0,1660000000.0,0.187,1660000000.0,472000000.0,321000000.0,0.36,0.33,0.36,17918000000.0,19421500000.0,17918000000.0,23129169212.0,49.0,13.933,961000000.0,0.864,1.0,3488000000.0,0.392,2102000000.0,151000000.0,24176000000.0,24013500000.0,1453000000.0,2072000000.0,0.0,2072000000.0,9958000000.0,2564000000.0,7394000000.0,23247169212.0,-764000000.0,-193000000.0,-3432000000.0,1166000000.0,-675000000.0,-2965000000.0,-48000000.0,763000000.0,2148000000.0,101000000.0,564000000.0,564000000.0,564000000.0,0.0,0.0,0.063,2496000000.0,992000000.0,836000000.0,1.375,1.297,41.218,58.028,12823000000.0,0.0,20.89,2.614,2.614,1388000000.0,13290000000.0,8893000000.0,8893000000.0,770000000.0,0.02,0.029,0.02,0.053,-1000000.0,1495000000.0,1.0,1112837205.0,1112837205.0,,7.991,25843000000.0,2428000000.0,-243000000.0,0.0,23.223,4614000000.0
22,GLW,MRT,2015-12-31,2015-12-31,2015-12-31,2021-09-07,-1811000000.0,28527000000.0,29159000000.0,8269000000.0,20258000000.0,0.312,15.882,-1250000000.0,4500000000.0,4500000000.0,5458000000.0,1339000000.0,2.939,0.514,4462000000.0,572000000.0,3890000000.0,4462000000.0,0.0,1184000000.0,0.0,0.026,0.48,1626000000.0,2810000000.0,0.308,2810000000.0,1626000000.0,1486000000.0,1.02,1.0,1.02,18788000000.0,20266500000.0,18788000000.0,20627956203.0,13.0,7.341,1579000000.0,1.335,1.0,3653000000.0,0.401,2086000000.0,140000000.0,23589000000.0,23866250000.0,1385000000.0,2075000000.0,100000000.0,1975000000.0,9664000000.0,2814000000.0,6850000000.0,21624956203.0,-809000000.0,-720000000.0,-3126000000.0,1212000000.0,-679000000.0,-2623000000.0,-685000000.0,660000000.0,2829000000.0,-330000000.0,1339000000.0,1339000000.0,1339000000.0,0.0,0.0,0.147,2427000000.0,1226000000.0,934000000.0,0.471,1.151,16.15,17.922,12648000000.0,0.0,18.28,2.373,2.373,1372000000.0,13832000000.0,9111000000.0,9111000000.0,769000000.0,0.046,0.066,0.068,0.178,0.0,1508000000.0,1.0,1182984475.0,1182984475.0,,7.702,26441000000.0,2056000000.0,147000000.0,0.0,22.351,5455000000.0
23,GLW,MRT,2015-09-30,2015-09-30,2015-09-30,2021-09-07,-1803000000.0,28898000000.0,29543000000.0,9253000000.0,19645000000.0,0.314,16.312,-1275000000.0,5013000000.0,5013000000.0,5492000000.0,2103000000.0,4.707,0.441,4016000000.0,101000000.0,3915000000.0,4016000000.0,0.0,1180000000.0,0.0,0.027,0.46,2787000000.0,3967000000.0,0.427,3967000000.0,2787000000.0,2654000000.0,1.58,1.5,1.58,19997000000.0,20964250000.0,19997000000.0,19527009682.0,7.0,4.922,1682000000.0,1.372,1.0,3792000000.0,0.408,2008000000.0,133000000.0,23927000000.0,23790750000.0,1374000000.0,1826000000.0,0.0,1826000000.0,8828000000.0,1966000000.0,6862000000.0,20988009682.0,-913000000.0,-550000000.0,-1971000000.0,323000000.0,-671000000.0,-2329000000.0,-1031000000.0,172000000.0,2957000000.0,-510000000.0,2103000000.0,2103000000.0,2103000000.0,0.0,0.0,0.227,2120000000.0,1672000000.0,909000000.0,0.291,1.05,9.98,10.835,12549000000.0,0.0,17.12,2.261,2.261,1479000000.0,13769000000.0,9284000000.0,9284000000.0,771000000.0,0.071,0.1,0.117,0.3,47000000.0,1182000000.0,1.0,1225935145.0,1225935145.0,,7.573,26890000000.0,2026000000.0,551000000.0,0.0,21.934,7287000000.0
24,GLW,MRT,2015-06-30,2015-06-30,2015-06-30,2021-09-07,-1591000000.0,29888000000.0,29772250000.0,9868000000.0,20020000000.0,0.321,16.672,-1239000000.0,5473000000.0,5473000000.0,5563000000.0,2905000000.0,4.88,0.421,4012000000.0,102000000.0,3910000000.0,4012000000.0,0.0,1191000000.0,0.0,0.022,0.44,3971000000.0,5162000000.0,0.54,5162000000.0,3971000000.0,3845000000.0,2.19,2.07,2.19,20983000000.0,21409750000.0,20983000000.0,23035254814.0,6.0,4.462,2138000000.0,1.699,1.0,3989000000.0,0.418,2043000000.0,126000000.0,24362000000.0,23709750000.0,1385000000.0,1844000000.0,0.0,1844000000.0,8833000000.0,2022000000.0,6811000000.0,24831254814.0,-150000000.0,-546000000.0,-1370000000.0,328000000.0,-654000000.0,-1706000000.0,-1002000000.0,253000000.0,3377000000.0,-819000000.0,2905000000.0,2905000000.0,2905000000.0,0.0,0.0,0.304,2102000000.0,1887000000.0,930000000.0,0.201,1.183,8.548,9.009,12669000000.0,0.0,19.73,2.6,2.6,1545000000.0,13727000000.0,9552000000.0,9552000000.0,789000000.0,0.098,0.136,0.167,0.416,55000000.0,1136000000.0,1.0,1258553209.0,1258553209.0,,7.59,27845000000.0,2099000000.0,940000000.0,0.0,22.125,7846000000.0
25,GLW,MRT,2015-03-31,2015-03-31,2015-03-31,2021-09-07,-1556000000.0,29323000000.0,29758250000.0,9238000000.0,20085000000.0,0.326,16.752,-1163000000.0,5067000000.0,5067000000.0,5645000000.0,2578000000.0,4.875,0.373,3271000000.0,106000000.0,3165000000.0,3271000000.0,0.0,1194000000.0,0.0,0.019,0.42,3703000000.0,4897000000.0,0.505,4897000000.0,3703000000.0,3580000000.0,1.92,1.82,1.92,21298000000.0,21604750000.0,21298000000.0,26029003266.0,7.0,5.315,2410000000.0,1.896,1.0,4046000000.0,0.418,2045000000.0,123000000.0,23587000000.0,23563000000.0,1331000000.0,1764000000.0,0.0,1764000000.0,7951000000.0,1895000000.0,6056000000.0,28834003266.0,-664000000.0,-509000000.0,-904000000.0,-438000000.0,-632000000.0,-1983000000.0,-1374000000.0,-126000000.0,3573000000.0,-880000000.0,2578000000.0,2578000000.0,2578000000.0,0.0,0.0,0.266,2127000000.0,1919000000.0,872000000.0,0.219,1.354,11.185,11.812,12708000000.0,0.0,22.68,2.975,2.975,1487000000.0,13405000000.0,9691000000.0,9691000000.0,806000000.0,0.087,0.119,0.157,0.382,53000000.0,1121000000.0,1.0,1271340532.0,1271340532.0,,7.623,27278000000.0,2145000000.0,1002000000.0,0.0,21.456,7343000000.0
26,GLW,MRT,2014-12-31,2014-12-31,2014-12-31,2021-09-07,-1307000000.0,30063000000.0,29813500000.0,10238000000.0,19825000000.0,0.326,16.834,-1076000000.0,6068000000.0,6068000000.0,5663000000.0,2472000000.0,4.405,0.39,3263000000.0,36000000.0,3227000000.0,3263000000.0,0.0,1200000000.0,0.0,0.017,0.4,3691000000.0,4891000000.0,0.503,4891000000.0,3691000000.0,3568000000.0,1.82,1.73,1.82,21579000000.0,21692750000.0,21579000000.0,26971777713.0,7.0,5.515,3633000000.0,2.834,1.0,4052000000.0,0.417,1647000000.0,123000000.0,23287000000.0,23644500000.0,1322000000.0,1801000000.0,0.0,1801000000.0,8411000000.0,2324000000.0,6087000000.0,29392777713.0,605000000.0,-20000000.0,-2367000000.0,-28000000.0,-591000000.0,-2586000000.0,-962000000.0,-231000000.0,4709000000.0,-556000000.0,2472000000.0,2472000000.0,2472000000.0,0.0,0.0,0.254,2096000000.0,1956000000.0,997000000.0,0.22,1.362,11.89,12.599,12766000000.0,0.0,22.93,3.026,3.026,1501000000.0,13021000000.0,9715000000.0,9715000000.0,815000000.0,0.083,0.114,0.156,0.38,58000000.0,1202000000.0,1.0,1281848134.0,1281848134.0,,7.579,28416000000.0,2137000000.0,1096000000.0,0.0,22.168,7914000000.0
27,GLW,MRT,2014-09-30,2014-09-30,2014-09-30,2021-09-07,-489000000.0,29815000000.0,29417250000.0,10013000000.0,19802000000.0,0.315,16.87,-1077000000.0,6104000000.0,6104000000.0,5441000000.0,1905000000.0,4.683,0.366,3683000000.0,455000000.0,3228000000.0,3683000000.0,0.0,1151000000.0,0.0,0.021,0.4,2917000000.0,4068000000.0,0.439,4068000000.0,2917000000.0,2798000000.0,1.39,1.33,1.39,21779000000.0,21588500000.0,21779000000.0,22770469916.0,8.0,5.597,3804000000.0,2.946,1.0,3826000000.0,0.413,1653000000.0,119000000.0,23603000000.0,23634750000.0,1327000000.0,2002000000.0,0.0,2002000000.0,7965000000.0,2138000000.0,5827000000.0,24968469916.0,793000000.0,-529000000.0,-3246000000.0,912000000.0,-579000000.0,-2562000000.0,-1182000000.0,138000000.0,4881000000.0,-344000000.0,1905000000.0,1905000000.0,1905000000.0,0.0,0.0,0.206,2191000000.0,1635000000.0,716000000.0,0.288,1.146,13.107,13.914,13033000000.0,0.0,19.34,2.694,2.694,1601000000.0,12339000000.0,9267000000.0,9267000000.0,774000000.0,0.065,0.088,0.123,0.315,61000000.0,1316000000.0,1.0,1291027400.0,1291027400.0,,7.178,28162000000.0,2100000000.0,893000000.0,0.0,21.814,7875000000.0
28,GLW,MRT,2014-06-30,2014-06-30,2014-06-30,2021-09-07,185000000.0,29832000000.0,29142000000.0,9864000000.0,19968000000.0,0.302,16.632,-1059000000.0,5886000000.0,5886000000.0,5156000000.0,1299000000.0,4.531,0.368,3688000000.0,450000000.0,3238000000.0,3688000000.0,0.0,1096000000.0,0.0,0.018,0.4,2054000000.0,3150000000.0,0.358,3150000000.0,2054000000.0,1938000000.0,0.9,0.89,0.9,21763000000.0,21581000000.0,21763000000.0,26801049298.0,13.0,8.508,3196000000.0,2.443,1.0,3638000000.0,0.414,1682000000.0,116000000.0,23775000000.0,23478500000.0,1380000000.0,2013000000.0,0.0,2013000000.0,8000000000.0,2177000000.0,5823000000.0,28721049298.0,517000000.0,-543000000.0,-3230000000.0,849000000.0,-573000000.0,-2559000000.0,-1252000000.0,108000000.0,4255000000.0,73000000.0,1299000000.0,1299000000.0,1299000000.0,0.0,0.0,0.148,2139000000.0,1499000000.0,777000000.0,0.444,1.32,22.11,24.389,13523000000.0,0.0,21.95,3.266,3.266,1645000000.0,11478000000.0,8794000000.0,8794000000.0,759000000.0,0.045,0.06,0.087,0.234,57000000.0,1320000000.0,1.0,1308476050.0,1308476050.0,,6.721,28150000000.0,2433000000.0,639000000.0,0.0,21.514,7687000000.0
29,GLW,MRT,2014-03-31,2014-03-31,2014-03-31,2021-09-07,-70000000.0,29544000000.0,28781250000.0,9613000000.0,19931000000.0,0.288,15.552,-1071000000.0,5612000000.0,5612000000.0,4805000000.0,1768000000.0,4.698,0.361,3692000000.0,468000000.0,3224000000.0,3692000000.0,0.0,1044000000.0,0.0,0.019,0.4,2540000000.0,3584000000.0,0.432,3584000000.0,2540000000.0,2426000000.0,1.22,1.21,1.22,21650000000.0,21484750000.0,21650000000.0,27042037545.0,11.0,7.545,2830000000.0,2.033,1.0,3489000000.0,0.421,1665000000.0,114000000.0,23913000000.0,23198750000.0,1395000000.0,1976000000.0,0.0,1976000000.0,7825000000.0,2046000000.0,5779000000.0,28984037545.0,171000000.0,-624000000.0,-3294000000.0,866000000.0,-569000000.0,-2611000000.0,-1183000000.0,335000000.0,3901000000.0,64000000.0,1768000000.0,1768000000.0,1768000000.0,0.0,0.0,0.213,2008000000.0,1481000000.0,732000000.0,0.328,1.339,16.394,17.066,13344000000.0,0.0,20.82,3.495,3.495,1588000000.0,11465000000.0,8294000000.0,8294000000.0,730000000.0,0.061,0.082,0.109,0.306,58000000.0,1264000000.0,1.0,1392124762.0,1392124762.0,,5.958,27879000000.0,2501000000.0,658000000.0,0.0,20.026,7567000000.0
30,GLW,MRT,2013-12-31,2013-12-31,2013-12-31,2021-09-07,44000000.0,28478000000.0,28544000000.0,8891000000.0,19587000000.0,0.274,14.623,-1019000000.0,5235000000.0,5235000000.0,4495000000.0,1961000000.0,5.092,0.343,3293000000.0,21000000.0,3272000000.0,3293000000.0,0.0,1002000000.0,0.0,0.022,0.39,2593000000.0,3595000000.0,0.46,3595000000.0,2593000000.0,2473000000.0,1.35,1.34,1.35,21162000000.0,21408250000.0,21162000000.0,23182137876.0,9.0,6.448,1768000000.0,1.222,1.0,3324000000.0,0.425,1542000000.0,120000000.0,23248000000.0,22837750000.0,1270000000.0,5537000000.0,0.0,5537000000.0,7267000000.0,1746000000.0,5521000000.0,25789137876.0,-284000000.0,-586000000.0,-1431000000.0,-52000000.0,-566000000.0,-2063000000.0,-1004000000.0,513000000.0,2787000000.0,-4000000.0,1961000000.0,1961000000.0,1961000000.0,0.0,0.0,0.251,1908000000.0,1416000000.0,771000000.0,0.289,1.219,13.151,13.2,9801000000.0,0.0,17.82,3.298,3.298,1253000000.0,11320000000.0,7819000000.0,7819000000.0,710000000.0,0.069,0.092,0.114,0.332,54000000.0,1126000000.0,1.0,1447201901.0,1447201901.0,,5.403,26936000000.0,2512000000.0,512000000.0,0.0,18.612,7145000000.0
31,GLW,MRT,2013-09-30,2013-09-30,2013-09-30,2021-09-07,-75000000.0,28714000000.0,28768250000.0,9128000000.0,19586000000.0,0.278,14.892,-1208000000.0,5446000000.0,5446000000.0,4657000000.0,1695000000.0,5.785,0.318,2839000000.0,23000000.0,2816000000.0,2839000000.0,0.0,1020000000.0,0.0,0.026,0.38,2215000000.0,3235000000.0,0.404,3235000000.0,2215000000.0,2088000000.0,1.15,1.15,1.15,21749000000.0,21489250000.0,21749000000.0,18730287371.0,8.0,5.79,1535000000.0,1.051,1.0,3352000000.0,0.419,1551000000.0,127000000.0,22978000000.0,22835000000.0,1275000000.0,5160000000.0,0.0,5160000000.0,6916000000.0,1578000000.0,5338000000.0,21307287371.0,-392000000.0,-808000000.0,-515000000.0,-519000000.0,-559000000.0,-1556000000.0,-1582000000.0,399000000.0,2743000000.0,3000000.0,1695000000.0,1695000000.0,1695000000.0,0.0,0.0,0.212,2086000000.0,1266000000.0,640000000.0,0.33,0.98,12.571,12.687,9977000000.0,0.0,14.59,2.66,2.66,1392000000.0,11017000000.0,8009000000.0,8009000000.0,759000000.0,0.059,0.079,0.097,0.277,54000000.0,1147000000.0,1.0,1460403521.0,1460403521.0,,5.484,27163000000.0,2712000000.0,393000000.0,0.0,18.6,7550000000.0
32,GLW,MRT,2013-06-30,2013-06-30,2013-06-30,2021-09-07,-388000000.0,28389000000.0,28942250000.0,9053000000.0,19336000000.0,0.276,14.493,-1386000000.0,5471000000.0,5471000000.0,4640000000.0,1820000000.0,5.669,0.324,2894000000.0,72000000.0,2822000000.0,2894000000.0,0.0,1020000000.0,0.0,0.025,0.355,2297000000.0,3317000000.0,0.416,3317000000.0,2297000000.0,2166000000.0,1.23,1.23,1.23,21378000000.0,21511750000.0,21378000000.0,18144514378.0,8.0,5.47,1500000000.0,1.017,1.0,3340000000.0,0.419,1559000000.0,131000000.0,22656000000.0,22981000000.0,1240000000.0,4809000000.0,0.0,4809000000.0,6935000000.0,1597000000.0,5338000000.0,20990514378.0,-407000000.0,-798000000.0,-508000000.0,-328000000.0,-525000000.0,-1368000000.0,-1824000000.0,354000000.0,2886000000.0,-101000000.0,1820000000.0,1820000000.0,1820000000.0,0.0,0.0,0.228,2102000000.0,1238000000.0,721000000.0,0.289,0.982,11.533,11.569,9954000000.0,0.0,14.23,2.63,2.63,1296000000.0,10754000000.0,7980000000.0,7980000000.0,757000000.0,0.063,0.085,0.1,0.288,55000000.0,1171000000.0,1.0,1475088853.0,1475088853.0,,5.41,26830000000.0,2735000000.0,346000000.0,0.0,18.189,7456000000.0
33,GLW,MRT,2013-03-31,2013-03-31,2013-03-31,2021-09-07,-132000000.0,28595000000.0,29033500000.0,9269000000.0,19326000000.0,0.272,14.496,-1583000000.0,5775000000.0,5775000000.0,4641000000.0,1656000000.0,5.164,0.338,2929000000.0,74000000.0,2855000000.0,2929000000.0,0.0,1012000000.0,0.0,0.025,0.33,2038000000.0,3050000000.0,0.386,3050000000.0,2038000000.0,1911000000.0,1.11,1.11,1.11,21344000000.0,21505750000.0,21344000000.0,16941075857.0,8.0,5.554,1484000000.0,1.008,1.0,3265000000.0,0.413,1485000000.0,127000000.0,22469000000.0,23031750000.0,1171000000.0,4726000000.0,0.0,4726000000.0,7205000000.0,1795000000.0,5410000000.0,19627075857.0,-693000000.0,-834000000.0,-614000000.0,-233000000.0,-491000000.0,-1336000000.0,-2146000000.0,257000000.0,3067000000.0,-278000000.0,1656000000.0,1656000000.0,1656000000.0,0.0,0.0,0.209,2123000000.0,1142000000.0,762000000.0,0.297,0.92,11.852,12.009,10171000000.0,0.0,13.33,2.483,2.483,1243000000.0,10262000000.0,7906000000.0,7906000000.0,763000000.0,0.057,0.077,0.088,0.258,57000000.0,1191000000.0,1.0,1472398789.0,1472398789.0,,5.369,27110000000.0,2906000000.0,255000000.0,0.0,18.412,7474000000.0
34,GLW,MRT,2012-12-31,2012-12-31,2012-12-31,2021-09-07,356000000.0,29375000000.0,29007000000.0,9695000000.0,19680000000.0,0.276,14.539,-1801000000.0,6144000000.0,6144000000.0,4693000000.0,1636000000.0,4.957,0.365,3458000000.0,76000000.0,3382000000.0,3458000000.0,0.0,997000000.0,0.0,0.025,0.315,2086000000.0,3083000000.0,0.385,3083000000.0,2086000000.0,1975000000.0,1.1,1.09,1.1,21486000000.0,21499000000.0,21486000000.0,15701359074.0,8.0,5.093,1405000000.0,0.951,1.0,3319000000.0,0.414,1496000000.0,111000000.0,23237000000.0,22942500000.0,1051000000.0,4915000000.0,0.0,4915000000.0,7842000000.0,1956000000.0,5886000000.0,18650359074.0,327000000.0,-834000000.0,-682000000.0,1055000000.0,-472000000.0,-115000000.0,-2628000000.0,-1000000.0,3206000000.0,-136000000.0,1636000000.0,1636000000.0,1636000000.0,0.0,0.0,0.204,2140000000.0,1179000000.0,779000000.0,0.286,0.868,11.4,11.473,10625000000.0,0.0,12.62,2.328,2.328,1302000000.0,9932000000.0,8012000000.0,8012000000.0,769000000.0,0.056,0.076,0.091,0.26,70000000.0,1205000000.0,1.0,1477841448.0,1477841448.0,,5.421,27879000000.0,2922000000.0,339000000.0,0.0,18.865,7739000000.0
35,GLW,MRT,2012-09-30,2012-09-30,2012-09-30,2021-09-07,105000000.0,29410000000.0,28625250000.0,9516000000.0,19894000000.0,0.271,14.667,-2041000000.0,6351000000.0,6351000000.0,4397000000.0,1984000000.0,4.789,0.345,3402000000.0,130000000.0,3272000000.0,3402000000.0,0.0,977000000.0,0.0,0.023,0.3,2456000000.0,3433000000.0,0.443,3433000000.0,2456000000.0,2363000000.0,1.3,1.3,1.3,21839000000.0,21397000000.0,21839000000.0,16493588830.0,7.0,4.804,1082000000.0,0.727,1.0,3356000000.0,0.433,912000000.0,93000000.0,23562000000.0,22481000000.0,1003000000.0,5172000000.0,0.0,5172000000.0,7524000000.0,1987000000.0,5537000000.0,19580588830.0,51000000.0,-176000000.0,-1326000000.0,1089000000.0,-456000000.0,-711000000.0,-2097000000.0,115000000.0,3123000000.0,-264000000.0,1984000000.0,1984000000.0,1984000000.0,0.0,0.0,0.256,2015000000.0,1341000000.0,901000000.0,0.231,0.897,9.869,10.115,11036000000.0,0.0,13.15,2.526,2.526,1248000000.0,10438000000.0,7753000000.0,7753000000.0,725000000.0,0.069,0.093,0.109,0.317,76000000.0,1126000000.0,1.0,1489018162.0,1489018162.0,,5.207,28498000000.0,2991000000.0,379000000.0,0.0,19.139,7529000000.0
36,GLW,MRT,2012-06-30,2012-06-30,2012-06-30,2021-09-07,-136000000.0,28754000000.0,28316000000.0,9378000000.0,19376000000.0,0.275,14.071,-2259000000.0,6345000000.0,6345000000.0,4345000000.0,2262000000.0,4.957,0.344,3258000000.0,29000000.0,3229000000.0,3258000000.0,0.0,974000000.0,0.0,0.021,0.275,2741000000.0,3715000000.0,0.477,3715000000.0,2741000000.0,2657000000.0,1.46,1.45,1.46,21354000000.0,21347250000.0,21354000000.0,15948469564.0,6.0,4.293,1143000000.0,0.753,1.0,3445000000.0,0.442,916000000.0,84000000.0,22859000000.0,21883250000.0,999000000.0,4870000000.0,0.0,4870000000.0,7352000000.0,1892000000.0,5460000000.0,19622469564.0,399000000.0,-176000000.0,-1130000000.0,980000000.0,-423000000.0,-591000000.0,-2033000000.0,403000000.0,3402000000.0,-379000000.0,2262000000.0,2262000000.0,2262000000.0,0.0,0.0,0.29,1928000000.0,1517000000.0,929000000.0,0.188,0.919,8.675,8.856,10751000000.0,0.0,12.93,2.519,2.519,1157000000.0,10029000000.0,7790000000.0,7790000000.0,709000000.0,0.08,0.106,0.125,0.352,81000000.0,1053000000.0,1.0,1517592387.0,1517592387.0,,5.133,27838000000.0,3006000000.0,395000000.0,0.0,18.344,7486000000.0
37,GLW,MRT,2012-03-31,2012-03-31,2012-03-31,2021-09-07,-140000000.0,28489000000.0,28083750000.0,9801000000.0,18688000000.0,0.281,14.04,-2312000000.0,6836000000.0,6836000000.0,4361000000.0,2543000000.0,5.503,0.334,3162000000.0,27000000.0,3135000000.0,3162000000.0,0.0,968000000.0,0.0,0.018,0.25,3043000000.0,4011000000.0,0.509,4011000000.0,3043000000.0,2961000000.0,1.63,1.61,1.63,21317000000.0,21322500000.0,21317000000.0,17943248401.0,6.0,4.474,1066000000.0,0.702,1.0,3526000000.0,0.447,922000000.0,82000000.0,22112000000.0,21362500000.0,955000000.0,4554000000.0,0.0,4554000000.0,7122000000.0,1781000000.0,5341000000.0,21377248401.0,920000000.0,-65000000.0,-810000000.0,886000000.0,-389000000.0,-331000000.0,-2003000000.0,382000000.0,3378000000.0,-124000000.0,2543000000.0,2543000000.0,2543000000.0,0.0,0.0,0.322,1913000000.0,1613000000.0,847000000.0,0.153,1.003,8.406,8.638,10373000000.0,0.0,14.08,2.71,2.71,1108000000.0,9679000000.0,7887000000.0,7887000000.0,696000000.0,0.091,0.119,0.142,0.386,87000000.0,1051000000.0,1.0,1518270483.0,1518270483.0,,5.195,27567000000.0,3003000000.0,418000000.0,0.0,18.157,8020000000.0
38,GLW,MRT,2011-12-31,2011-12-31,2011-12-31,2021-09-07,-89000000.0,27848000000.0,27626500000.0,8677000000.0,19171000000.0,0.286,13.412,-2432000000.0,5825000000.0,5825000000.0,4314000000.0,2817000000.0,4.138,0.319,2391000000.0,27000000.0,2364000000.0,2391000000.0,0.0,957000000.0,0.0,0.017,0.225,3320000000.0,4277000000.0,0.542,4277000000.0,3320000000.0,3231000000.0,1.8,1.78,1.8,21078000000.0,21069250000.0,21078000000.0,16287096874.0,5.0,3.808,757000000.0,0.482,1.0,3576000000.0,0.453,926000000.0,89000000.0,21391000000.0,20796750000.0,975000000.0,4726000000.0,0.0,4726000000.0,6719000000.0,2097000000.0,4622000000.0,20399096874.0,63000000.0,-213000000.0,-690000000.0,64000000.0,-354000000.0,-980000000.0,-2056000000.0,589000000.0,3189000000.0,-90000000.0,2817000000.0,2817000000.0,2817000000.0,0.0,0.0,0.357,1864000000.0,1712000000.0,977000000.0,0.125,0.968,7.241,7.211,10671000000.0,0.0,12.98,2.585,2.585,1082000000.0,9332000000.0,7890000000.0,7890000000.0,668000000.0,0.102,0.134,0.16,0.421,86000000.0,1028000000.0,1.0,1571579112.0,1571579112.0,,5.02,26922000000.0,3100000000.0,414000000.0,0.0,17.131,6580000000.0
39,GLW,MRT,2011-09-30,2011-09-30,2011-09-30,2021-09-07,93000000.0,28173000000.0,27122750000.0,9264000000.0,18909000000.0,0.286,13.774,-2139000000.0,6421000000.0,6421000000.0,4260000000.0,3358000000.0,4.611,0.3,2309000000.0,27000000.0,2282000000.0,2309000000.0,0.0,934000000.0,0.0,0.016,0.2,3950000000.0,4884000000.0,0.629,4884000000.0,3950000000.0,3850000000.0,2.15,2.11,2.15,21640000000.0,20643500000.0,21640000000.0,15336076214.0,4.0,3.14,1985000000.0,1.263,1.0,3508000000.0,0.452,881000000.0,100000000.0,21171000000.0,20224000000.0,939000000.0,4890000000.0,0.0,4890000000.0,6482000000.0,2009000000.0,4473000000.0,19419076214.0,1599000000.0,-211000000.0,98000000.0,-133000000.0,-315000000.0,-350000000.0,-2140000000.0,208000000.0,4124000000.0,-35000000.0,3358000000.0,3358000000.0,3358000000.0,0.0,0.0,0.432,1388000000.0,2120000000.0,938000000.0,0.093,0.897,5.783,5.749,10266000000.0,0.0,12.36,2.5,2.5,1189000000.0,8958000000.0,7768000000.0,7768000000.0,660000000.0,0.124,0.163,0.195,0.508,81000000.0,1034000000.0,1.0,1571122671.0,1571122671.0,,4.944,27292000000.0,3071000000.0,492000000.0,0.0,17.371,7255000000.0
40,GLW,MRT,2011-06-30,2011-06-30,2011-06-30,2021-09-07,464000000.0,27825000000.0,26247000000.0,9329000000.0,18496000000.0,0.278,13.539,-1724000000.0,6357000000.0,6357000000.0,4041000000.0,3332000000.0,4.479,0.307,2274000000.0,26000000.0,2248000000.0,2274000000.0,0.0,903000000.0,0.0,0.011,0.2,3834000000.0,4737000000.0,0.649,4737000000.0,3834000000.0,3728000000.0,2.13,2.1,2.13,21255000000.0,19837500000.0,21255000000.0,24461793247.0,6.0,5.164,1915000000.0,1.22,1.0,3254000000.0,0.446,883000000.0,106000000.0,20776000000.0,19854750000.0,917000000.0,5029000000.0,0.0,5029000000.0,6519000000.0,2083000000.0,4436000000.0,28493793247.0,1395000000.0,-210000000.0,99000000.0,258000000.0,-315000000.0,42000000.0,-2624000000.0,-700000000.0,3639000000.0,338000000.0,3332000000.0,3332000000.0,3332000000.0,0.0,0.0,0.457,1402000000.0,1852000000.0,1052000000.0,0.094,1.341,8.552,8.521,9755000000.0,0.0,18.15,3.906,3.906,1252000000.0,8227000000.0,7295000000.0,7295000000.0,642000000.0,0.127,0.168,0.193,0.526,82000000.0,1068000000.0,1.0,1569905964.0,1569905964.0,,4.647,26942000000.0,3118000000.0,396000000.0,0.0,17.162,7246000000.0
41,GLW,MRT,2011-03-31,2011-03-31,2011-03-31,2021-09-07,223000000.0,26660000000.0,24926000000.0,9037000000.0,17623000000.0,0.281,12.968,-1366000000.0,6303000000.0,6303000000.0,3810000000.0,3490000000.0,4.771,0.311,2271000000.0,26000000.0,2245000000.0,2271000000.0,0.0,875000000.0,0.0,0.01,0.2,3904000000.0,4779000000.0,0.683,4779000000.0,3904000000.0,3794000000.0,2.24,2.21,2.24,20304000000.0,18771750000.0,20304000000.0,28269537143.0,7.0,5.915,2399000000.0,1.532,1.0,3192000000.0,0.456,885000000.0,110000000.0,19849000000.0,19187500000.0,841000000.0,4569000000.0,0.0,4569000000.0,6305000000.0,1894000000.0,4411000000.0,32300537143.0,1495000000.0,-210000000.0,109000000.0,257000000.0,-314000000.0,52000000.0,-2503000000.0,-935000000.0,3765000000.0,181000000.0,3490000000.0,3490000000.0,3490000000.0,0.0,0.0,0.498,1334000000.0,1858000000.0,949000000.0,0.089,1.591,9.255,9.21,9235000000.0,0.0,20.63,4.613,4.613,1107000000.0,7550000000.0,7002000000.0,7002000000.0,614000000.0,0.14,0.186,0.203,0.558,86000000.0,1030000000.0,1.0,1565707084.0,1565707084.0,,4.472,25775000000.0,3193000000.0,304000000.0,0.0,16.462,7143000000.0
42,GLW,MRT,2010-12-31,2010-12-31,2010-12-31,2021-09-07,43000000.0,25833000000.0,23692750000.0,8859000000.0,16974000000.0,0.28,12.397,-1007000000.0,6350000000.0,6350000000.0,3583000000.0,3558000000.0,4.461,0.331,2319000000.0,57000000.0,2262000000.0,2319000000.0,0.0,854000000.0,0.0,0.01,0.2,3954000000.0,4808000000.0,0.725,4808000000.0,3954000000.0,3845000000.0,2.28,2.25,2.28,19375000000.0,17771250000.0,19375000000.0,27580820058.0,7.0,5.736,2828000000.0,1.809,1.0,3049000000.0,0.46,716000000.0,109000000.0,19100000000.0,18686250000.0,738000000.0,4372000000.0,0.0,4372000000.0,6407000000.0,1986000000.0,4421000000.0,30194820058.0,2057000000.0,-62000000.0,70000000.0,241000000.0,-313000000.0,-2000000.0,-1769000000.0,-707000000.0,3835000000.0,-7000000.0,3558000000.0,3558000000.0,3558000000.0,0.0,0.0,0.536,1248000000.0,1801000000.0,798000000.0,0.088,1.558,8.486,8.474,8943000000.0,0.0,19.32,4.553,4.553,973000000.0,6881000000.0,6632000000.0,6632000000.0,603000000.0,0.15,0.2,0.212,0.596,92000000.0,1015000000.0,1.0,1562878885.0,1562878885.0,,4.243,25117000000.0,3221000000.0,287000000.0,0.0,16.071,6873000000.0
43,GLW,MRT,2010-09-30,2010-09-30,2010-09-30,2021-09-07,81000000.0,24670000000.0,22558250000.0,7363000000.0,17307000000.0,0.284,11.793,-697000000.0,5029000000.0,5029000000.0,3468000000.0,3254000000.0,4.347,0.337,2415000000.0,25000000.0,2390000000.0,2415000000.0,0.0,828000000.0,0.0,0.011,0.2,3465000000.0,4293000000.0,0.671,4293000000.0,3465000000.0,3360000000.0,2.09,2.07,2.09,18416000000.0,16813250000.0,18416000000.0,26238574245.0,8.0,6.112,1959000000.0,1.254,1.0,2931000000.0,0.458,668000000.0,105000000.0,19694000000.0,18286500000.0,712000000.0,5194000000.0,0.0,5194000000.0,6203000000.0,1694000000.0,4509000000.0,28546574245.0,1340000000.0,7000000.0,72000000.0,352000000.0,-313000000.0,111000000.0,-1440000000.0,-756000000.0,2656000000.0,13000000.0,3254000000.0,3254000000.0,3254000000.0,0.0,0.0,0.509,1579000000.0,1352000000.0,720000000.0,0.096,1.55,8.773,8.746,8526000000.0,0.0,18.28,4.461,4.461,854000000.0,5916000000.0,6399000000.0,6399000000.0,582000000.0,0.144,0.194,0.189,0.541,107000000.0,975000000.0,1.0,1561628788.0,1561628788.0,,4.098,24002000000.0,3247000000.0,106000000.0,0.0,15.37,5669000000.0
44,GLW,MRT,2010-06-30,2010-06-30,2010-06-30,2021-09-07,-606000000.0,22541000000.0,21577500000.0,6460000000.0,16081000000.0,0.291,10.887,-708000000.0,4259000000.0,4259000000.0,3470000000.0,3112000000.0,4.434,0.324,1951000000.0,24000000.0,1927000000.0,1951000000.0,0.0,844000000.0,0.0,0.012,0.2,3336000000.0,4180000000.0,0.666,4180000000.0,3336000000.0,3236000000.0,2.0,1.98,2.0,16992000000.0,15951000000.0,16992000000.0,23275294979.0,7.0,5.568,2052000000.0,1.315,1.0,2806000000.0,0.447,669000000.0,100000000.0,18107000000.0,17772250000.0,607000000.0,4434000000.0,0.0,4434000000.0,5499000000.0,1457000000.0,4042000000.0,25206294979.0,980000000.0,-404000000.0,72000000.0,-82000000.0,-312000000.0,-322000000.0,-1312000000.0,-202000000.0,2760000000.0,-146000000.0,3112000000.0,3112000000.0,3112000000.0,0.0,0.0,0.496,1543000000.0,1263000000.0,519000000.0,0.1,1.483,8.1,8.075,8047000000.0,0.0,16.15,4.016,4.016,938000000.0,5208000000.0,6276000000.0,6276000000.0,565000000.0,0.144,0.195,0.188,0.532,115000000.0,944000000.0,1.0,1560761299.0,1560761299.0,,4.021,21872000000.0,3177000000.0,124000000.0,0.0,14.014,5003000000.0
45,GLW,MRT,2010-03-31,2010-03-31,2010-03-31,2021-09-07,-419000000.0,21727000000.0,20843250000.0,6052000000.0,15675000000.0,0.286,10.457,-787000000.0,3873000000.0,3873000000.0,3405000000.0,2810000000.0,4.736,0.33,1942000000.0,23000000.0,1919000000.0,1942000000.0,0.0,822000000.0,0.0,0.01,0.2,2993000000.0,3815000000.0,0.64,3815000000.0,2993000000.0,2899000000.0,1.8,1.79,1.8,16302000000.0,15153750000.0,16302000000.0,29926050046.0,10.0,7.844,1669000000.0,1.071,1.0,2554000000.0,0.429,674000000.0,94000000.0,17844000000.0,17424750000.0,604000000.0,4296000000.0,0.0,4296000000.0,5374000000.0,1278000000.0,4096000000.0,31505050046.0,1295000000.0,-401000000.0,63000000.0,264000000.0,-312000000.0,17000000.0,-1167000000.0,19000000.0,2456000000.0,-11000000.0,2810000000.0,2810000000.0,2810000000.0,0.0,0.0,0.472,1500000000.0,1054000000.0,459000000.0,0.111,1.933,11.212,11.228,7847000000.0,0.0,20.21,5.287,5.287,860000000.0,4374000000.0,5959000000.0,5959000000.0,557000000.0,0.135,0.185,0.172,0.502,121000000.0,909000000.0,1.0,1558884218.0,1558884218.0,,3.823,21053000000.0,3125000000.0,89000000.0,0.0,13.505,4774000000.0
46,GLW,MRT,2009-12-31,2009-12-31,2009-12-31,2021-09-07,-401000000.0,21295000000.0,19956000000.0,5521000000.0,15774000000.0,0.27,9.988,-890000000.0,3583000000.0,3583000000.0,3302000000.0,2008000000.0,3.587,0.367,2004000000.0,74000000.0,1930000000.0,2004000000.0,0.0,792000000.0,0.0,0.01,0.2,2016000000.0,2808000000.0,0.52,2808000000.0,2016000000.0,1934000000.0,1.3,1.28,1.3,15543000000.0,14240000000.0,15543000000.0,29138165852.0,14.0,10.377,1187000000.0,0.763,1.0,2093000000.0,0.388,676000000.0,82000000.0,17501000000.0,16804500000.0,579000000.0,3992000000.0,0.0,3992000000.0,5700000000.0,1539000000.0,4161000000.0,30048165852.0,668000000.0,-389000000.0,44000000.0,250000000.0,-312000000.0,-15000000.0,-1370000000.0,-91000000.0,2077000000.0,-24000000.0,2008000000.0,2008000000.0,2008000000.0,0.0,0.0,0.372,1702000000.0,391000000.0,550000000.0,0.154,1.933,14.964,14.854,7995000000.0,0.0,19.31,5.57,5.57,753000000.0,3636000000.0,5395000000.0,5395000000.0,563000000.0,0.101,0.141,0.12,0.374,127000000.0,881000000.0,1.0,1556093519.0,1556093519.0,,3.467,20619000000.0,3217000000.0,-74000000.0,0.0,13.25,3982000000.0
47,GLW,MRT,2009-09-30,2009-09-30,2009-09-30,2021-09-07,-266000000.0,20747000000.0,19446250000.0,4847000000.0,15900000000.0,0.254,9.628,-1493000000.0,2930000000.0,2930000000.0,3196000000.0,1517000000.0,3.189,0.383,2020000000.0,75000000.0,1945000000.0,2020000000.0,0.0,799000000.0,0.0,0.013,0.2,1531000000.0,2330000000.0,0.471,2330000000.0,1531000000.0,1462000000.0,0.98,0.98,0.98,14967000000.0,13715000000.0,14967000000.0,22743715013.0,15.0,9.761,51000000.0,0.033,1.0,1751000000.0,0.354,680000000.0,69000000.0,17637000000.0,16351250000.0,618000000.0,3818000000.0,0.0,3818000000.0,5729000000.0,1520000000.0,4209000000.0,23800715013.0,-634000000.0,-393000000.0,31000000.0,248000000.0,-312000000.0,31000000.0,-2277000000.0,-391000000.0,1544000000.0,68000000.0,1517000000.0,1517000000.0,1517000000.0,0.0,0.0,0.307,1605000000.0,146000000.0,470000000.0,0.204,1.59,15.689,15.622,8180000000.0,0.0,15.31,4.811,4.811,835000000.0,2974000000.0,4947000000.0,4947000000.0,571000000.0,0.078,0.111,0.094,0.309,111000000.0,816000000.0,1.0,1554586219.0,1554586219.0,,3.182,20067000000.0,3201000000.0,-55000000.0,0.0,12.908,3327000000.0
48,GLW,MRT,2009-06-30,2009-06-30,2009-06-30,2021-09-07,-828000000.0,19604000000.0,19007000000.0,5028000000.0,14576000000.0,0.264,8.883,-1548000000.0,3075000000.0,3075000000.0,3136000000.0,1642000000.0,3.284,0.417,2018000000.0,80000000.0,1938000000.0,2018000000.0,0.0,735000000.0,0.0,0.012,0.2,1564000000.0,2299000000.0,0.458,2299000000.0,1564000000.0,1504000000.0,1.06,1.06,1.06,13803000000.0,13330250000.0,13803000000.0,24034223506.0,15.0,10.454,227000000.0,0.146,1.0,1887000000.0,0.376,299000000.0,60000000.0,16717000000.0,15691750000.0,647000000.0,3168000000.0,0.0,3168000000.0,5752000000.0,1531000000.0,4221000000.0,24955223506.0,59000000.0,17000000.0,-470000000.0,259000000.0,-311000000.0,-458000000.0,-1148000000.0,383000000.0,1775000000.0,-110000000.0,1642000000.0,1642000000.0,1642000000.0,0.0,0.0,0.327,1622000000.0,265000000.0,502000000.0,0.189,1.808,15.198,15.151,7885000000.0,0.0,16.06,4.968,4.968,790000000.0,2409000000.0,5023000000.0,5023000000.0,600000000.0,0.086,0.123,0.1,0.311,107000000.0,817000000.0,1.0,1553874440.0,1553874440.0,,3.233,19305000000.0,3208000000.0,-138000000.0,0.0,12.424,3497000000.0
49,GLW,MRT,2009-03-31,2009-03-31,2009-03-31,2021-09-07,-1409000000.0,18178000000.0,18901000000.0,4439000000.0,13739000000.0,0.281,8.133,-1730000000.0,2585000000.0,2585000000.0,3156000000.0,4242000000.0,2.788,0.434,1664000000.0,68000000.0,1596000000.0,1664000000.0,0.0,714000000.0,0.0,0.015,0.2,1782000000.0,2496000000.0,0.469,2496000000.0,1782000000.0,1727000000.0,2.72,2.68,2.72,12647000000.0,13299750000.0,12647000000.0,19424189115.0,11.0,7.782,367000000.0,0.236,1.0,2164000000.0,0.407,302000000.0,55000000.0,15363000000.0,15253000000.0,731000000.0,2435000000.0,0.0,2435000000.0,5483000000.0,1592000000.0,3891000000.0,20635189115.0,-344000000.0,16000000.0,-476000000.0,-87000000.0,-313000000.0,-812000000.0,-1450000000.0,264000000.0,2097000000.0,-179000000.0,4242000000.0,4242000000.0,4242000000.0,0.0,0.0,0.797,1703000000.0,461000000.0,542000000.0,0.074,1.632,4.864,4.879,7806000000.0,0.0,13.27,3.879,3.879,593000000.0,1876000000.0,5320000000.0,5320000000.0,627000000.0,0.224,0.319,0.117,0.335,112000000.0,866000000.0,1.0,1555025555.0,1555025555.0,,3.421,17876000000.0,3210000000.0,-2515000000.0,0.0,11.496,2847000000.0
50,GLW,MRT,2008-12-31,2008-12-31,2008-12-31,2021-09-07,-643000000.0,19256000000.0,18422250000.0,4619000000.0,14637000000.0,0.323,8.649,-1921000000.0,2816000000.0,2816000000.0,3210000000.0,5257000000.0,2.251,0.429,1605000000.0,78000000.0,1527000000.0,1605000000.0,0.0,695000000.0,0.0,0.021,0.2,2941000000.0,3636000000.0,0.611,3636000000.0,2941000000.0,2882000000.0,3.37,3.32,3.37,13443000000.0,12823000000.0,13443000000.0,13185740579.0,4.0,3.626,207000000.0,0.133,1.0,2738000000.0,0.46,305000000.0,59000000.0,15688000000.0,14504000000.0,798000000.0,3056000000.0,0.0,3056000000.0,5765000000.0,2052000000.0,3713000000.0,14812740579.0,-343000000.0,4000000.0,-522000000.0,-24000000.0,-313000000.0,-798000000.0,-1699000000.0,218000000.0,2128000000.0,26000000.0,5257000000.0,5257000000.0,5257000000.0,0.0,0.0,0.884,1240000000.0,1498000000.0,846000000.0,0.059,1.102,2.818,2.828,8199000000.0,0.0,9.53,2.49,2.49,512000000.0,1940000000.0,5948000000.0,5948000000.0,627000000.0,0.285,0.41,0.203,0.494,118000000.0,901000000.0,1.0,1554327448.0,1554327448.0,,3.827,18951000000.0,3090000000.0,-2375000000.0,0.0,12.192,2567000000.0
51,GLW,MRT,2008-09-30,2008-09-30,2008-09-30,2021-09-07,-468000000.0,18990000000.0,17412000000.0,5222000000.0,13768000000.0,0.37,8.51,-1546000000.0,3172000000.0,3172000000.0,3258000000.0,5725000000.0,2.537,0.411,1545000000.0,75000000.0,1470000000.0,1545000000.0,0.0,644000000.0,0.0,0.013,0.2,3415000000.0,4059000000.0,0.63,4059000000.0,3415000000.0,3347000000.0,3.66,3.59,3.66,13428000000.0,11836250000.0,13428000000.0,22721610134.0,7.0,5.598,934000000.0,0.592,1.0,3188000000.0,0.495,306000000.0,68000000.0,14999000000.0,13186000000.0,755000000.0,3119000000.0,0.0,3119000000.0,5514000000.0,2058000000.0,3456000000.0,24678610134.0,718000000.0,7000000.0,-628000000.0,-22000000.0,-314000000.0,-965000000.0,-796000000.0,743000000.0,2480000000.0,-1000000.0,5725000000.0,5725000000.0,5725000000.0,0.0,0.0,0.888,1314000000.0,1874000000.0,958000000.0,0.055,1.838,4.311,4.273,7220000000.0,0.0,15.64,3.829,3.829,828000000.0,1770000000.0,6446000000.0,6446000000.0,627000000.0,0.329,0.484,0.259,0.53,142000000.0,979000000.0,1.0,1577916249.0,1577916249.0,,4.085,18684000000.0,2778000000.0,-2378000000.0,0.0,11.841,3164000000.0
52,GLW,MRT,2008-06-30,2008-06-30,2008-06-30,2021-09-07,9000000.0,19180000000.0,16232750000.0,5648000000.0,13532000000.0,0.397,8.687,-1660000000.0,3507000000.0,3507000000.0,3249000000.0,5574000000.0,2.885,0.398,1550000000.0,76000000.0,1474000000.0,1550000000.0,0.0,627000000.0,0.0,0.009,0.2,3387000000.0,4014000000.0,0.623,4014000000.0,3387000000.0,3313000000.0,3.56,3.48,3.56,13681000000.0,10678750000.0,13681000000.0,34573539574.0,10.0,8.613,734000000.0,0.466,1.0,3195000000.0,0.496,303000000.0,74000000.0,14962000000.0,11901000000.0,726000000.0,3264000000.0,0.0,3264000000.0,5451000000.0,1958000000.0,3493000000.0,36301539574.0,301000000.0,7000000.0,-238000000.0,-22000000.0,-316000000.0,-579000000.0,-1678000000.0,-25000000.0,2394000000.0,164000000.0,5574000000.0,5574000000.0,5574000000.0,0.0,0.0,0.865,1271000000.0,1924000000.0,831000000.0,0.056,2.653,6.513,6.475,6944000000.0,0.0,23.05,5.633,5.633,958000000.0,1080000000.0,6444000000.0,6444000000.0,612000000.0,0.343,0.522,0.285,0.526,145000000.0,971000000.0,1.0,1574904103.0,1574904103.0,,4.092,18877000000.0,2747000000.0,-2261000000.0,0.0,11.986,3690000000.0
53,GLW,MRT,2008-03-31,2008-03-31,2008-03-31,2021-09-07,231000000.0,16263000000.0,14822750000.0,5339000000.0,10924000000.0,0.416,6.821,-1467000000.0,3309000000.0,3309000000.0,3168000000.0,2852000000.0,2.867,0.51,1581000000.0,78000000.0,1503000000.0,1581000000.0,0.0,613000000.0,0.0,0.006,0.15,3070000000.0,3683000000.0,0.597,3683000000.0,3070000000.0,2991000000.0,1.82,1.77,1.82,10740000000.0,9300000000.0,10740000000.0,35875248238.0,12.0,9.741,712000000.0,0.452,1.0,3002000000.0,0.487,306000000.0,79000000.0,12367000000.0,10484000000.0,692000000.0,3098000000.0,0.0,3098000000.0,5476000000.0,1862000000.0,3614000000.0,37854248238.0,1001000000.0,-9000000.0,-186000000.0,-21000000.0,-236000000.0,-448000000.0,-919000000.0,557000000.0,2179000000.0,189000000.0,2852000000.0,2852000000.0,2852000000.0,0.0,0.0,0.462,1278000000.0,1724000000.0,701000000.0,0.082,3.525,13.273,13.209,6837000000.0,0.0,24.04,6.135,6.135,988000000.0,-2053000000.0,6170000000.0,6170000000.0,586000000.0,0.192,0.307,0.293,0.498,143000000.0,940000000.0,1.0,1574635950.0,1574635950.0,,3.918,15957000000.0,276000000.0,139000000.0,0.0,10.134,3477000000.0
54,GLW,MRT,2007-12-31,2007-12-31,2007-12-31,2021-09-07,-90000000.0,15215000000.0,14047250000.0,5294000000.0,9921000000.0,0.417,6.026,-1262000000.0,3516000000.0,3516000000.0,3111000000.0,2150000000.0,2.107,0.597,1537000000.0,23000000.0,1514000000.0,1537000000.0,0.0,607000000.0,0.0,0.004,0.1,2353000000.0,2960000000.0,0.505,2960000000.0,2353000000.0,2271000000.0,1.37,1.34,1.37,9496000000.0,8526000000.0,9496000000.0,35956259867.0,15.0,12.147,815000000.0,0.517,1.0,2749000000.0,0.469,308000000.0,82000000.0,10416000000.0,9695750000.0,631000000.0,3036000000.0,0.0,3036000000.0,5673000000.0,2512000000.0,3161000000.0,37804259867.0,1059000000.0,-9000000.0,-120000000.0,-258000000.0,-158000000.0,-539000000.0,-561000000.0,710000000.0,2077000000.0,82000000.0,2150000000.0,2150000000.0,2150000000.0,0.0,0.0,0.367,1668000000.0,1081000000.0,609000000.0,0.073,3.981,17.583,17.511,5986000000.0,0.0,23.99,6.451,6.451,856000000.0,-3002000000.0,5860000000.0,5860000000.0,565000000.0,0.153,0.252,0.243,0.402,138000000.0,912000000.0,1.0,1575834092.0,1575834092.0,,3.719,14907000000.0,256000000.0,121000000.0,0.0,9.46,2782000000.0
55,GLW,MRT,2007-09-30,2007-09-30,2007-09-30,2021-09-07,-213000000.0,14273000000.0,13509750000.0,5126000000.0,9147000000.0,0.418,5.573,-1161000000.0,3329000000.0,3329000000.0,3052000000.0,2079000000.0,2.273,0.617,1481000000.0,21000000.0,1460000000.0,1481000000.0,0.0,606000000.0,0.0,0.002,0.05,2302000000.0,2908000000.0,0.515,2908000000.0,2302000000.0,2220000000.0,1.33,1.28,1.33,8798000000.0,7963500000.0,8798000000.0,37186176257.0,16.0,12.788,812000000.0,0.514,1.0,2595000000.0,0.46,311000000.0,82000000.0,9859000000.0,9336500000.0,665000000.0,2932000000.0,0.0,2932000000.0,5431000000.0,2255000000.0,3176000000.0,38914176257.0,899000000.0,-13000000.0,10000000.0,-281000000.0,-79000000.0,-353000000.0,-793000000.0,381000000.0,1973000000.0,72000000.0,2079000000.0,2079000000.0,2079000000.0,0.0,0.0,0.368,1507000000.0,1088000000.0,495000000.0,0.038,4.423,18.718,18.534,5602000000.0,0.0,24.65,6.891,6.891,874000000.0,-3641000000.0,5647000000.0,5647000000.0,550000000.0,0.154,0.261,0.247,0.408,132000000.0,877000000.0,1.0,1578668408.0,1578668408.0,,3.577,13962000000.0,129000000.0,141000000.0,0.0,8.844,2871000000.0
56,GLW,MRT,2007-06-30,2007-06-30,2007-06-30,2021-09-07,-382000000.0,13540000000.0,13153250000.0,5007000000.0,8533000000.0,0.409,5.192,-1094000000.0,3203000000.0,3203000000.0,2957000000.0,1900000000.0,2.271,0.653,1475000000.0,19000000.0,1456000000.0,1475000000.0,0.0,599000000.0,0.0,0.0,0.0,2087000000.0,2686000000.0,0.5,2686000000.0,2087000000.0,2008000000.0,1.22,1.17,1.22,8166000000.0,7561000000.0,8166000000.0,38782767509.0,19.0,14.439,615000000.0,0.391,1.0,2419000000.0,0.45,313000000.0,79000000.0,9294000000.0,9150250000.0,677000000.0,2720000000.0,0.0,2720000000.0,5331000000.0,2205000000.0,3126000000.0,40184767509.0,776000000.0,-10000000.0,145000000.0,-43000000.0,0.0,97000000.0,-1056000000.0,48000000.0,1709000000.0,26000000.0,1900000000.0,1900000000.0,1900000000.0,0.0,0.0,0.353,1526000000.0,893000000.0,474000000.0,0.0,4.921,21.15,20.943,5179000000.0,0.0,25.55,7.475,7.475,793000000.0,-4179000000.0,5376000000.0,5376000000.0,532000000.0,0.144,0.251,0.228,0.388,136000000.0,883000000.0,1.0,1572789335.0,1572789335.0,,3.418,13227000000.0,149000000.0,108000000.0,0.0,8.41,2802000000.0
57,GLW,MRT,2007-03-31,2007-03-31,2007-03-31,2021-09-07,-330000000.0,13161000000.0,12818000000.0,4629000000.0,8532000000.0,0.407,4.87,-1164000000.0,2888000000.0,2888000000.0,2918000000.0,1925000000.0,2.075,0.716,1486000000.0,20000000.0,1466000000.0,1486000000.0,0.0,600000000.0,0.0,0.0,0.0,2115000000.0,2715000000.0,0.52,2715000000.0,2115000000.0,2038000000.0,1.24,1.19,1.24,7644000000.0,7190500000.0,7644000000.0,34243920559.0,16.0,12.613,651000000.0,0.415,1.0,2301000000.0,0.441,314000000.0,77000000.0,9214000000.0,8955750000.0,685000000.0,2588000000.0,0.0,2588000000.0,5471000000.0,2231000000.0,3240000000.0,35694920559.0,-139000000.0,-4000000.0,130000000.0,-378000000.0,0.0,-259000000.0,-1718000000.0,-550000000.0,1815000000.0,23000000.0,1925000000.0,1925000000.0,1925000000.0,0.0,0.0,0.369,1353000000.0,948000000.0,551000000.0,0.0,4.67,18.543,18.339,5281000000.0,0.0,22.74,6.839,6.839,781000000.0,-4668000000.0,5219000000.0,5219000000.0,523000000.0,0.15,0.268,0.236,0.405,131000000.0,848000000.0,1.0,1569697474.0,1569697474.0,,3.325,12847000000.0,154000000.0,113000000.0,0.0,8.184,2398000000.0
58,GLW,MRT,2006-12-31,2006-12-31,2006-12-31,2021-09-07,-360000000.0,13065000000.0,12467000000.0,4798000000.0,8267000000.0,0.415,4.632,-1182000000.0,3167000000.0,3167000000.0,2891000000.0,1855000000.0,2.069,0.797,1716000000.0,20000000.0,1696000000.0,1716000000.0,0.0,591000000.0,0.0,0.0,0.0,1986000000.0,2577000000.0,0.498,2577000000.0,1986000000.0,1910000000.0,1.2,1.16,1.2,7246000000.0,6789500000.0,7246000000.0,28186086865.0,14.0,10.938,621000000.0,0.397,1.0,2283000000.0,0.441,316000000.0,76000000.0,8979000000.0,8745000000.0,639000000.0,2522000000.0,0.0,2522000000.0,5774000000.0,2319000000.0,3455000000.0,29268086865.0,-185000000.0,-4000000.0,329000000.0,-136000000.0,0.0,180000000.0,-2181000000.0,-995000000.0,1803000000.0,13000000.0,1855000000.0,1855000000.0,1855000000.0,0.0,0.0,0.359,1437000000.0,846000000.0,631000000.0,0.0,4.039,15.778,15.592,5193000000.0,0.0,18.71,5.657,5.657,719000000.0,-4992000000.0,5174000000.0,5174000000.0,517000000.0,0.149,0.273,0.227,0.384,127000000.0,857000000.0,1.0,1564301810.0,1564301810.0,,3.308,12749000000.0,161000000.0,55000000.0,0.0,8.15,2479000000.0
59,GLW,MRT,2006-09-30,2006-09-30,2006-09-30,2021-09-07,297000000.0,12847000000.0,12002500000.0,4486000000.0,8361000000.0,0.417,4.608,-1386000000.0,2812000000.0,2812000000.0,2798000000.0,1176000000.0,1.934,0.782,1730000000.0,20000000.0,1710000000.0,1730000000.0,0.0,566000000.0,0.0,0.0,0.0,1798000000.0,2364000000.0,0.472,2364000000.0,1798000000.0,1718000000.0,0.75,0.72,0.75,7188000000.0,6349750000.0,7188000000.0,37096145756.0,21.0,15.692,448000000.0,0.287,1.0,2207000000.0,0.441,331000000.0,80000000.0,9114000000.0,8468250000.0,673000000.0,2312000000.0,0.0,2312000000.0,5618000000.0,2320000000.0,3298000000.0,38074145756.0,-416000000.0,13000000.0,369000000.0,-364000000.0,0.0,-9000000.0,-2230000000.0,-883000000.0,1834000000.0,-11000000.0,1176000000.0,1176000000.0,1176000000.0,0.0,0.0,0.235,1430000000.0,777000000.0,574000000.0,0.0,5.297,32.376,32.547,5082000000.0,0.0,24.41,7.607,7.607,753000000.0,-5638000000.0,5005000000.0,5005000000.0,502000000.0,0.098,0.185,0.212,0.359,96000000.0,838000000.0,1.0,1559776557.0,1559776557.0,,3.209,12516000000.0,120000000.0,542000000.0,0.0,8.024,2166000000.0
60,GLW,MRT,2006-06-30,2006-06-30,2006-06-30,2021-09-07,292000000.0,12199000000.0,11519000000.0,4035000000.0,8164000000.0,0.426,4.291,-1409000000.0,2475000000.0,2475000000.0,2725000000.0,941000000.0,1.701,0.819,1497000000.0,22000000.0,1475000000.0,1497000000.0,0.0,554000000.0,0.0,0.0,0.0,1563000000.0,2117000000.0,0.431,2117000000.0,1563000000.0,1478000000.0,0.61,0.58,0.61,6684000000.0,5829250000.0,6684000000.0,37010208497.0,24.0,17.482,607000000.0,0.39,1.0,2186000000.0,0.445,333000000.0,85000000.0,8516000000.0,8147500000.0,664000000.0,2150000000.0,0.0,2150000000.0,5475000000.0,2372000000.0,3103000000.0,37677208497.0,-203000000.0,-7000000.0,430000000.0,-597000000.0,0.0,-183000000.0,-2024000000.0,-637000000.0,2016000000.0,-12000000.0,941000000.0,941000000.0,941000000.0,0.0,0.0,0.192,1468000000.0,718000000.0,705000000.0,0.0,5.637,40.04,39.656,5032000000.0,0.0,24.19,7.672,7.672,633000000.0,-6076000000.0,4911000000.0,4911000000.0,493000000.0,0.082,0.161,0.192,0.318,78000000.0,798000000.0,1.0,1557553059.0,1557553059.0,,3.153,11866000000.0,116000000.0,537000000.0,0.0,7.618,1663000000.0
61,GLW,MRT,2006-03-31,2006-03-31,2006-03-31,2021-09-07,218000000.0,11757000000.0,11075250000.0,4044000000.0,7713000000.0,0.433,3.907,-1510000000.0,2478000000.0,2478000000.0,2663000000.0,592000000.0,1.697,0.939,1811000000.0,23000000.0,1788000000.0,1811000000.0,0.0,531000000.0,0.0,0.0,0.0,1242000000.0,1773000000.0,0.37,1773000000.0,1242000000.0,1149000000.0,0.39,0.37,0.39,6040000000.0,5344000000.0,6040000000.0,40990861660.0,33.0,23.119,468000000.0,0.303,1.0,2128000000.0,0.444,336000000.0,93000000.0,8371000000.0,7986250000.0,616000000.0,1929000000.0,0.0,1929000000.0,5671000000.0,2383000000.0,3288000000.0,41617861660.0,415000000.0,18000000.0,771000000.0,-264000000.0,0.0,496000000.0,-2043000000.0,-588000000.0,1978000000.0,-16000000.0,592000000.0,592000000.0,592000000.0,0.0,0.0,0.124,1639000000.0,489000000.0,661000000.0,0.0,6.89,70.3,69.026,4816000000.0,0.0,26.92,8.687,8.687,696000000.0,-6591000000.0,4791000000.0,4791000000.0,469000000.0,0.053,0.111,0.156,0.259,55000000.0,795000000.0,1.0,1545982974.0,1545982974.0,,3.099,11421000000.0,115000000.0,557000000.0,0.0,7.388,1661000000.0
62,GLW,MRT,2005-12-31,2005-12-31,2005-12-31,2021-09-07,178000000.0,11207000000.0,10550750000.0,3860000000.0,7347000000.0,0.434,3.6,-1553000000.0,2434000000.0,2434000000.0,2595000000.0,585000000.0,1.629,1.035,1807000000.0,18000000.0,1789000000.0,1807000000.0,0.0,512000000.0,0.0,0.0,0.0,1271000000.0,1783000000.0,0.389,1783000000.0,1271000000.0,1163000000.0,0.4,0.38,0.4,5487000000.0,4851750000.0,5487000000.0,29640022360.0,23.0,16.624,386000000.0,0.253,1.0,1984000000.0,0.433,338000000.0,108000000.0,7872000000.0,7903250000.0,570000000.0,1729000000.0,0.0,1729000000.0,5677000000.0,2370000000.0,3307000000.0,29961022360.0,333000000.0,18000000.0,567000000.0,-406000000.0,0.0,147000000.0,-1712000000.0,-216000000.0,1939000000.0,-41000000.0,585000000.0,585000000.0,585000000.0,0.0,0.0,0.128,1392000000.0,592000000.0,690000000.0,0.0,5.46,51.215,49.15,4675000000.0,0.0,19.66,6.543,6.543,629000000.0,-6847000000.0,4579000000.0,4579000000.0,443000000.0,0.055,0.121,0.161,0.278,29000000.0,756000000.0,1.0,1523958411.0,1523958411.0,,3.005,10869000000.0,54000000.0,578000000.0,0.0,7.132,1490000000.0
63,GLW,MRT,2005-09-30,2005-09-30,2005-09-30,2021-09-07,37000000.0,10913000000.0,10191500000.0,3899000000.0,7014000000.0,0.433,3.469,-1360000000.0,2418000000.0,2418000000.0,2590000000.0,768000000.0,1.638,1.132,2097000000.0,293000000.0,1804000000.0,2097000000.0,0.0,520000000.0,0.0,0.0,0.0,1007000000.0,1527000000.0,0.346,1527000000.0,1007000000.0,893000000.0,0.55,0.53,0.55,5106000000.0,4405250000.0,5106000000.0,28542966733.0,28.0,18.692,286000000.0,0.194,1.0,1822000000.0,0.413,380000000.0,114000000.0,7831000000.0,7861250000.0,559000000.0,1635000000.0,0.0,1635000000.0,5780000000.0,2381000000.0,3399000000.0,28454966733.0,483000000.0,3000000.0,522000000.0,-157000000.0,0.0,360000000.0,-1535000000.0,-203000000.0,1646000000.0,12000000.0,768000000.0,768000000.0,768000000.0,0.0,0.0,0.174,1456000000.0,366000000.0,554000000.0,0.0,5.573,37.051,35.145,4367000000.0,0.0,19.33,6.449,6.449,631000000.0,-6814000000.0,4412000000.0,4412000000.0,418000000.0,0.075,0.174,0.128,0.228,36000000.0,727000000.0,1.0,1472062428.0,1472062428.0,,2.997,10533000000.0,574000000.0,125000000.0,0.0,7.155,1518000000.0
64,GLW,MRT,2005-06-30,2005-06-30,2005-06-30,2021-09-07,70000000.0,10424000000.0,9680500000.0,3628000000.0,6796000000.0,0.437,3.298,-1253000000.0,2115000000.0,2115000000.0,2549000000.0,-1981000000.0,1.607,1.192,2203000000.0,288000000.0,1915000000.0,2203000000.0,0.0,518000000.0,0.0,0.0,0.0,-719000000.0,-201000000.0,-0.048,-201000000.0,-719000000.0,-844000000.0,-1.41,-1.42,-1.41,4743000000.0,4020750000.0,4743000000.0,24515599421.0,-34.0,-121.968,134000000.0,0.093,1.0,1681000000.0,0.397,383000000.0,125000000.0,7871000000.0,7814500000.0,552000000.0,1573000000.0,0.0,1573000000.0,5653000000.0,2258000000.0,3395000000.0,23649599421.0,647000000.0,131000000.0,443000000.0,-214000000.0,0.0,229000000.0,-985000000.0,120000000.0,1387000000.0,16000000.0,-1981000000.0,-1981000000.0,-1981000000.0,-20000000.0,0.0,-0.468,3055000000.0,-1374000000.0,609000000.0,0.0,4.986,-11.938,-11.787,4220000000.0,0.0,16.62,5.591,5.65,645000000.0,-7017000000.0,4230000000.0,4230000000.0,388000000.0,-0.205,-0.493,-0.092,-0.17,21000000.0,702000000.0,1.0,1422960254.0,1438000000.0,,2.942,10041000000.0,557000000.0,1137000000.0,0.0,6.983,1370000000.0
65,GLW,MRT,2005-03-31,2005-03-31,2005-03-31,2021-09-07,142000000.0,9659000000.0,9886750000.0,3028000000.0,6631000000.0,0.411,2.885,-1046000000.0,1547000000.0,1547000000.0,2516000000.0,-2037000000.0,1.443,1.366,2413000000.0,288000000.0,2125000000.0,2413000000.0,0.0,518000000.0,0.0,0.0,0.0,-787000000.0,-269000000.0,-0.066,-269000000.0,-787000000.0,-921000000.0,-1.44,-1.46,-1.44,4071000000.0,4335500000.0,4071000000.0,16501918859.0,-21.0,-61.345,60000000.0,0.043,1.0,1544000000.0,0.38,387000000.0,134000000.0,8039000000.0,8045000000.0,562000000.0,1511000000.0,0.0,1511000000.0,5559000000.0,2099000000.0,3460000000.0,15690918859.0,87000000.0,149000000.0,89000000.0,-226000000.0,0.0,-139000000.0,-895000000.0,-1000000.0,1106000000.0,15000000.0,-2037000000.0,-2037000000.0,-2037000000.0,-20000000.0,0.0,-0.502,2893000000.0,-1349000000.0,667000000.0,0.0,3.854,-7.703,-7.729,4096000000.0,0.0,11.13,3.865,3.868,621000000.0,-7182000000.0,4060000000.0,4060000000.0,369000000.0,-0.206,-0.47,-0.098,-0.194,14000000.0,677000000.0,1.0,1409786061.0,1411000000.0,,2.877,9272000000.0,568000000.0,1116000000.0,0.0,6.571,929000000.0
66,GLW,MRT,2004-12-31,2004-12-31,2004-12-31,2021-09-07,156000000.0,9770000000.0,10240250000.0,3283000000.0,6487000000.0,0.376,2.639,-857000000.0,1881000000.0,1881000000.0,2439000000.0,-2231000000.0,1.324,1.632,2692000000.0,478000000.0,2214000000.0,2692000000.0,0.0,523000000.0,0.0,0.0,0.0,-1014000000.0,-491000000.0,-0.127,-491000000.0,-1014000000.0,-1147000000.0,-1.61,-1.61,-1.61,3701000000.0,4760250000.0,3701000000.0,17417350017.0,-17.0,-35.473,152000000.0,0.108,1.0,1415000000.0,0.367,398000000.0,133000000.0,7704000000.0,8259250000.0,535000000.0,1510000000.0,0.0,1510000000.0,6040000000.0,2479000000.0,3561000000.0,16504350017.0,321000000.0,149000000.0,91000000.0,173000000.0,0.0,265000000.0,-992000000.0,-296000000.0,1009000000.0,39000000.0,-2231000000.0,-2231000000.0,-2231000000.0,-20000000.0,0.0,-0.579,2900000000.0,-1485000000.0,682000000.0,0.0,4.459,-7.398,-7.311,3941000000.0,0.0,11.77,4.282,4.282,585000000.0,-7432000000.0,3854000000.0,3854000000.0,355000000.0,-0.218,-0.469,-0.123,-0.263,8000000.0,653000000.0,1.0,1402238744.0,1402238744.0,,2.748,9372000000.0,566000000.0,1084000000.0,0.0,6.684,804000000.0
67,GLW,MRT,2004-09-30,2004-09-30,2004-09-30,2021-09-07,91000000.0,8869000000.0,10485750000.0,3070000000.0,5799000000.0,0.347,2.56,-718000000.0,1739000000.0,1739000000.0,2349000000.0,-2467000000.0,1.775,1.486,2652000000.0,214000000.0,2438000000.0,2652000000.0,0.0,513000000.0,0.0,0.0,0.0,-1382000000.0,-869000000.0,-0.239,-869000000.0,-1382000000.0,-1516000000.0,-1.77,-1.78,-1.77,3568000000.0,5201000000.0,3568000000.0,16614466836.0,-12.0,-19.119,-8000000.0,-0.006,1.0,1292000000.0,0.355,408000000.0,134000000.0,7644000000.0,8544750000.0,498000000.0,1233000000.0,0.0,1233000000.0,5301000000.0,1730000000.0,3571000000.0,15441466836.0,453000000.0,147000000.0,82000000.0,67000000.0,0.0,154000000.0,-437000000.0,125000000.0,710000000.0,26000000.0,-2467000000.0,-2467000000.0,-2467000000.0,-20000000.0,0.0,-0.678,3007000000.0,-1715000000.0,489000000.0,0.0,4.328,-6.259,-6.26,3505000000.0,0.0,11.08,4.241,4.241,538000000.0,-7472000000.0,3641000000.0,3641000000.0,343000000.0,-0.235,-0.474,-0.162,-0.38,1000000.0,631000000.0,1.0,1393634191.0,1393634191.0,,2.613,8461000000.0,531000000.0,951000000.0,0.0,6.071,1340000000.0
68,GLW,MRT,2004-06-30,2004-06-30,2004-06-30,2021-09-07,95000000.0,11249000000.0,10972000000.0,3065000000.0,8184000000.0,0.311,4.34,-558000000.0,1587000000.0,1587000000.0,2293000000.0,112000000.0,1.747,0.874,2760000000.0,312000000.0,2448000000.0,2760000000.0,0.0,508000000.0,0.0,0.0,0.0,129000000.0,637000000.0,0.187,637000000.0,129000000.0,-7000000.0,0.08,0.06,0.08,6002000000.0,5629500000.0,6002000000.0,19325965225.0,150.0,30.339,-166000000.0,-0.12,1.0,1114000000.0,0.327,1875000000.0,136000000.0,8793000000.0,8845250000.0,501000000.0,1132000000.0,0.0,1132000000.0,5247000000.0,1754000000.0,3493000000.0,17920965225.0,257000000.0,32000000.0,436000000.0,-256000000.0,0.0,177000000.0,-332000000.0,180000000.0,392000000.0,20000000.0,112000000.0,112000000.0,112000000.0,0.0,0.0,0.033,1286000000.0,-172000000.0,377000000.0,0.0,2.986,160.009,163.25,3663000000.0,0.0,13.06,5.26,5.301,566000000.0,-4981000000.0,3407000000.0,3407000000.0,335000000.0,0.01,0.02,0.015,0.038,1000000.0,625000000.0,1.0,1372202544.0,1383000000.0,,2.463,9374000000.0,1514000000.0,-119000000.0,0.0,6.778,1311000000.0
69,GLW,MRT,2004-03-31,2004-03-31,2004-03-31,2021-09-07,100000000.0,11073000000.0,10877000000.0,2941000000.0,8132000000.0,0.293,4.249,-445000000.0,1461000000.0,1461000000.0,2239000000.0,-19000000.0,1.733,0.919,2866000000.0,313000000.0,2553000000.0,2866000000.0,0.0,520000000.0,0.0,0.0,0.0,-52000000.0,468000000.0,0.147,468000000.0,-52000000.0,-195000000.0,-0.02,-0.03,-0.02,5770000000.0,5336750000.0,5770000000.0,16551286650.0,-318.0,35.366,-290000000.0,-0.214,1.0,949000000.0,0.298,1885000000.0,143000000.0,8896000000.0,8886000000.0,504000000.0,1065000000.0,0.0,1065000000.0,5303000000.0,1697000000.0,3606000000.0,15069286650.0,-17000000.0,27000000.0,686000000.0,-866000000.0,0.0,-183000000.0,-31000000.0,367000000.0,155000000.0,42000000.0,-19000000.0,-19000000.0,-19000000.0,0.0,0.0,-0.006,1338000000.0,-389000000.0,376000000.0,0.0,2.612,-793.12,-559.0,3640000000.0,0.0,11.18,4.727,4.762,544000000.0,-5089000000.0,3188000000.0,3188000000.0,335000000.0,-0.002,-0.004,-0.006,-0.016,1000000.0,607000000.0,1.0,1347878949.0,1358000000.0,,2.348,9188000000.0,1519000000.0,-176000000.0,0.0,6.766,1244000000.0
70,GLW,MRT,2003-12-31,2003-12-31,2003-12-31,2021-09-07,98000000.0,10752000000.0,10858000000.0,2694000000.0,8058000000.0,0.285,4.109,-366000000.0,1266000000.0,1266000000.0,2241000000.0,-280000000.0,1.735,0.961,2814000000.0,146000000.0,2668000000.0,2814000000.0,0.0,517000000.0,0.0,0.0,0.0,-438000000.0,79000000.0,0.026,79000000.0,-438000000.0,-587000000.0,-0.22,-0.22,-0.22,5464000000.0,5041250000.0,5464000000.0,15254247411.0,-35.0,193.092,-233000000.0,-0.175,1.0,849000000.0,0.275,1901000000.0,149000000.0,8846000000.0,9021000000.0,467000000.0,1045000000.0,0.0,1045000000.0,5252000000.0,1553000000.0,3699000000.0,13869247411.0,-388000000.0,49000000.0,666000000.0,-1370000000.0,0.0,-708000000.0,127000000.0,435000000.0,133000000.0,60000000.0,-280000000.0,-280000000.0,-280000000.0,0.0,0.0,-0.091,1627000000.0,-778000000.0,333000000.0,0.0,2.538,-49.533,-47.409,3620000000.0,0.0,10.43,4.488,4.488,525000000.0,-5144000000.0,3090000000.0,3090000000.0,344000000.0,-0.026,-0.056,-0.049,-0.142,1000000.0,599000000.0,1.0,1329745677.0,1329745677.0,,2.324,8851000000.0,1467000000.0,-307000000.0,0.0,6.656,1141000000.0
71,GLW,MRT,2003-09-30,2003-09-30,2003-09-30,2021-09-07,-96000000.0,10814000000.0,11021500000.0,2968000000.0,7846000000.0,0.273,4.184,-282000000.0,1483000000.0,1483000000.0,2294000000.0,-903000000.0,2.05,1.047,2868000000.0,49000000.0,2819000000.0,2868000000.0,0.0,548000000.0,0.0,0.0,0.0,-1351000000.0,-803000000.0,-0.267,-803000000.0,-1351000000.0,-1512000000.0,-0.81,-0.82,-0.81,5282000000.0,4848000000.0,5282000000.0,13532050811.0,-10.0,-16.852,-319000000.0,-0.253,1.0,712000000.0,0.237,1905000000.0,161000000.0,8846000000.0,9257750000.0,491000000.0,985000000.0,0.0,985000000.0,5532000000.0,1448000000.0,4084000000.0,11891050811.0,-409000000.0,838000000.0,648000000.0,-1383000000.0,0.0,-764000000.0,350000000.0,-226000000.0,-37000000.0,50000000.0,-903000000.0,-903000000.0,-903000000.0,-430000000.0,0.0,-0.3,3020000000.0,-2308000000.0,310000000.0,0.0,2.251,-13.168,-11.63,3582000000.0,0.0,9.42,3.956,3.956,615000000.0,-5115000000.0,3006000000.0,3006000000.0,371000000.0,-0.082,-0.186,-0.146,-0.449,0.0,630000000.0,1.0,1262319619.0,1262319619.0,,2.381,8909000000.0,1481000000.0,-609000000.0,0.0,7.058,1520000000.0
72,GLW,MRT,2003-06-30,2003-06-30,2003-06-30,2021-09-07,-142000000.0,10869000000.0,11363500000.0,3137000000.0,7732000000.0,0.264,3.883,-257000000.0,1610000000.0,1610000000.0,2381000000.0,-1069000000.0,1.938,1.25,3251000000.0,156000000.0,3095000000.0,3251000000.0,0.0,590000000.0,0.0,0.0,0.0,-1570000000.0,-980000000.0,-0.327,-980000000.0,-1570000000.0,-1739000000.0,-1.09,-1.09,-1.09,4831000000.0,4876750000.0,4831000000.0,10834679364.0,-7.0,-11.056,-341000000.0,-0.274,1.0,615000000.0,0.205,1935000000.0,169000000.0,8956000000.0,9778500000.0,538000000.0,842000000.0,0.0,842000000.0,6038000000.0,1619000000.0,4419000000.0,8910679364.0,-428000000.0,839000000.0,269000000.0,-1063000000.0,0.0,-331000000.0,-87000000.0,-671000000.0,-84000000.0,55000000.0,-1069000000.0,-1197000000.0,-1197000000.0,-449000000.0,0.0,-0.4,3149000000.0,-2534000000.0,294000000.0,0.0,1.844,-7.444,-6.78,3542000000.0,128000000.0,7.39,2.974,3.068,637000000.0,-5148000000.0,2996000000.0,2996000000.0,404000000.0,-0.105,-0.245,-0.161,-0.524,0.0,640000000.0,1.0,1205775286.0,1244000000.0,,2.408,8934000000.0,1460000000.0,-670000000.0,0.0,7.182,1518000000.0
73,GLW,MRT,2003-03-31,2003-03-31,2003-03-31,2021-09-07,-133000000.0,10997000000.0,11617750000.0,3420000000.0,7577000000.0,0.264,3.823,-311000000.0,1931000000.0,1931000000.0,2453000000.0,-1417000000.0,2.194,1.397,3855000000.0,145000000.0,3710000000.0,3855000000.0,0.0,620000000.0,0.0,0.0,0.0,-2066000000.0,-1446000000.0,-0.471,-1446000000.0,-2066000000.0,-2237000000.0,-1.46,-1.46,-1.46,4588000000.0,4937750000.0,4588000000.0,8995339117.0,-4.0,-6.221,-410000000.0,-0.342,1.0,618000000.0,0.201,1926000000.0,171000000.0,9436000000.0,10313500000.0,556000000.0,773000000.0,0.0,773000000.0,6409000000.0,1559000000.0,4850000000.0,7000339117.0,-66000000.0,840000000.0,9000000.0,-919000000.0,0.0,-444000000.0,381000000.0,-148000000.0,-99000000.0,66000000.0,-1417000000.0,-1545000000.0,-1545000000.0,-470000000.0,0.0,-0.503,3643000000.0,-3025000000.0,299000000.0,0.0,1.526,-4.531,-4.0,3576000000.0,128000000.0,5.84,2.279,2.282,634000000.0,-5126000000.0,3071000000.0,3071000000.0,450000000.0,-0.133,-0.313,-0.2,-0.673,0.0,680000000.0,1.0,1198688205.0,1200000000.0,,2.559,9071000000.0,1341000000.0,-820000000.0,0.0,7.559,1861000000.0
74,GLW,MRT,2002-12-31,2002-12-31,2002-12-31,2021-09-07,-170000000.0,11406000000.0,11940500000.0,3825000000.0,7581000000.0,0.265,4.086,-357000000.0,2172000000.0,2172000000.0,2562000000.0,-1302000000.0,2.277,1.431,4167000000.0,204000000.0,3963000000.0,4167000000.0,0.0,661000000.0,0.0,0.0,0.0,-1849000000.0,-1188000000.0,-0.375,-1188000000.0,-1849000000.0,-2028000000.0,-1.39,-1.39,-1.39,4691000000.0,5119500000.0,4691000000.0,6512879245.0,-4.0,-5.482,-681000000.0,-0.593,1.0,602000000.0,0.19,1928000000.0,179000000.0,9793000000.0,10795250000.0,559000000.0,769000000.0,0.0,769000000.0,6715000000.0,1680000000.0,5035000000.0,3799879245.0,154000000.0,823000000.0,21000000.0,-804000000.0,0.0,-314000000.0,689000000.0,223000000.0,-324000000.0,43000000.0,-1302000000.0,-1430000000.0,-1430000000.0,-478000000.0,0.0,-0.452,3360000000.0,-2758000000.0,339000000.0,0.0,0.81,-2.657,-2.381,3705000000.0,128000000.0,3.31,1.201,1.201,828000000.0,-4921000000.0,3164000000.0,3164000000.0,483000000.0,-0.12,-0.279,-0.171,-0.584,0.0,716000000.0,1.0,1147999772.0,1147999772.0,,2.756,9478000000.0,1183000000.0,-726000000.0,0.0,8.256,2145000000.0
75,GLW,MRT,2002-09-30,2002-09-30,2002-09-30,2021-09-07,-131000000.0,12182000000.0,12287250000.0,3515000000.0,8667000000.0,0.259,5.671,-488000000.0,1671000000.0,1671000000.0,2720000000.0,-1248000000.0,2.383,1.257,4384000000.0,213000000.0,4171000000.0,4384000000.0,0.0,724000000.0,0.0,0.0,0.0,-1828000000.0,-1104000000.0,-0.347,-1104000000.0,-1828000000.0,-2012000000.0,-1.42,-1.42,-1.42,5397000000.0,5300250000.0,5397000000.0,4541796402.0,-2.0,-4.114,-551000000.0,-0.579,1.0,457000000.0,0.144,2491000000.0,184000000.0,10929000000.0,11154750000.0,619000000.0,770000000.0,0.0,770000000.0,6785000000.0,1475000000.0,5310000000.0,1522796402.0,415000000.0,51000000.0,25000000.0,18000000.0,-113000000.0,508000000.0,-112000000.0,454000000.0,-63000000.0,10000000.0,-1248000000.0,-1377000000.0,-1377000000.0,-82000000.0,0.0,-0.433,2676000000.0,-2219000000.0,286000000.0,0.0,0.282,-1.106,-1.127,4592000000.0,129000000.0,1.6,0.479,0.479,541000000.0,-4330000000.0,3177000000.0,3177000000.0,508000000.0,-0.112,-0.26,-0.164,-0.575,94000000.0,824000000.0,1.0,951747751.0,951747751.0,,3.338,9691000000.0,380000000.0,-764000000.0,0.0,10.182,2040000000.0
76,GLW,MRT,2002-06-30,2002-06-30,2002-06-30,2021-09-07,-108000000.0,11886000000.0,12412750000.0,3332000000.0,8554000000.0,0.316,5.353,-796000000.0,1323000000.0,1323000000.0,3081000000.0,-1335000000.0,2.348,1.342,4342000000.0,57000000.0,4285000000.0,4342000000.0,0.0,765000000.0,0.0,0.0,0.0,-1891000000.0,-1126000000.0,-0.287,-1126000000.0,-1891000000.0,-2068000000.0,-1.41,-1.41,-1.41,5075000000.0,5458750000.0,5075000000.0,6351193272.0,-3.0,-5.64,-296000000.0,-0.312,1.0,843000000.0,0.215,2390000000.0,177000000.0,11096000000.0,11218750000.0,671000000.0,740000000.0,0.0,740000000.0,6811000000.0,1419000000.0,5392000000.0,3373193272.0,326000000.0,76000000.0,261000000.0,-44000000.0,-1000000.0,193000000.0,-434000000.0,397000000.0,500000000.0,22000000.0,-1335000000.0,-1336000000.0,-1336000000.0,-63000000.0,0.0,-0.34,3082000000.0,-2239000000.0,310000000.0,0.0,0.665,-2.525,-2.518,4757000000.0,1000000.0,3.55,0.86,0.858,605000000.0,-4070000000.0,3924000000.0,3924000000.0,548000000.0,-0.108,-0.245,-0.169,-0.482,105000000.0,934000000.0,1.0,950195288.0,948000000.0,,4.139,9496000000.0,400000000.0,-733000000.0,0.0,10.017,1913000000.0
77,GLW,MRT,2002-03-31,2002-03-31,2002-03-31,2021-09-07,-218000000.0,12288000000.0,12604000000.0,3696000000.0,8592000000.0,0.394,5.624,-1266000000.0,1825000000.0,1825000000.0,3777000000.0,-5720000000.0,2.263,1.312,4803000000.0,385000000.0,4418000000.0,4803000000.0,0.0,917000000.0,0.0,0.008,0.06,-6179000000.0,-5262000000.0,-1.06,-5262000000.0,-6179000000.0,-6346000000.0,-6.15,-6.15,-6.15,5315000000.0,5674250000.0,5315000000.0,9919288525.0,-2.0,-1.885,-262000000.0,-0.277,1.0,1188000000.0,0.239,2270000000.0,167000000.0,11363000000.0,11317250000.0,717000000.0,750000000.0,0.0,750000000.0,6973000000.0,1633000000.0,5340000000.0,7200288525.0,394000000.0,66000000.0,255000000.0,735000000.0,-57000000.0,910000000.0,-1543000000.0,-234000000.0,1004000000.0,-11000000.0,-5720000000.0,-5721000000.0,-5721000000.0,-42000000.0,0.0,-1.152,7635000000.0,-6447000000.0,338000000.0,-0.01,1.355,-1.259,-1.239,4967000000.0,1000000.0,7.62,1.45,1.45,616000000.0,-3700000000.0,4965000000.0,4965000000.0,588000000.0,-0.454,-1.008,-0.546,-1.245,121000000.0,1008000000.0,1.0,944919754.0,945000000.0,,5.254,10018000000.0,329000000.0,-626000000.0,0.0,10.601,2063000000.0
78,GLW,MRT,2001-12-31,2001-12-31,2001-12-31,2021-09-07,-193000000.0,12793000000.0,13825250000.0,4107000000.0,8686000000.0,0.437,5.725,-1741000000.0,2219000000.0,2219000000.0,4227000000.0,-5498000000.0,2.06,1.363,4940000000.0,477000000.0,4463000000.0,4940000000.0,0.0,1060000000.0,0.0,0.013,0.12,-5813000000.0,-4753000000.0,-0.786,-4753000000.0,-5813000000.0,-5966000000.0,-5.89,-5.89,-5.89,5414000000.0,7033250000.0,5414000000.0,12573135617.0,-2.0,-2.645,-359000000.0,-0.38,1.0,1820000000.0,0.301,2289000000.0,153000000.0,11231000000.0,11260250000.0,725000000.0,778000000.0,0.0,778000000.0,7379000000.0,1994000000.0,5385000000.0,8436135617.0,-42000000.0,1000000.0,247000000.0,812000000.0,-113000000.0,904000000.0,-2316000000.0,-467000000.0,1382000000.0,-7000000.0,-5498000000.0,-5499000000.0,-5499000000.0,-34000000.0,0.0,-0.909,7896000000.0,-6076000000.0,441000000.0,-0.02,1.558,-1.534,-1.514,5097000000.0,1000000.0,8.92,1.395,1.395,742000000.0,-3610000000.0,6047000000.0,6047000000.0,622000000.0,-0.398,-0.782,-0.516,-0.961,157000000.0,1090000000.0,1.0,945755114.0,945755114.0,,6.394,10504000000.0,660000000.0,-468000000.0,0.0,11.106,2113000000.0
79,GLW,MRT,2001-09-30,2001-09-30,2001-09-30,2021-09-07,-164000000.0,12684000000.0,15008500000.0,3948000000.0,8736000000.0,0.478,6.474,-2098000000.0,1595000000.0,1595000000.0,4517000000.0,-4901000000.0,2.186,1.103,4248000000.0,347000000.0,3901000000.0,4248000000.0,0.0,1213000000.0,0.0,0.02,0.18,-4716000000.0,-3503000000.0,-0.488,-3503000000.0,-4716000000.0,-4850000000.0,-5.31,-5.3,-5.31,6031000000.0,8338000000.0,6031000000.0,12414071133.0,-3.0,-3.544,-377000000.0,-0.405,1.0,2658000000.0,0.37,2346000000.0,134000000.0,11185000000.0,11086750000.0,958000000.0,724000000.0,0.0,724000000.0,6653000000.0,1806000000.0,4847000000.0,8217071133.0,-670000000.0,-3729000000.0,2646000000.0,2134000000.0,-55000000.0,4586000000.0,-6986000000.0,-1175000000.0,1721000000.0,11000000.0,-4901000000.0,-4902000000.0,-4902000000.0,-59000000.0,0.0,-0.683,7687000000.0,-5029000000.0,430000000.0,-0.034,1.362,-1.676,-1.661,5300000000.0,1000000.0,8.82,1.145,1.145,904000000.0,-2954000000.0,7175000000.0,7175000000.0,644000000.0,-0.327,-0.588,-0.425,-0.657,124000000.0,1126000000.0,1.0,931640718.0,931640718.0,,7.701,10338000000.0,263000000.0,51000000.0,0.0,11.097,2142000000.0
80,GLW,MRT,2001-06-30,2001-06-30,2001-06-30,2021-09-07,-299000000.0,12651000000.0,14884525000.0,4078000000.0,8573000000.0,0.509,6.383,-2077000000.0,1311000000.0,1311000000.0,4635000000.0,-4427000000.0,2.152,1.131,4328000000.0,473000000.0,3855000000.0,4328000000.0,0.0,1381000000.0,0.0,0.014,0.24,-4083000000.0,-2702000000.0,-0.356,-2702000000.0,-4083000000.0,-4205000000.0,-4.78,-4.78,-4.78,5937000000.0,8793300000.0,5937000000.0,19451609790.0,-5.0,-7.199,-519000000.0,-0.558,1.0,2947000000.0,0.389,2283000000.0,122000000.0,11490000000.0,10563025000.0,977000000.0,727000000.0,0.0,727000000.0,6714000000.0,1895000000.0,4819000000.0,15542609790.0,-765000000.0,-3767000000.0,2442000000.0,2246000000.0,-221000000.0,4438000000.0,-6752000000.0,-842000000.0,1558000000.0,-7000000.0,-4427000000.0,-4428000000.0,-4428000000.0,-59000000.0,0.0,-0.584,7353000000.0,-4406000000.0,512000000.0,-0.05,2.618,-3.51,-3.496,5301000000.0,1000000.0,16.71,2.05,2.05,1246000000.0,-2734000000.0,7582000000.0,7582000000.0,632000000.0,-0.297,-0.504,-0.387,-0.539,404000000.0,1115000000.0,1.0,930138228.0,930138228.0,,8.151,10368000000.0,308000000.0,222000000.0,0.0,11.147,2183000000.0
81,GLW,MRT,2001-03-31,2001-03-31,2001-03-31,2021-09-07,-234000000.0,17173000000.0,14705250000.0,4074000000.0,13099000000.0,0.509,11.648,-1884000000.0,1149000000.0,1149000000.0,4326000000.0,477000000.0,2.487,0.597,4035000000.0,197000000.0,3838000000.0,4035000000.0,0.0,946000000.0,0.0,0.012,0.24,1030000000.0,1976000000.0,0.264,1976000000.0,1030000000.0,913000000.0,0.53,0.52,0.53,10751000000.0,9210375000.0,10751000000.0,23158922844.0,22.0,11.72,-283000000.0,-0.307,1.0,3164000000.0,0.422,7286000000.0,117000000.0,11135000000.0,9925150000.0,1215000000.0,611000000.0,0.0,611000000.0,6422000000.0,1638000000.0,4784000000.0,19202122844.0,-749000000.0,-3889000000.0,2484000000.0,1902000000.0,-217000000.0,4135000000.0,-6477000000.0,-687000000.0,1601000000.0,-5000000.0,477000000.0,476000000.0,476000000.0,-59000000.0,0.0,0.064,2458000000.0,706000000.0,614000000.0,0.453,1.786,40.341,39.038,4939000000.0,1000000.0,20.69,2.564,2.55,1245000000.0,2077000000.0,7490000000.0,7490000000.0,581000000.0,0.032,0.052,0.104,0.138,261000000.0,1111000000.0,1.0,928087136.0,923000000.0,,8.115,9887000000.0,232000000.0,436000000.0,0.0,10.712,2436000000.0
82,GLW,MRT,2000-12-31,2000-12-31,2000-12-31,2021-09-07,-127000000.0,17526000000.0,12665575000.0,4634000000.0,12892000000.0,0.546,12.026,-1485000000.0,1794000000.0,1794000000.0,4009000000.0,422000000.0,2.378,0.648,4094000000.0,128000000.0,3966000000.0,4094000000.0,0.0,747000000.0,0.0,0.005,0.24,912000000.0,1659000000.0,0.24,1659000000.0,912000000.0,805000000.0,0.49,0.48,0.49,10633000000.0,7742325000.0,10633000000.0,48647114995.0,53.0,29.323,-112000000.0,-0.127,1.0,2911000000.0,0.421,7340000000.0,107000000.0,10537000000.0,9308525000.0,1040000000.0,650000000.0,0.0,650000000.0,6893000000.0,1949000000.0,4944000000.0,46693914995.0,799000000.0,-4973000000.0,4744000000.0,2173000000.0,-211000000.0,6649000000.0,-7223000000.0,-770000000.0,1373000000.0,-5000000.0,422000000.0,421000000.0,421000000.0,-59000000.0,0.0,0.061,2288000000.0,623000000.0,855000000.0,0.49,4.391,110.912,107.776,4679000000.0,1000000.0,52.81,6.748,6.748,1302000000.0,2001000000.0,6920000000.0,6920000000.0,531000000.0,0.033,0.054,0.098,0.132,352000000.0,1041000000.0,1.0,884186991.0,884186991.0,,7.826,10186000000.0,172000000.0,383000000.0,61000000.0,11.52,2685000000.0
83,GLW,MRT,2000-09-30,2000-09-30,2000-09-30,2021-09-07,-114600000.0,12188100000.0,9915575000.0,3715700000.0,8472400000.0,0.641,8.903,-1233700000.0,104500000.0,104500000.0,3785800000.0,630600000.0,2.529,0.552,2057700000.0,111400000.0,1946300000.0,2057700000.0,0.0,447900000.0,0.0,0.002,0.24,1100200000.0,1548100000.0,0.244,1548100000.0,1100200000.0,995300000.0,0.75,0.73,0.75,7852200000.0,5699750000.0,7852200000.0,89605650010.0,81.0,57.881,8400000.0,0.01,1.0,2566200000.0,0.404,3582100000.0,104900000.0,9090100000.0,8237925000.0,943200000.0,1682100000.0,1133000000.0,549100000.0,4335900000.0,1469100000.0,2866800000.0,87608050010.0,1128500000.0,-1209700000.0,2363300000.0,268400000.0,-200500000.0,2374900000.0,-2472400000.0,-38000000.0,1242100000.0,-11400000.0,630600000.0,630600000.0,630600000.0,-5000000.0,0.0,0.099,1686800000.0,879400000.0,506800000.0,0.32,11.157,138.928,132.444,4092300000.0,0.0,99.333,13.792,13.792,1295400000.0,2113700000.0,6352000000.0,6352000000.0,476900000.0,0.064,0.111,0.134,0.173,324100000.0,905600000.0,1.0,881960235.0,881960235.0,,7.202,8606000000.0,239600000.0,364700000.0,0.0,9.758,2246600000.0
84,GLW,MRT,2000-06-30,2000-06-30,2000-06-30,2021-09-07,-55600000.0,11933900000.0,8287000000.0,3646500000.0,8287400000.0,0.69,9.122,-1038600000.0,106000000.0,106000000.0,3440800000.0,518500000.0,2.592,0.569,2103600000.0,126300000.0,1977300000.0,2103600000.0,0.0,172300000.0,0.0,0.003,0.24,933800000.0,1106100000.0,0.193,1106100000.0,933800000.0,827900000.0,0.64,0.63,0.64,7605300000.0,4261900000.0,7605300000.0,75438137320.0,81.0,68.202,200900000.0,0.241,1.0,2279200000.0,0.398,3586300000.0,105900000.0,8938500000.0,7371900000.0,839800000.0,1789200000.0,1273500000.0,515700000.0,4328600000.0,1406700000.0,2921900000.0,73368637320.0,1295400000.0,-1232400000.0,2316700000.0,249600000.0,-190800000.0,2302200000.0,-2232600000.0,-38000000.0,1239500000.0,-3700000.0,518500000.0,518500000.0,518500000.0,-5000000.0,0.0,0.091,1502800000.0,776400000.0,445000000.0,0.375,9.647,141.502,137.5,3856500000.0,0.0,88.0,12.827,12.827,1219600000.0,1913400000.0,5720000000.0,5720000000.0,436100000.0,0.063,0.122,0.127,0.163,67000000.0,821600000.0,1.0,833734515.0,833734515.0,,6.861,8347600000.0,207600000.0,309400000.0,0.0,10.012,2239800000.0
85,GLW,MRT,2000-03-31,2000-03-31,2000-03-31,2021-09-07,1800000.0,9014300000.0,6676150000.0,3500600000.0,5513700000.0,0.762,5.896,-784800000.0,68400000.0,68400000.0,3104100000.0,500500000.0,2.767,0.848,2137900000.0,150100000.0,1987800000.0,2137900000.0,0.0,386400000.0,0.0,0.004,0.24,822500000.0,1208900000.0,0.238,1208900000.0,822500000.0,725200000.0,0.63,0.627,0.63,4878800000.0,2854550000.0,4878800000.0,55297391764.0,67.0,45.742,-32600000.0,-0.039,1.0,1980900000.0,0.39,1150300000.0,97300000.0,8668500000.0,6537425000.0,787000000.0,1766700000.0,1244700000.0,522000000.0,4135500000.0,1265000000.0,2870500000.0,53508091764.0,1145000000.0,-1257300000.0,2251900000.0,462400000.0,-183100000.0,2479200000.0,-2070800000.0,-38000000.0,752200000.0,-3000000.0,500500000.0,500500000.0,500500000.0,-5000000.0,0.0,0.098,1267500000.0,713400000.0,416700000.0,0.381,10.967,106.909,102.646,3629100000.0,0.0,64.667,10.523,10.523,1146600000.0,1816800000.0,5085000000.0,5085000000.0,404600000.0,0.075,0.175,0.126,0.162,194000000.0,714800000.0,1.0,827444718.0,827444718.0,,6.145,7864000000.0,253900000.0,224700000.0,0.0,9.504,2235600000.0
86,GLW,MRT,1999-12-31,1999-12-31,1999-12-31,2021-09-07,-30600000.0,6526000000.0,5714175000.0,1984200000.0,4541800000.0,0.83,3.354,-757000000.0,121800000.0,121800000.0,2930000000.0,516000000.0,1.277,1.65,1911100000.0,420700000.0,1490400000.0,1911100000.0,0.0,376000000.0,0.0,0.006,0.24,816000000.0,1192000000.0,0.251,1192000000.0,816000000.0,723000000.0,0.67,0.66,0.67,2462700000.0,2111850000.0,2462700000.0,33068147572.0,41.0,27.742,110000000.0,0.15,1.0,1811000000.0,0.382,506700000.0,93000000.0,6254600000.0,5702950000.0,602200000.0,663000000.0,158600000.0,504400000.0,4063300000.0,1554000000.0,2509300000.0,31552747572.0,221000000.0,-120000000.0,17000000.0,482000000.0,-177000000.0,304000000.0,-933000000.0,-38000000.0,867000000.0,-4000000.0,516000000.0,516000000.0,516000000.0,-5000000.0,0.0,0.109,1085000000.0,726000000.0,418000000.0,0.358,12.812,61.149,64.129,3201700000.0,0.0,42.967,6.655,6.655,872400000.0,1790000000.0,4741000000.0,4741000000.0,378000000.0,0.09,0.244,0.143,0.172,67000000.0,667000000.0,1.0,734354094.0,734354094.0,,6.456,6019300000.0,229200000.0,207000000.0,0.0,8.197,430200000.0
87,GLW,MRT,1999-09-30,1999-09-30,1999-09-30,2021-09-07,-19600000.0,5673800000.0,5448750000.0,1632000000.0,4041800000.0,0.87,2.862,-609100000.0,70000000.0,70000000.0,2851300000.0,497000000.0,1.339,1.701,1585400000.0,297800000.0,1287600000.0,1585400000.0,0.0,367000000.0,0.0,0.011,0.24,796800000.0,1163800000.0,0.245,1163800000.0,796800000.0,707700000.0,0.623,0.617,0.623,2100800000.0,1922825000.0,2100800000.0,18362599508.0,23.0,15.778,169600000.0,0.231,1.0,1891700000.0,0.399,344500000.0,89100000.0,5626000000.0,5447750000.0,550600000.0,424500000.0,31500000.0,393000000.0,3573000000.0,1218700000.0,2354300000.0,16777799508.0,8100000.0,-250600000.0,-13300000.0,398000000.0,-174500000.0,183400000.0,-911500000.0,0.0,778700000.0,-2500000.0,497000000.0,497000000.0,497000000.0,0.0,0.0,0.105,1078900000.0,812800000.0,283800000.0,0.385,7.986,33.758,36.683,2909900000.0,0.0,22.853,3.537,3.537,768400000.0,1730800000.0,4743000000.0,4743000000.0,365700000.0,0.091,0.258,0.146,0.168,47700000.0,666100000.0,1.0,734151087.0,734151087.0,,6.461,5329300000.0,211500000.0,210700000.0,0.0,7.259,413300000.0
88,GLW,MRT,1999-06-30,1999-06-30,1999-06-30,2021-09-07,-33500000.0,5490500000.0,5220375000.0,1612800000.0,3877700000.0,0.839,2.699,-617200000.0,51800000.0,51800000.0,2630500000.0,459500000.0,1.386,1.779,1636600000.0,350000000.0,1286600000.0,1636600000.0,0.0,344400000.0,0.0,0.01,0.24,738100000.0,1082500000.0,0.247,1082500000.0,738100000.0,663700000.0,0.593,0.583,0.593,1975900000.0,1748925000.0,1975900000.0,18507498685.0,25.0,17.097,13600000.0,0.019,1.0,1746800000.0,0.399,311000000.0,74400000.0,5600600000.0,5228725000.0,553200000.0,378900000.0,24300000.0,354600000.0,3514600000.0,1163700000.0,2350900000.0,17115698685.0,-116100000.0,-201800000.0,-14900000.0,448500000.0,-172500000.0,259300000.0,-867100000.0,0.0,630800000.0,200000.0,459500000.0,459500000.0,459500000.0,0.0,0.0,0.105,972000000.0,774800000.0,243200000.0,0.405,8.662,37.249,39.421,2826500000.0,0.0,23.377,3.91,3.91,742400000.0,1641800000.0,4377300000.0,4377300000.0,337100000.0,0.088,0.263,0.141,0.169,13800000.0,606700000.0,1.0,732170199.0,732170199.0,,5.979,5179500000.0,241100000.0,204200000.0,0.0,7.074,449100000.0
89,GLW,MRT,1999-03-31,1999-03-31,1999-03-31,2021-09-07,-34700000.0,5166400000.0,5033250000.0,1438400000.0,3728000000.0,0.819,2.746,-703300000.0,43200000.0,43200000.0,2463600000.0,452300000.0,1.566,1.708,1435000000.0,143900000.0,1291100000.0,1435000000.0,0.0,320600000.0,0.0,0.012,0.24,687000000.0,1007600000.0,0.244,1007600000.0,687000000.0,618100000.0,0.603,0.593,0.603,1908000000.0,1601775000.0,1908000000.0,15085335360.0,22.0,14.972,50000000.0,0.072,1.0,1661100000.0,0.403,309000000.0,68900000.0,5330600000.0,5003200000.0,514000000.0,486200000.0,108700000.0,377500000.0,3258400000.0,918600000.0,2339800000.0,13894635360.0,80100000.0,501400000.0,-10300000.0,-87200000.0,-170100000.0,-285700000.0,-228300000.0,79100000.0,753300000.0,2000000.0,452300000.0,452300000.0,452300000.0,-67100000.0,0.0,0.11,1015600000.0,645500000.0,250500000.0,0.398,7.282,30.72,33.167,2729400000.0,0.0,20.0,3.369,3.369,592300000.0,1564200000.0,4124700000.0,4124700000.0,323700000.0,0.09,0.282,0.137,0.167,13800000.0,582100000.0,1.0,694731768.0,694731768.0,,5.937,4857400000.0,180200000.0,165800000.0,0.0,6.992,519800000.0
90,GLW,MRT,1998-12-31,1998-12-31,1998-12-31,2021-09-07,3200000.0,5464300000.0,4926375000.0,1475700000.0,3988600000.0,0.796,2.461,-589200000.0,20800000.0,20800000.0,2360500000.0,421300000.0,1.308,2.202,1424500000.0,206700000.0,1217800000.0,1424500000.0,0.0,297900000.0,0.0,0.016,0.24,637600000.0,935500000.0,0.239,935500000.0,637600000.0,570800000.0,0.57,0.56,0.57,1706600000.0,1447250000.0,1706600000.0,11532266635.0,18.0,12.327,93000000.0,0.134,1.0,1561100000.0,0.398,506200000.0,66800000.0,5233800000.0,4914750000.0,536000000.0,415600000.0,38400000.0,377200000.0,3757700000.0,1128000000.0,2629700000.0,10402366635.0,-46400000.0,508100000.0,-45600000.0,-154200000.0,-168300000.0,-378200000.0,-182800000.0,0.0,682200000.0,4400000.0,421300000.0,421300000.0,421300000.0,-66500000.0,0.0,0.107,957000000.0,604100000.0,312500000.0,0.421,6.095,24.691,26.316,2783900000.0,0.0,15.0,2.653,2.653,696000000.0,1451100000.0,3921600000.0,3921600000.0,307400000.0,0.086,0.291,0.13,0.163,13800000.0,542800000.0,1.0,693491109.0,693491109.0,,5.655,4958100000.0,184500000.0,149500000.0,0.0,7.149,347700000.0
91,GLW,MRT,1998-09-30,1998-09-30,1998-09-30,2021-09-07,-21700000.0,4760300000.0,4733275000.0,1280800000.0,3479500000.0,0.811,2.02,-774500000.0,23800000.0,23800000.0,2295700000.0,419900000.0,1.494,2.388,1153700000.0,60400000.0,1093300000.0,1153700000.0,0.0,307800000.0,0.0,0.024,0.24,636000000.0,943800000.0,0.246,943800000.0,636000000.0,566100000.0,0.567,0.553,0.567,1405200000.0,1332225000.0,1405200000.0,7939669289.0,12.0,8.412,-30800000.0,-0.044,1.0,1542100000.0,0.402,283200000.0,69900000.0,4749900000.0,4785750000.0,450500000.0,471000000.0,69200000.0,401800000.0,3355100000.0,857100000.0,2498000000.0,6827069289.0,17900000.0,557500000.0,-52400000.0,-117100000.0,-168400000.0,-338100000.0,-291200000.0,-1200000.0,743700000.0,3100000.0,419900000.0,419900000.0,419900000.0,-83300000.0,0.0,0.109,959700000.0,582400000.0,213800000.0,0.423,4.858,16.259,17.307,2457200000.0,0.0,9.813,1.779,1.779,593500000.0,1459500000.0,3837800000.0,3837800000.0,301600000.0,0.089,0.315,0.133,0.166,0.0,543800000.0,1.0,695693202.0,695693202.0,,5.517,4477100000.0,143800000.0,146200000.0,0.0,6.435,423700000.0
92,GLW,MRT,1998-06-30,1998-06-30,1998-06-30,2021-09-07,-3900000.0,4742000000.0,4698900000.0,1334500000.0,3407500000.0,0.813,1.993,-776200000.0,22100000.0,22100000.0,2274400000.0,427800000.0,1.525,2.418,1134700000.0,38800000.0,1095900000.0,1134700000.0,0.0,311700000.0,0.0,0.021,0.24,647600000.0,959300000.0,0.251,959300000.0,647600000.0,572800000.0,0.58,0.563,0.58,1387300000.0,1287750000.0,1387300000.0,9547268091.0,15.0,9.952,-96200000.0,-0.138,1.0,1546400000.0,0.405,281100000.0,74800000.0,4698500000.0,4773025000.0,464700000.0,533600000.0,169200000.0,364400000.0,3354700000.0,875000000.0,2479700000.0,8064868091.0,55500000.0,547400000.0,-32400000.0,-130100000.0,-168300000.0,-331000000.0,-292900000.0,-4500000.0,680000000.0,-900000.0,427800000.0,427800000.0,427800000.0,-88800000.0,0.0,0.112,976300000.0,570100000.0,207400000.0,0.414,5.813,18.852,19.971,2358500000.0,0.0,11.583,2.111,2.111,543300000.0,1397300000.0,3820800000.0,3820800000.0,300700000.0,0.091,0.332,0.136,0.169,0.0,565200000.0,1.0,696247605.0,696247605.0,,5.488,4460900000.0,135200000.0,145000000.0,0.0,6.407,459500000.0
93,GLW,MRT,1998-03-31,1998-03-31,1998-03-31,2021-09-07,-15900000.0,4738900000.0,4640975000.0,1159600000.0,3579300000.0,0.829,1.856,-687300000.0,21500000.0,21500000.0,2263300000.0,431000000.0,1.215,2.674,1503900000.0,383800000.0,1120100000.0,1503900000.0,0.0,306800000.0,0.0,0.016,0.24,705700000.0,1012500000.0,0.263,1012500000.0,705700000.0,626300000.0,0.587,0.563,0.587,1289900000.0,1224900000.0,1289900000.0,11532853710.0,16.0,11.39,-6500000.0,-0.009,1.0,1583700000.0,0.412,290100000.0,79400000.0,4976800000.0,4737275000.0,443400000.0,410300000.0,58000000.0,352300000.0,3449000000.0,954400000.0,2494600000.0,10249053710.0,-17300000.0,-61900000.0,-26400000.0,289500000.0,-168200000.0,94700000.0,-821800000.0,-87800000.0,680800000.0,-1700000.0,431000000.0,431000000.0,431000000.0,-23700000.0,0.0,0.112,878300000.0,705400000.0,172400000.0,0.409,7.946,23.78,25.128,2225500000.0,0.0,14.75,2.664,2.664,514100000.0,1315400000.0,3847000000.0,3847000000.0,279000000.0,0.093,0.352,0.149,0.183,0.0,577500000.0,1.0,694851099.0,694851099.0,,5.536,4448800000.0,122600000.0,195300000.0,0.0,6.403,205200000.0
94,GLW,MRT,1997-12-31,1997-12-31,1997-12-31,2021-09-07,-32200000.0,4691900000.0,4528625000.0,1199100000.0,3492800000.0,0.855,1.797,-702200000.0,61000000.0,61000000.0,2224300000.0,461500000.0,1.252,2.764,1338800000.0,213000000.0,1125800000.0,1338800000.0,0.0,305000000.0,0.0,0.208,2.573,767800000.0,1072800000.0,0.277,1072800000.0,767800000.0,684800000.0,0.63,0.607,0.63,1246500000.0,1151050000.0,1246500000.0,9864146982.0,13.0,9.195,-2700000.0,-0.004,1.0,1645800000.0,0.425,294200000.0,83000000.0,4717800000.0,4602850000.0,428300000.0,346000000.0,36000000.0,310000000.0,3445400000.0,957700000.0,2487700000.0,8583146982.0,-115600000.0,-61900000.0,-25600000.0,110200000.0,-167800000.0,-83400000.0,-756100000.0,-8800000.0,699500000.0,2400000.0,461500000.0,461500000.0,461500000.0,-30900000.0,0.0,0.119,878100000.0,767700000.0,300000000.0,4.084,6.886,18.598,19.646,2267900000.0,0.0,12.377,2.218,2.218,559700000.0,1296000000.0,3870100000.0,3870100000.0,262900000.0,0.102,0.401,0.167,0.198,0.0,593400000.0,1.0,693494235.0,693494235.0,,5.581,4397700000.0,114100000.0,223300000.0,0.0,6.341,241400000.0
95,GLW,MRT,1997-09-30,1997-09-30,1997-09-30,2021-09-07,19300000.0,4622800000.0,4401500000.0,1458400000.0,3164400000.0,0.283,1.773,-529400000.0,15300000.0,15300000.0,623400000.0,309100000.0,1.74,2.767,1296300000.0,151600000.0,1144700000.0,1296300000.0,0.0,270400000.0,0.0,0.163,2.573,443700000.0,714100000.0,0.574,714100000.0,443700000.0,419400000.0,0.453,0.427,0.453,1227300000.0,1079700000.0,1227300000.0,12137469800.0,27.0,16.997,17900000.0,0.026,1.0,621400000.0,0.499,366600000.0,24300000.0,4699000000.0,4522425000.0,597700000.0,425000000.0,64700000.0,360300000.0,3395500000.0,838200000.0,2557300000.0,10902569800.0,-39000000.0,618000000.0,-47800000.0,-399400000.0,-167200000.0,-605800000.0,94000000.0,-8200000.0,547300000.0,2900000.0,309100000.0,309100000.0,309100000.0,-76600000.0,0.0,0.248,260800000.0,360600000.0,169900000.0,5.68,8.883,35.272,34.768,2143700000.0,0.0,15.75,8.758,8.758,642800000.0,1229600000.0,1244800000.0,1244800000.0,136600000.0,0.07,0.286,0.098,0.356,0.0,124200000.0,1.0,692226654.0,692226654.0,,1.798,4256200000.0,137900000.0,110300000.0,0.0,6.149,620200000.0
96,GLW,MRT,1997-06-30,1997-06-30,1997-06-30,2021-09-07,19900000.0,4510300000.0,,1470200000.0,3040100000.0,,1.65,-510400000.0,60200000.0,60200000.0,1735400000.0,285800000.0,1.793,2.971,1295100000.0,134300000.0,1160800000.0,1295100000.0,0.0,261000000.0,0.0,0.139,2.573,533100000.0,794100000.0,0.262,794100000.0,533100000.0,471200000.0,0.417,0.407,0.417,1135900000.0,,1135900000.0,13973613420.0,26.0,17.597,97800000.0,0.142,1.0,1293600000.0,0.427,369900000.0,61900000.0,4555500000.0,,582100000.0,401800000.0,80100000.0,321700000.0,3374400000.0,819800000.0,2554600000.0,12763413420.0,27000000.0,618000000.0,-43100000.0,-417600000.0,-167400000.0,-619500000.0,104700000.0,-14500000.0,608200000.0,2500000.0,285800000.0,285800000.0,285800000.0,91500000.0,0.0,0.094,663700000.0,629900000.0,162800000.0,6.17,11.236,44.659,44.468,2060200000.0,0.0,18.543,4.214,4.214,623300000.0,1159400000.0,3029000000.0,3029000000.0,203400000.0,,,,0.176,0.0,460300000.0,1.0,688302000.0,688302000.0,,4.401,4140400000.0,124500000.0,185400000.0,0.0,6.015,650400000.0
97,GLW,MRT,1997-03-31,1997-03-31,1997-03-31,2021-09-07,16700000.0,4289500000.0,,1401400000.0,2888100000.0,,1.464,-497000000.0,32900000.0,32900000.0,1788800000.0,195800000.0,1.898,3.313,1243100000.0,48000000.0,1195100000.0,1243100000.0,0.0,257500000.0,0.0,0.174,2.573,423400000.0,680900000.0,0.224,680900000.0,423400000.0,362700000.0,0.283,0.287,0.283,994500000.0,,994500000.0,11383774576.0,27.0,16.719,500000.0,0.001,1.0,1246300000.0,0.411,322100000.0,60700000.0,4439100000.0,,538600000.0,399500000.0,74000000.0,325500000.0,3295000000.0,738500000.0,2556500000.0,10173274576.0,10300000.0,650000000.0,-41800000.0,-347900000.0,-167400000.0,-548500000.0,159700000.0,-15000000.0,497500000.0,2600000.0,195800000.0,195800000.0,195800000.0,150300000.0,0.0,0.065,664700000.0,581600000.0,177200000.0,9.092,10.23,51.957,52.273,1967600000.0,0.0,14.793,3.352,3.312,638300000.0,1074300000.0,3035100000.0,3035100000.0,194900000.0,,,,0.14,0.0,469800000.0,1.0,687693189.0,679500000.0,,4.467,3967400000.0,117600000.0,166900000.0,0.0,5.839,662900000.0
98,GLW,MRT,1996-12-31,1996-12-31,1996-12-31,2021-09-07,43600000.0,4183400000.0,4822550000.0,1177400000.0,3006000000.0,0.633,1.411,-524300000.0,43800000.0,43800000.0,1830100000.0,175600000.0,1.608,3.353,1248600000.0,53500000.0,1195100000.0,1248600000.0,0.0,252300000.0,0.0,0.016,0.24,384200000.0,636500000.0,0.208,636500000.0,384200000.0,327000000.0,0.253,0.26,0.253,961100000.0,1532050000.0,961100000.0,,,,-3200000.0,-0.005,1.0,1223600000.0,0.401,259900000.0,57200000.0,4396100000.0,5097850000.0,364500000.0,508500000.0,171300000.0,337200000.0,3222300000.0,732200000.0,2490100000.0,10601936664.0,38400000.0,634900000.0,-40500000.0,-239600000.0,-167200000.0,-438700000.0,117600000.0,-12700000.0,521100000.0,-2200000.0,175600000.0,175600000.0,175600000.0,147700000.0,0.0,0.058,688600000.0,535000000.0,247300000.0,0.949,11.031,60.375,60.935,1808600000.0,0.0,15.417,3.472,3.44,485900000.0,1024000000.0,3053700000.0,3053700000.0,189200000.0,0.036,0.115,0.075,0.126,0.0,499400000.0,1.0,687693189.0,681300000.0,,4.482,3923500000.0,111900000.0,151400000.0,0.0,5.759,445200000.0
99,GLW,MRT,1996-09-30,1996-09-30,1996-09-30,2021-09-07,,,,,,,,,,,,,,,,,,,,,,0.018,0.24,,,,,,,,,,,,,,,,,,1.0,,,,,,,,,,,,,,,,,,,,,,,,,,,,,,,,,,,,,,,,13.0,,,,,,,,,,,,,,1.0,,,,,,,,,,
100,GLW,MRT,1996-06-30,1996-06-30,1996-06-30,2021-09-07,,,,,,,,,,,,,,,,,,,,,,0.019,0.24,,,,,,,,,,,,,,,,,,1.0,,,,,,,,,,,,,,,,,,,,,,,,,,,,,,,,,,,,,,,,12.833,,,,,,,,,,,,,,1.0,,,,,,,,,,
101,GLW,MRT,1996-03-31,1996-03-31,1996-03-31,2021-09-07,,,,,,,,,,,,,,,,,,,,,,0.02,0.24,,,,,,,,,,,,,,,,,,1.0,,,,,,,,,,,,,,,,,,,,,,,,,,,,,,,,,,,,,,,,11.833,,,,,,,,,,,,,,1.0,,681600000.0,,,,,,,,
102,GLW,MRT,1995-12-31,1995-12-31,1995-12-31,2021-09-07,56500000.0,5461700000.0,,1196400000.0,4265300000.0,,3.094,-318800000.0,72400000.0,72400000.0,1608700000.0,-50800000.0,1.612,1.597,1483100000.0,143100000.0,1340000000.0,1483100000.0,0.0,221100000.0,0.0,0.022,0.24,113100000.0,334200000.0,0.125,334200000.0,113100000.0,56500000.0,-0.077,-0.077,-0.077,2103000000.0,,2103000000.0,,,,215600000.0,0.317,1.0,1062700000.0,0.398,330800000.0,56600000.0,5799600000.0,,426500000.0,480100000.0,115200000.0,364900000.0,3358700000.0,742000000.0,2616700000.0,,45500000.0,-3100000.0,-8800000.0,82200000.0,-167200000.0,-93800000.0,-355000000.0,-28100000.0,534400000.0,1200000.0,-50800000.0,-50800000.0,-50800000.0,-26500000.0,0.0,-0.019,602800000.0,459900000.0,202600000.0,-3.117,,,-138.528,1599600000.0,0.0,10.667,,2.714,479500000.0,1496500000.0,2671400000.0,2671400000.0,172200000.0,,,,0.042,0.0,404100000.0,1.0,,679800000.0,,3.93,5130900000.0,102800000.0,107300000.0,0.0,7.548,454400000.0
103,GLW,MRT,1993-12-31,1994-01-01,1994-01-01,2021-09-07,,,,,,,,-153000000.0,,,1950000000.0,281300000.0,,,,,,,,242700000.0,,0.024,0.227,459500000.0,702200000.0,0.226,702200000.0,459500000.0,393900000.0,0.44,,0.44,,,,,,,202700000.0,0.319,1.0,1159900000.0,0.373,,65600000.0,,,,,,,,,,,-6700000.0,-390700000.0,247700000.0,-272400000.0,-152200000.0,254000000.0,-569400000.0,-14100000.0,355700000.0,3300000.0,281300000.0,281300000.0,281300000.0,-59000000.0,0.0,0.09,712400000.0,447500000.0,,0.516,,,21.212,,0.0,9.333,,1.907,,,3109900000.0,3109900000.0,176600000.0,,,,0.148,0.0,535800000.0,1.0,,635400000.0,,4.894,,,112600000.0,,,
