None,ticker,dimension,calendardate,datekey,reportperiod,lastupdated,accoci,assets,assetsavg,assetsc,assetsnc,assetturnover,bvps,capex,cashneq,cashnequsd,cor,consolinc,currentratio,de,debt,debtc,debtnc,debtusd,deferredrev,depamor,deposits,divyield,dps,ebit,ebitda,ebitdamargin,ebitdausd,ebitusd,ebt,eps,epsdil,epsusd,equity,equityavg,equityusd,ev,evebit,evebitda,fcf,fcfps,fxusd,gp,grossmargin,intangibles,intexp,invcap,invcapavg,inventory,investments,investmentsc,investmentsnc,liabilities,liabilitiesc,liabilitiesnc,marketcap,ncf,ncfbus,ncfcommon,ncfdebt,ncfdiv,ncff,ncfi,ncfinv,ncfo,ncfx,netinc,netinccmn,netinccmnusd,netincdis,netincnci,netmargin,opex,opinc,payables,payoutratio,pb,pe,pe1,ppnenet,prefdivis,price,ps,ps1,receivables,retearn,revenue,revenueusd,rnd,roa,roe,roic,ros,sbcomp,sgna,sharefactor,sharesbas,shareswa,shareswadil,sps,tangibles,taxassets,taxexp,taxliabilities,tbvps,workingcapital
0,HSP,MRY,2014-12-31,2014-12-31,2014-12-31,2020-10-26,0.0,6650000000.0,6425650000.0,2954200000.0,3695800000.0,0.695,19.837,-392200000.0,802400000.0,802400000.0,2877200000.0,333200000.0,2.272,0.993,1756000000.0,6800000.0,1749200000.0,1756000000.0,0.0,258100000.0,0.0,0.0,0.0,482300000.0,740400000.0,0.166,740400000.0,482300000.0,405100000.0,1.98,1.95,1.98,3336600000.0,3258750000.0,3336600000.0,11584323358.0,24.0,15.646,269200000.0,1.6,1.0,1586500000.0,0.355,1212500000.0,77200000.0,5091000000.0,5082425000.0,1133300000.0,252200000.0,0.0,252200000.0,3313400000.0,1300100000.0,2013300000.0,10363623358.0,4300000.0,-82000000.0,153300000.0,-91100000.0,0.0,71500000.0,-709400000.0,-200000000.0,661400000.0,-19200000.0,333200000.0,333200000.0,333200000.0,0.0,0.0,0.075,1120200000.0,466300000.0,414500000.0,0.0,3.106,31.103,30.934,1816700000.0,0.0,61.25,2.322,2.308,719200000.0,2257000000.0,4463700000.0,4463700000.0,344300000.0,0.052,0.102,0.095,0.108,52000000.0,841100000.0,1.0,169202014.0,168200000.0,170800000.0,26.538,5437500000.0,525400000.0,71900000.0,5400000.0,32.328,1654100000.0
1,HSP,MRY,2013-12-31,2013-12-31,2013-12-31,2020-10-26,-202000000.0,6178900000.0,6073625000.0,2838500000.0,3340400000.0,0.659,17.886,-353500000.0,798100000.0,798100000.0,2922300000.0,-8300000.0,2.436,1.086,1840700000.0,93700000.0,1747000000.0,1840700000.0,0.0,257500000.0,0.0,0.0,0.0,-20400000.0,237100000.0,0.059,237100000.0,-20400000.0,-106600000.0,-0.05,-0.05,-0.05,2961900000.0,2938350000.0,2961900000.0,8037029742.0,-394.0,33.897,-36100000.0,-0.218,1.0,1080500000.0,0.27,1229900000.0,86200000.0,4826500000.0,4718725000.0,1066200000.0,33100000.0,0.0,33100000.0,3217000000.0,1165100000.0,2051900000.0,6847329742.0,26000000.0,1400000.0,16300000.0,76600000.0,0.0,94300000.0,-370300000.0,0.0,317400000.0,-15400000.0,-8300000.0,-8300000.0,-8300000.0,0.0,0.0,-0.002,1063900000.0,16600000.0,329200000.0,0.0,2.312,-824.979,-825.6,1574200000.0,0.0,41.28,1.711,1.708,675600000.0,1923800000.0,4002800000.0,4002800000.0,301700000.0,-0.001,-0.003,-0.004,-0.005,41600000.0,742600000.0,1.0,165875236.0,165600000.0,165600000.0,24.171,4949000000.0,567500000.0,-98300000.0,3200000.0,29.885,1673400000.0
2,HSP,MRY,2012-12-31,2012-12-31,2012-12-31,2020-10-26,-83200000.0,6088600000.0,5996425000.0,2760400000.0,3328200000.0,0.682,18.435,-290100000.0,772100000.0,772100000.0,2978700000.0,44200000.0,2.682,1.002,1735700000.0,28900000.0,1706800000.0,1735700000.0,0.0,247600000.0,0.0,0.0,0.0,79500000.0,327100000.0,0.08,327100000.0,79500000.0,-6800000.0,0.27,0.27,0.27,3041700000.0,3021900000.0,3041700000.0,6116069332.0,77.0,18.698,187900000.0,1.139,1.0,1113400000.0,0.272,1345900000.0,86300000.0,4677100000.0,4675400000.0,997800000.0,71800000.0,0.0,71800000.0,3046900000.0,1029200000.0,2017700000.0,5161469332.0,174600000.0,-2300000.0,7900000.0,-10700000.0,0.0,-600000.0,-304000000.0,0.0,478000000.0,1200000.0,44200000.0,44200000.0,44200000.0,0.0,0.0,0.011,1054600000.0,58800000.0,276000000.0,0.0,1.697,116.775,115.704,1445100000.0,0.0,31.24,1.261,1.26,722200000.0,1932100000.0,4092100000.0,4092100000.0,303600000.0,0.007,0.015,0.017,0.019,40000000.0,687700000.0,1.0,165219889.0,165000000.0,166000000.0,24.801,4742700000.0,511200000.0,-51000000.0,4400000.0,28.744,1731200000.0
3,HSP,MRY,2011-12-31,2011-12-31,2011-12-31,2020-10-26,-98300000.0,5779100000.0,6079400000.0,2570700000.0,3208400000.0,0.667,17.752,-290500000.0,597500000.0,597500000.0,2659500000.0,-9400000.0,3.032,0.967,1748500000.0,36600000.0,1711900000.0,1748500000.0,0.0,256100000.0,0.0,0.0,0.0,111600000.0,367700000.0,0.091,367700000.0,111600000.0,18500000.0,-0.06,-0.06,-0.06,2938000000.0,3263525000.0,2938000000.0,6232613992.0,56.0,16.95,143900000.0,0.869,1.0,1397600000.0,0.344,1438700000.0,93100000.0,4643600000.0,4581475000.0,1027000000.0,48700000.0,0.0,48700000.0,2841100000.0,847800000.0,1993300000.0,5002113992.0,-6800000.0,15100000.0,-152300000.0,-2200000.0,0.0,-147000000.0,-282300000.0,0.0,434400000.0,-11900000.0,-9400000.0,-9400000.0,-9400000.0,0.0,0.0,-0.002,1340800000.0,56800000.0,241300000.0,0.0,1.703,-532.14,-506.167,1355000000.0,0.0,30.37,1.233,1.239,725900000.0,1887900000.0,4057100000.0,4057100000.0,258800000.0,-0.002,-0.003,0.024,0.028,41200000.0,637300000.0,1.0,164705762.0,165500000.0,165500000.0,24.514,4340400000.0,406600000.0,27900000.0,5700000.0,26.226,1722900000.0
4,HSP,MRY,2010-12-31,2010-12-31,2010-12-31,2020-10-26,42300000.0,6046300000.0,6017825000.0,2477500000.0,3568800000.0,0.651,19.178,-208500000.0,604300000.0,604300000.0,2402800000.0,357200000.0,2.659,0.899,1747900000.0,33500000.0,1714400000.0,1747900000.0,0.0,245900000.0,0.0,0.0,0.0,492600000.0,738500000.0,0.189,738500000.0,492600000.0,391500000.0,2.15,2.11,2.15,3183500000.0,3014350000.0,3183500000.0,10398365856.0,21.0,14.08,106400000.0,0.641,1.0,1514400000.0,0.387,1981100000.0,101100000.0,4277200000.0,4128325000.0,955500000.0,64700000.0,0.0,64700000.0,2862800000.0,931600000.0,1931200000.0,9304565856.0,-341700000.0,-478200000.0,53300000.0,-39500000.0,0.0,35100000.0,-705400000.0,0.0,314900000.0,13700000.0,357200000.0,357200000.0,357200000.0,0.0,0.0,0.091,995200000.0,519200000.0,320700000.0,0.0,2.923,26.049,25.902,1279200000.0,0.0,55.69,2.375,2.36,708900000.0,1897300000.0,3917200000.0,3917200000.0,300500000.0,0.059,0.118,0.119,0.126,47500000.0,675000000.0,1.0,167077857.0,166000000.0,169500000.0,23.598,4065200000.0,344000000.0,34300000.0,4400000.0,24.489,1545900000.0
5,HSP,MRY,2009-12-31,2009-12-31,2009-12-31,2020-10-26,-27800000.0,5502900000.0,5372925000.0,2526200000.0,2976700000.0,0.722,16.296,-159400000.0,946000000.0,946000000.0,2422900000.0,403900000.0,2.864,1.097,1730900000.0,23600000.0,1707300000.0,1730900000.0,0.0,230100000.0,0.0,0.0,0.0,491100000.0,721200000.0,0.186,721200000.0,491100000.0,384800000.0,2.51,2.47,2.51,2623700000.0,2301250000.0,2623700000.0,9459949086.0,19.0,13.117,785500000.0,4.879,1.0,1456400000.0,0.375,1649900000.0,106300000.0,3756000000.0,3924950000.0,755400000.0,49300000.0,0.0,49300000.0,2879200000.0,881900000.0,1997300000.0,8270149086.0,462200000.0,-37400000.0,122500000.0,-431900000.0,0.0,-308600000.0,-211100000.0,0.0,944900000.0,37000000.0,403900000.0,403900000.0,403900000.0,0.0,0.0,0.104,953500000.0,502900000.0,229500000.0,0.0,3.152,20.476,20.319,1147800000.0,0.0,51.0,2.132,2.117,539600000.0,1540100000.0,3879300000.0,3879300000.0,240500000.0,0.075,0.176,0.125,0.127,40500000.0,618800000.0,1.0,162159786.0,161000000.0,163200000.0,24.095,3853000000.0,240400000.0,-19100000.0,18700000.0,23.932,1644300000.0
6,HSP,MRY,2008-12-31,2008-12-31,2008-12-31,2020-10-26,-295900000.0,5074100000.0,5129150000.0,2149300000.0,2924800000.0,0.708,11.158,-164300000.0,483800000.0,483800000.0,2286800000.0,320900000.0,2.052,1.856,2172300000.0,338300000.0,1834000000.0,2172300000.0,0.0,251900000.0,0.0,0.0,0.0,523700000.0,775600000.0,0.214,775600000.0,523700000.0,407500000.0,2.02,1.99,2.02,1776400000.0,1901450000.0,1776400000.0,6154380624.0,12.0,7.935,419800000.0,2.637,1.0,1342700000.0,0.37,1571800000.0,116200000.0,4143300000.0,4363200000.0,830500000.0,37600000.0,0.0,37600000.0,3297700000.0,1047500000.0,2250200000.0,4280380624.0,242700000.0,-25300000.0,27800000.0,-88900000.0,0.0,-60100000.0,-264900000.0,-24500000.0,584100000.0,-16400000.0,320900000.0,320900000.0,320900000.0,0.0,0.0,0.088,824900000.0,517800000.0,231500000.0,0.0,2.41,13.339,13.277,1192100000.0,0.0,26.82,1.179,1.176,627100000.0,1136200000.0,3629500000.0,3629500000.0,212400000.0,0.063,0.169,0.12,0.144,42000000.0,590100000.0,1.0,159596593.0,159200000.0,161300000.0,22.798,3502300000.0,242300000.0,86600000.0,26700000.0,21.999,1101800000.0
7,HSP,MRY,2007-12-31,2007-12-31,2007-12-31,2020-10-26,67600000.0,5084700000.0,5040031250.0,1841000000.0,3243700000.0,0.682,11.123,-210500000.0,241100000.0,241100000.0,2240500000.0,136800000.0,2.318,1.914,2242900000.0,58500000.0,2184400000.0,2242900000.0,0.0,235100000.0,0.0,0.0,0.0,322300000.0,557400000.0,0.162,557400000.0,322300000.0,187800000.0,0.87,0.85,0.87,1745200000.0,1550915750.0,1745200000.0,8852293289.0,27.0,15.881,340600000.0,2.171,1.0,1195700000.0,0.348,1794900000.0,134500000.0,4497300000.0,4672708500.0,766600000.0,23700000.0,0.0,23700000.0,3339500000.0,794300000.0,2545200000.0,6718220289.0,-80900000.0,-1966700000.0,73100000.0,1504800000.0,0.0,1580200000.0,-2228000000.0,-45300000.0,551100000.0,15800000.0,136800000.0,136800000.0,136800000.0,0.0,0.0,0.04,893100000.0,302600000.0,190300000.0,0.0,3.85,49.11,49.011,1276900000.0,0.0,42.64,1.955,1.947,632800000.0,815500000.0,3436200000.0,3436200000.0,201200000.0,0.027,0.088,0.069,0.094,39400000.0,582100000.0,1.0,157556761.0,156900000.0,160200000.0,21.901,3289800000.0,256100000.0,51000000.0,59100000.0,20.967,1046700000.0
8,HSP,MRY,2006-12-31,2006-12-31,2006-12-31,2020-10-26,-50764000.0,2847587000.0,2752065500.0,1522890000.0,1324697000.0,0.977,8.647,-215700000.0,322045000.0,322045000.0,1749300000.0,237700000.0,2.512,1.092,706576000.0,4532000.0,702044000.0,706576000.0,0.0,156700000.0,0.0,0.0,0.0,355700000.0,512400000.0,0.191,512400000.0,355700000.0,324700000.0,1.51,1.48,1.51,1361089000.0,1297691000.0,1361089000.0,5636718412.0,16.0,11.001,208500000.0,1.325,1.0,939200000.0,0.349,108960000.0,31000000.0,2516932000.0,2447484250.0,626934000.0,31341000.0,0.0,31341000.0,1486498000.0,606226000.0,880272000.0,5232092412.0,-198600000.0,-17100000.0,-257400000.0,2500000.0,0.0,-377700000.0,-251300000.0,0.0,424200000.0,6200000.0,237700000.0,237700000.0,237700000.0,0.0,0.0,0.088,599600000.0,339600000.0,130968000.0,0.0,3.844,22.011,22.238,1039431000.0,0.0,33.58,1.946,1.966,335334000.0,676639000.0,2688500000.0,2688500000.0,161600000.0,0.086,0.183,0.145,0.132,35900000.0,428000000.0,1.0,155809780.0,157400000.0,160400000.0,17.081,2738627000.0,216312000.0,87000000.0,2936000.0,17.399,916664000.0
9,HSP,MRY,2005-12-31,2005-12-31,2005-12-31,2020-10-26,-56024000.0,2789182000.0,2612160750.0,1561165000.0,1228017000.0,1.006,8.337,-224290000.0,520610000.0,520610000.0,1777640000.0,235638000.0,2.618,1.1,697864000.0,2579000.0,695285000.0,697864000.0,0.0,156291000.0,0.0,0.0,0.0,350351000.0,506642000.0,0.193,506642000.0,350351000.0,322075000.0,1.48,1.46,1.48,1327867000.0,1225088500.0,1327867000.0,7102467773.0,20.0,14.019,346797000.0,2.177,1.0,849056000.0,0.323,104123000.0,28276000.0,2266077000.0,2228328500.0,510268000.0,13928000.0,0.0,13928000.0,1461315000.0,596236000.0,865079000.0,6881280773.0,392915000.0,-23590000.0,118819000.0,6513000.0,0.0,8605000.0,-184432000.0,72438000.0,571087000.0,-2345000.0,235638000.0,235638000.0,235638000.0,0.0,0.0,0.09,512441000.0,336615000.0,208944000.0,0.0,5.182,29.203,28.905,990813000.0,0.0,42.78,2.62,2.594,327146000.0,438960000.0,2626696000.0,2626696000.0,138834000.0,0.09,0.192,0.157,0.133,0.0,373607000.0,1.0,160852753.0,159275000.0,161634000.0,16.492,2685059000.0,161816000.0,86437000.0,3958000.0,16.858,964929000.0
10,HSP,MRY,2004-12-31,2004-12-31,2004-12-31,2020-10-26,-12111000.0,2342790000.0,2297047250.0,1198325000.0,1144465000.0,1.151,6.3,-228854000.0,127695000.0,127695000.0,1858435000.0,301552000.0,2.235,1.381,698841000.0,0.0,698841000.0,698841000.0,0.0,145523000.0,0.0,0.0,0.0,430278000.0,575801000.0,0.218,575801000.0,430278000.0,411520000.0,1.93,1.92,1.93,983919000.0,1050674750.0,983919000.0,5792539998.0,13.0,10.06,158169000.0,1.013,1.0,786601000.0,0.297,82030000.0,18758000.0,2295712000.0,2154589250.0,518324000.0,72438000.0,72438000.0,0.0,1358871000.0,536194000.0,822677000.0,5229181998.0,127695000.0,0.0,23046000.0,693344000.0,0.0,40599000.0,-301292000.0,-72438000.0,387023000.0,1365000.0,301552000.0,301552000.0,301552000.0,0.0,0.0,0.114,358951000.0,427650000.0,290679000.0,0.0,5.315,17.341,17.358,946304000.0,0.0,33.5,1.977,1.978,326356000.0,203322000.0,2645036000.0,2645036000.0,119583000.0,0.131,0.287,0.2,0.163,0.0,304004000.0,1.0,156094985.0,156187000.0,157160000.0,16.935,2260760000.0,116295000.0,109968000.0,4575000.0,14.475,662131000.0
11,HSP,MRY,2003-12-31,2003-12-31,2003-12-31,2020-10-26,-27479000.0,2250163000.0,2202008500.0,1041350000.0,1208813000.0,1.192,9.315,-196683000.0,0.0,0.0,1922686000.0,260363000.0,2.896,0.548,0.0,0.0,0.0,0.0,0.0,145967000.0,0.0,,0.0,359121000.0,505088000.0,0.193,505088000.0,359121000.0,359121000.0,1.67,1.67,1.67,1453464000.0,1393635500.0,1453464000.0,,,,171429000.0,1.099,1.0,701051000.0,0.267,86308000.0,0.0,1804254000.0,1728279500.0,609291000.0,0.0,0.0,0.0,796699000.0,359601000.0,437098000.0,,0.0,0.0,0.0,0.0,0.0,-174761000.0,-193423000.0,3260000.0,368112000.0,72000.0,260363000.0,260363000.0,260363000.0,0.0,0.0,0.099,340676000.0,360375000.0,105613000.0,0.0,,,,855277000.0,0.0,,,,315646000.0,0.0,2623737000.0,2623737000.0,109720000.0,0.118,0.187,0.208,0.137,0.0,230956000.0,1.0,156042544.0,156043000.0,156043000.0,16.814,2163855000.0,203130000.0,98758000.0,0.0,13.867,681749000.0
12,HSP,MRY,2002-12-31,2002-12-31,2002-12-31,2020-10-26,-61534000.0,2153854000.0,2143634000.0,982464000.0,1171390000.0,1.214,8.548,-190952000.0,0.0,0.0,1883177000.0,246698000.0,2.392,0.615,0.0,0.0,0.0,0.0,0.0,133722000.0,0.0,,0.0,352426000.0,486148000.0,0.187,486148000.0,352426000.0,352426000.0,1.58,1.58,1.58,1333807000.0,1397205500.0,1333807000.0,,,,338476000.0,2.169,1.0,719373000.0,0.276,90893000.0,0.0,1652305000.0,1658465500.0,488857000.0,0.0,0.0,0.0,820047000.0,410656000.0,409391000.0,,0.0,0.0,0.0,0.0,0.0,-338571000.0,-190952000.0,0.0,529428000.0,95000.0,246698000.0,246698000.0,246698000.0,0.0,0.0,0.095,341176000.0,378197000.0,106344000.0,0.0,,,,833205000.0,0.0,,,,319374000.0,,2602550000.0,2602550000.0,87255000.0,0.115,0.177,0.213,0.135,0.0,253921000.0,1.0,,156043000.0,156043000.0,16.678,2062961000.0,236914000.0,105728000.0,0.0,13.22,571808000.0
13,HSP,MRY,2001-12-31,2001-12-31,2001-12-31,2020-10-26,-26610000.0,2133414000.0,,1029118000.0,1104296000.0,,,-200135000.0,0.0,0.0,1788966000.0,272712000.0,2.76,0.461,0.0,0.0,0.0,0.0,0.0,123022000.0,0.0,,0.0,389588000.0,512610000.0,0.204,512610000.0,389588000.0,389588000.0,,,,1460604000.0,,1460604000.0,,,,283011000.0,,1.0,725455000.0,0.289,95856000.0,0.0,1664626000.0,,456819000.0,0.0,0.0,0.0,672810000.0,372932000.0,299878000.0,,0.0,0.0,0.0,0.0,0.0,-270066000.0,-213165000.0,-13030000.0,483146000.0,85000.0,272712000.0,272712000.0,272712000.0,0.0,0.0,0.108,329605000.0,395850000.0,83375000.0,,,,,796677000.0,0.0,,,,346905000.0,,2514421000.0,2514421000.0,85748000.0,,,,0.155,0.0,243857000.0,1.0,,,,,2037558000.0,190924000.0,116876000.0,0.0,,656186000.0
14,HSP,MRY,2000-12-31,2000-12-31,2000-12-31,2020-10-26,,,,,,,,-199081000.0,,,1599684000.0,297106000.0,,,,,,,,133265000.0,,,0.0,421427000.0,554692000.0,0.236,554692000.0,421427000.0,421427000.0,,,,,,,,,,120545000.0,,1.0,748756000.0,0.319,,0.0,,,,,,,,,,,0.0,0.0,0.0,0.0,0.0,-127550000.0,-192081000.0,7000000.0,319626000.0,5000.0,297106000.0,297106000.0,297106000.0,0.0,0.0,0.127,330051000.0,418705000.0,,,,,,,0.0,,,,,,2348440000.0,2348440000.0,105425000.0,,,,0.179,0.0,224626000.0,1.0,,,,,,,124321000.0,,,
0,HSP,MRQ,2015-06-30,2015-06-30,2015-06-30,2020-10-26,0.0,6783800000.0,,3009700000.0,3774100000.0,,20.912,-118000000.0,819900000.0,819900000.0,664200000.0,145100000.0,2.523,0.877,1750900000.0,2800000.0,1748100000.0,1750900000.0,0.0,57800000.0,0.0,0.0,0.0,222500000.0,280300000.0,0.237,280300000.0,222500000.0,207300000.0,0.84,0.82,0.84,3613600000.0,,3613600000.0,16442511784.0,26.0,18.785,168500000.0,0.975,1.0,519400000.0,0.439,1190300000.0,15200000.0,5331800000.0,,1222400000.0,255000000.0,0.0,255000000.0,3170200000.0,1192700000.0,1977500000.0,15327211784.0,176200000.0,0.0,6900000.0,-4200000.0,0.0,7000000.0,-119700000.0,0.0,286500000.0,2400000.0,145100000.0,145100000.0,145100000.0,0.0,0.0,0.123,300800000.0,218600000.0,378000000.0,0.0,4.242,36.924,36.506,1909300000.0,0.0,88.71,3.306,3.307,696700000.0,,1183600000.0,1183600000.0,89800000.0,,,,,15000000.0,211300000.0,1.0,172778850.0,172800000.0,176100000.0,6.85,5593500000.0,484500000.0,62200000.0,4400000.0,32.37,1817000000.0
1,HSP,MRQ,2015-03-31,2015-03-31,2015-03-31,2020-10-26,0.0,6549600000.0,,2788400000.0,3761200000.0,,20.05,-103400000.0,643700000.0,643700000.0,651400000.0,75600000.0,2.48,0.906,1759000000.0,4800000.0,1754200000.0,1759000000.0,0.0,61100000.0,0.0,0.0,0.0,138500000.0,199600000.0,0.17,199600000.0,138500000.0,123500000.0,0.44,0.43,0.44,3436600000.0,,3436600000.0,15982275164.0,31.0,20.775,-203700000.0,-1.188,1.0,523500000.0,0.446,1210300000.0,15000000.0,5330300000.0,,1181000000.0,257200000.0,0.0,257200000.0,3113000000.0,1124300000.0,1988700000.0,15028675164.0,-158700000.0,0.0,43100000.0,-1200000.0,0.0,75200000.0,-121800000.0,0.0,-100300000.0,-11800000.0,75600000.0,75600000.0,75600000.0,0.0,0.0,0.064,390100000.0,133400000.0,359600000.0,0.0,4.373,44.085,43.701,1852700000.0,0.0,87.84,3.276,3.282,709000000.0,,1174900000.0,1174900000.0,135400000.0,,,,,14100000.0,223600000.0,1.0,171091475.0,171400000.0,175100000.0,6.855,5339300000.0,503600000.0,47900000.0,4500000.0,31.151,1664100000.0
2,HSP,MRQ,2014-12-31,2014-12-31,2014-12-31,2020-10-26,0.0,6650000000.0,,2954200000.0,3695800000.0,,19.662,-113200000.0,802400000.0,802400000.0,740900000.0,35800000.0,2.272,0.993,1756000000.0,6800000.0,1749200000.0,1756000000.0,0.0,62600000.0,0.0,0.0,0.0,41900000.0,104500000.0,0.093,104500000.0,41900000.0,23600000.0,0.21,0.2,0.21,3336600000.0,,3336600000.0,11584323358.0,24.0,15.646,213900000.0,1.26,1.0,385600000.0,0.342,1212500000.0,18300000.0,5091000000.0,,1133300000.0,252200000.0,0.0,252200000.0,3313400000.0,1300100000.0,2013300000.0,10363623358.0,261000000.0,10700000.0,47400000.0,-6300000.0,0.0,46000000.0,-102500000.0,0.0,327100000.0,-9600000.0,35800000.0,35800000.0,35800000.0,0.0,0.0,0.032,345900000.0,39700000.0,414500000.0,0.0,3.106,31.103,30.934,1816700000.0,0.0,61.25,2.322,2.308,719200000.0,2257000000.0,1126500000.0,1126500000.0,99100000.0,,,,,11700000.0,220000000.0,1.0,169202014.0,169700000.0,172600000.0,6.638,5437500000.0,525400000.0,-12200000.0,5400000.0,32.042,1654100000.0
3,HSP,MRQ,2014-09-30,2014-09-30,2014-09-30,2020-10-26,0.0,6493100000.0,,2759200000.0,3733900000.0,,19.844,-94200000.0,541400000.0,541400000.0,719300000.0,158600000.0,2.358,0.937,1762100000.0,12900000.0,1749200000.0,1762100000.0,0.0,64500000.0,0.0,0.0,0.0,226400000.0,290900000.0,0.253,290900000.0,226400000.0,207200000.0,0.94,0.92,0.94,3351700000.0,,3351700000.0,9751413213.0,20.0,12.909,64600000.0,0.382,1.0,431300000.0,0.375,1238100000.0,19200000.0,5305800000.0,,1190000000.0,257100000.0,0.0,257100000.0,3141400000.0,1169900000.0,1971500000.0,8779113213.0,-255100000.0,-100600000.0,27900000.0,-7600000.0,0.0,22100000.0,-425700000.0,-200000000.0,158800000.0,-10300000.0,158600000.0,158600000.0,158600000.0,0.0,0.0,0.138,203800000.0,227500000.0,356100000.0,0.0,2.619,26.531,26.411,1787700000.0,0.0,52.03,1.986,1.987,741300000.0,,1150600000.0,1150600000.0,86300000.0,,,,,11600000.0,223800000.0,1.0,168731755.0,168900000.0,171800000.0,6.812,5255000000.0,529800000.0,48600000.0,6900000.0,31.113,1589300000.0
4,HSP,MRQ,2014-06-30,2014-06-30,2014-06-30,2020-10-26,0.0,6401800000.0,,3060700000.0,3341100000.0,,19.383,-89700000.0,796500000.0,796500000.0,735800000.0,70900000.0,2.569,0.969,1768800000.0,19900000.0,1748900000.0,1768800000.0,0.0,65300000.0,0.0,0.0,0.0,109000000.0,174300000.0,0.153,174300000.0,109000000.0,89800000.0,0.42,0.42,0.42,3250600000.0,,3250600000.0,9688502177.0,37.0,18.543,67500000.0,0.403,1.0,400000000.0,0.352,1210200000.0,19200000.0,4972400000.0,,1167800000.0,44300000.0,0.0,44300000.0,3151200000.0,1191500000.0,1959700000.0,8586202177.0,119400000.0,14000000.0,52800000.0,-15000000.0,0.0,39700000.0,-76900000.0,0.0,157200000.0,-600000.0,70900000.0,70900000.0,70900000.0,0.0,0.0,0.062,300500000.0,99500000.0,349200000.0,0.0,2.641,49.289,49.394,1655600000.0,0.0,51.37,2.006,2.013,792600000.0,,1135800000.0,1135800000.0,75700000.0,,,,,17700000.0,211300000.0,1.0,167144290.0,167700000.0,170000000.0,6.773,5191600000.0,518700000.0,18900000.0,6800000.0,30.958,1869200000.0
5,HSP,MRQ,2014-03-31,2014-03-31,2014-03-31,2020-10-26,0.0,6157700000.0,,2804000000.0,3353700000.0,,18.595,-95100000.0,677100000.0,677100000.0,681200000.0,67900000.0,2.626,0.989,1779400000.0,31900000.0,1747500000.0,1779400000.0,0.0,65700000.0,0.0,0.0,0.0,104900000.0,170600000.0,0.162,170600000.0,104900000.0,84400000.0,0.41,0.4,0.41,3096100000.0,,3096100000.0,8242071553.0,41.0,17.941,-76800000.0,-0.461,1.0,369600000.0,0.352,1231900000.0,20500000.0,4960500000.0,,1138300000.0,36200000.0,0.0,36200000.0,3061600000.0,1067600000.0,1994000000.0,7199471553.0,-121000000.0,-6100000.0,25200000.0,-62200000.0,0.0,-36300000.0,-104300000.0,0.0,18300000.0,1300000.0,67900000.0,67900000.0,67900000.0,0.0,0.0,0.065,270000000.0,99600000.0,339500000.0,0.0,2.325,52.86,52.744,1616400000.0,0.0,43.25,1.727,1.727,701600000.0,,1050800000.0,1050800000.0,83200000.0,,,,,11000000.0,186100000.0,1.0,166461770.0,166500000.0,168400000.0,6.311,4925800000.0,535100000.0,16500000.0,5500000.0,29.584,1736400000.0
6,HSP,MRQ,2013-12-31,2013-12-31,2013-12-31,2020-10-26,-202000000.0,6178900000.0,,2838500000.0,3340400000.0,,17.854,-105000000.0,798100000.0,798100000.0,762800000.0,33500000.0,2.436,1.086,1840700000.0,93700000.0,1747000000.0,1840700000.0,0.0,64800000.0,0.0,0.0,0.0,54800000.0,119600000.0,0.11,119600000.0,54800000.0,31400000.0,0.2,0.2,0.2,2961900000.0,,2961900000.0,8037029742.0,-394.0,33.897,150900000.0,0.91,1.0,321600000.0,0.297,1229900000.0,23400000.0,4826500000.0,,1066200000.0,33100000.0,0.0,33100000.0,3217000000.0,1165100000.0,2051900000.0,6847329742.0,166300000.0,0.0,3300000.0,18600000.0,0.0,22200000.0,-111000000.0,0.0,255900000.0,-800000.0,33500000.0,33500000.0,33500000.0,0.0,0.0,0.031,268400000.0,53200000.0,329200000.0,0.0,2.312,-824.979,-825.6,1574200000.0,0.0,41.28,1.711,1.708,675600000.0,1923800000.0,1084400000.0,1084400000.0,83600000.0,,,,,10500000.0,186600000.0,1.0,165875236.0,165900000.0,165900000.0,6.536,4949000000.0,567500000.0,-2100000.0,3200000.0,29.831,1673400000.0
7,HSP,MRQ,2013-09-30,2013-09-30,2013-09-30,2020-10-26,0.0,6032200000.0,,2709700000.0,3322500000.0,,17.569,-95800000.0,631800000.0,631800000.0,718000000.0,1900000.0,2.672,1.072,1821500000.0,74100000.0,1747400000.0,1821500000.0,0.0,64500000.0,0.0,0.0,0.0,-6500000.0,58000000.0,0.058,58000000.0,-6500000.0,-29800000.0,0.01,0.01,0.01,2911200000.0,,2911200000.0,7574657780.0,-199.0,34.826,-84900000.0,-0.512,1.0,290200000.0,0.288,1250600000.0,23300000.0,4957300000.0,,1071400000.0,35800000.0,0.0,35800000.0,3121000000.0,1014000000.0,2107000000.0,6496757780.0,-51400000.0,0.0,6900000.0,25600000.0,0.0,33100000.0,-98100000.0,0.0,10900000.0,2700000.0,1900000.0,1900000.0,1900000.0,0.0,0.0,0.002,260400000.0,29800000.0,255400000.0,0.0,2.232,-177.993,-178.273,1487000000.0,0.0,39.22,1.617,1.618,731800000.0,,1008200000.0,1008200000.0,69900000.0,,,,,10400000.0,180700000.0,1.0,165649102.0,165700000.0,167000000.0,6.084,4781600000.0,588500000.0,-31700000.0,3600000.0,28.857,1695700000.0
8,HSP,MRQ,2013-06-30,2013-06-30,2013-06-30,2020-10-26,0.0,6014900000.0,,2758000000.0,3256900000.0,,17.505,-84100000.0,683200000.0,683200000.0,707500000.0,32900000.0,1.876,1.076,1761100000.0,459200000.0,1301900000.0,1761100000.0,0.0,64600000.0,0.0,0.0,0.0,46600000.0,111200000.0,0.108,111200000.0,46600000.0,26700000.0,0.2,0.2,0.2,2897100000.0,,2897100000.0,7358820433.0,-168.0,35.413,-54300000.0,-0.328,1.0,318700000.0,0.311,1281700000.0,19900000.0,4341100000.0,,1032800000.0,37300000.0,0.0,37300000.0,3117800000.0,1470000000.0,1647800000.0,6340020433.0,-43600000.0,0.0,3400000.0,21200000.0,0.0,24900000.0,-86100000.0,0.0,29800000.0,-12200000.0,32900000.0,32900000.0,32900000.0,0.0,0.0,0.032,266500000.0,52200000.0,273000000.0,0.0,2.188,-170.431,-174.136,1452800000.0,0.0,38.31,1.584,1.584,758700000.0,,1026200000.0,1026200000.0,74400000.0,,,,,9200000.0,189200000.0,1.0,165492572.0,165500000.0,166300000.0,6.201,4733200000.0,527200000.0,-6200000.0,3100000.0,28.599,1288000000.0
9,HSP,MRQ,2013-03-31,2013-03-31,2013-03-31,2020-10-26,0.0,6068500000.0,,2667100000.0,3401400000.0,,18.047,-68600000.0,726800000.0,726800000.0,733900000.0,-76600000.0,2.653,1.034,1745600000.0,41100000.0,1704500000.0,1745600000.0,0.0,63600000.0,0.0,0.0,0.0,-115400000.0,-51800000.0,-0.059,-51800000.0,-115400000.0,-135000000.0,-0.46,-0.46,-0.46,2983200000.0,,2983200000.0,6393824778.0,-68.0,41.304,-47800000.0,-0.289,1.0,150100000.0,0.17,1332100000.0,19600000.0,4750000000.0,,995300000.0,76100000.0,0.0,76100000.0,3085300000.0,1005200000.0,2080100000.0,5430224778.0,-45300000.0,1400000.0,2700000.0,11200000.0,0.0,14100000.0,-75100000.0,0.0,20800000.0,-5100000.0,-76600000.0,-76600000.0,-76600000.0,0.0,0.0,-0.087,268700000.0,-118600000.0,258400000.0,0.0,1.82,-74.796,-74.614,1450500000.0,0.0,32.83,1.354,1.353,698300000.0,,884000000.0,884000000.0,73800000.0,,,,,11500000.0,186100000.0,1.0,165404349.0,165300000.0,165300000.0,5.348,4736400000.0,557700000.0,-58400000.0,3100000.0,28.653,1661900000.0
10,HSP,MRQ,2012-12-31,2012-12-31,2012-12-31,2020-10-26,-83200000.0,6088600000.0,,2760400000.0,3328200000.0,,18.435,-88300000.0,772100000.0,772100000.0,783300000.0,5300000.0,2.682,1.002,1735700000.0,28900000.0,1706800000.0,1735700000.0,0.0,62800000.0,0.0,0.0,0.0,37300000.0,100100000.0,0.091,100100000.0,37300000.0,15300000.0,0.03,0.04,0.03,3041700000.0,,3041700000.0,6116069332.0,77.0,18.698,-14700000.0,-0.089,1.0,315600000.0,0.287,1345900000.0,22000000.0,4677100000.0,,997800000.0,71800000.0,0.0,71800000.0,3046900000.0,1029200000.0,2017700000.0,5161469332.0,-69100000.0,3100000.0,1000000.0,-56500000.0,0.0,-55400000.0,-87200000.0,0.0,73600000.0,-100000.0,5300000.0,5300000.0,5300000.0,0.0,0.0,0.005,284800000.0,30800000.0,276000000.0,0.0,1.697,116.775,115.704,1445100000.0,0.0,31.24,1.261,1.26,722200000.0,1932100000.0,1098900000.0,1098900000.0,84700000.0,,,,,10100000.0,178400000.0,1.0,165219889.0,165000000.0,166000000.0,6.66,4742700000.0,511200000.0,10000000.0,4400000.0,28.744,1731200000.0
11,HSP,MRQ,2012-09-30,2012-09-30,2012-09-30,2020-10-26,0.0,6074200000.0,,2790000000.0,3284200000.0,,18.359,-64400000.0,841200000.0,841200000.0,779700000.0,1200000.0,2.778,1.004,1795800000.0,87000000.0,1708800000.0,1795800000.0,0.0,60700000.0,0.0,0.0,0.0,-12400000.0,48300000.0,0.049,48300000.0,-12400000.0,-33500000.0,0.01,0.01,0.01,3031000000.0,,3031000000.0,6488390150.0,-41.0,71.537,123900000.0,0.75,1.0,214300000.0,0.216,1372300000.0,21100000.0,4652300000.0,,1009200000.0,64700000.0,0.0,64700000.0,3043200000.0,1004200000.0,2039000000.0,5418990150.0,120900000.0,-13700000.0,2100000.0,3500000.0,0.0,5900000.0,-79900000.0,0.0,188300000.0,6600000.0,1200000.0,1200000.0,1200000.0,0.0,0.0,0.001,230800000.0,-16500000.0,267700000.0,0.0,1.788,-30.948,-30.962,1405700000.0,0.0,32.82,1.352,1.352,705200000.0,,994000000.0,994000000.0,66200000.0,,,,,9800000.0,155200000.0,1.0,165112436.0,165100000.0,165900000.0,6.021,4701900000.0,447900000.0,-34700000.0,2800000.0,28.479,1785800000.0
12,HSP,MRQ,2012-06-30,2012-06-30,2012-06-30,2020-10-26,0.0,5914200000.0,,2688900000.0,3225300000.0,,18.025,-70100000.0,720300000.0,720300000.0,749800000.0,-2500000.0,2.866,0.987,1789700000.0,78400000.0,1711300000.0,1789700000.0,0.0,62000000.0,0.0,0.0,0.0,-3800000.0,58200000.0,0.056,58200000.0,-3800000.0,-24800000.0,-0.02,-0.02,-0.02,2976000000.0,,2976000000.0,6899830703.0,-31.0,214.28,59000000.0,0.357,1.0,283500000.0,0.274,1390700000.0,21000000.0,4654800000.0,,1012000000.0,57100000.0,0.0,57100000.0,2938200000.0,938100000.0,2000100000.0,5776530703.0,64400000.0,5200000.0,1400000.0,14800000.0,0.0,16300000.0,-69100000.0,0.0,129100000.0,-11900000.0,-2500000.0,-2500000.0,-2500000.0,0.0,0.0,-0.002,285700000.0,-2200000.0,226600000.0,0.0,1.941,-21.782,-21.727,1365200000.0,0.0,34.98,1.448,1.447,723300000.0,,1033300000.0,1033300000.0,83600000.0,,,,,9700000.0,169900000.0,1.0,165138099.0,165100000.0,165100000.0,6.259,4523500000.0,423900000.0,-22300000.0,2200000.0,27.399,1750800000.0
13,HSP,MRQ,2012-03-31,2012-03-31,2012-03-31,2020-10-26,0.0,5908700000.0,,2636000000.0,3272700000.0,,18.462,-67300000.0,655900000.0,655900000.0,665900000.0,40200000.0,2.982,0.944,1779200000.0,67200000.0,1712000000.0,1779200000.0,0.0,62100000.0,0.0,0.0,0.0,58400000.0,120500000.0,0.125,120500000.0,58400000.0,36200000.0,0.24,0.24,0.24,3038900000.0,,3038900000.0,7310595547.0,-554.0,30.209,19700000.0,0.12,1.0,300000000.0,0.311,1430600000.0,22200000.0,4717400000.0,,1065000000.0,63700000.0,0.0,63700000.0,2869800000.0,884000000.0,1985800000.0,6159595547.0,58400000.0,3100000.0,3400000.0,27500000.0,0.0,32600000.0,-67800000.0,0.0,87000000.0,6600000.0,40200000.0,40200000.0,40200000.0,0.0,0.0,0.042,253300000.0,46700000.0,234400000.0,0.0,2.027,-51.718,-51.219,1392800000.0,0.0,37.39,1.532,1.531,698500000.0,,965900000.0,965900000.0,69100000.0,,,,,10400000.0,184200000.0,1.0,164739116.0,164600000.0,165800000.0,5.868,4478100000.0,411700000.0,-4000000.0,5400000.0,27.206,1752000000.0
14,HSP,MRQ,2011-12-31,2011-12-31,2011-12-31,2020-10-26,-98300000.0,5779100000.0,,2570700000.0,3208400000.0,,17.849,-79200000.0,597500000.0,597500000.0,732800000.0,-214000000.0,3.032,0.967,1748500000.0,36600000.0,1711900000.0,1748500000.0,0.0,65400000.0,0.0,0.0,0.0,-201700000.0,-136300000.0,-0.134,-136300000.0,-201700000.0,-224100000.0,-1.29,-1.27,-1.29,2938000000.0,,2938000000.0,6232613992.0,56.0,16.95,78200000.0,0.475,1.0,281200000.0,0.277,1438700000.0,22400000.0,4643600000.0,,1027000000.0,48700000.0,0.0,48700000.0,2841100000.0,847800000.0,1993300000.0,5002113992.0,70100000.0,1800000.0,200000.0,-10700000.0,0.0,-10400000.0,-79100000.0,0.0,157400000.0,2200000.0,-214000000.0,-214000000.0,-214000000.0,0.0,0.0,-0.211,493500000.0,-212300000.0,241300000.0,0.0,1.703,-532.14,-506.167,1355000000.0,0.0,30.37,1.233,1.239,725900000.0,1887900000.0,1014000000.0,1014000000.0,66800000.0,,,,,9100000.0,166900000.0,1.0,164705762.0,164600000.0,155900000.0,6.16,4340400000.0,406600000.0,-10100000.0,5700000.0,26.369,1722900000.0
15,HSP,MRQ,2011-09-30,2011-09-30,2011-09-30,2020-10-26,0.0,5936900000.0,,2525100000.0,3411800000.0,,19.383,-72700000.0,527400000.0,527400000.0,672800000.0,-88900000.0,3.006,0.862,1757900000.0,44200000.0,1713700000.0,1757900000.0,0.0,63900000.0,0.0,0.0,0.0,-74100000.0,-10200000.0,-0.01,-10200000.0,-74100000.0,-97500000.0,-0.54,-0.54,-0.54,3188500000.0,,3188500000.0,7258267689.0,19.0,11.51,-48700000.0,-0.296,1.0,303900000.0,0.311,1713400000.0,23400000.0,4614000000.0,,1125300000.0,57100000.0,0.0,57100000.0,2748400000.0,840000000.0,1908400000.0,6100167689.0,-74000000.0,0.0,3500000.0,1800000.0,0.0,5900000.0,-73700000.0,0.0,24000000.0,-30200000.0,-88900000.0,-88900000.0,-88900000.0,0.0,0.0,-0.091,389100000.0,-85200000.0,230700000.0,0.0,1.913,23.002,23.418,1328000000.0,0.0,37.0,1.512,1.508,661000000.0,,976700000.0,976700000.0,69300000.0,,,,,9100000.0,149600000.0,1.0,164869397.0,164500000.0,164500000.0,5.937,4223500000.0,361300000.0,-8600000.0,5000000.0,25.675,1685100000.0
16,HSP,MRQ,2011-06-30,2011-06-30,2011-06-30,2020-10-26,0.0,6311700000.0,,2603200000.0,3708500000.0,,20.913,-76400000.0,601400000.0,601400000.0,650700000.0,143600000.0,2.805,0.817,1759500000.0,43100000.0,1716400000.0,1759500000.0,0.0,63800000.0,0.0,0.0,0.0,204200000.0,268000000.0,0.252,268000000.0,204200000.0,180300000.0,0.86,0.85,0.86,3473700000.0,,3473700000.0,10654540906.0,19.0,13.216,170500000.0,1.026,1.0,413400000.0,0.388,1980500000.0,23900000.0,4561200000.0,,1141600000.0,91100000.0,0.0,91100000.0,2838000000.0,928100000.0,1909900000.0,9506140906.0,4300000.0,0.0,-182800000.0,6300000.0,0.0,-174300000.0,-78100000.0,0.0,246900000.0,9800000.0,143600000.0,143600000.0,143600000.0,0.0,0.0,0.135,222900000.0,190500000.0,280300000.0,0.0,2.737,22.341,22.22,1346000000.0,0.0,56.66,2.372,2.348,654100000.0,,1064100000.0,1064100000.0,65800000.0,,,,,9300000.0,155600000.0,1.0,167775166.0,166100000.0,169000000.0,6.406,4331200000.0,365500000.0,36700000.0,4500000.0,26.076,1675100000.0
17,HSP,MRQ,2011-03-31,2011-03-31,2011-03-31,2020-10-26,0.0,6289900000.0,,2668600000.0,3621300000.0,,20.707,-62200000.0,597100000.0,597100000.0,603200000.0,149900000.0,2.867,0.821,1745500000.0,34900000.0,1710600000.0,1745500000.0,0.0,63000000.0,0.0,0.0,0.0,183200000.0,246200000.0,0.246,246200000.0,183200000.0,159800000.0,0.9,0.88,0.9,3453900000.0,,3453900000.0,10342472669.0,22.0,14.469,-56100000.0,-0.336,1.0,399100000.0,0.398,2000400000.0,23400000.0,4507100000.0,,1072700000.0,83100000.0,0.0,83100000.0,2836000000.0,930800000.0,1905200000.0,9198872669.0,-7200000.0,13300000.0,26800000.0,400000.0,0.0,31800000.0,-51400000.0,0.0,6100000.0,6300000.0,149900000.0,149900000.0,149900000.0,0.0,0.0,0.15,235300000.0,163800000.0,291100000.0,0.0,2.663,25.175,25.205,1296400000.0,0.0,55.2,2.352,2.354,794000000.0,,1002300000.0,1002300000.0,56900000.0,,,,,13700000.0,165200000.0,1.0,166646244.0,166800000.0,170200000.0,6.009,4289500000.0,335300000.0,9900000.0,4300000.0,25.716,1737800000.0
18,HSP,MRQ,2010-12-31,2010-12-31,2010-12-31,2020-10-26,42300000.0,6046300000.0,,2477500000.0,3568800000.0,,19.006,-66700000.0,604300000.0,604300000.0,644200000.0,60600000.0,2.659,0.899,1747900000.0,33500000.0,1714400000.0,1747900000.0,0.0,67500000.0,0.0,0.0,0.0,59100000.0,126600000.0,0.128,126600000.0,59100000.0,32100000.0,0.36,0.36,0.36,3183500000.0,,3183500000.0,10398365856.0,21.0,14.08,13700000.0,0.082,1.0,347900000.0,0.351,1981100000.0,27000000.0,4277200000.0,,955500000.0,64700000.0,0.0,64700000.0,2862800000.0,931600000.0,1931200000.0,9304565856.0,-545200000.0,1000000.0,-30400000.0,-531700000.0,0.0,-560100000.0,-72500000.0,0.0,80400000.0,7000000.0,60600000.0,60600000.0,60600000.0,0.0,0.0,0.061,294300000.0,53600000.0,320700000.0,0.0,2.923,26.049,25.902,1279200000.0,0.0,55.69,2.375,2.36,708900000.0,1897300000.0,992100000.0,992100000.0,103200000.0,,,,,9800000.0,167600000.0,1.0,167077857.0,167500000.0,170100000.0,5.923,4065200000.0,344000000.0,-28500000.0,4400000.0,24.27,1545900000.0
19,HSP,MRQ,2010-09-30,2010-09-30,2010-09-30,2020-10-26,0.0,6613300000.0,,3044700000.0,3568600000.0,,18.798,-62400000.0,1149500000.0,1149500000.0,582300000.0,71400000.0,2.09,1.108,2243300000.0,528800000.0,1714500000.0,2243300000.0,0.0,58300000.0,0.0,0.0,0.0,107100000.0,165400000.0,0.174,165400000.0,107100000.0,80600000.0,0.43,0.42,0.43,3137400000.0,,3137400000.0,10496246350.0,18.0,12.994,28300000.0,0.17,1.0,367000000.0,0.387,2067200000.0,26500000.0,4182800000.0,,914800000.0,59900000.0,0.0,59900000.0,3475900000.0,1457100000.0,2018800000.0,9538346350.0,366200000.0,-144100000.0,-28700000.0,495700000.0,0.0,470000000.0,-207200000.0,0.0,90700000.0,12700000.0,71400000.0,71400000.0,71400000.0,0.0,0.0,0.075,225300000.0,141700000.0,309200000.0,0.0,3.04,24.252,23.954,1259500000.0,0.0,57.01,2.396,2.391,770000000.0,,949300000.0,949300000.0,65200000.0,,,,,9900000.0,158900000.0,1.0,167310057.0,166900000.0,170000000.0,5.688,4546100000.0,275700000.0,9200000.0,16400000.0,27.238,1587600000.0
20,HSP,MRQ,2010-06-30,2010-06-30,2010-06-30,2020-10-26,0.0,5731100000.0,,2511100000.0,3220000000.0,,17.374,-38800000.0,783300000.0,783300000.0,599000000.0,83500000.0,2.991,0.99,1741200000.0,23800000.0,1717400000.0,1741200000.0,0.0,59500000.0,0.0,0.0,0.0,117100000.0,176600000.0,0.182,176600000.0,117100000.0,92900000.0,0.5,0.49,0.5,2880600000.0,,2880600000.0,10620368489.0,17.0,12.318,110700000.0,0.668,1.0,369200000.0,0.381,1835900000.0,24200000.0,4013500000.0,,794200000.0,50500000.0,0.0,50500000.0,2850500000.0,839600000.0,2010900000.0,9530068489.0,137000000.0,-16700000.0,45100000.0,-3600000.0,0.0,49900000.0,-58000000.0,0.0,149500000.0,-4400000.0,83500000.0,83500000.0,83500000.0,0.0,0.0,0.086,252900000.0,116300000.0,253000000.0,0.0,3.308,21.753,21.517,1211500000.0,0.0,57.45,2.36,2.359,718000000.0,,968200000.0,968200000.0,80400000.0,,,,,10500000.0,169900000.0,1.0,165884569.0,165800000.0,169100000.0,5.84,3895200000.0,227400000.0,9400000.0,16300000.0,23.493,1671500000.0
21,HSP,MRQ,2010-03-31,2010-03-31,2010-03-31,2020-10-26,0.0,5680600000.0,,2335600000.0,3345000000.0,,17.403,-40600000.0,646300000.0,646300000.0,577300000.0,141700000.0,2.863,0.989,1736600000.0,23900000.0,1712700000.0,1736600000.0,0.0,60600000.0,0.0,0.0,0.0,209300000.0,269900000.0,0.268,269900000.0,209300000.0,185900000.0,0.86,0.84,0.86,2855900000.0,,2855900000.0,10067036830.0,17.0,12.274,-46300000.0,-0.282,1.0,430300000.0,0.427,1915400000.0,23400000.0,4039800000.0,,773700000.0,49000000.0,0.0,49000000.0,2824700000.0,815700000.0,2009000000.0,9282136830.0,-299700000.0,-318400000.0,67300000.0,100000.0,0.0,75300000.0,-367700000.0,0.0,-5700000.0,-1600000.0,141700000.0,141700000.0,141700000.0,0.0,0.0,0.141,222700000.0,207600000.0,244700000.0,0.0,3.25,24.42,24.313,1233600000.0,0.0,56.65,2.305,2.308,710600000.0,,1007600000.0,1007600000.0,51700000.0,,,,,17300000.0,178600000.0,1.0,163850606.0,164100000.0,169300000.0,6.14,3765200000.0,237500000.0,44200000.0,21400000.0,22.945,1519900000.0
22,HSP,MRQ,2009-12-31,2009-12-31,2009-12-31,2020-10-26,-27800000.0,5502900000.0,,2526200000.0,2976700000.0,,16.116,-40700000.0,946000000.0,946000000.0,660200000.0,96700000.0,2.864,1.097,1730900000.0,23600000.0,1707300000.0,1730900000.0,0.0,57800000.0,0.0,0.0,0.0,138100000.0,195900000.0,0.186,195900000.0,138100000.0,112000000.0,0.59,0.58,0.59,2623700000.0,,2623700000.0,9459949086.0,19.0,13.117,363000000.0,2.23,1.0,395000000.0,0.374,1649900000.0,26100000.0,3756000000.0,,755400000.0,49300000.0,0.0,49300000.0,2879200000.0,881900000.0,1997300000.0,8270149086.0,25400000.0,-16700000.0,63200000.0,-375200000.0,0.0,-312000000.0,-92900000.0,0.0,403700000.0,26600000.0,96700000.0,96700000.0,96700000.0,0.0,0.0,0.092,259400000.0,135600000.0,229500000.0,0.0,3.152,20.476,20.319,1147800000.0,0.0,51.0,2.132,2.117,539600000.0,1540100000.0,1055200000.0,1055200000.0,79700000.0,,,,,9000000.0,164600000.0,1.0,162159786.0,162800000.0,165900000.0,6.482,3853000000.0,240400000.0,15300000.0,18700000.0,23.667,1644300000.0
23,HSP,MRQ,2009-09-30,2009-09-30,2009-09-30,2020-10-26,0.0,5614200000.0,,2672200000.0,2942000000.0,,15.178,-40900000.0,920600000.0,920600000.0,611900000.0,116200000.0,2.272,1.296,2110400000.0,399500000.0,1710900000.0,2110400000.0,0.0,58400000.0,0.0,0.0,0.0,161400000.0,219800000.0,0.218,219800000.0,161400000.0,136300000.0,0.72,0.71,0.72,2445100000.0,,2445100000.0,8683771146.0,17.0,11.735,264300000.0,1.641,1.0,395600000.0,0.393,1617800000.0,25100000.0,4010200000.0,,849500000.0,50100000.0,0.0,50100000.0,3169100000.0,1176000000.0,1993100000.0,7184471146.0,312100000.0,-6500000.0,23900000.0,2000000.0,0.0,26500000.0,-23000000.0,0.0,305200000.0,3400000.0,116200000.0,116200000.0,116200000.0,0.0,0.0,0.115,234100000.0,161500000.0,200100000.0,0.0,2.938,17.447,17.287,1182800000.0,0.0,44.6,1.922,1.922,648700000.0,,1007500000.0,1007500000.0,57900000.0,,,,,8800000.0,162400000.0,1.0,161086797.0,161100000.0,163700000.0,6.254,3996400000.0,239200000.0,20100000.0,23200000.0,24.807,1496200000.0
24,HSP,MRQ,2009-06-30,2009-06-30,2009-06-30,2020-10-26,0.0,5288900000.0,,2358300000.0,2930600000.0,,13.672,-44000000.0,608500000.0,608500000.0,610700000.0,25500000.0,2.216,1.41,2107800000.0,402000000.0,1705800000.0,2107800000.0,0.0,58000000.0,0.0,0.0,0.0,76600000.0,134600000.0,0.141,134600000.0,76600000.0,48400000.0,0.16,0.16,0.16,2194300000.0,,2194300000.0,7813288793.0,16.0,10.862,102700000.0,0.64,1.0,346200000.0,0.362,1589200000.0,28200000.0,4134700000.0,,864700000.0,41300000.0,0.0,41300000.0,3094600000.0,1064300000.0,2030300000.0,6181588793.0,79100000.0,-7100000.0,22800000.0,-53000000.0,0.0,-30000000.0,-51300000.0,0.0,146700000.0,13700000.0,25500000.0,25500000.0,25500000.0,0.0,0.0,0.027,255100000.0,91100000.0,200400000.0,0.0,2.817,16.379,16.253,1183200000.0,0.0,38.52,1.691,1.691,644900000.0,,956900000.0,956900000.0,52900000.0,,,,,9600000.0,146300000.0,1.0,160477383.0,160500000.0,162400000.0,5.962,3699700000.0,253800000.0,22900000.0,29900000.0,23.051,1294000000.0
25,HSP,MRQ,2009-03-31,2009-03-31,2009-03-31,2020-10-26,0.0,5085700000.0,,2202300000.0,2883400000.0,,12.175,-33800000.0,529400000.0,529400000.0,540100000.0,165500000.0,1.605,1.619,2161100000.0,704100000.0,1457000000.0,2161100000.0,0.0,55900000.0,0.0,0.0,0.0,115000000.0,170900000.0,0.199,170900000.0,115000000.0,88100000.0,1.04,1.03,1.04,1941900000.0,,1941900000.0,6614615945.0,13.0,8.627,55500000.0,0.348,1.0,319600000.0,0.372,1546500000.0,26900000.0,3798900000.0,,834800000.0,38200000.0,0.0,38200000.0,3143800000.0,1372000000.0,1771800000.0,4926115945.0,45600000.0,-7100000.0,12600000.0,-5700000.0,0.0,6900000.0,-43900000.0,0.0,89300000.0,-6700000.0,165500000.0,165500000.0,165500000.0,0.0,0.0,0.193,204900000.0,114700000.0,216600000.0,0.0,2.537,11.701,11.689,1177100000.0,0.0,30.86,1.368,1.367,616100000.0,,859700000.0,859700000.0,50000000.0,,,,,13100000.0,145500000.0,1.0,159627866.0,159500000.0,160600000.0,5.39,3539200000.0,245200000.0,-77400000.0,25200000.0,22.189,830300000.0
26,HSP,MRQ,2008-12-31,2008-12-31,2008-12-31,2020-10-26,-295900000.0,5074100000.0,,2149300000.0,2924800000.0,,11.137,-37400000.0,483800000.0,483800000.0,557000000.0,104600000.0,2.052,1.856,2172300000.0,338300000.0,1834000000.0,2172300000.0,0.0,59600000.0,0.0,0.0,0.0,155100000.0,214700000.0,0.235,214700000.0,155100000.0,126100000.0,0.66,0.65,0.66,1776400000.0,,1776400000.0,6154380624.0,12.0,7.935,218100000.0,1.367,1.0,356700000.0,0.39,1571800000.0,29000000.0,4143300000.0,,830500000.0,37600000.0,0.0,37600000.0,3297700000.0,1047500000.0,2250200000.0,4280380624.0,196400000.0,-3100000.0,400000.0,-7300000.0,0.0,-6900000.0,-42500000.0,0.0,255500000.0,-9700000.0,104600000.0,104600000.0,104600000.0,0.0,0.0,0.114,201000000.0,155700000.0,231500000.0,0.0,2.41,13.339,13.277,1192100000.0,0.0,26.82,1.179,1.176,627100000.0,1136200000.0,913700000.0,913700000.0,53500000.0,,,,,8800000.0,139400000.0,1.0,159596593.0,159500000.0,161000000.0,5.729,3502300000.0,242300000.0,21500000.0,26700000.0,21.958,1101800000.0
27,HSP,MRQ,2008-09-30,2008-09-30,2008-09-30,2020-10-26,0.0,5067200000.0,,2018300000.0,3048900000.0,,11.905,-41000000.0,287400000.0,287400000.0,591700000.0,81800000.0,2.082,1.67,2161400000.0,328800000.0,1832600000.0,2161400000.0,0.0,64000000.0,0.0,0.0,0.0,135100000.0,199100000.0,0.215,199100000.0,135100000.0,107500000.0,0.51,0.51,0.51,1897600000.0,,1897600000.0,8055308833.0,16.0,10.821,105000000.0,0.659,1.0,333800000.0,0.361,1654700000.0,27600000.0,4317200000.0,,854800000.0,47600000.0,0.0,47600000.0,3169600000.0,969300000.0,2200300000.0,6091008833.0,86000000.0,-1800000.0,4900000.0,-3500000.0,0.0,1400000.0,-49300000.0,0.0,146000000.0,-12100000.0,81800000.0,81800000.0,81800000.0,0.0,0.0,0.088,201100000.0,132700000.0,193300000.0,0.0,3.21,20.831,20.874,1226400000.0,0.0,38.2,1.663,1.663,690400000.0,,925500000.0,925500000.0,51000000.0,,,,,8700000.0,145600000.0,1.0,159450493.0,159400000.0,161600000.0,5.806,3412500000.0,222600000.0,25700000.0,32700000.0,21.408,1049000000.0
28,HSP,MRQ,2008-06-30,2008-06-30,2008-06-30,2020-10-26,0.0,5230100000.0,,1898700000.0,3331400000.0,,12.771,-43000000.0,201400000.0,201400000.0,566400000.0,69100000.0,1.889,1.574,2165700000.0,330000000.0,1835700000.0,2165700000.0,0.0,64300000.0,0.0,0.0,0.0,117700000.0,182000000.0,0.202,182000000.0,117700000.0,89500000.0,0.43,0.43,0.43,2031900000.0,,2031900000.0,8377711520.0,18.0,11.662,66100000.0,0.415,1.0,335200000.0,0.372,1801100000.0,28200000.0,4388100000.0,,838600000.0,46400000.0,0.0,46400000.0,3198200000.0,1005200000.0,2193000000.0,6381311520.0,-30700000.0,-20400000.0,10200000.0,-58100000.0,0.0,-47700000.0,-92000000.0,-24500000.0,109100000.0,-100000.0,69100000.0,69100000.0,69100000.0,0.0,0.0,0.077,217500000.0,117700000.0,202100000.0,0.0,3.141,23.634,23.594,1282900000.0,0.0,40.11,1.785,1.785,699600000.0,,901600000.0,901600000.0,58000000.0,,,,,10100000.0,152700000.0,1.0,159095276.0,159100000.0,161500000.0,5.667,3429000000.0,268000000.0,20400000.0,40700000.0,21.552,893500000.0
29,HSP,MRQ,2008-03-31,2008-03-31,2008-03-31,2020-10-26,127500000.0,5145200000.0,,1864700000.0,3280500000.0,,11.972,-42900000.0,232100000.0,232100000.0,571700000.0,65400000.0,2.566,1.708,2228500000.0,57900000.0,2170600000.0,2228500000.0,0.0,64000000.0,0.0,0.0,0.0,115800000.0,179800000.0,0.202,179800000.0,115800000.0,84400000.0,0.41,0.41,0.41,1899900000.0,,1899900000.0,8788990127.0,21.0,13.083,30600000.0,0.193,1.0,317000000.0,0.357,1810700000.0,31400000.0,4604200000.0,,806500000.0,23700000.0,0.0,23700000.0,3245300000.0,726700000.0,2518600000.0,6787179127.0,-9000000.0,0.0,12300000.0,-20000000.0,0.0,-6900000.0,-81100000.0,0.0,73500000.0,5500000.0,65400000.0,65400000.0,65400000.0,0.0,0.0,0.074,205300000.0,111700000.0,196300000.0,0.0,3.572,29.306,29.095,1279000000.0,0.0,42.77,1.916,1.916,588100000.0,880900000.0,888700000.0,888700000.0,49900000.0,,,,,14400000.0,152400000.0,1.0,158690183.0,158700000.0,161000000.0,5.6,3334500000.0,252300000.0,19000000.0,41400000.0,21.011,1138000000.0
30,HSP,MRQ,2007-12-31,2007-12-31,2007-12-31,2020-10-26,67600000.0,5084700000.0,,1841000000.0,3243700000.0,,11.06,-81800000.0,241100000.0,241100000.0,585700000.0,76100000.0,2.318,1.914,2242900000.0,58500000.0,2184400000.0,2242900000.0,0.0,61800000.0,0.0,0.0,0.0,121700000.0,183500000.0,0.194,183500000.0,121700000.0,89700000.0,0.48,0.47,0.48,1745200000.0,,1745200000.0,8852293289.0,27.0,15.881,114800000.0,0.728,1.0,360400000.0,0.381,1794900000.0,32000000.0,4497300000.0,,766600000.0,23700000.0,0.0,23700000.0,3339500000.0,794300000.0,2545200000.0,6718220289.0,4700000.0,-3500000.0,32700000.0,-131000000.0,0.0,-96900000.0,-94800000.0,9800000.0,196600000.0,-200000.0,76100000.0,76100000.0,76100000.0,0.0,0.0,0.08,246400000.0,114000000.0,190300000.0,0.0,3.85,49.11,49.011,1276900000.0,0.0,42.64,1.955,1.947,632800000.0,815500000.0,946100000.0,946100000.0,53700000.0,,,,,7800000.0,167700000.0,1.0,157556761.0,157800000.0,162300000.0,5.996,3289800000.0,256100000.0,13600000.0,59100000.0,20.848,1046700000.0
31,HSP,MRQ,2007-09-30,2007-09-30,2007-09-30,2020-10-26,62063000.0,5080411000.0,,1868839000.0,3211572000.0,,10.291,-40200000.0,236428000.0,236428000.0,543500000.0,59400000.0,2.292,2.143,2370501000.0,96557000.0,2273944000.0,2370501000.0,0.0,60300000.0,0.0,0.0,0.0,112800000.0,173100000.0,0.207,173100000.0,112800000.0,78100000.0,0.38,0.37,0.38,1616666000.0,,1616666000.0,8802076336.0,32.0,17.901,142700000.0,0.908,1.0,294500000.0,0.351,1798472000.0,34700000.0,4600713000.0,,820702000.0,29399000.0,0.0,29399000.0,3463745000.0,815299000.0,2648446000.0,6511842336.0,33400000.0,-1900000.0,12900000.0,-125000000.0,0.0,-111800000.0,-41500000.0,600000.0,182900000.0,3800000.0,59400000.0,59400000.0,59400000.0,0.0,0.0,0.071,187900000.0,106600000.0,188204000.0,0.0,4.028,60.227,60.072,1245456000.0,0.0,41.45,2.037,2.037,565988000.0,739416000.0,838000000.0,838000000.0,51400000.0,,,,,8100000.0,136500000.0,1.0,157101142.0,157100000.0,160100000.0,5.334,3281939000.0,68182000.0,18700000.0,0.0,20.891,1053540000.0
32,HSP,MRQ,2007-06-30,2007-06-30,2007-06-30,2020-10-26,1366000.0,5020493000.0,,1833714000.0,3186779000.0,,9.4,-36600000.0,203031000.0,203031000.0,603100000.0,30700000.0,2.276,2.408,2493265000.0,111747000.0,2381518000.0,2493265000.0,0.0,62600000.0,0.0,0.0,0.0,72800000.0,135400000.0,0.156,135400000.0,72800000.0,35500000.0,0.2,0.2,0.2,1473032000.0,,1473032000.0,8490806455.0,34.0,19.338,85200000.0,0.544,1.0,266200000.0,0.306,1762373000.0,37300000.0,4742539000.0,,792943000.0,38785000.0,0.0,38785000.0,3547461000.0,805815000.0,2741646000.0,6114582455.0,-47200000.0,0.0,11900000.0,-137000000.0,0.0,-124800000.0,-51100000.0,-14500000.0,121800000.0,6900000.0,30700000.0,30700000.0,30700000.0,0.0,0.0,0.035,198600000.0,67600000.0,190227000.0,0.0,4.151,58.419,58.269,1243909000.0,0.0,39.04,2.035,2.036,579766000.0,680037000.0,869300000.0,869300000.0,52600000.0,,,,,16300000.0,146000000.0,1.0,156623526.0,156700000.0,159500000.0,5.548,3258120000.0,68927000.0,4800000.0,0.0,20.792,1027899000.0
33,HSP,MRQ,2007-03-31,2007-03-31,2007-03-31,2020-10-26,-41501000.0,4974521000.0,,1843748000.0,3130773000.0,,8.769,-51900000.0,250220000.0,250220000.0,508200000.0,-29400000.0,2.393,2.634,2626444000.0,101088000.0,2525356000.0,2626444000.0,0.0,50400000.0,0.0,0.0,0.0,15000000.0,65400000.0,0.084,65400000.0,15000000.0,-15500000.0,-0.19,-0.19,-0.19,1368765000.0,,1368765000.0,6763069437.0,27.0,15.972,-2100000.0,-0.013,1.0,274600000.0,0.351,1729905000.0,30500000.0,4850282000.0,,833321000.0,40190000.0,0.0,40190000.0,3605756000.0,770558000.0,2835198000.0,6378538437.0,-71800000.0,-1961300000.0,15600000.0,1897800000.0,0.0,1913700000.0,-2040600000.0,-41200000.0,49800000.0,5300000.0,-29400000.0,-29400000.0,-29400000.0,0.0,0.0,-0.038,260200000.0,14400000.0,182187000.0,0.0,4.66,49.787,49.878,1242967000.0,0.0,40.9,2.272,2.274,536977000.0,649359000.0,782800000.0,782800000.0,43500000.0,,,,,7200000.0,131900000.0,1.0,155954485.0,156100000.0,158400000.0,5.015,3244616000.0,39023000.0,13900000.0,0.0,20.785,1073190000.0
34,HSP,MRQ,2006-12-31,2006-12-31,2006-12-31,2020-10-26,-50764000.0,2847587000.0,,1522890000.0,1324697000.0,,8.73,-32068000.0,322045000.0,322045000.0,456175000.0,47422000.0,2.512,1.092,706576000.0,4532000.0,702044000.0,706576000.0,0.0,40523000.0,0.0,0.0,0.0,77295000.0,117818000.0,0.167,117818000.0,77295000.0,69294000.0,0.3,0.3,0.3,1361089000.0,,1361089000.0,5636718412.0,16.0,11.001,60267000.0,0.387,1.0,250290000.0,0.354,108960000.0,8001000.0,2516932000.0,,626934000.0,31341000.0,0.0,31341000.0,1486498000.0,606226000.0,880272000.0,5232092412.0,28418000.0,-17100000.0,2790000.0,656000.0,0.0,1524000.0,-69513000.0,0.0,92335000.0,4072000.0,47422000.0,47422000.0,47422000.0,0.0,0.0,0.067,176701000.0,73589000.0,130968000.0,0.0,3.844,22.011,22.238,1039431000.0,0.0,33.58,1.946,1.966,335334000.0,676639000.0,706465000.0,706465000.0,55074000.0,,,,,8081000.0,111627000.0,1.0,155809780.0,155909000.0,157958000.0,4.531,2738627000.0,216312000.0,21872000.0,2936000.0,17.566,916664000.0
35,HSP,MRQ,2006-09-30,2006-09-30,2006-09-30,2020-10-26,-35784000.0,2769776000.0,,1491703000.0,1278073000.0,,8.424,-55348000.0,293592000.0,293592000.0,427612000.0,55945000.0,2.46,1.103,698218000.0,7817000.0,690401000.0,698218000.0,0.0,37304000.0,0.0,0.0,0.0,83151000.0,120455000.0,0.186,120455000.0,83151000.0,75092000.0,0.36,0.35,0.36,1317158000.0,,1317158000.0,6449150773.0,21.0,13.753,96585000.0,0.618,1.0,219028000.0,0.339,102677000.0,8059000.0,2465397000.0,,618394000.0,0.0,0.0,0.0,1452618000.0,606328000.0,846290000.0,6008473773.0,37147000.0,0.0,-44863000.0,-2154000.0,0.0,-72518000.0,-41458000.0,0.0,151933000.0,-810000.0,55945000.0,55945000.0,55945000.0,0.0,0.0,0.087,139976000.0,79052000.0,157329000.0,0.0,4.562,27.707,27.934,1020938000.0,0.0,38.27,2.286,2.277,355679000.0,629238000.0,646640000.0,646640000.0,36470000.0,,,,,8235000.0,103506000.0,1.0,157002189.0,156359000.0,158781000.0,4.136,2667099000.0,31534000.0,19147000.0,0.0,17.058,885375000.0
36,HSP,MRQ,2006-06-30,2006-06-30,2006-06-30,2020-10-26,-34767000.0,2681054000.0,,1421976000.0,1259078000.0,,8.294,-52298000.0,256445000.0,256445000.0,446015000.0,54150000.0,2.613,1.066,697122000.0,9490000.0,687632000.0,697122000.0,0.0,41254000.0,0.0,0.0,0.0,78507000.0,119761000.0,0.178,119761000.0,78507000.0,71224000.0,0.35,0.34,0.35,1297600000.0,,1297600000.0,7070161158.0,21.0,14.432,-2897000.0,-0.019,1.0,225086000.0,0.335,103159000.0,7283000.0,2474476000.0,,591209000.0,0.0,0.0,0.0,1383454000.0,544096000.0,839358000.0,6707739158.0,-75347000.0,0.0,-7108000.0,4033000.0,0.0,-74753000.0,-52298000.0,0.0,49401000.0,2303000.0,54150000.0,54150000.0,54150000.0,0.0,0.0,0.081,150128000.0,74958000.0,153345000.0,0.0,5.169,30.384,30.892,1023208000.0,0.0,42.94,2.543,2.546,364696000.0,573293000.0,671101000.0,671101000.0,39055000.0,,,,,13073000.0,111073000.0,1.0,156211904.0,156448000.0,159655000.0,4.29,2577895000.0,11355000.0,17074000.0,0.0,16.478,877880000.0
37,HSP,MRQ,2006-03-31,2006-03-31,2006-03-31,2020-10-26,-52635000.0,2709845000.0,,1456599000.0,1253246000.0,,7.549,-75986000.0,331792000.0,331792000.0,419498000.0,80183000.0,2.292,1.23,694214000.0,6043000.0,688171000.0,694214000.0,0.0,37619000.0,0.0,0.0,0.0,116747000.0,154366000.0,0.232,154366000.0,116747000.0,109090000.0,0.5,0.49,0.5,1214917000.0,,1214917000.0,6580334956.0,18.0,12.86,54545000.0,0.339,1.0,244796000.0,0.369,103641000.0,7657000.0,2333132000.0,,562379000.0,0.0,0.0,0.0,1494928000.0,635494000.0,859434000.0,6403080956.0,-188818000.0,0.0,-208219000.0,-35000.0,0.0,-231953000.0,-88031000.0,0.0,130531000.0,635000.0,80183000.0,80183000.0,80183000.0,0.0,0.0,0.121,132795000.0,112001000.0,223765000.0,0.0,5.27,26.831,26.483,1008800000.0,0.0,39.46,2.436,2.416,362531000.0,519143000.0,664294000.0,664294000.0,31001000.0,,,,,6511000.0,101794000.0,1.0,162267637.0,160933000.0,164345000.0,4.128,2606204000.0,14361000.0,28907000.0,0.0,16.194,821105000.0
38,HSP,MRQ,2005-12-31,2005-12-31,2005-12-31,2020-10-26,-56024000.0,2789182000.0,,1561165000.0,1228017000.0,,8.239,-34765000.0,520610000.0,520610000.0,460850000.0,26577000.0,2.618,1.1,697864000.0,2579000.0,695285000.0,697864000.0,0.0,38295000.0,0.0,0.0,0.0,36039000.0,74334000.0,0.115,74334000.0,36039000.0,28705000.0,0.16,0.16,0.16,1327867000.0,,1327867000.0,7102467773.0,20.0,14.019,65017000.0,0.403,1.0,185300000.0,0.287,104123000.0,7334000.0,2266077000.0,,510268000.0,13928000.0,0.0,13928000.0,1461315000.0,596236000.0,865079000.0,6881280773.0,43101000.0,-23590000.0,21207000.0,1004000.0,0.0,12005000.0,-68373000.0,30790000.0,99782000.0,-313000.0,26577000.0,26577000.0,26577000.0,0.0,0.0,0.041,154907000.0,30393000.0,208944000.0,0.0,5.182,29.203,28.905,990813000.0,0.0,42.78,2.62,2.594,327146000.0,438960000.0,646150000.0,646150000.0,42067000.0,,,,,0.0,112840000.0,1.0,160852753.0,161171000.0,164145000.0,4.009,2685059000.0,161816000.0,2128000.0,3958000.0,16.66,964929000.0
39,HSP,MRQ,2005-09-30,2005-09-30,2005-09-30,2020-10-26,-21223000.0,2688506000.0,,1476202000.0,1212304000.0,,8.103,-90254000.0,477509000.0,477509000.0,429008000.0,59855000.0,2.49,1.072,698696000.0,5038000.0,693658000.0,698696000.0,0.0,37454000.0,0.0,0.0,0.0,103963000.0,141417000.0,0.215,141417000.0,103963000.0,97047000.0,0.38,0.37,0.38,1297285000.0,,1297285000.0,6824460602.0,18.0,12.56,80893000.0,0.505,1.0,227562000.0,0.347,104605000.0,6916000.0,2212320000.0,,509208000.0,0.0,0.0,0.0,1391221000.0,592768000.0,798453000.0,6550523602.0,52828000.0,0.0,27357000.0,3803000.0,0.0,-29593000.0,-89226000.0,-30790000.0,171147000.0,500000.0,59855000.0,59855000.0,59855000.0,0.0,0.0,0.091,127008000.0,100554000.0,194903000.0,0.0,5.049,25.337,24.982,982206000.0,0.0,40.97,2.443,2.447,316915000.0,412383000.0,656570000.0,656570000.0,35525000.0,,,,,0.0,91483000.0,1.0,159885858.0,160103000.0,162842000.0,4.101,2583901000.0,0.0,37192000.0,0.0,16.139,883434000.0
40,HSP,MRQ,2005-06-30,2005-06-30,2005-06-30,2020-10-26,-23417000.0,2549905000.0,,1398988000.0,1150917000.0,,7.58,-49206000.0,424681000.0,424681000.0,443497000.0,72031000.0,2.543,1.121,698618000.0,0.0,698618000.0,698618000.0,0.0,39957000.0,0.0,0.0,0.0,101634000.0,141591000.0,0.214,141591000.0,101634000.0,94777000.0,0.45,0.44,0.45,1201995000.0,,1201995000.0,6601999779.0,18.0,12.418,160548000.0,1.012,1.0,218418000.0,0.33,81594000.0,6857000.0,2192015000.0,,494789000.0,0.0,0.0,0.0,1347910000.0,550233000.0,797677000.0,6165223779.0,167895000.0,0.0,54917000.0,-44000.0,0.0,9105000.0,-49206000.0,0.0,209754000.0,-1758000.0,72031000.0,72031000.0,72031000.0,0.0,0.0,0.109,120260000.0,98158000.0,219248000.0,0.0,5.129,23.713,23.636,960726000.0,0.0,39.0,2.3,2.307,317928000.0,352528000.0,661915000.0,661915000.0,32851000.0,,,,,0.0,87409000.0,1.0,158082661.0,158568000.0,160908000.0,4.174,2468311000.0,0.0,22746000.0,0.0,15.566,848755000.0
41,HSP,MRQ,2005-03-31,2005-03-31,2005-03-31,2020-10-26,-16622000.0,2421050000.0,,1302662000.0,1118388000.0,,6.827,-50065000.0,256786000.0,256786000.0,444285000.0,77175000.0,2.441,1.256,693562000.0,0.0,693562000.0,693562000.0,0.0,40585000.0,0.0,0.0,0.0,108715000.0,149300000.0,0.226,149300000.0,108715000.0,101546000.0,0.49,0.49,0.49,1073207000.0,,1073207000.0,5641441799.0,12.0,9.38,40339000.0,0.257,1.0,217776000.0,0.329,81215000.0,7169000.0,2242902000.0,,523438000.0,0.0,0.0,0.0,1347843000.0,533709000.0,814134000.0,5070295799.0,129091000.0,0.0,15338000.0,1750000.0,0.0,17088000.0,22373000.0,72438000.0,90404000.0,-774000.0,77175000.0,77175000.0,77175000.0,0.0,0.0,0.117,110266000.0,107510000.0,259420000.0,0.0,4.724,16.161,16.135,929823000.0,0.0,32.27,1.888,1.889,350548000.0,280497000.0,662061000.0,662061000.0,28391000.0,,,,,0.0,81875000.0,1.0,157121035.0,157191000.0,158519000.0,4.212,2339835000.0,0.0,24371000.0,0.0,14.885,768953000.0
42,HSP,MRQ,2004-12-31,2004-12-31,2004-12-31,2020-10-26,-12111000.0,2342790000.0,,1198325000.0,1144465000.0,,6.284,-60133000.0,127695000.0,127695000.0,486508000.0,49476000.0,2.235,1.381,698841000.0,0.0,698841000.0,698841000.0,0.0,42441000.0,0.0,0.0,0.0,68579000.0,111020000.0,0.159,111020000.0,68579000.0,60773000.0,0.32,0.31,0.32,983919000.0,,983919000.0,5792539998.0,13.0,10.06,41011000.0,0.262,1.0,213808000.0,0.305,82030000.0,7806000.0,2295712000.0,,518324000.0,72438000.0,72438000.0,0.0,1358871000.0,536194000.0,822677000.0,5229181998.0,-7753000.0,0.0,22560000.0,0.0,0.0,22560000.0,-132571000.0,-72438000.0,101144000.0,1114000.0,49476000.0,49476000.0,49476000.0,0.0,0.0,0.071,146713000.0,67095000.0,290679000.0,0.0,5.315,17.341,17.358,946304000.0,0.0,33.5,1.977,1.978,326356000.0,203322000.0,700316000.0,700316000.0,39049000.0,,,,,0.0,107664000.0,1.0,156094985.0,156586000.0,158771000.0,4.472,2260760000.0,116295000.0,11297000.0,4575000.0,14.438,662131000.0
43,HSP,MRQ,2004-09-30,2004-09-30,2004-09-30,2020-10-26,-18066000.0,2294233000.0,,1169635000.0,1124598000.0,,5.791,-60374000.0,135448000.0,135448000.0,462283000.0,61315000.0,2.165,1.539,698806000.0,0.0,698806000.0,698806000.0,0.0,33290000.0,0.0,0.0,0.0,96465000.0,129755000.0,0.198,129755000.0,96465000.0,88197000.0,0.39,0.39,0.39,903715000.0,,903715000.0,5391021777.0,12.0,9.26,5948000.0,0.038,1.0,193827000.0,0.295,83093000.0,8268000.0,2234274000.0,,539845000.0,0.0,0.0,0.0,1390518000.0,540224000.0,850294000.0,4775203777.0,26568000.0,0.0,383000.0,-25081000.0,0.0,20356000.0,-60374000.0,0.0,66322000.0,264000.0,61315000.0,61315000.0,61315000.0,0.0,0.0,0.093,99900000.0,93927000.0,285696000.0,0.0,5.284,15.355,15.377,923270000.0,0.0,30.6,1.811,1.811,336093000.0,153846000.0,656110000.0,656110000.0,28001000.0,,,,,0.0,71899000.0,1.0,156052411.0,156059000.0,156672000.0,4.204,2211140000.0,11324000.0,26882000.0,0.0,14.169,629411000.0
44,HSP,MRQ,2004-06-30,2004-06-30,2004-06-30,2020-10-26,-18927000.0,2261774000.0,,1198694000.0,1063080000.0,,5.389,-49259000.0,108880000.0,108880000.0,456765000.0,125770000.0,2.242,1.69,724698000.0,25000000.0,699698000.0,724698000.0,0.0,31666000.0,0.0,0.0,0.0,179719000.0,211385000.0,0.317,211385000.0,179719000.0,177035000.0,0.8,0.8,0.8,840932000.0,,840932000.0,4306774214.0,10.0,7.386,98020000.0,0.628,1.0,210627000.0,0.316,84155000.0,2684000.0,2258709000.0,,575640000.0,0.0,0.0,0.0,1420842000.0,534728000.0,886114000.0,4306774214.0,108880000.0,0.0,103000.0,718425000.0,0.0,10860000.0,-49259000.0,0.0,147279000.0,0.0,125770000.0,125770000.0,125770000.0,0.0,0.0,0.188,30382000.0,180245000.0,269887000.0,0.0,5.121,13.607,13.596,897466000.0,0.0,27.6,1.638,1.638,319835000.0,92531000.0,667392000.0,667392000.0,28087000.0,,,,,0.0,66931000.0,1.0,156042544.0,156048000.0,156551000.0,4.277,2177619000.0,81459000.0,51265000.0,0.0,13.955,663966000.0
45,HSP,MRQ,2004-03-31,2004-03-31,2004-03-31,2020-10-26,-58624000.0,2289392000.0,,1065237000.0,1224155000.0,,9.447,-59088000.0,0.0,0.0,452879000.0,64991000.0,2.844,0.553,0.0,0.0,0.0,0.0,0.0,38126000.0,0.0,,0.0,85515000.0,123641000.0,0.199,123641000.0,85515000.0,85515000.0,0.42,0.42,0.42,1474133000.0,,1474133000.0,,,,13190000.0,0.085,1.0,168339000.0,0.271,85217000.0,0.0,1829662000.0,,585511000.0,0.0,0.0,0.0,815259000.0,374513000.0,440746000.0,,0.0,0.0,0.0,0.0,0.0,-13177000.0,-59088000.0,0.0,72278000.0,-13000.0,64991000.0,64991000.0,64991000.0,0.0,0.0,0.105,81956000.0,86383000.0,95544000.0,0.0,,,,866865000.0,0.0,,,,326275000.0,,621218000.0,621218000.0,24446000.0,,,,,0.0,57510000.0,1.0,156042544.0,156043000.0,156043000.0,3.981,2204175000.0,272073000.0,20524000.0,0.0,14.125,690724000.0
46,HSP,MRQ,2003-12-31,2003-12-31,2003-12-31,2020-10-26,-27479000.0,2250163000.0,,1041350000.0,1208813000.0,,9.315,-67939000.0,0.0,0.0,519581000.0,58912000.0,2.896,0.548,0.0,0.0,0.0,0.0,0.0,44030000.0,0.0,,0.0,73375000.0,117405000.0,0.17,117405000.0,73375000.0,73375000.0,0.38,0.38,0.38,1453464000.0,,1453464000.0,,,,56434000.0,0.362,1.0,172436000.0,0.249,86308000.0,0.0,1804254000.0,,609291000.0,0.0,0.0,0.0,796699000.0,359601000.0,437098000.0,,0.0,0.0,0.0,0.0,0.0,-56610000.0,-67939000.0,0.0,124373000.0,176000.0,58912000.0,58912000.0,58912000.0,0.0,0.0,0.085,99707000.0,72729000.0,105613000.0,0.0,,,,855277000.0,0.0,,,,315646000.0,0.0,692017000.0,692017000.0,36693000.0,,,,,0.0,63014000.0,1.0,156042544.0,156043000.0,156043000.0,4.435,2163855000.0,203130000.0,14463000.0,0.0,13.867,681749000.0
47,HSP,MRQ,2003-09-30,2003-09-30,2003-09-30,2020-10-26,,,,,,,,-56622000.0,,,469283000.0,66831000.0,,,,,,,,35897000.0,,,0.0,94796000.0,130693000.0,0.201,130693000.0,94796000.0,94796000.0,0.43,0.43,0.43,,,,,,,96240000.0,0.617,1.0,180015000.0,0.277,,0.0,,,,,,,,,,,0.0,0.0,0.0,0.0,0.0,-99331000.0,-53362000.0,0.0,152862000.0,-169000.0,66831000.0,66831000.0,66831000.0,0.0,0.0,0.103,86662000.0,93353000.0,,0.0,,,,,0.0,,,,,,649298000.0,649298000.0,29729000.0,,,,,0.0,56933000.0,1.0,156042544.0,156043000.0,156043000.0,4.161,,,27965000.0,,,
48,HSP,MRQ,2003-06-30,2003-06-30,2003-06-30,2020-10-26,,,,,,,,-23354000.0,,,474409000.0,67500000.0,,,,,,,,27459000.0,,,0.0,95744000.0,123203000.0,0.19,123203000.0,95744000.0,95744000.0,0.43,0.43,0.43,,,,,,,58727000.0,0.376,1.0,174902000.0,0.269,,0.0,,,,,,,,,,,0.0,0.0,0.0,0.0,0.0,-58696000.0,-23354000.0,0.0,82081000.0,-31000.0,67500000.0,67500000.0,67500000.0,0.0,0.0,0.104,78180000.0,96722000.0,,0.0,,,,,0.0,,,,,,649311000.0,649311000.0,23933000.0,,,,,0.0,54247000.0,1.0,,156043000.0,156043000.0,4.161,,,28244000.0,,,
49,HSP,MRQ,2003-03-31,2003-03-31,2003-03-31,2020-10-26,,,,,,,,-48768000.0,,,459413000.0,67120000.0,,,,,,,,38581000.0,,,0.0,95206000.0,133787000.0,0.211,133787000.0,95206000.0,95206000.0,,,,,,,,,,-39972000.0,,1.0,173698000.0,0.274,,0.0,,,,,,,,,,,0.0,0.0,0.0,0.0,0.0,39876000.0,-48768000.0,0.0,8796000.0,96000.0,67120000.0,67120000.0,67120000.0,0.0,0.0,0.106,76127000.0,97571000.0,,,,,,,0.0,,,,,,633111000.0,633111000.0,19365000.0,,,,,0.0,56762000.0,1.0,,,,,,,28086000.0,,,
50,HSP,MRQ,2002-12-31,2002-12-31,2002-12-31,2020-10-26,-61534000.0,2153854000.0,,982464000.0,1171390000.0,,8.548,,0.0,0.0,,,2.392,0.615,0.0,0.0,0.0,0.0,0.0,,0.0,,0.0,,,,,,,,,,1333807000.0,,1333807000.0,,,,,,1.0,,,90893000.0,,1652305000.0,,488857000.0,0.0,0.0,0.0,820047000.0,410656000.0,409391000.0,,,,,,,,,,,,,,,,,,,,106344000.0,,,,,833205000.0,,,,,319374000.0,,,,,,,,,,,1.0,,156043000.0,,,2062961000.0,236914000.0,,0.0,13.22,571808000.0
51,HSP,MRQ,2001-12-31,2001-12-31,2001-12-31,2020-10-26,-26610000.0,2133414000.0,,1029118000.0,1104296000.0,,,,0.0,0.0,,,2.76,0.461,0.0,0.0,0.0,0.0,0.0,,0.0,,0.0,,,,,,,,,,1460604000.0,,1460604000.0,,,,,,1.0,,,95856000.0,,1664626000.0,,456819000.0,0.0,0.0,0.0,672810000.0,372932000.0,299878000.0,,,,,,,,,,,,,,,,,,,,83375000.0,,,,,796677000.0,,,,,346905000.0,,,,,,,,,,,1.0,,,,,2037558000.0,190924000.0,,0.0,,656186000.0
0,HSP,MRT,2015-06-30,2015-06-30,2015-06-30,2020-10-26,0.0,6783800000.0,6619125000.0,3009700000.0,3774100000.0,0.7,20.912,-428800000.0,819900000.0,819900000.0,2775800000.0,415100000.0,2.523,0.877,1750900000.0,2800000.0,1748100000.0,1750900000.0,0.0,246000000.0,0.0,0.0,0.0,629300000.0,875300000.0,0.189,875300000.0,629300000.0,561600000.0,2.43,2.37,2.43,3613600000.0,3434625000.0,3613600000.0,16442511784.0,26.0,18.785,243300000.0,1.408,1.0,1859800000.0,0.401,1190300000.0,67700000.0,5331800000.0,5264725000.0,1222400000.0,255000000.0,0.0,255000000.0,3170200000.0,1192700000.0,1977500000.0,15327211784.0,23400000.0,-89900000.0,125300000.0,-19300000.0,0.0,150300000.0,-769700000.0,-200000000.0,672100000.0,-29300000.0,415100000.0,415100000.0,415100000.0,0.0,0.0,0.09,1240600000.0,619200000.0,378000000.0,0.0,4.242,36.924,36.506,1909300000.0,0.0,88.71,3.306,3.307,696700000.0,,4635600000.0,4635600000.0,410600000.0,0.063,0.121,0.12,0.136,52400000.0,878700000.0,1.0,172778850.0,172800000.0,176100000.0,26.826,5593500000.0,484500000.0,146500000.0,4400000.0,32.37,1817000000.0
1,HSP,MRT,2015-03-31,2015-03-31,2015-03-31,2020-10-26,0.0,6549600000.0,6523625000.0,2788400000.0,3761200000.0,0.703,20.05,-400500000.0,643700000.0,643700000.0,2847400000.0,340900000.0,2.48,0.906,1759000000.0,4800000.0,1754200000.0,1759000000.0,0.0,253500000.0,0.0,0.0,0.0,515800000.0,769300000.0,0.168,769300000.0,515800000.0,444100000.0,2.01,1.97,2.01,3436600000.0,3343875000.0,3436600000.0,15982275164.0,31.0,20.775,142300000.0,0.83,1.0,1740400000.0,0.379,1210300000.0,71700000.0,5330300000.0,5174875000.0,1181000000.0,257200000.0,0.0,257200000.0,3113000000.0,1124300000.0,1988700000.0,15028675164.0,-33400000.0,-75900000.0,171200000.0,-30100000.0,0.0,183000000.0,-726900000.0,-200000000.0,542800000.0,-32300000.0,340900000.0,340900000.0,340900000.0,0.0,0.0,0.074,1240300000.0,500100000.0,359600000.0,0.0,4.373,44.085,43.701,1852700000.0,0.0,87.84,3.276,3.282,709000000.0,,4587800000.0,4587800000.0,396500000.0,0.052,0.102,0.1,0.112,55100000.0,878700000.0,1.0,171091475.0,171400000.0,175100000.0,26.767,5339300000.0,503600000.0,103200000.0,4500000.0,31.151,1664100000.0
2,HSP,MRT,2014-12-31,2014-12-31,2014-12-31,2020-10-26,0.0,6650000000.0,6425650000.0,2954200000.0,3695800000.0,0.695,19.837,-392200000.0,802400000.0,802400000.0,2877200000.0,333200000.0,2.272,0.993,1756000000.0,6800000.0,1749200000.0,1756000000.0,0.0,258100000.0,0.0,0.0,0.0,482300000.0,740400000.0,0.166,740400000.0,482300000.0,405100000.0,1.98,1.95,1.98,3336600000.0,3258750000.0,3336600000.0,11584323358.0,24.0,15.646,269200000.0,1.6,1.0,1586500000.0,0.355,1212500000.0,77200000.0,5091000000.0,5082425000.0,1133300000.0,252200000.0,0.0,252200000.0,3313400000.0,1300100000.0,2013300000.0,10363623358.0,4300000.0,-82000000.0,153300000.0,-91100000.0,0.0,71500000.0,-709400000.0,-200000000.0,661400000.0,-19200000.0,333200000.0,333200000.0,333200000.0,0.0,0.0,0.075,1120200000.0,466300000.0,414500000.0,0.0,3.106,31.103,30.934,1816700000.0,0.0,61.25,2.322,2.308,719200000.0,2257000000.0,4463700000.0,4463700000.0,344300000.0,0.052,0.102,0.095,0.108,52000000.0,841100000.0,1.0,169202014.0,168200000.0,170800000.0,26.538,5437500000.0,525400000.0,71900000.0,5400000.0,32.328,1654100000.0
3,HSP,MRT,2014-09-30,2014-09-30,2014-09-30,2020-10-26,0.0,6493100000.0,6307875000.0,2759200000.0,3733900000.0,0.701,19.844,-384000000.0,541400000.0,541400000.0,2899100000.0,330900000.0,2.358,0.937,1762100000.0,12900000.0,1749200000.0,1762100000.0,0.0,260300000.0,0.0,0.0,0.0,495100000.0,755400000.0,0.171,755400000.0,495100000.0,412800000.0,1.97,1.94,1.97,3351700000.0,3165075000.0,3351700000.0,9751413213.0,20.0,12.909,206200000.0,1.221,1.0,1522500000.0,0.344,1238100000.0,82300000.0,5305800000.0,5016300000.0,1190000000.0,257100000.0,0.0,257100000.0,3141400000.0,1169900000.0,1971500000.0,8779113213.0,-90400000.0,-92700000.0,109200000.0,-66200000.0,0.0,47700000.0,-717900000.0,-200000000.0,590200000.0,-10400000.0,330900000.0,330900000.0,330900000.0,0.0,0.0,0.075,1042700000.0,479800000.0,356100000.0,0.0,2.619,26.531,26.411,1787700000.0,0.0,52.03,1.986,1.987,741300000.0,,4421600000.0,4421600000.0,328800000.0,0.052,0.105,0.099,0.112,50800000.0,807800000.0,1.0,168731755.0,168900000.0,171800000.0,26.179,5255000000.0,529800000.0,81900000.0,6900000.0,31.113,1589300000.0
4,HSP,MRT,2014-06-30,2014-06-30,2014-06-30,2020-10-26,0.0,6401800000.0,6192650000.0,3060700000.0,3341100000.0,0.691,19.383,-385600000.0,796500000.0,796500000.0,2897800000.0,174200000.0,2.569,0.969,1768800000.0,19900000.0,1748900000.0,1768800000.0,0.0,260300000.0,0.0,0.0,0.0,262200000.0,522500000.0,0.122,522500000.0,262200000.0,175800000.0,1.04,1.03,1.04,3250600000.0,3054950000.0,3250600000.0,9688502177.0,37.0,18.543,56700000.0,0.338,1.0,1381400000.0,0.323,1210200000.0,86400000.0,4972400000.0,4929175000.0,1167800000.0,44300000.0,0.0,44300000.0,3151200000.0,1191500000.0,1959700000.0,8586202177.0,113300000.0,7900000.0,88200000.0,-33000000.0,0.0,58700000.0,-390300000.0,0.0,442300000.0,2600000.0,174200000.0,174200000.0,174200000.0,0.0,0.0,0.041,1099300000.0,282100000.0,349200000.0,0.0,2.641,49.289,49.394,1655600000.0,0.0,51.37,2.006,2.013,792600000.0,,4279200000.0,4279200000.0,312400000.0,0.028,0.057,0.053,0.061,49600000.0,764700000.0,1.0,167144290.0,167700000.0,170000000.0,25.517,5191600000.0,518700000.0,1600000.0,6800000.0,30.958,1869200000.0
5,HSP,MRT,2014-03-31,2014-03-31,2014-03-31,2020-10-26,0.0,6157700000.0,6095925000.0,2804000000.0,3353700000.0,0.684,18.595,-380000000.0,677100000.0,677100000.0,2869500000.0,136200000.0,2.626,0.989,1779400000.0,31900000.0,1747500000.0,1779400000.0,0.0,259600000.0,0.0,0.0,0.0,199800000.0,459400000.0,0.11,459400000.0,199800000.0,112700000.0,0.82,0.81,0.82,3096100000.0,2966575000.0,3096100000.0,8242071553.0,41.0,17.941,-65100000.0,-0.391,1.0,1300100000.0,0.312,1231900000.0,87100000.0,4960500000.0,4771350000.0,1138300000.0,36200000.0,0.0,36200000.0,3061600000.0,1067600000.0,1994000000.0,7199471553.0,-49700000.0,-6100000.0,38800000.0,3200000.0,0.0,43900000.0,-399500000.0,0.0,314900000.0,-9000000.0,136200000.0,136200000.0,136200000.0,0.0,0.0,0.033,1065300000.0,234800000.0,339500000.0,0.0,2.325,52.86,52.744,1616400000.0,0.0,43.25,1.727,1.727,701600000.0,,4169600000.0,4169600000.0,311100000.0,0.022,0.046,0.042,0.048,41100000.0,742600000.0,1.0,166461770.0,166500000.0,168400000.0,25.043,4925800000.0,535100000.0,-23500000.0,5500000.0,29.584,1736400000.0
6,HSP,MRT,2013-12-31,2013-12-31,2013-12-31,2020-10-26,-202000000.0,6178900000.0,6073625000.0,2838500000.0,3340400000.0,0.659,17.886,-353500000.0,798100000.0,798100000.0,2922300000.0,-8300000.0,2.436,1.086,1840700000.0,93700000.0,1747000000.0,1840700000.0,0.0,257500000.0,0.0,0.0,0.0,-20400000.0,237100000.0,0.059,237100000.0,-20400000.0,-106600000.0,-0.05,-0.05,-0.05,2961900000.0,2938350000.0,2961900000.0,8037029742.0,-394.0,33.897,-36100000.0,-0.218,1.0,1080500000.0,0.27,1229900000.0,86200000.0,4826500000.0,4718725000.0,1066200000.0,33100000.0,0.0,33100000.0,3217000000.0,1165100000.0,2051900000.0,6847329742.0,26000000.0,1400000.0,16300000.0,76600000.0,0.0,94300000.0,-370300000.0,0.0,317400000.0,-15400000.0,-8300000.0,-8300000.0,-8300000.0,0.0,0.0,-0.002,1063900000.0,16600000.0,329200000.0,0.0,2.312,-824.979,-825.6,1574200000.0,0.0,41.28,1.711,1.708,675600000.0,1923800000.0,4002800000.0,4002800000.0,301700000.0,-0.001,-0.003,-0.004,-0.005,41600000.0,742600000.0,1.0,165875236.0,165600000.0,165600000.0,24.171,4949000000.0,567500000.0,-98300000.0,3200000.0,29.885,1673400000.0
7,HSP,MRT,2013-09-30,2013-09-30,2013-09-30,2020-10-26,0.0,6032200000.0,6051050000.0,2709700000.0,3322500000.0,0.664,17.569,-336800000.0,631800000.0,631800000.0,2942700000.0,-36500000.0,2.672,1.072,1821500000.0,74100000.0,1747400000.0,1821500000.0,0.0,255500000.0,0.0,0.0,0.0,-38000000.0,217500000.0,0.054,217500000.0,-38000000.0,-122800000.0,-0.22,-0.21,-0.22,2911200000.0,2958300000.0,2911200000.0,7574657780.0,-199.0,34.826,-201700000.0,-1.217,1.0,1074600000.0,0.267,1250600000.0,84800000.0,4957300000.0,4681375000.0,1071400000.0,35800000.0,0.0,35800000.0,3121000000.0,1014000000.0,2107000000.0,6496757780.0,-209400000.0,4500000.0,14000000.0,1500000.0,0.0,16700000.0,-346500000.0,0.0,135100000.0,-14700000.0,-36500000.0,-36500000.0,-36500000.0,0.0,0.0,-0.009,1080400000.0,-5800000.0,255400000.0,0.0,2.232,-177.993,-178.273,1487000000.0,0.0,39.22,1.617,1.618,731800000.0,,4017300000.0,4017300000.0,302800000.0,-0.006,-0.012,-0.008,-0.009,41200000.0,734400000.0,1.0,165649102.0,165700000.0,167000000.0,24.244,4781600000.0,588500000.0,-86300000.0,3600000.0,28.857,1695700000.0
8,HSP,MRT,2013-06-30,2013-06-30,2013-06-30,2020-10-26,0.0,6014900000.0,6061550000.0,2758000000.0,3256900000.0,0.66,17.505,-305400000.0,683200000.0,683200000.0,3004400000.0,-37200000.0,1.876,1.076,1761100000.0,459200000.0,1301900000.0,1761100000.0,0.0,251700000.0,0.0,0.0,0.0,-43900000.0,207800000.0,0.052,207800000.0,-43900000.0,-126500000.0,-0.22,-0.21,-0.22,2897100000.0,2988250000.0,2897100000.0,7358820433.0,-168.0,35.413,7100000.0,0.043,1.0,998700000.0,0.249,1281700000.0,82600000.0,4341100000.0,4605125000.0,1032800000.0,37300000.0,0.0,37300000.0,3117800000.0,1470000000.0,1647800000.0,6340020433.0,-37100000.0,-9200000.0,9200000.0,-20600000.0,0.0,-10500000.0,-328300000.0,0.0,312500000.0,-10800000.0,-37200000.0,-37200000.0,-37200000.0,0.0,0.0,-0.009,1050800000.0,-52100000.0,273000000.0,0.0,2.188,-170.431,-174.136,1452800000.0,0.0,38.31,1.584,1.584,758700000.0,,4003100000.0,4003100000.0,299100000.0,-0.006,-0.012,-0.01,-0.011,40600000.0,708900000.0,1.0,165492572.0,165500000.0,166300000.0,24.188,4733200000.0,527200000.0,-89300000.0,3100000.0,28.599,1288000000.0
9,HSP,MRT,2013-03-31,2013-03-31,2013-03-31,2020-10-26,0.0,6068500000.0,6036375000.0,2667100000.0,3401400000.0,0.664,18.047,-291400000.0,726800000.0,726800000.0,3046700000.0,-72600000.0,2.653,1.034,1745600000.0,41100000.0,1704500000.0,1745600000.0,0.0,249100000.0,0.0,0.0,0.0,-94300000.0,154800000.0,0.039,154800000.0,-94300000.0,-178000000.0,-0.44,-0.43,-0.44,2983200000.0,3007975000.0,2983200000.0,6393824778.0,-68.0,41.304,120400000.0,0.728,1.0,963500000.0,0.24,1332100000.0,83700000.0,4750000000.0,4683550000.0,995300000.0,76100000.0,0.0,76100000.0,3085300000.0,1005200000.0,2080100000.0,5430224778.0,70900000.0,-4000000.0,7200000.0,-27000000.0,0.0,-19100000.0,-311300000.0,0.0,411800000.0,-10500000.0,-72600000.0,-72600000.0,-72600000.0,0.0,0.0,-0.018,1070000000.0,-106500000.0,258400000.0,0.0,1.82,-74.796,-74.614,1450500000.0,0.0,32.83,1.354,1.353,698300000.0,,4010200000.0,4010200000.0,308300000.0,-0.012,-0.024,-0.02,-0.024,41100000.0,689600000.0,1.0,165404349.0,165300000.0,165300000.0,24.26,4736400000.0,557700000.0,-105400000.0,3100000.0,28.653,1661900000.0
10,HSP,MRT,2012-12-31,2012-12-31,2012-12-31,2020-10-26,-83200000.0,6088600000.0,5996425000.0,2760400000.0,3328200000.0,0.682,18.435,-290100000.0,772100000.0,772100000.0,2978700000.0,44200000.0,2.682,1.002,1735700000.0,28900000.0,1706800000.0,1735700000.0,0.0,247600000.0,0.0,0.0,0.0,79500000.0,327100000.0,0.08,327100000.0,79500000.0,-6800000.0,0.27,0.27,0.27,3041700000.0,3021900000.0,3041700000.0,6116069332.0,77.0,18.698,187900000.0,1.139,1.0,1113400000.0,0.272,1345900000.0,86300000.0,4677100000.0,4675400000.0,997800000.0,71800000.0,0.0,71800000.0,3046900000.0,1029200000.0,2017700000.0,5161469332.0,174600000.0,-2300000.0,7900000.0,-10700000.0,0.0,-600000.0,-304000000.0,0.0,478000000.0,1200000.0,44200000.0,44200000.0,44200000.0,0.0,0.0,0.011,1054600000.0,58800000.0,276000000.0,0.0,1.697,116.775,115.704,1445100000.0,0.0,31.24,1.261,1.26,722200000.0,1932100000.0,4092100000.0,4092100000.0,303600000.0,0.007,0.015,0.017,0.019,40000000.0,687700000.0,1.0,165219889.0,165000000.0,166000000.0,24.801,4742700000.0,511200000.0,-51000000.0,4400000.0,28.744,1731200000.0
11,HSP,MRT,2012-09-30,2012-09-30,2012-09-30,2020-10-26,0.0,6074200000.0,5919050000.0,2790000000.0,3284200000.0,0.677,18.359,-281000000.0,841200000.0,841200000.0,2928200000.0,-175100000.0,2.778,1.004,1795800000.0,87000000.0,1708800000.0,1795800000.0,0.0,250200000.0,0.0,0.0,0.0,-159500000.0,90700000.0,0.023,90700000.0,-159500000.0,-246200000.0,-1.06,-1.04,-1.06,3031000000.0,2995975000.0,3031000000.0,6488390150.0,-41.0,71.537,280800000.0,1.701,1.0,1079000000.0,0.269,1372300000.0,86700000.0,4652300000.0,4667025000.0,1009200000.0,64700000.0,0.0,64700000.0,3043200000.0,1004200000.0,2039000000.0,5418990150.0,313800000.0,-3600000.0,7100000.0,35100000.0,0.0,44400000.0,-295900000.0,0.0,561800000.0,3500000.0,-175100000.0,-175100000.0,-175100000.0,0.0,0.0,-0.044,1263300000.0,-184300000.0,267700000.0,0.0,1.788,-30.948,-30.962,1405700000.0,0.0,32.82,1.352,1.352,705200000.0,,4007200000.0,4007200000.0,285700000.0,-0.03,-0.058,-0.034,-0.04,39000000.0,676200000.0,1.0,165112436.0,165100000.0,165900000.0,24.271,4701900000.0,447900000.0,-71100000.0,2800000.0,28.479,1785800000.0
12,HSP,MRT,2012-06-30,2012-06-30,2012-06-30,2020-10-26,0.0,5914200000.0,5884725000.0,2688900000.0,3225300000.0,0.678,18.025,-289300000.0,720300000.0,720300000.0,2821300000.0,-265200000.0,2.866,0.987,1789700000.0,78400000.0,1711300000.0,1789700000.0,0.0,253400000.0,0.0,0.0,0.0,-221200000.0,32200000.0,0.008,32200000.0,-221200000.0,-310200000.0,-1.61,-1.59,-1.61,2976000000.0,3035350000.0,2976000000.0,6899830703.0,-31.0,214.28,108200000.0,0.655,1.0,1168600000.0,0.293,1390700000.0,89000000.0,4654800000.0,4657450000.0,1012000000.0,57100000.0,0.0,57100000.0,2938200000.0,938100000.0,2000100000.0,5776530703.0,118900000.0,10100000.0,8500000.0,33400000.0,0.0,44400000.0,-289700000.0,0.0,397500000.0,-33300000.0,-265200000.0,-265200000.0,-265200000.0,0.0,0.0,-0.066,1421600000.0,-253000000.0,226600000.0,0.0,1.941,-21.782,-21.727,1365200000.0,0.0,34.98,1.448,1.447,723300000.0,,3989900000.0,3989900000.0,288800000.0,-0.045,-0.087,-0.047,-0.055,38300000.0,670600000.0,1.0,165138099.0,165100000.0,165100000.0,24.167,4523500000.0,423900000.0,-45000000.0,2200000.0,27.399,1750800000.0
13,HSP,MRT,2012-03-31,2012-03-31,2012-03-31,2020-10-26,0.0,5908700000.0,5984100000.0,2636000000.0,3272700000.0,0.672,18.462,-295600000.0,655900000.0,655900000.0,2722200000.0,-119100000.0,2.982,0.944,1779200000.0,67200000.0,1712000000.0,1779200000.0,0.0,255200000.0,0.0,0.0,0.0,-13200000.0,242000000.0,0.06,242000000.0,-13200000.0,-105100000.0,-0.73,-0.72,-0.73,3038900000.0,3159775000.0,3038900000.0,7310595547.0,-554.0,30.209,219700000.0,1.335,1.0,1298500000.0,0.323,1430600000.0,91900000.0,4717400000.0,4634050000.0,1065000000.0,63700000.0,0.0,63700000.0,2869800000.0,884000000.0,1985800000.0,6159595547.0,58800000.0,4900000.0,-175700000.0,24900000.0,0.0,-146200000.0,-298700000.0,0.0,515300000.0,-11600000.0,-119100000.0,-119100000.0,-119100000.0,0.0,0.0,-0.03,1358800000.0,-60300000.0,234400000.0,0.0,2.027,-51.718,-51.219,1392800000.0,0.0,37.39,1.532,1.531,698500000.0,,4020700000.0,4020700000.0,271000000.0,-0.02,-0.038,-0.003,-0.003,37900000.0,656300000.0,1.0,164739116.0,164600000.0,165800000.0,24.427,4478100000.0,411700000.0,14000000.0,5400000.0,27.206,1752000000.0
14,HSP,MRT,2011-12-31,2011-12-31,2011-12-31,2020-10-26,-98300000.0,5779100000.0,6079400000.0,2570700000.0,3208400000.0,0.667,17.752,-290500000.0,597500000.0,597500000.0,2659500000.0,-9400000.0,3.032,0.967,1748500000.0,36600000.0,1711900000.0,1748500000.0,0.0,256100000.0,0.0,0.0,0.0,111600000.0,367700000.0,0.091,367700000.0,111600000.0,18500000.0,-0.06,-0.06,-0.06,2938000000.0,3263525000.0,2938000000.0,6232613992.0,56.0,16.95,143900000.0,0.869,1.0,1397600000.0,0.344,1438700000.0,93100000.0,4643600000.0,4581475000.0,1027000000.0,48700000.0,0.0,48700000.0,2841100000.0,847800000.0,1993300000.0,5002113992.0,-6800000.0,15100000.0,-152300000.0,-2200000.0,0.0,-147000000.0,-282300000.0,0.0,434400000.0,-11900000.0,-9400000.0,-9400000.0,-9400000.0,0.0,0.0,-0.002,1340800000.0,56800000.0,241300000.0,0.0,1.703,-532.14,-506.167,1355000000.0,0.0,30.37,1.233,1.239,725900000.0,1887900000.0,4057100000.0,4057100000.0,258800000.0,-0.002,-0.003,0.024,0.028,41200000.0,637300000.0,1.0,164705762.0,165500000.0,165500000.0,24.514,4340400000.0,406600000.0,27900000.0,5700000.0,26.226,1722900000.0
15,HSP,MRT,2011-09-30,2011-09-30,2011-09-30,2020-10-26,0.0,5936900000.0,6146200000.0,2525100000.0,3411800000.0,0.657,19.383,-278000000.0,527400000.0,527400000.0,2570900000.0,265200000.0,3.006,0.862,1757900000.0,44200000.0,1713700000.0,1757900000.0,0.0,258200000.0,0.0,0.0,0.0,372400000.0,630600000.0,0.156,630600000.0,372400000.0,274700000.0,1.58,1.55,1.58,3188500000.0,3324900000.0,3188500000.0,7258267689.0,19.0,11.51,79400000.0,0.483,1.0,1464300000.0,0.363,1713400000.0,97700000.0,4614000000.0,4489875000.0,1125300000.0,57100000.0,0.0,57100000.0,2748400000.0,840000000.0,1908400000.0,6100167689.0,-622100000.0,14300000.0,-182900000.0,-523200000.0,0.0,-696700000.0,-275700000.0,0.0,357400000.0,-7100000.0,265200000.0,265200000.0,265200000.0,0.0,0.0,0.066,1141600000.0,322700000.0,230700000.0,0.0,1.913,23.002,23.418,1328000000.0,0.0,37.0,1.512,1.508,661000000.0,,4035200000.0,4035200000.0,295200000.0,0.043,0.08,0.083,0.092,41900000.0,638000000.0,1.0,164869397.0,164500000.0,164500000.0,24.53,4223500000.0,361300000.0,9500000.0,5000000.0,25.675,1685100000.0
16,HSP,MRT,2011-06-30,2011-06-30,2011-06-30,2020-10-26,0.0,6311700000.0,6315300000.0,2603200000.0,3708500000.0,0.635,20.913,-267700000.0,601400000.0,601400000.0,2480400000.0,425500000.0,2.805,0.817,1759500000.0,43100000.0,1716400000.0,1759500000.0,0.0,252600000.0,0.0,0.0,0.0,553600000.0,806200000.0,0.201,806200000.0,553600000.0,452800000.0,2.55,2.51,2.55,3473700000.0,3312125000.0,3473700000.0,10654540906.0,19.0,13.216,156400000.0,0.942,1.0,1527400000.0,0.381,1980500000.0,100800000.0,4561200000.0,4382075000.0,1141600000.0,91100000.0,0.0,91100000.0,2838000000.0,928100000.0,1909900000.0,9506140906.0,-181900000.0,-129800000.0,-215100000.0,-29300000.0,0.0,-232600000.0,-409200000.0,0.0,424100000.0,35800000.0,425500000.0,425500000.0,425500000.0,0.0,0.0,0.106,977800000.0,549600000.0,280300000.0,0.0,2.737,22.341,22.22,1346000000.0,0.0,56.66,2.372,2.348,654100000.0,,4007800000.0,4007800000.0,291100000.0,0.067,0.128,0.126,0.138,42700000.0,647300000.0,1.0,167775166.0,166100000.0,169000000.0,24.129,4331200000.0,365500000.0,27300000.0,4500000.0,26.076,1675100000.0
17,HSP,MRT,2011-03-31,2011-03-31,2011-03-31,2020-10-26,0.0,6289900000.0,6170150000.0,2668600000.0,3621300000.0,0.634,20.707,-230100000.0,597100000.0,597100000.0,2428700000.0,365400000.0,2.867,0.821,1745500000.0,34900000.0,1710600000.0,1745500000.0,0.0,248300000.0,0.0,0.0,0.0,466500000.0,714800000.0,0.183,714800000.0,466500000.0,365400000.0,2.19,2.15,2.19,3453900000.0,3163850000.0,3453900000.0,10342472669.0,22.0,14.469,96600000.0,0.579,1.0,1483200000.0,0.379,2000400000.0,101100000.0,4507100000.0,4245150000.0,1072700000.0,83100000.0,0.0,83100000.0,2836000000.0,930800000.0,1905200000.0,9198872669.0,-49200000.0,-146500000.0,12800000.0,-39200000.0,0.0,-8400000.0,-389100000.0,0.0,326700000.0,21600000.0,365400000.0,365400000.0,365400000.0,0.0,0.0,0.093,1007800000.0,475400000.0,291100000.0,0.0,2.663,25.175,25.205,1296400000.0,0.0,55.2,2.352,2.354,794000000.0,,3911900000.0,3911900000.0,305700000.0,0.059,0.115,0.11,0.119,43900000.0,661600000.0,1.0,166646244.0,166800000.0,170200000.0,23.453,4289500000.0,335300000.0,0.0,4300000.0,25.716,1737800000.0
18,HSP,MRT,2010-12-31,2010-12-31,2010-12-31,2020-10-26,42300000.0,6046300000.0,6017825000.0,2477500000.0,3568800000.0,0.651,19.178,-208500000.0,604300000.0,604300000.0,2402800000.0,357200000.0,2.659,0.899,1747900000.0,33500000.0,1714400000.0,1747900000.0,0.0,245900000.0,0.0,0.0,0.0,492600000.0,738500000.0,0.189,738500000.0,492600000.0,391500000.0,2.15,2.11,2.15,3183500000.0,3014350000.0,3183500000.0,10398365856.0,21.0,14.08,106400000.0,0.641,1.0,1514400000.0,0.387,1981100000.0,101100000.0,4277200000.0,4128325000.0,955500000.0,64700000.0,0.0,64700000.0,2862800000.0,931600000.0,1931200000.0,9304565856.0,-341700000.0,-478200000.0,53300000.0,-39500000.0,0.0,35100000.0,-705400000.0,0.0,314900000.0,13700000.0,357200000.0,357200000.0,357200000.0,0.0,0.0,0.091,995200000.0,519200000.0,320700000.0,0.0,2.923,26.049,25.902,1279200000.0,0.0,55.69,2.375,2.36,708900000.0,1897300000.0,3917200000.0,3917200000.0,300500000.0,0.059,0.118,0.119,0.126,47500000.0,675000000.0,1.0,167077857.0,166000000.0,169500000.0,23.598,4065200000.0,344000000.0,34300000.0,4400000.0,24.489,1545900000.0
19,HSP,MRT,2010-09-30,2010-09-30,2010-09-30,2020-10-26,0.0,6613300000.0,5881975000.0,3044700000.0,3568600000.0,0.677,18.798,-182500000.0,1149500000.0,1149500000.0,2418800000.0,393300000.0,2.09,1.108,2243300000.0,528800000.0,1714500000.0,2243300000.0,0.0,236200000.0,0.0,0.0,0.0,571600000.0,807800000.0,0.203,807800000.0,571600000.0,471400000.0,2.38,2.33,2.38,3137400000.0,2874400000.0,3137400000.0,10496246350.0,18.0,12.994,455700000.0,2.73,1.0,1561500000.0,0.392,2067200000.0,100200000.0,4182800000.0,3998025000.0,914800000.0,59900000.0,0.0,59900000.0,3475900000.0,1457100000.0,2018800000.0,9538346350.0,228900000.0,-495900000.0,146900000.0,117000000.0,0.0,283200000.0,-725800000.0,0.0,638200000.0,33300000.0,393300000.0,393300000.0,393300000.0,0.0,0.0,0.099,960300000.0,601200000.0,309200000.0,0.0,3.04,24.252,23.954,1259500000.0,0.0,57.01,2.396,2.391,770000000.0,,3980300000.0,3980300000.0,277000000.0,0.067,0.137,0.143,0.144,46700000.0,672000000.0,1.0,167310057.0,166900000.0,170000000.0,23.848,4546100000.0,275700000.0,78100000.0,16400000.0,27.238,1587600000.0
20,HSP,MRT,2010-06-30,2010-06-30,2010-06-30,2020-10-26,0.0,5731100000.0,5632200000.0,2511100000.0,3220000000.0,0.717,17.374,-161000000.0,783300000.0,783300000.0,2448400000.0,438100000.0,2.991,0.99,1741200000.0,23800000.0,1717400000.0,1741200000.0,0.0,236300000.0,0.0,0.0,0.0,625900000.0,862200000.0,0.213,862200000.0,625900000.0,527100000.0,2.67,2.62,2.67,2880600000.0,2701325000.0,2880600000.0,10620368489.0,17.0,12.318,691700000.0,4.172,1.0,1590100000.0,0.394,1835900000.0,98800000.0,4013500000.0,3954875000.0,794200000.0,50500000.0,0.0,50500000.0,2850500000.0,839600000.0,2010900000.0,9530068489.0,174800000.0,-358300000.0,199500000.0,-376700000.0,0.0,-160300000.0,-541600000.0,0.0,852700000.0,24000000.0,438100000.0,438100000.0,438100000.0,0.0,0.0,0.108,969100000.0,621000000.0,253000000.0,0.0,3.308,21.753,21.517,1211500000.0,0.0,57.45,2.36,2.359,718000000.0,,4038500000.0,4038500000.0,269700000.0,0.078,0.162,0.158,0.155,45600000.0,675500000.0,1.0,165884569.0,165800000.0,169100000.0,24.358,3895200000.0,227400000.0,89000000.0,16300000.0,23.493,1671500000.0
21,HSP,MRT,2010-03-31,2010-03-31,2010-03-31,2020-10-26,0.0,5680600000.0,5521650000.0,2335600000.0,3345000000.0,0.729,17.403,-166200000.0,646300000.0,646300000.0,2460100000.0,380100000.0,2.863,0.989,1736600000.0,23900000.0,1712700000.0,1736600000.0,0.0,234800000.0,0.0,0.0,0.0,585400000.0,820200000.0,0.204,820200000.0,585400000.0,482600000.0,2.33,2.29,2.33,2855900000.0,2529750000.0,2855900000.0,10067036830.0,17.0,12.274,683700000.0,4.166,1.0,1567100000.0,0.389,1915400000.0,102800000.0,4039800000.0,3985175000.0,773700000.0,49000000.0,0.0,49000000.0,2824700000.0,815700000.0,2009000000.0,9282136830.0,116900000.0,-348700000.0,177200000.0,-426100000.0,0.0,-240200000.0,-534900000.0,0.0,849900000.0,42100000.0,380100000.0,380100000.0,380100000.0,0.0,0.0,0.094,971300000.0,595800000.0,244700000.0,0.0,3.25,24.42,24.313,1233600000.0,0.0,56.65,2.305,2.308,710600000.0,,4027200000.0,4027200000.0,242200000.0,0.069,0.15,0.147,0.145,44700000.0,651900000.0,1.0,163850606.0,164100000.0,169300000.0,24.541,3765200000.0,237500000.0,102500000.0,21400000.0,22.945,1519900000.0
22,HSP,MRT,2009-12-31,2009-12-31,2009-12-31,2020-10-26,-27800000.0,5502900000.0,5372925000.0,2526200000.0,2976700000.0,0.722,16.296,-159400000.0,946000000.0,946000000.0,2422900000.0,403900000.0,2.864,1.097,1730900000.0,23600000.0,1707300000.0,1730900000.0,0.0,230100000.0,0.0,0.0,0.0,491100000.0,721200000.0,0.186,721200000.0,491100000.0,384800000.0,2.51,2.47,2.51,2623700000.0,2301250000.0,2623700000.0,9459949086.0,19.0,13.117,785500000.0,4.879,1.0,1456400000.0,0.375,1649900000.0,106300000.0,3756000000.0,3924950000.0,755400000.0,49300000.0,0.0,49300000.0,2879200000.0,881900000.0,1997300000.0,8270149086.0,462200000.0,-37400000.0,122500000.0,-431900000.0,0.0,-308600000.0,-211100000.0,0.0,944900000.0,37000000.0,403900000.0,403900000.0,403900000.0,0.0,0.0,0.104,953500000.0,502900000.0,229500000.0,0.0,3.152,20.476,20.319,1147800000.0,0.0,51.0,2.132,2.117,539600000.0,1540100000.0,3879300000.0,3879300000.0,240500000.0,0.075,0.176,0.125,0.127,40500000.0,618800000.0,1.0,162159786.0,161000000.0,163200000.0,24.095,3853000000.0,240400000.0,-19100000.0,18700000.0,23.932,1644300000.0
23,HSP,MRT,2009-09-30,2009-09-30,2009-09-30,2020-10-26,0.0,5614200000.0,5265725000.0,2672200000.0,2942000000.0,0.71,15.178,-156100000.0,920600000.0,920600000.0,2319700000.0,411800000.0,2.272,1.296,2110400000.0,399500000.0,1710900000.0,2110400000.0,0.0,231900000.0,0.0,0.0,0.0,508100000.0,740000000.0,0.198,740000000.0,508100000.0,398900000.0,2.58,2.55,2.58,2445100000.0,2089425000.0,2445100000.0,8683771146.0,17.0,11.735,640600000.0,3.976,1.0,1418100000.0,0.379,1617800000.0,109200000.0,4010200000.0,4021775000.0,849500000.0,50100000.0,0.0,50100000.0,3169100000.0,1176000000.0,1993100000.0,7184471146.0,633200000.0,-23800000.0,59700000.0,-64000000.0,0.0,-3500000.0,-160700000.0,0.0,796700000.0,700000.0,411800000.0,411800000.0,411800000.0,0.0,0.0,0.11,895100000.0,523000000.0,200100000.0,0.0,2.938,17.447,17.287,1182800000.0,0.0,44.6,1.922,1.922,648700000.0,,3737800000.0,3737800000.0,214300000.0,0.078,0.197,0.126,0.136,40300000.0,593600000.0,1.0,161086797.0,161100000.0,163700000.0,23.202,3996400000.0,239200000.0,-12900000.0,23200000.0,24.807,1496200000.0
24,HSP,MRT,2009-06-30,2009-06-30,2009-06-30,2020-10-26,0.0,5288900000.0,5128975000.0,2358300000.0,2930600000.0,0.713,13.672,-156200000.0,608500000.0,608500000.0,2299500000.0,377400000.0,2.216,1.41,2107800000.0,402000000.0,1705800000.0,2107800000.0,0.0,237500000.0,0.0,0.0,0.0,481800000.0,719300000.0,0.197,719300000.0,481800000.0,370100000.0,2.37,2.35,2.37,2194300000.0,1952550000.0,2194300000.0,7813288793.0,16.0,10.862,481300000.0,2.999,1.0,1356300000.0,0.371,1589200000.0,111700000.0,4134700000.0,4098525000.0,864700000.0,41300000.0,0.0,41300000.0,3094600000.0,1064300000.0,2030300000.0,6181588793.0,407100000.0,-19100000.0,40700000.0,-69500000.0,0.0,-28600000.0,-187000000.0,0.0,637500000.0,-14800000.0,377400000.0,377400000.0,377400000.0,0.0,0.0,0.103,862100000.0,494200000.0,200400000.0,0.0,2.817,16.379,16.253,1183200000.0,0.0,38.52,1.691,1.691,644900000.0,,3655800000.0,3655800000.0,207400000.0,0.074,0.193,0.118,0.132,40200000.0,576800000.0,1.0,160477383.0,160500000.0,162400000.0,22.778,3699700000.0,253800000.0,-7300000.0,29900000.0,23.051,1294000000.0
25,HSP,MRT,2009-03-31,2009-03-31,2009-03-31,2020-10-26,0.0,5085700000.0,5114275000.0,2202300000.0,2883400000.0,0.704,12.175,-155200000.0,529400000.0,529400000.0,2255200000.0,421000000.0,1.605,1.619,2161100000.0,704100000.0,1457000000.0,2161100000.0,0.0,243800000.0,0.0,0.0,0.0,522900000.0,766700000.0,0.213,766700000.0,522900000.0,411200000.0,2.64,2.62,2.64,1941900000.0,1911950000.0,1941900000.0,6614615945.0,13.0,8.627,444700000.0,2.788,1.0,1345300000.0,0.374,1546500000.0,111700000.0,3798900000.0,4161875000.0,834800000.0,38200000.0,0.0,38200000.0,3143800000.0,1372000000.0,1771800000.0,4926115945.0,297300000.0,-32400000.0,28100000.0,-74600000.0,0.0,-46300000.0,-227700000.0,-24500000.0,599900000.0,-28600000.0,421000000.0,421000000.0,421000000.0,0.0,0.0,0.117,824500000.0,520800000.0,216600000.0,0.0,2.537,11.701,11.689,1177100000.0,0.0,30.86,1.368,1.367,616100000.0,,3600500000.0,3600500000.0,212500000.0,0.082,0.22,0.126,0.145,40700000.0,583200000.0,1.0,159627866.0,159500000.0,160600000.0,22.574,3539200000.0,245200000.0,-9800000.0,25200000.0,22.189,830300000.0
26,HSP,MRT,2008-12-31,2008-12-31,2008-12-31,2020-10-26,-295900000.0,5074100000.0,5129150000.0,2149300000.0,2924800000.0,0.708,11.158,-164300000.0,483800000.0,483800000.0,2286800000.0,320900000.0,2.052,1.856,2172300000.0,338300000.0,1834000000.0,2172300000.0,0.0,251900000.0,0.0,0.0,0.0,523700000.0,775600000.0,0.214,775600000.0,523700000.0,407500000.0,2.02,1.99,2.02,1776400000.0,1901450000.0,1776400000.0,6154380624.0,12.0,7.935,419800000.0,2.637,1.0,1342700000.0,0.37,1571800000.0,116200000.0,4143300000.0,4363200000.0,830500000.0,37600000.0,0.0,37600000.0,3297700000.0,1047500000.0,2250200000.0,4280380624.0,242700000.0,-25300000.0,27800000.0,-88900000.0,0.0,-60100000.0,-264900000.0,-24500000.0,584100000.0,-16400000.0,320900000.0,320900000.0,320900000.0,0.0,0.0,0.088,824900000.0,517800000.0,231500000.0,0.0,2.41,13.339,13.277,1192100000.0,0.0,26.82,1.179,1.176,627100000.0,1136200000.0,3629500000.0,3629500000.0,212400000.0,0.063,0.169,0.12,0.144,42000000.0,590100000.0,1.0,159596593.0,159200000.0,161300000.0,22.798,3502300000.0,242300000.0,86600000.0,26700000.0,21.999,1101800000.0
27,HSP,MRT,2008-09-30,2008-09-30,2008-09-30,2020-10-26,0.0,5067200000.0,5131800000.0,2018300000.0,3048900000.0,0.714,11.905,-208700000.0,287400000.0,287400000.0,2315500000.0,292400000.0,2.082,1.67,2161400000.0,328800000.0,1832600000.0,2161400000.0,0.0,254100000.0,0.0,0.0,0.0,490300000.0,744400000.0,0.203,744400000.0,490300000.0,371100000.0,1.83,1.82,1.83,1897600000.0,1893650000.0,1897600000.0,8055308833.0,16.0,10.821,316500000.0,1.986,1.0,1346400000.0,0.368,1654700000.0,119200000.0,4317200000.0,4451700000.0,854800000.0,47600000.0,0.0,47600000.0,3169600000.0,969300000.0,2200300000.0,6091008833.0,51000000.0,-25700000.0,60100000.0,-212600000.0,0.0,-150100000.0,-317200000.0,-14700000.0,525200000.0,-6900000.0,292400000.0,292400000.0,292400000.0,0.0,0.0,0.08,870300000.0,476100000.0,193300000.0,0.0,3.21,20.831,20.874,1226400000.0,0.0,38.2,1.663,1.663,690400000.0,,3661900000.0,3661900000.0,212600000.0,0.057,0.154,0.11,0.134,41000000.0,618400000.0,1.0,159450493.0,159400000.0,161600000.0,22.973,3412500000.0,222600000.0,78700000.0,32700000.0,21.408,1049000000.0
28,HSP,MRT,2008-06-30,2008-06-30,2008-06-30,2020-10-26,0.0,5230100000.0,5135102750.0,1898700000.0,3331400000.0,0.696,12.771,-207900000.0,201400000.0,201400000.0,2267300000.0,270000000.0,1.889,1.574,2165700000.0,330000000.0,1835700000.0,2165700000.0,0.0,250400000.0,0.0,0.0,0.0,468000000.0,718400000.0,0.201,718400000.0,468000000.0,341700000.0,1.7,1.68,1.7,2031900000.0,1823416500.0,2031900000.0,8377711520.0,18.0,11.662,354200000.0,2.226,1.0,1307100000.0,0.366,1801100000.0,126300000.0,4388100000.0,4522578250.0,838600000.0,46400000.0,0.0,46400000.0,3198200000.0,1005200000.0,2193000000.0,6381311520.0,-1600000.0,-25800000.0,68100000.0,-334100000.0,0.0,-263300000.0,-309400000.0,-14100000.0,562100000.0,9000000.0,270000000.0,270000000.0,270000000.0,0.0,0.0,0.076,857100000.0,450000000.0,202100000.0,0.0,3.141,23.634,23.594,1282900000.0,0.0,40.11,1.785,1.785,699600000.0,,3574400000.0,3574400000.0,213000000.0,0.053,0.148,0.103,0.131,40400000.0,609300000.0,1.0,159095276.0,159100000.0,161500000.0,22.466,3429000000.0,268000000.0,71700000.0,40700000.0,21.552,893500000.0
29,HSP,MRT,2008-03-31,2008-03-31,2008-03-31,2020-10-26,127500000.0,5145200000.0,5082701000.0,1864700000.0,3280500000.0,0.697,11.972,-201500000.0,232100000.0,232100000.0,2304000000.0,231600000.0,2.566,1.708,2228500000.0,57900000.0,2170600000.0,2228500000.0,0.0,248700000.0,0.0,0.0,0.0,423100000.0,671800000.0,0.19,671800000.0,423100000.0,287700000.0,1.47,1.45,1.47,1899900000.0,1683699500.0,1899900000.0,8788990127.0,21.0,13.083,373300000.0,2.352,1.0,1238100000.0,0.35,1810700000.0,135400000.0,4604200000.0,4611188000.0,806500000.0,23700000.0,0.0,23700000.0,3245300000.0,726700000.0,2518600000.0,6787179127.0,-18100000.0,-5400000.0,69800000.0,-413000000.0,0.0,-340400000.0,-268500000.0,-4100000.0,574800000.0,16000000.0,231600000.0,231600000.0,231600000.0,0.0,0.0,0.065,838200000.0,399900000.0,196300000.0,0.0,3.572,29.306,29.095,1279000000.0,0.0,42.77,1.916,1.916,588100000.0,880900000.0,3542100000.0,3542100000.0,207600000.0,0.046,0.138,0.092,0.119,46600000.0,602600000.0,1.0,158690183.0,158700000.0,161000000.0,22.319,3334500000.0,252300000.0,56100000.0,41400000.0,21.011,1138000000.0
30,HSP,MRT,2007-12-31,2007-12-31,2007-12-31,2020-10-26,67600000.0,5084700000.0,5040031250.0,1841000000.0,3243700000.0,0.682,11.123,-210500000.0,241100000.0,241100000.0,2240500000.0,136800000.0,2.318,1.914,2242900000.0,58500000.0,2184400000.0,2242900000.0,0.0,235100000.0,0.0,0.0,0.0,322300000.0,557400000.0,0.162,557400000.0,322300000.0,187800000.0,0.87,0.85,0.87,1745200000.0,1550915750.0,1745200000.0,8852293289.0,27.0,15.881,340600000.0,2.171,1.0,1195700000.0,0.348,1794900000.0,134500000.0,4497300000.0,4672708500.0,766600000.0,23700000.0,0.0,23700000.0,3339500000.0,794300000.0,2545200000.0,6718220289.0,-80900000.0,-1966700000.0,73100000.0,1504800000.0,0.0,1580200000.0,-2228000000.0,-45300000.0,551100000.0,15800000.0,136800000.0,136800000.0,136800000.0,0.0,0.0,0.04,893100000.0,302600000.0,190300000.0,0.0,3.85,49.11,49.011,1276900000.0,0.0,42.64,1.955,1.947,632800000.0,815500000.0,3436200000.0,3436200000.0,201200000.0,0.027,0.088,0.069,0.094,39400000.0,582100000.0,1.0,157556761.0,156900000.0,160200000.0,21.901,3289800000.0,256100000.0,51000000.0,59100000.0,20.967,1046700000.0
31,HSP,MRT,2007-09-30,2007-09-30,2007-09-30,2020-10-26,62063000.0,5080411000.0,4480753000.0,1868839000.0,3211572000.0,0.713,10.291,-160768000.0,236428000.0,236428000.0,2110975000.0,108122000.0,2.292,2.143,2370501000.0,96557000.0,2273944000.0,2370501000.0,0.0,213823000.0,0.0,0.0,0.0,277895000.0,491718000.0,0.154,491718000.0,277895000.0,167394000.0,0.69,0.68,0.69,1616666000.0,1454888000.0,1616666000.0,8802076336.0,32.0,17.901,286067000.0,1.821,1.0,1085590000.0,0.34,1798472000.0,110501000.0,4600713000.0,4177616500.0,820702000.0,29399000.0,0.0,29399000.0,3463745000.0,815299000.0,2648446000.0,6511842336.0,-57182000.0,-1980300000.0,43190000.0,1636456000.0,0.0,1678624000.0,-2202713000.0,-55100000.0,446835000.0,20072000.0,108122000.0,108122000.0,108122000.0,0.0,0.0,0.034,823401000.0,262189000.0,188204000.0,0.0,4.028,60.227,60.072,1245456000.0,0.0,41.45,2.037,2.037,565988000.0,739416000.0,3196565000.0,3196565000.0,202574000.0,0.024,0.074,0.067,0.087,39681000.0,526027000.0,1.0,157101142.0,157100000.0,160100000.0,20.347,3281939000.0,68182000.0,59272000.0,0.0,20.891,1053540000.0
32,HSP,MRT,2007-06-30,2007-06-30,2007-06-30,2020-10-26,1366000.0,5020493000.0,3903094250.0,1833714000.0,3186779000.0,0.77,9.4,-175916000.0,203031000.0,203031000.0,1995087000.0,104667000.0,2.276,2.408,2493265000.0,111747000.0,2381518000.0,2493265000.0,0.0,190827000.0,0.0,0.0,0.0,248246000.0,439073000.0,0.146,439073000.0,248246000.0,164386000.0,0.67,0.66,0.67,1473032000.0,1380011000.0,1473032000.0,8490806455.0,34.0,19.338,239952000.0,1.531,1.0,1010118000.0,0.336,1762373000.0,83860000.0,4742539000.0,3643787500.0,792943000.0,38785000.0,0.0,38785000.0,3547461000.0,805815000.0,2741646000.0,6114582455.0,-53435000.0,-1978400000.0,-14573000.0,1759302000.0,0.0,1717906000.0,-2202671000.0,-55700000.0,415868000.0,15462000.0,104667000.0,104667000.0,104667000.0,0.0,0.0,0.035,775477000.0,234641000.0,190227000.0,0.0,4.151,58.419,58.269,1243909000.0,0.0,39.04,2.035,2.036,579766000.0,680037000.0,3005205000.0,3005205000.0,187644000.0,0.027,0.076,0.068,0.083,39816000.0,493033000.0,1.0,156623526.0,156700000.0,159500000.0,19.178,3258120000.0,68927000.0,59719000.0,0.0,20.792,1027899000.0
33,HSP,MRT,2007-03-31,2007-03-31,2007-03-31,2020-10-26,-41501000.0,4974521000.0,3318234500.0,1843748000.0,3130773000.0,0.846,8.769,-191614000.0,250220000.0,250220000.0,1838002000.0,128117000.0,2.393,2.634,2626444000.0,101088000.0,2525356000.0,2626444000.0,0.0,169481000.0,0.0,0.0,0.0,253953000.0,423434000.0,0.151,423434000.0,253953000.0,200110000.0,0.82,0.8,0.82,1368765000.0,1336153000.0,1368765000.0,6763069437.0,27.0,15.972,151855000.0,0.973,1.0,969004000.0,0.345,1729905000.0,53843000.0,4850282000.0,3076771750.0,833321000.0,40190000.0,0.0,40190000.0,3605756000.0,770558000.0,2835198000.0,6378538437.0,-81582000.0,-1978400000.0,-33581000.0,1900335000.0,0.0,1767953000.0,-2203869000.0,-41200000.0,343469000.0,10865000.0,128117000.0,128117000.0,128117000.0,0.0,0.0,0.046,727005000.0,241999000.0,182187000.0,0.0,4.66,49.787,49.878,1242967000.0,0.0,40.9,2.272,2.274,536977000.0,649359000.0,2807006000.0,2807006000.0,174099000.0,0.039,0.096,0.083,0.09,36589000.0,458106000.0,1.0,155954485.0,156100000.0,158400000.0,17.982,3244616000.0,39023000.0,71993000.0,0.0,20.785,1073190000.0
34,HSP,MRT,2006-12-31,2006-12-31,2006-12-31,2020-10-26,-50764000.0,2847587000.0,2752065500.0,1522890000.0,1324697000.0,0.977,8.647,-215700000.0,322045000.0,322045000.0,1749300000.0,237700000.0,2.512,1.092,706576000.0,4532000.0,702044000.0,706576000.0,0.0,156700000.0,0.0,0.0,0.0,355700000.0,512400000.0,0.191,512400000.0,355700000.0,324700000.0,1.51,1.48,1.51,1361089000.0,1297691000.0,1361089000.0,5636718412.0,16.0,11.001,208500000.0,1.325,1.0,939200000.0,0.349,108960000.0,31000000.0,2516932000.0,2447484250.0,626934000.0,31341000.0,0.0,31341000.0,1486498000.0,606226000.0,880272000.0,5232092412.0,-198600000.0,-17100000.0,-257400000.0,2500000.0,0.0,-377700000.0,-251300000.0,0.0,424200000.0,6200000.0,237700000.0,237700000.0,237700000.0,0.0,0.0,0.088,599600000.0,339600000.0,130968000.0,0.0,3.844,22.011,22.238,1039431000.0,0.0,33.58,1.946,1.966,335334000.0,676639000.0,2688500000.0,2688500000.0,161600000.0,0.086,0.183,0.145,0.132,35900000.0,428000000.0,1.0,155809780.0,157400000.0,160400000.0,17.081,2738627000.0,216312000.0,87000000.0,2936000.0,17.399,916664000.0
35,HSP,MRT,2006-09-30,2006-09-30,2006-09-30,2020-10-26,-35784000.0,2769776000.0,2737464250.0,1491703000.0,1278073000.0,0.96,8.424,-218397000.0,293592000.0,293592000.0,1753975000.0,216855000.0,2.46,1.103,698218000.0,7817000.0,690401000.0,698218000.0,0.0,154472000.0,0.0,0.0,0.0,314444000.0,468916000.0,0.178,468916000.0,314444000.0,284111000.0,1.37,1.34,1.37,1317158000.0,1289385500.0,1317158000.0,6449150773.0,21.0,13.753,213250000.0,1.364,1.0,874210000.0,0.333,102677000.0,30333000.0,2465397000.0,2384770500.0,618394000.0,0.0,0.0,0.0,1452618000.0,606328000.0,846290000.0,6008473773.0,-183917000.0,-23590000.0,-238983000.0,2848000.0,0.0,-367219000.0,-250160000.0,30790000.0,431647000.0,1815000.0,216855000.0,216855000.0,216855000.0,0.0,0.0,0.083,577806000.0,296404000.0,157329000.0,0.0,4.562,27.707,27.934,1020938000.0,0.0,38.27,2.286,2.277,355679000.0,629238000.0,2628185000.0,2628185000.0,148593000.0,0.079,0.168,0.132,0.12,27819000.0,429213000.0,1.0,157002189.0,156359000.0,158781000.0,16.809,2667099000.0,31534000.0,67256000.0,0.0,17.058,885375000.0
36,HSP,MRT,2006-06-30,2006-06-30,2006-06-30,2020-10-26,-34767000.0,2681054000.0,2717146750.0,1421976000.0,1259078000.0,0.971,8.294,-253303000.0,256445000.0,256445000.0,1755371000.0,220765000.0,2.613,1.066,697122000.0,9490000.0,687632000.0,697122000.0,0.0,154622000.0,0.0,0.0,0.0,335256000.0,489878000.0,0.186,489878000.0,335256000.0,306066000.0,1.39,1.36,1.39,1297600000.0,1284417250.0,1297600000.0,7070161158.0,21.0,14.432,197558000.0,1.263,1.0,882744000.0,0.335,103159000.0,29190000.0,2474476000.0,2321501250.0,591209000.0,0.0,0.0,0.0,1383454000.0,544096000.0,839358000.0,6707739158.0,-168236000.0,-23590000.0,-166763000.0,8805000.0,0.0,-324294000.0,-297928000.0,0.0,450861000.0,3125000.0,220765000.0,220765000.0,220765000.0,0.0,0.0,0.084,564838000.0,317906000.0,153345000.0,0.0,5.169,30.384,30.892,1023208000.0,0.0,42.94,2.543,2.546,364696000.0,573293000.0,2638115000.0,2638115000.0,147648000.0,0.081,0.172,0.144,0.127,19584000.0,417190000.0,1.0,156211904.0,156448000.0,159655000.0,16.863,2577895000.0,11355000.0,85301000.0,0.0,16.478,877880000.0
37,HSP,MRT,2006-03-31,2006-03-31,2006-03-31,2020-10-26,-52635000.0,2709845000.0,2684359500.0,1456599000.0,1253246000.0,0.979,7.549,-250211000.0,331792000.0,331792000.0,1752853000.0,238646000.0,2.292,1.23,694214000.0,6043000.0,688171000.0,694214000.0,0.0,153325000.0,0.0,0.0,0.0,358383000.0,511708000.0,0.195,511708000.0,358383000.0,329619000.0,1.49,1.46,1.49,1214917000.0,1260516000.0,1214917000.0,6580334956.0,18.0,12.86,361003000.0,2.243,1.0,876076000.0,0.333,103641000.0,28764000.0,2333132000.0,2250886000.0,562379000.0,0.0,0.0,0.0,1494928000.0,635494000.0,859434000.0,6403080956.0,75006000.0,-23590000.0,-104738000.0,4728000.0,0.0,-240436000.0,-294836000.0,0.0,611214000.0,-936000.0,238646000.0,238646000.0,238646000.0,0.0,0.0,0.091,534970000.0,341106000.0,223765000.0,0.0,5.27,26.831,26.483,1008800000.0,0.0,39.46,2.436,2.416,362531000.0,519143000.0,2628929000.0,2628929000.0,141444000.0,0.089,0.189,0.159,0.136,6511000.0,393526000.0,1.0,162267637.0,160933000.0,164345000.0,16.336,2606204000.0,14361000.0,90973000.0,0.0,16.194,821105000.0
38,HSP,MRT,2005-12-31,2005-12-31,2005-12-31,2020-10-26,-56024000.0,2789182000.0,2612160750.0,1561165000.0,1228017000.0,1.006,8.337,-224290000.0,520610000.0,520610000.0,1777640000.0,235638000.0,2.618,1.1,697864000.0,2579000.0,695285000.0,697864000.0,0.0,156291000.0,0.0,0.0,0.0,350351000.0,506642000.0,0.193,506642000.0,350351000.0,322075000.0,1.48,1.46,1.48,1327867000.0,1225088500.0,1327867000.0,7102467773.0,20.0,14.019,346797000.0,2.177,1.0,849056000.0,0.323,104123000.0,28276000.0,2266077000.0,2228328500.0,510268000.0,13928000.0,0.0,13928000.0,1461315000.0,596236000.0,865079000.0,6881280773.0,392915000.0,-23590000.0,118819000.0,6513000.0,0.0,8605000.0,-184432000.0,72438000.0,571087000.0,-2345000.0,235638000.0,235638000.0,235638000.0,0.0,0.0,0.09,512441000.0,336615000.0,208944000.0,0.0,5.182,29.203,28.905,990813000.0,0.0,42.78,2.62,2.594,327146000.0,438960000.0,2626696000.0,2626696000.0,138834000.0,0.09,0.192,0.157,0.133,0.0,373607000.0,1.0,160852753.0,159275000.0,161634000.0,16.492,2685059000.0,161816000.0,86437000.0,3958000.0,16.858,964929000.0
39,HSP,MRT,2005-09-30,2005-09-30,2005-09-30,2020-10-26,-21223000.0,2688506000.0,2500562750.0,1476202000.0,1212304000.0,1.072,8.103,-249658000.0,477509000.0,477509000.0,1803298000.0,258537000.0,2.49,1.072,698696000.0,5038000.0,693658000.0,698696000.0,0.0,160437000.0,0.0,0.0,0.0,382891000.0,543328000.0,0.203,543328000.0,382891000.0,354143000.0,1.64,1.61,1.64,1297285000.0,1139101500.0,1297285000.0,6824460602.0,18.0,12.56,322791000.0,2.016,1.0,877564000.0,0.327,104605000.0,28748000.0,2212320000.0,2235737250.0,509208000.0,0.0,0.0,0.0,1391221000.0,592768000.0,798453000.0,6550523602.0,342061000.0,0.0,120172000.0,5509000.0,0.0,19160000.0,-248630000.0,-30790000.0,572449000.0,-918000.0,258537000.0,258537000.0,258537000.0,0.0,0.0,0.096,504247000.0,373317000.0,194903000.0,0.0,5.049,25.337,24.982,982206000.0,0.0,40.97,2.443,2.447,316915000.0,412383000.0,2680862000.0,2680862000.0,135816000.0,0.103,0.227,0.171,0.143,0.0,368431000.0,1.0,159885858.0,160103000.0,162842000.0,16.745,2583901000.0,0.0,95606000.0,0.0,16.139,883434000.0
40,HSP,MRT,2005-06-30,2005-06-30,2005-06-30,2020-10-26,-23417000.0,2549905000.0,2401994500.0,1398988000.0,1150917000.0,1.116,7.58,-219778000.0,424681000.0,424681000.0,1836573000.0,259997000.0,2.543,1.121,698618000.0,0.0,698618000.0,698618000.0,0.0,156273000.0,0.0,0.0,0.0,375393000.0,531666000.0,0.198,531666000.0,375393000.0,345293000.0,1.65,1.63,1.65,1201995000.0,1040709000.0,1201995000.0,6601999779.0,18.0,12.418,247846000.0,1.563,1.0,843829000.0,0.315,81594000.0,30100000.0,2192015000.0,2241225750.0,494789000.0,0.0,0.0,0.0,1347910000.0,550233000.0,797677000.0,6165223779.0,315801000.0,0.0,93198000.0,-23375000.0,0.0,69109000.0,-219778000.0,0.0,467624000.0,-1154000.0,259997000.0,259997000.0,259997000.0,0.0,0.0,0.097,477139000.0,366690000.0,219248000.0,0.0,5.129,23.713,23.636,960726000.0,0.0,39.0,2.3,2.307,317928000.0,352528000.0,2680402000.0,2680402000.0,128292000.0,0.108,0.25,0.167,0.14,0.0,348847000.0,1.0,158082661.0,158568000.0,160908000.0,16.904,2468311000.0,0.0,85296000.0,0.0,15.566,848755000.0
41,HSP,MRT,2005-03-31,2005-03-31,2005-03-31,2020-10-26,-16622000.0,2421050000.0,2329961750.0,1302662000.0,1118388000.0,1.153,6.827,-219831000.0,256786000.0,256786000.0,1849841000.0,313736000.0,2.441,1.256,693562000.0,0.0,693562000.0,693562000.0,0.0,147982000.0,0.0,0.0,0.0,453478000.0,601460000.0,0.224,601460000.0,453478000.0,427551000.0,2.0,1.99,2.0,1073207000.0,950443250.0,1073207000.0,5641441799.0,12.0,9.38,185318000.0,1.179,1.0,836038000.0,0.311,81215000.0,25927000.0,2242902000.0,2257899250.0,523438000.0,0.0,0.0,0.0,1347843000.0,533709000.0,814134000.0,5070295799.0,256786000.0,0.0,38384000.0,695094000.0,0.0,70864000.0,-219831000.0,0.0,405149000.0,604000.0,313736000.0,313736000.0,313736000.0,0.0,0.0,0.117,387261000.0,448777000.0,259420000.0,0.0,4.724,16.161,16.135,929823000.0,0.0,32.27,1.888,1.889,350548000.0,280497000.0,2685879000.0,2685879000.0,123528000.0,0.135,0.33,0.201,0.169,0.0,328369000.0,1.0,157121035.0,157191000.0,158519000.0,17.087,2339835000.0,0.0,113815000.0,0.0,14.885,768953000.0
42,HSP,MRT,2004-12-31,2004-12-31,2004-12-31,2020-10-26,-12111000.0,2342790000.0,2297047250.0,1198325000.0,1144465000.0,1.151,6.3,-228854000.0,127695000.0,127695000.0,1858435000.0,301552000.0,2.235,1.381,698841000.0,0.0,698841000.0,698841000.0,0.0,145523000.0,0.0,0.0,0.0,430278000.0,575801000.0,0.218,575801000.0,430278000.0,411520000.0,1.93,1.92,1.93,983919000.0,1050674750.0,983919000.0,5792539998.0,13.0,10.06,158169000.0,1.013,1.0,786601000.0,0.297,82030000.0,18758000.0,2295712000.0,2154589250.0,518324000.0,72438000.0,72438000.0,0.0,1358871000.0,536194000.0,822677000.0,5229181998.0,127695000.0,0.0,23046000.0,693344000.0,0.0,40599000.0,-301292000.0,-72438000.0,387023000.0,1365000.0,301552000.0,301552000.0,301552000.0,0.0,0.0,0.114,358951000.0,427650000.0,290679000.0,0.0,5.315,17.341,17.358,946304000.0,0.0,33.5,1.977,1.978,326356000.0,203322000.0,2645036000.0,2645036000.0,119583000.0,0.131,0.287,0.2,0.163,0.0,304004000.0,1.0,156094985.0,156187000.0,157160000.0,16.935,2260760000.0,116295000.0,109968000.0,4575000.0,14.475,662131000.0
43,HSP,MRT,2004-09-30,2004-09-30,2004-09-30,2020-10-26,-18066000.0,2294233000.0,2273890500.0,1169635000.0,1124598000.0,1.16,5.791,-236660000.0,135448000.0,135448000.0,1891508000.0,310988000.0,2.165,1.539,698806000.0,0.0,698806000.0,698806000.0,0.0,147112000.0,0.0,0.0,0.0,435074000.0,582186000.0,0.221,582186000.0,435074000.0,424122000.0,1.99,1.99,1.99,903715000.0,1168061000.0,903715000.0,5391021777.0,12.0,9.26,173592000.0,1.112,1.0,745229000.0,0.283,83093000.0,10952000.0,2234274000.0,2031724750.0,539845000.0,0.0,0.0,0.0,1390518000.0,540224000.0,850294000.0,4775203777.0,135448000.0,0.0,486000.0,693344000.0,0.0,-38571000.0,-236660000.0,0.0,410252000.0,427000.0,310988000.0,310988000.0,310988000.0,0.0,0.0,0.118,311945000.0,433284000.0,285696000.0,0.0,5.284,15.355,15.377,923270000.0,0.0,30.6,1.811,1.811,336093000.0,153846000.0,2636737000.0,2636737000.0,117227000.0,0.137,0.266,0.214,0.165,0.0,259354000.0,1.0,156052411.0,156059000.0,156672000.0,16.896,2211140000.0,11324000.0,113134000.0,0.0,14.169,629411000.0
44,HSP,MRT,2004-06-30,2004-06-30,2004-06-30,2020-10-26,-18927000.0,2261774000.0,,1198694000.0,1063080000.0,,5.389,-232908000.0,108880000.0,108880000.0,1898508000.0,316504000.0,2.242,1.69,724698000.0,25000000.0,699698000.0,724698000.0,0.0,149719000.0,0.0,0.0,0.0,433405000.0,583124000.0,0.222,583124000.0,433405000.0,430721000.0,2.03,2.03,2.03,840932000.0,,840932000.0,4306774214.0,10.0,7.386,263884000.0,1.691,1.0,731417000.0,0.278,84155000.0,2684000.0,2258709000.0,,575640000.0,0.0,0.0,0.0,1420842000.0,534728000.0,886114000.0,4306774214.0,108880000.0,0.0,103000.0,718425000.0,0.0,-158258000.0,-229648000.0,0.0,496792000.0,-6000.0,316504000.0,316504000.0,316504000.0,0.0,0.0,0.12,298707000.0,432710000.0,269887000.0,0.0,5.121,13.607,13.596,897466000.0,0.0,27.6,1.638,1.638,319835000.0,92531000.0,2629925000.0,2629925000.0,118955000.0,,,,0.165,0.0,244388000.0,1.0,156042544.0,156048000.0,156551000.0,16.853,2177619000.0,81459000.0,114217000.0,0.0,13.955,663966000.0
45,HSP,MRT,2004-03-31,2004-03-31,2004-03-31,2020-10-26,-58624000.0,2289392000.0,,1065237000.0,1224155000.0,,9.447,-207003000.0,0.0,0.0,1916152000.0,258234000.0,2.844,0.553,0.0,0.0,0.0,0.0,0.0,145512000.0,0.0,,0.0,349430000.0,494942000.0,0.189,494942000.0,349430000.0,349430000.0,1.66,1.66,1.66,1474133000.0,,1474133000.0,,,,224591000.0,1.439,1.0,695692000.0,0.266,85217000.0,0.0,1829662000.0,,585511000.0,0.0,0.0,0.0,815259000.0,374513000.0,440746000.0,,0.0,0.0,0.0,0.0,0.0,-227814000.0,-203743000.0,0.0,431594000.0,-37000.0,258234000.0,258234000.0,258234000.0,0.0,0.0,0.099,346505000.0,349187000.0,95544000.0,0.0,,,,866865000.0,0.0,,,,326275000.0,,2611844000.0,2611844000.0,114801000.0,,,,0.134,0.0,231704000.0,1.0,156042544.0,156043000.0,156043000.0,16.738,2204175000.0,272073000.0,91196000.0,0.0,14.125,690724000.0
46,HSP,MRT,2003-12-31,2003-12-31,2003-12-31,2020-10-26,-27479000.0,2250163000.0,2202008500.0,1041350000.0,1208813000.0,1.192,9.315,-196683000.0,0.0,0.0,1922686000.0,260363000.0,2.896,0.548,0.0,0.0,0.0,0.0,0.0,145967000.0,0.0,,0.0,359121000.0,505088000.0,0.193,505088000.0,359121000.0,359121000.0,1.67,1.67,1.67,1453464000.0,1393635500.0,1453464000.0,,,,171429000.0,1.099,1.0,701051000.0,0.267,86308000.0,0.0,1804254000.0,1728279500.0,609291000.0,0.0,0.0,0.0,796699000.0,359601000.0,437098000.0,,0.0,0.0,0.0,0.0,0.0,-174761000.0,-193423000.0,3260000.0,368112000.0,72000.0,260363000.0,260363000.0,260363000.0,0.0,0.0,0.099,340676000.0,360375000.0,105613000.0,0.0,,,,855277000.0,0.0,,,,315646000.0,0.0,2623737000.0,2623737000.0,109720000.0,0.118,0.187,0.208,0.137,0.0,230956000.0,1.0,156042544.0,156043000.0,156043000.0,16.814,2163855000.0,203130000.0,98758000.0,0.0,13.867,681749000.0
47,HSP,MRT,2003-09-30,2003-09-30,2003-09-30,2020-10-26,,,,,,,,,,,,,,,,,,,,,,,0.0,,,,,,,,,,,,,,,,,,1.0,,,,,,,,,,,,,,,,,,,,,,,,,,,,,,,,,,,,,,,,,,,,,,,,,,,,,,1.0,156042544.0,156043000.0,,,,,,,,
48,HSP,MRT,2003-06-30,2003-06-30,2003-06-30,2020-10-26,,,,,,,,,,,,,,,,,,,,,,,0.0,,,,,,,,,,,,,,,,,,1.0,,,,,,,,,,,,,,,,,,,,,,,,,,,,,,,,,,,,,,,,,,,,,,,,,,,,,,1.0,,156043000.0,,,,,,,,
49,HSP,MRT,2003-03-31,2003-03-31,2003-03-31,2020-10-26,,,,,,,,,,,,,,,,,,,,,,,0.0,,,,,,,,,,,,,,,,,,1.0,,,,,,,,,,,,,,,,,,,,,,,,,,,,,,,,,,,,,,,,,,,,,,,,,,,,,,1.0,,,,,,,,,,
50,HSP,MRT,2002-12-31,2002-12-31,2002-12-31,2020-10-26,-61534000.0,2153854000.0,2143634000.0,982464000.0,1171390000.0,1.214,8.548,-190952000.0,0.0,0.0,1883177000.0,246698000.0,2.392,0.615,0.0,0.0,0.0,0.0,0.0,133722000.0,0.0,,0.0,352426000.0,486148000.0,0.187,486148000.0,352426000.0,352426000.0,1.58,1.58,1.58,1333807000.0,1397205500.0,1333807000.0,,,,338476000.0,2.169,1.0,719373000.0,0.276,90893000.0,0.0,1652305000.0,1658465500.0,488857000.0,0.0,0.0,0.0,820047000.0,410656000.0,409391000.0,,0.0,0.0,0.0,0.0,0.0,-338571000.0,-190952000.0,0.0,529428000.0,95000.0,246698000.0,246698000.0,246698000.0,0.0,0.0,0.095,341176000.0,378197000.0,106344000.0,0.0,,,,833205000.0,0.0,,,,319374000.0,,2602550000.0,2602550000.0,87255000.0,0.115,0.177,0.213,0.135,0.0,253921000.0,1.0,,156043000.0,156043000.0,16.678,2062961000.0,236914000.0,105728000.0,0.0,13.22,571808000.0
51,HSP,MRT,2001-12-31,2001-12-31,2001-12-31,2020-10-26,-26610000.0,2133414000.0,,1029118000.0,1104296000.0,,,-200135000.0,0.0,0.0,1788966000.0,272712000.0,2.76,0.461,0.0,0.0,0.0,0.0,0.0,123022000.0,0.0,,0.0,389588000.0,512610000.0,0.204,512610000.0,389588000.0,389588000.0,,,,1460604000.0,,1460604000.0,,,,283011000.0,,1.0,725455000.0,0.289,95856000.0,0.0,1664626000.0,,456819000.0,0.0,0.0,0.0,672810000.0,372932000.0,299878000.0,,0.0,0.0,0.0,0.0,0.0,-270066000.0,-213165000.0,-13030000.0,483146000.0,85000.0,272712000.0,272712000.0,272712000.0,0.0,0.0,0.108,329605000.0,395850000.0,83375000.0,,,,,796677000.0,0.0,,,,346905000.0,,2514421000.0,2514421000.0,85748000.0,,,,0.155,0.0,243857000.0,1.0,,,,,2037558000.0,190924000.0,116876000.0,0.0,,656186000.0
52,HSP,MRT,2000-12-31,2000-12-31,2000-12-31,2020-10-26,,,,,,,,-199081000.0,,,1599684000.0,297106000.0,,,,,,,,133265000.0,,,0.0,421427000.0,554692000.0,0.236,554692000.0,421427000.0,421427000.0,,,,,,,,,,120545000.0,,1.0,748756000.0,0.319,,0.0,,,,,,,,,,,0.0,0.0,0.0,0.0,0.0,-127550000.0,-192081000.0,7000000.0,319626000.0,5000.0,297106000.0,297106000.0,297106000.0,0.0,0.0,0.127,330051000.0,418705000.0,,,,,,,0.0,,,,,,2348440000.0,2348440000.0,105425000.0,,,,0.179,0.0,224626000.0,1.0,,,,,,,124321000.0,,,
