None,ticker,dimension,calendardate,datekey,reportperiod,lastupdated,accoci,assets,assetsavg,assetsc,assetsnc,assetturnover,bvps,capex,cashneq,cashnequsd,cor,consolinc,currentratio,de,debt,debtc,debtnc,debtusd,deferredrev,depamor,deposits,divyield,dps,ebit,ebitda,ebitdamargin,ebitdausd,ebitusd,ebt,eps,epsdil,epsusd,equity,equityavg,equityusd,ev,evebit,evebitda,fcf,fcfps,fxusd,gp,grossmargin,intangibles,intexp,invcap,invcapavg,inventory,investments,investmentsc,investmentsnc,liabilities,liabilitiesc,liabilitiesnc,marketcap,ncf,ncfbus,ncfcommon,ncfdebt,ncfdiv,ncff,ncfi,ncfinv,ncfo,ncfx,netinc,netinccmn,netinccmnusd,netincdis,netincnci,netmargin,opex,opinc,payables,payoutratio,pb,pe,pe1,ppnenet,prefdivis,price,ps,ps1,receivables,retearn,revenue,revenueusd,rnd,roa,roe,roic,ros,sbcomp,sgna,sharefactor,sharesbas,shareswa,shareswadil,sps,tangibles,taxassets,taxexp,taxliabilities,tbvps,workingcapital
0,GME,MRY,2020-12-31,2021-01-30,2021-01-30,2021-09-08,-49300000.0,2472600000.0,2479550000.0,1551200000.0,921400000.0,2.053,6.718,35500000.0,618500000.0,618500000.0,3830300000.0,-215300000.0,1.155,4.662,1046800000.0,374100000.0,672700000.0,1046800000.0,0.0,80700000.0,0.0,0.0,0.0,-236600000.0,-155900000.0,-0.031,-155900000.0,-236600000.0,-270600000.0,-3.31,-3.31,-3.31,436700000.0,389050000.0,436700000.0,23236262000.0,-98.0,-149.046,159200000.0,2.449,1.0,1259500000.0,0.247,0.0,34000000.0,1558200000.0,1577325000.0,602500000.0,16500000.0,0.0,16500000.0,2035900000.0,1342700000.0,693200000.0,22667762000.0,121500000.0,0.0,3100000.0,-58200000.0,-300000.0,-55400000.0,36900000.0,0.0,123700000.0,16300000.0,-215300000.0,-215300000.0,-215300000.0,700000.0,0.0,-0.042,1497300000.0,-237800000.0,341800000.0,0.0,51.907,-105.285,-98.187,863300000.0,0.0,325.0,4.454,4.15,105300000.0,474900000.0,5089800000.0,5089800000.0,0.0,-0.087,-0.553,-0.15,-0.046,7900000.0,1514200000.0,1.0,69746960.0,65000000.0,65000000.0,78.305,2472600000.0,0.0,-55300000.0,0.0,38.04,208500000.0
1,GME,MRY,2019-12-31,2020-02-01,2020-02-01,2021-09-08,-78800000.0,2819700000.0,3146625000.0,1633700000.0,1186000000.0,2.055,6.989,-78500000.0,499700000.0,499700000.0,4557300000.0,-470900000.0,1.32,3.611,1188500000.0,239400000.0,949100000.0,1188500000.0,0.0,96200000.0,0.0,0.099,0.38,-394800000.0,-298600000.0,-0.046,-298600000.0,-394800000.0,-433300000.0,-5.38,-5.38,-5.38,611500000.0,832500000.0,611500000.0,1137241567.0,-3.0,-3.809,-493000000.0,-5.634,1.0,1908700000.0,0.295,0.0,38500000.0,2270800000.0,2489375000.0,859700000.0,13800000.0,0.0,13800000.0,2208200000.0,1237700000.0,970500000.0,253141567.0,-1127000000.0,5200000.0,-199700000.0,-404500000.0,-40500000.0,-644700000.0,-60900000.0,0.0,-414500000.0,-6900000.0,-470900000.0,-470900000.0,-470900000.0,6500000.0,0.0,-0.073,2308300000.0,-399600000.0,380800000.0,-0.071,0.414,-0.538,-0.714,1042900000.0,0.0,3.84,0.039,0.052,141900000.0,690200000.0,6466000000.0,6466000000.0,0.0,-0.15,-0.566,-0.159,-0.061,8900000.0,1922700000.0,1.0,65922283.0,87500000.0,87500000.0,73.897,2819700000.0,83000000.0,37600000.0,0.0,32.225,396000000.0
2,GME,MRY,2018-12-31,2019-02-02,2019-02-02,2021-09-08,-54300000.0,4044300000.0,4322950000.0,3127700000.0,916600000.0,1.917,13.087,-93700000.0,1624400000.0,1624400000.0,5977200000.0,-673000000.0,1.434,2.027,820800000.0,349200000.0,471600000.0,820800000.0,0.0,126900000.0,0.0,0.135,1.52,-574500000.0,-447600000.0,-0.054,-447600000.0,-574500000.0,-631300000.0,-6.59,-6.59,-6.59,1336200000.0,1797250000.0,1336200000.0,1511615262.0,-3.0,-3.377,231400000.0,2.266,1.0,2308100000.0,0.279,363900000.0,56800000.0,695700000.0,1725800000.0,1250500000.0,0.0,0.0,0.0,2708100000.0,2181100000.0,527000000.0,1146115262.0,771400000.0,727900000.0,-5100000.0,-12200000.0,-157400000.0,-174700000.0,635500000.0,0.0,325100000.0,-24700000.0,-673000000.0,-673000000.0,-673000000.0,-121800000.0,0.0,-0.081,3010100000.0,-702000000.0,1051900000.0,-0.231,0.858,-1.703,-1.706,321300000.0,0.0,11.24,0.138,0.139,134200000.0,1362700000.0,8285300000.0,8285300000.0,0.0,-0.156,-0.374,-0.333,-0.069,10700000.0,1994200000.0,1.0,101967550.0,102100000.0,102100000.0,81.149,3680400000.0,147300000.0,41700000.0,0.0,36.047,946600000.0
3,GME,MRY,2017-12-31,2018-02-03,2018-02-03,2021-09-08,12200000.0,5041600000.0,4952200000.0,3018400000.0,2023200000.0,1.726,21.839,-113400000.0,854200000.0,854200000.0,6062200000.0,34700000.0,1.563,1.277,817900000.0,0.0,817900000.0,817900000.0,0.0,151900000.0,0.0,0.094,1.52,245000000.0,396900000.0,0.046,396900000.0,245000000.0,188200000.0,0.34,0.34,0.34,2214500000.0,2277200000.0,2214500000.0,2006670315.0,8.0,5.056,321500000.0,3.171,1.0,2484900000.0,0.291,1443000000.0,56800000.0,1631500000.0,1537400000.0,1250300000.0,0.0,0.0,0.0,2827100000.0,1930800000.0,896300000.0,1644170315.0,194400000.0,50000000.0,-22000000.0,-21800000.0,-155200000.0,-202500000.0,-60600000.0,0.0,434900000.0,28000000.0,34700000.0,34700000.0,34700000.0,195700000.0,0.0,0.004,2045700000.0,439200000.0,892300000.0,4.471,0.742,47.382,47.735,351000000.0,0.0,16.23,0.192,0.193,138600000.0,2180100000.0,8547100000.0,8547100000.0,0.0,0.007,0.015,0.159,0.029,25600000.0,2031900000.0,1.0,101304394.0,101400000.0,101500000.0,84.291,3598600000.0,158200000.0,153500000.0,42500000.0,35.489,1087600000.0
4,GME,MRY,2016-12-31,2017-01-28,2017-01-28,2021-09-08,-47300000.0,4975900000.0,4696525000.0,2140700000.0,2835200000.0,1.696,21.8,-142700000.0,669400000.0,669400000.0,5465100000.0,353200000.0,1.215,1.207,815000000.0,0.0,815000000.0,815000000.0,0.0,166700000.0,0.0,0.061,1.48,531200000.0,697900000.0,0.088,697900000.0,531200000.0,477400000.0,3.42,3.4,3.42,2254100000.0,2171325000.0,2254100000.0,2934770991.0,6.0,4.205,394400000.0,3.814,1.0,2499900000.0,0.314,2232400000.0,53800000.0,1127600000.0,1436400000.0,1121500000.0,0.0,0.0,0.0,2721800000.0,1761500000.0,960300000.0,2476570991.0,217300000.0,-441200000.0,-71500000.0,466500000.0,-155500000.0,238700000.0,-577400000.0,0.0,537100000.0,21100000.0,353200000.0,353200000.0,353200000.0,-48700000.0,0.0,0.044,2018200000.0,481700000.0,616600000.0,0.433,1.099,7.012,7.108,471000000.0,0.0,24.31,0.311,0.316,220900000.0,2301300000.0,7965000000.0,7965000000.0,0.0,0.075,0.163,0.37,0.067,18600000.0,1861900000.0,1.0,101874578.0,103400000.0,103800000.0,77.031,2743500000.0,59000000.0,124200000.0,77000000.0,26.533,379200000.0
5,GME,MRY,2015-12-31,2016-01-30,2016-01-30,2021-09-08,-88800000.0,4330300000.0,4233725000.0,1937500000.0,2392800000.0,2.212,19.632,-173200000.0,450400000.0,450400000.0,6445500000.0,402800000.0,1.08,1.081,345400000.0,0.0,345400000.0,345400000.0,0.0,158200000.0,0.0,0.055,1.44,648600000.0,806800000.0,0.086,806800000.0,648600000.0,625200000.0,3.8,3.78,3.8,2081000000.0,2015650000.0,2081000000.0,2908109349.0,4.0,3.604,483600000.0,4.562,1.0,2918300000.0,0.312,1807100000.0,23400000.0,623800000.0,836225000.0,1163000000.0,0.0,0.0,0.0,2249300000.0,1794400000.0,454900000.0,2743409349.0,-159700000.0,-267500000.0,-194300000.0,-2200000.0,-154100000.0,-346200000.0,-444600000.0,0.0,656800000.0,-25700000.0,402800000.0,402800000.0,402800000.0,0.0,0.0,0.043,2270100000.0,648200000.0,631900000.0,0.379,1.318,6.811,6.897,484500000.0,0.0,26.21,0.293,0.297,176500000.0,2169700000.0,9363800000.0,9363800000.0,0.0,0.095,0.2,0.776,0.069,25500000.0,2108900000.0,1.0,104670330.0,106000000.0,106700000.0,88.338,2523200000.0,39000000.0,222400000.0,150700000.0,23.804,143100000.0
6,GME,MRY,2014-12-31,2015-01-31,2015-01-31,2021-09-08,-25400000.0,4246300000.0,4114725000.0,2062500000.0,2183800000.0,2.259,18.429,-159600000.0,610100000.0,610100000.0,6520100000.0,393100000.0,1.258,1.054,355700000.0,5100000.0,350600000.0,355700000.0,0.0,156500000.0,0.0,0.037,1.32,619000000.0,775500000.0,0.083,775500000.0,619000000.0,608300000.0,3.5,3.47,3.5,2067700000.0,2131225000.0,2067700000.0,3805168766.0,6.0,4.907,320900000.0,2.86,1.0,2775900000.0,0.299,1628200000.0,10700000.0,724000000.0,714200000.0,1144800000.0,0.0,0.0,0.0,2178600000.0,1639700000.0,538900000.0,3825168766.0,73900000.0,-77300000.0,-330400000.0,342300000.0,-148800000.0,-131200000.0,-235900000.0,0.0,480500000.0,-39500000.0,393100000.0,393100000.0,393100000.0,0.0,0.0,0.042,2157600000.0,618300000.0,815600000.0,0.377,1.85,9.731,10.071,454200000.0,0.0,35.25,0.411,0.425,113500000.0,2093000000.0,9296000000.0,9296000000.0,0.0,0.096,0.184,0.867,0.067,15800000.0,2001000000.0,1.0,108515426.0,112200000.0,113200000.0,82.852,2618100000.0,89900000.0,215200000.0,111300000.0,23.334,422800000.0
7,GME,MRY,2013-12-31,2014-02-01,2014-02-01,2021-09-08,82500000.0,4091400000.0,3911950000.0,1949600000.0,2141800000.0,2.311,19.21,-125600000.0,536200000.0,536200000.0,6378400000.0,354200000.0,1.13,0.817,4000000.0,2400000.0,1600000.0,4000000.0,0.0,169200000.0,0.0,0.031,1.1,574400000.0,743600000.0,0.082,743600000.0,574400000.0,568800000.0,3.02,2.99,3.02,2251400000.0,2212925000.0,2251400000.0,3412382547.0,6.0,4.589,637100000.0,5.436,1.0,2661100000.0,0.294,1609000000.0,5600000.0,224200000.0,473050000.0,1198900000.0,0.0,0.0,0.0,1840000000.0,1726000000.0,114000000.0,4061482547.0,161800000.0,-77400000.0,-200300000.0,-31800000.0,-130900000.0,-350600000.0,-207500000.0,0.0,762700000.0,-42800000.0,354200000.0,354200000.0,354200000.0,0.0,0.0,0.039,2087600000.0,573500000.0,783900000.0,0.364,1.804,11.467,11.613,476200000.0,0.0,35.07,0.449,0.455,84400000.0,1995900000.0,9039500000.0,9039500000.0,0.0,0.091,0.16,1.214,0.064,7000000.0,1892400000.0,1.0,115810737.0,117200000.0,118400000.0,77.129,2482400000.0,51700000.0,214600000.0,115400000.0,21.181,223600000.0
8,GME,MRY,2012-12-31,2013-02-02,2013-02-02,2021-09-08,164400000.0,3872200000.0,4203075000.0,1749500000.0,2122700000.0,2.114,18.088,-139600000.0,374400000.0,374400000.0,6235200000.0,-269800000.0,1.203,0.694,0.0,0.0,0.0,0.0,0.0,178900000.0,0.0,0.032,0.8,-40600000.0,138300000.0,0.016,138300000.0,-40600000.0,-44800000.0,-2.13,-2.13,-2.13,2286300000.0,2538150000.0,2286300000.0,2625535212.0,-65.0,18.984,470600000.0,3.723,1.0,2651500000.0,0.298,1536500000.0,4200000.0,507400000.0,521075000.0,1171300000.0,0.0,0.0,0.0,1585900000.0,1453900000.0,132000000.0,2991935212.0,-41400000.0,-1500000.0,-397800000.0,0.0,-102000000.0,-498500000.0,-152700000.0,0.0,610200000.0,-400000.0,-269700000.0,-269700000.0,-269700000.0,0.0,-100000.0,-0.03,2693100000.0,-41600000.0,611600000.0,-0.376,1.309,-11.094,-11.592,524800000.0,0.0,24.69,0.337,0.351,73600000.0,1773500000.0,8886700000.0,8886700000.0,0.0,-0.064,-0.106,-0.078,-0.005,18300000.0,1835900000.0,1.0,121180041.0,126400000.0,126400000.0,70.306,2335700000.0,61700000.0,224900000.0,134900000.0,18.479,295600000.0
9,GME,MRY,2011-12-31,2012-01-28,2012-01-28,2021-09-08,169700000.0,4847400000.0,4936700000.0,1997300000.0,2850100000.0,1.935,21.745,-165100000.0,655000000.0,655000000.0,6871000000.0,338500000.0,1.222,0.594,0.0,0.0,0.0,0.0,0.0,188600000.0,0.0,0.0,0.0,571200000.0,759800000.0,0.08,759800000.0,571200000.0,550500000.0,2.43,2.41,2.43,3042100000.0,2997350000.0,3042100000.0,2999935912.0,5.0,3.948,476700000.0,3.407,1.0,2679500000.0,0.281,2228100000.0,20700000.0,330400000.0,704100000.0,1137500000.0,0.0,0.0,0.0,1807200000.0,1633900000.0,173300000.0,3317835912.0,-38700000.0,-30100000.0,-244000000.0,-250000000.0,0.0,-492600000.0,-201600000.0,0.0,641800000.0,13700000.0,339900000.0,339900000.0,339900000.0,0.0,-1400000.0,0.036,2109600000.0,569900000.0,804300000.0,0.0,1.091,9.761,10.008,573300000.0,0.0,24.32,0.347,0.356,64400000.0,2145700000.0,9550500000.0,9550500000.0,0.0,0.069,0.113,0.811,0.06,17400000.0,1842100000.0,1.0,136424174.0,139900000.0,141000000.0,68.267,2619300000.0,44700000.0,210600000.0,146900000.0,18.723,363400000.0
10,GME,MRY,2010-12-31,2011-01-29,2011-01-29,2021-09-08,162500000.0,5063800000.0,4794325000.0,2154800000.0,2909000000.0,1.976,19.111,-197600000.0,710800000.0,710800000.0,6936100000.0,406800000.0,1.233,0.748,249000000.0,0.0,249000000.0,249000000.0,0.0,176800000.0,0.0,0.0,0.0,659600000.0,836400000.0,0.088,836400000.0,659600000.0,622600000.0,2.69,2.65,2.69,2897300000.0,2747825000.0,2897300000.0,3244149703.0,5.0,3.879,393600000.0,2.596,1.0,2537600000.0,0.268,2250900000.0,37000000.0,603300000.0,955350000.0,1257500000.0,0.0,0.0,0.0,2167900000.0,1747800000.0,420100000.0,3176308703.0,-194600000.0,-38100000.0,-370400000.0,-200000000.0,0.0,-555600000.0,-240100000.0,0.0,591200000.0,9900000.0,408000000.0,408000000.0,408000000.0,0.0,-1200000.0,0.043,1875000000.0,662600000.0,1028100000.0,0.0,1.096,7.785,7.799,613800000.0,0.0,20.98,0.335,0.336,65500000.0,1805800000.0,9473700000.0,9473700000.0,0.0,0.085,0.148,0.69,0.07,11000000.0,1698800000.0,1.0,151396983.0,151600000.0,154000000.0,62.491,2812900000.0,28800000.0,214600000.0,137600000.0,18.555,407000000.0
11,GME,MRY,2009-12-31,2010-01-30,2010-01-30,2021-09-08,114700000.0,4955300000.0,4642978000.0,2127300000.0,2828000000.0,1.955,16.554,-163800000.0,905400000.0,905400000.0,6643300000.0,375700000.0,1.285,0.82,447300000.0,0.0,447300000.0,447300000.0,0.0,164100000.0,0.0,0.0,0.0,635500000.0,799600000.0,0.088,799600000.0,635500000.0,590100000.0,2.29,2.25,2.29,2723200000.0,2601144750.0,2723200000.0,3412544114.0,5.0,4.268,480400000.0,2.92,1.0,2434700000.0,0.268,2206400000.0,45400000.0,635100000.0,1049633500.0,1053600000.0,0.0,0.0,0.0,2232300000.0,1655700000.0,576600000.0,3257450114.0,327300000.0,-8400000.0,-53900000.0,-100000000.0,0.0,-154400000.0,-187200000.0,0.0,644200000.0,24700000.0,377300000.0,377300000.0,377300000.0,0.0,-1600000.0,0.042,1797700000.0,637000000.0,961700000.0,0.0,1.196,8.634,8.633,584200000.0,0.0,19.77,0.359,0.358,64000000.0,1397800000.0,9078000000.0,9078000000.0,0.0,0.081,0.145,0.605,0.07,38200000.0,1633300000.0,1.0,164767330.0,164500000.0,167900000.0,55.185,2748900000.0,21200000.0,212800000.0,87400000.0,16.711,471600000.0
12,GME,MRY,2008-12-31,2009-01-31,2009-01-31,2021-09-08,-57522000.0,4483494000.0,4046844250.0,1818041000.0,2665453000.0,2.176,13.913,-183200000.0,578141000.0,578141000.0,6535800000.0,398300000.0,1.163,0.975,545712000.0,0.0,545712000.0,545712000.0,0.0,146400000.0,0.0,0.0,0.0,684400000.0,830800000.0,0.094,830800000.0,684400000.0,634000000.0,2.44,2.38,2.44,2270585000.0,2097236250.0,2270585000.0,4125777213.0,6.0,4.966,366000000.0,2.243,1.0,2270100000.0,0.258,2080801000.0,50400000.0,807553000.0,1112165500.0,1075792000.0,0.0,0.0,0.0,2212909000.0,1562711000.0,650198000.0,4058371213.0,-279300000.0,-630700000.0,28900000.0,-30000000.0,0.0,29600000.0,-820900000.0,0.0,549200000.0,-37200000.0,398300000.0,398300000.0,398300000.0,0.0,0.0,0.045,1595000000.0,675100000.0,1047963000.0,0.0,1.787,10.189,10.156,549254000.0,0.0,24.78,0.461,0.459,65981000.0,1020490000.0,8805900000.0,8805900000.0,0.0,0.098,0.19,0.615,0.078,1200000.0,1445400000.0,1.0,163776078.0,163200000.0,167700000.0,53.958,2402693000.0,23615000.0,235700000.0,24018000.0,14.722,255330000.0
13,GME,MRY,2007-12-31,2008-02-02,2008-02-02,2021-09-08,31603000.0,3775891000.0,3439753500.0,1794717000.0,1981174000.0,2.062,11.771,-175569000.0,857414000.0,857414000.0,5280255000.0,288291000.0,1.424,1.027,574473000.0,0.0,574473000.0,574473000.0,0.0,131277000.0,0.0,0.0,0.0,502609000.0,633886000.0,0.089,633886000.0,502609000.0,441056000.0,1.82,1.75,1.82,1862446000.0,1639951750.0,1862446000.0,8750308315.0,17.0,13.804,318477000.0,2.013,1.0,1813707000.0,0.256,1416654000.0,61553000.0,815739000.0,1156778250.0,801025000.0,0.0,0.0,0.0,1913445000.0,1260557000.0,652888000.0,8453887315.0,205011000.0,1061000.0,64883000.0,-282173000.0,0.0,-124231000.0,-176624000.0,0.0,494046000.0,11820000.0,288291000.0,288291000.0,288291000.0,0.0,0.0,0.041,1312286000.0,501421000.0,844376000.0,0.0,4.539,29.324,28.857,511669000.0,0.0,52.52,1.192,1.171,56019000.0,622208000.0,7093962000.0,7093962000.0,0.0,0.084,0.176,0.434,0.071,-66411000.0,1182016000.0,1.0,160965105.0,158226000.0,164844000.0,44.834,2359237000.0,53813000.0,152765000.0,0.0,14.911,534160000.0
14,GME,MRY,2006-12-31,2007-02-03,2007-02-03,2021-09-08,3227000.0,3349584000.0,3051225000.0,1440341000.0,1909243000.0,1.743,9.177,-133930000.0,652403000.0,652403000.0,3847458000.0,158250000.0,1.325,1.435,855484000.0,12173000.0,843311000.0,855484000.0,0.0,110176000.0,0.0,0.0,0.0,338958000.0,449134000.0,0.084,449134000.0,338958000.0,254296000.0,1.06,1.0,1.06,1375878000.0,1246797750.0,1375878000.0,4796057609.0,14.0,10.678,286178000.0,1.909,1.0,1471442000.0,0.277,1403907000.0,84662000.0,1061701000.0,1407692000.0,675385000.0,0.0,0.0,0.0,1973706000.0,1087057000.0,886649000.0,4087761609.0,250810000.0,-11303000.0,33861000.0,-121263000.0,0.0,-43259000.0,-125936000.0,0.0,420108000.0,-103000.0,158250000.0,158250000.0,158250000.0,0.0,0.0,0.03,1137763000.0,333679000.0,717868000.0,0.0,2.971,25.831,25.425,456463000.0,0.0,26.95,0.769,0.76,34268000.0,350596000.0,5318900000.0,5318900000.0,0.0,0.052,0.127,0.241,0.064,-22780000.0,1021113000.0,1.0,151679466.0,149924000.0,158284000.0,35.477,1945677000.0,46207000.0,96046000.0,0.0,12.978,353284000.0
15,GME,MRY,2005-12-31,2006-01-28,2006-01-28,2021-09-08,886000.0,3015821000.0,1951120250.0,1121967000.0,1893854000.0,1.585,9.623,-110696000.0,401593000.0,401593000.0,2219753000.0,100784000.0,1.264,1.705,975990000.0,12527000.0,963463000.0,975990000.0,0.0,66659000.0,0.0,0.0,0.0,190349000.0,257008000.0,0.083,257008000.0,190349000.0,159922000.0,0.87,0.81,0.87,1114713000.0,818893250.0,1114713000.0,3726371581.0,20.0,14.499,180722000.0,1.56,1.0,872030000.0,0.282,1392352000.0,30427000.0,1310192000.0,825765500.0,603178000.0,0.0,0.0,0.0,1901108000.0,887674000.0,1013434000.0,2830738581.0,230601000.0,-886116000.0,20800000.0,928343000.0,0.0,935677000.0,-996812000.0,0.0,291418000.0,318000.0,100784000.0,100784000.0,100784000.0,0.0,0.0,0.033,686816000.0,185214000.0,543288000.0,0.0,2.539,28.087,22.494,432125000.0,0.0,19.57,0.916,0.733,38738000.0,192346000.0,3091783000.0,3091783000.0,0.0,0.052,0.123,0.231,0.062,12655000.0,599343000.0,1.0,144646836.0,115840000.0,124972000.0,26.69,1623469000.0,62119000.0,59138000.0,13640000.0,14.015,234293000.0
16,GME,MRY,2004-12-31,2005-01-29,2005-01-29,2021-09-08,567000.0,915983000.0,875422750.0,424988000.0,490995000.0,2.105,4.967,-98305000.0,170992000.0,170992000.0,1333506000.0,60926000.0,1.354,0.687,36520000.0,12173000.0,24347000.0,36520000.0,0.0,37019000.0,0.0,0.0,0.0,101066000.0,138085000.0,0.075,138085000.0,101066000.0,98911000.0,0.56,0.53,0.56,543011000.0,563169500.0,543011000.0,926315758.0,9.0,6.708,47682000.0,0.436,1.0,509300000.0,0.276,320888000.0,2155000.0,146728000.0,159473750.0,216296000.0,0.0,0.0,0.0,372972000.0,313895000.0,59077000.0,953858758.0,-33913000.0,-62000.0,-117301000.0,36520000.0,0.0,-81606000.0,-98367000.0,0.0,145987000.0,73000.0,60926000.0,60926000.0,60926000.0,0.0,0.0,0.033,410153000.0,99147000.0,206739000.0,0.0,1.757,15.656,16.786,168399000.0,0.0,9.4,0.518,0.558,9812000.0,91621000.0,1842806000.0,1842806000.0,0.0,0.07,0.108,0.634,0.055,5082000.0,373364000.0,1.0,101474336.0,109324000.0,115592000.0,16.856,595095000.0,9488000.0,37985000.0,21257000.0,5.443,111093000.0
17,GME,MRY,2003-12-31,2004-01-31,2004-01-31,2021-09-08,296000.0,902189000.0,816124500.0,472752000.0,429437000.0,1.935,5.273,-64484000.0,204905000.0,204905000.0,1145893000.0,63467000.0,1.665,0.519,0.0,0.0,0.0,0.0,0.0,29487000.0,0.0,0.0,0.0,105851000.0,135338000.0,0.086,135338000.0,105851000.0,105188000.0,0.565,0.53,0.565,594033000.0,561379500.0,594033000.0,827746571.0,8.0,6.116,6793000.0,0.06,1.0,432945000.0,0.274,320826000.0,663000.0,92608000.0,100213000.0,223526000.0,0.0,0.0,0.0,308156000.0,283850000.0,24306000.0,919323571.0,-27125000.0,-3027000.0,-28107000.0,-2296000.0,0.0,-30925000.0,-67511000.0,0.0,71277000.0,34000.0,63467000.0,63467000.0,63467000.0,0.0,0.0,0.04,328561000.0,104384000.0,204011000.0,0.0,1.548,14.485,14.69,107296000.0,0.0,8.3,0.582,0.592,9545000.0,118087000.0,1578838000.0,1578838000.0,0.0,0.078,0.113,1.056,0.067,9702000.0,299193000.0,1.0,110761876.0,112660000.0,119528000.0,14.014,581363000.0,20436000.0,41721000.0,17731000.0,5.16,188902000.0
18,GME,MRY,2002-12-31,2003-02-01,2003-02-01,2021-09-08,0.0,803909000.0,732093750.0,416453000.0,387456000.0,1.848,4.874,-40628000.0,232030000.0,232030000.0,1012145000.0,52404000.0,1.721,0.465,0.0,0.0,0.0,0.0,0.0,23154000.0,0.0,0.0,0.0,89069000.0,112223000.0,0.083,112223000.0,89069000.0,87701000.0,0.465,0.435,0.465,548675000.0,516671250.0,548675000.0,359817090.0,4.0,3.206,53341000.0,0.474,1.0,340646000.0,0.252,317957000.0,1368000.0,11951000.0,50712000.0,161369000.0,0.0,0.0,0.0,255234000.0,241971000.0,13263000.0,484938090.0,151280000.0,0.0,348350000.0,-249623000.0,0.0,98727000.0,-41416000.0,0.0,93969000.0,0.0,52404000.0,52404000.0,52404000.0,0.0,0.0,0.039,253575000.0,87071000.0,160378000.0,0.0,0.884,9.254,9.14,68394000.0,0.0,4.25,0.358,0.354,6893000.0,54620000.0,1352791000.0,1352791000.0,0.0,0.072,0.101,1.756,0.066,1906000.0,230461000.0,1.0,114103080.0,112578000.0,120838000.0,12.016,485952000.0,6034000.0,35297000.0,26205000.0,4.317,174482000.0
19,GME,MRY,2001-12-31,2002-02-02,2002-02-02,2021-09-08,0.0,606843000.0,554754250.0,236704000.0,370139000.0,2.021,-0.055,-20462000.0,80750000.0,80750000.0,854035000.0,6960000.0,1.151,-153.282,0.0,0.0,0.0,0.0,0.0,30297000.0,0.0,,0.0,34210000.0,64507000.0,0.058,64507000.0,34210000.0,14635000.0,0.095,0.09,0.095,-3985000.0,-24237500.0,-3985000.0,,,,57657000.0,0.801,1.0,267103000.0,0.238,317957000.0,19575000.0,2539000.0,51999250.0,138351000.0,0.0,0.0,0.0,610828000.0,205597000.0,405231000.0,,72109000.0,0.0,0.0,14475000.0,0.0,14475000.0,-20485000.0,0.0,78119000.0,0.0,6960000.0,6960000.0,6960000.0,0.0,0.0,0.006,233016000.0,34087000.0,548220000.0,0.0,,,,51623000.0,0.0,,,,5930000.0,2216000.0,1121138000.0,1121138000.0,0.0,0.013,-0.287,0.658,0.031,0.0,202719000.0,1.0,108129110.0,72018000.0,78794000.0,15.567,288886000.0,3418000.0,7675000.0,4455000.0,4.011,31107000.0
20,GME,MRY,2000-12-31,2001-02-03,2001-02-03,2021-09-08,0.0,509757000.0,408839500.0,138435000.0,371322000.0,1.851,-0.286,-25131000.0,8641000.0,8641000.0,570995000.0,-11961000.0,0.988,-25.733,0.0,0.0,0.0,0.0,0.0,22197000.0,0.0,,0.0,5672000.0,27869000.0,0.037,27869000.0,5672000.0,-17797000.0,-0.165,-0.165,-0.165,-20610000.0,-14629500.0,-20610000.0,,,,-25628000.0,-0.356,1.0,185702000.0,0.245,319418000.0,23469000.0,41537000.0,17151500.0,108853000.0,0.0,0.0,0.0,530367000.0,140161000.0,390206000.0,,2029000.0,-156764000.0,0.0,183194000.0,0.0,183194000.0,-180668000.0,0.0,-497000.0,0.0,-11961000.0,-11961000.0,-11961000.0,0.0,0.0,-0.016,180088000.0,5614000.0,487985000.0,0.0,,,,51368000.0,0.0,,,,3726000.0,-4744000.0,756697000.0,756697000.0,0.0,-0.029,0.818,0.331,0.007,0.0,157891000.0,1.0,,72018000.0,72018000.0,10.507,190339000.0,3533000.0,-5836000.0,2862000.0,2.643,-1726000.0
21,GME,MRY,1998-12-31,1999-01-30,1999-01-30,2021-09-08,,,,,,,,-6790000.0,,,350475000.0,21116000.0,,,,,,,,4805000.0,,,0.0,25673000.0,30478000.0,0.066,30478000.0,25673000.0,21698000.0,,,,,,,,,,46033000.0,,1.0,114691000.0,0.247,,3975000.0,,,,,,,,,,,20812000.0,0.0,0.0,-25000000.0,0.0,-25000000.0,-7011000.0,0.0,52823000.0,0.0,21116000.0,21116000.0,21116000.0,0.0,0.0,0.045,89449000.0,25242000.0,,,,,,,0.0,,,,,,465166000.0,465166000.0,0.0,,,,0.055,0.0,84644000.0,1.0,,,,,,,582000.0,,,
0,GME,MRQ,2021-06-30,2021-07-31,2021-07-31,2021-09-08,-56300000.0,3545800000.0,,2657000000.0,888800000.0,,25.51,-13500000.0,1757100000.0,1757100000.0,862500000.0,-61600000.0,2.225,0.915,701000000.0,221500000.0,479500000.0,701000000.0,0.0,17600000.0,0.0,0.0,0.0,-57900000.0,-40300000.0,-0.034,-40300000.0,-57900000.0,-58500000.0,-0.85,-0.85,-0.85,1852000000.0,,1852000000.0,11531253907.0,-81.0,-172.882,-25000000.0,-0.344,1.0,320900000.0,0.271,0.0,600000.0,1295400000.0,,596400000.0,18500000.0,0.0,18500000.0,1693800000.0,1194300000.0,499500000.0,11570853907.0,1004800000.0,0.0,1034400000.0,0.0,0.0,1034400000.0,-13600000.0,0.0,-11500000.0,-4500000.0,-61600000.0,-61600000.0,-61600000.0,0.0,0.0,-0.052,378900000.0,-58000000.0,409700000.0,0.0,6.248,-173.476,-179.022,831800000.0,0.0,161.12,2.071,2.094,68500000.0,346500000.0,1183400000.0,1183400000.0,0.0,,,,,8800000.0,378900000.0,1.0,71815131.0,72600000.0,72600000.0,16.3,3545800000.0,0.0,3100000.0,0.0,48.84,1462700000.0
1,GME,MRQ,2021-03-31,2021-05-01,2021-05-01,2021-09-08,-47200000.0,2562700000.0,,1657200000.0,905500000.0,,13.326,-14700000.0,752100000.0,752100000.0,946700000.0,-66800000.0,1.361,1.914,712500000.0,267500000.0,445000000.0,712500000.0,0.0,18700000.0,0.0,0.0,0.0,-40700000.0,-22000000.0,-0.017,-22000000.0,-40700000.0,-65500000.0,-1.01,-1.01,-1.01,879500000.0,,879500000.0,12568460383.0,-74.0,-137.061,-33500000.0,-0.508,1.0,330100000.0,0.259,0.0,24800000.0,1305200000.0,,570900000.0,18700000.0,0.0,18700000.0,1683200000.0,1217900000.0,465300000.0,12140160383.0,135800000.0,0.0,501800000.0,-332400000.0,0.0,169300000.0,-14700000.0,0.0,-18800000.0,0.0,-66800000.0,-66800000.0,-66800000.0,0.0,0.0,-0.052,370900000.0,-40800000.0,388600000.0,0.0,13.803,-104.297,-98.631,846800000.0,0.0,173.59,2.271,2.143,102100000.0,408100000.0,1276800000.0,1276800000.0,0.0,,,,,5700000.0,370300000.0,1.0,69935828.0,66000000.0,66000000.0,19.345,2562700000.0,0.0,1300000.0,0.0,38.829,439300000.0
2,GME,MRQ,2020-12-31,2021-01-30,2021-01-30,2021-09-08,-49300000.0,2472600000.0,,1551200000.0,921400000.0,,6.688,-27400000.0,618500000.0,618500000.0,1673500000.0,80500000.0,1.155,4.662,1046800000.0,374100000.0,672700000.0,1046800000.0,0.0,19600000.0,0.0,0.0,0.0,19300000.0,38900000.0,0.018,38900000.0,19300000.0,10800000.0,1.25,1.25,1.25,436700000.0,,436700000.0,23236262000.0,-98.0,-149.046,137400000.0,2.104,1.0,448600000.0,0.211,0.0,8500000.0,1558200000.0,,602500000.0,16500000.0,0.0,16500000.0,2035900000.0,1342700000.0,693200000.0,22667762000.0,32400000.0,0.0,4100000.0,-125000000.0,0.0,-120900000.0,-26400000.0,0.0,164800000.0,14900000.0,80500000.0,80500000.0,80500000.0,-200000.0,0.0,0.038,429800000.0,18800000.0,341800000.0,0.0,51.907,-105.285,-98.187,863300000.0,0.0,325.0,4.454,4.15,105300000.0,474900000.0,2122100000.0,2122100000.0,0.0,,,,,1800000.0,419100000.0,1.0,69746960.0,65300000.0,65300000.0,32.498,2472600000.0,0.0,-69700000.0,0.0,37.865,208500000.0
3,GME,MRQ,2020-09-30,2020-10-31,2020-10-31,2021-09-08,-67400000.0,2601400000.0,,1651900000.0,949500000.0,,5.095,28600000.0,586600000.0,586600000.0,728400000.0,-18800000.0,1.048,6.831,1155100000.0,482400000.0,672700000.0,1155100000.0,0.0,19400000.0,0.0,0.0,0.0,-62700000.0,-43300000.0,-0.043,-43300000.0,-62700000.0,-72700000.0,-0.29,-0.29,-0.29,332200000.0,,332200000.0,1113642057.0,-6.0,-11.6,-156000000.0,-2.393,1.0,276300000.0,0.275,0.0,10000000.0,1593200000.0,,861000000.0,16000000.0,0.0,16000000.0,2269200000.0,1576700000.0,692500000.0,682242057.0,-156000000.0,0.0,0.0,13500000.0,0.0,13500000.0,27300000.0,0.0,-184600000.0,-12200000.0,-18800000.0,-18800000.0,-18800000.0,0.0,0.0,-0.019,339300000.0,-63000000.0,440200000.0,0.0,2.054,-2.483,-2.2,859700000.0,0.0,10.47,0.132,0.132,77600000.0,394400000.0,1004700000.0,1004700000.0,0.0,,,,,2200000.0,360400000.0,1.0,65161610.0,65200000.0,65200000.0,15.41,2601400000.0,29200000.0,-53900000.0,0.0,39.899,75200000.0
4,GME,MRQ,2020-06-30,2020-08-01,2020-08-01,2021-09-08,-63900000.0,2375200000.0,,1379900000.0,995300000.0,,5.42,40900000.0,746100000.0,746100000.0,689800000.0,-111300000.0,1.052,5.742,1166500000.0,475100000.0,691400000.0,1166500000.0,0.0,20200000.0,0.0,0.0,0.0,-85500000.0,-65300000.0,-0.069,-65300000.0,-85500000.0,-93400000.0,-1.71,-1.71,-1.71,352300000.0,,352300000.0,984883229.0,-6.0,-13.566,233700000.0,3.595,1.0,252200000.0,0.268,0.0,7900000.0,1483400000.0,,474600000.0,12500000.0,0.0,12500000.0,2022900000.0,1312200000.0,710700000.0,259683229.0,174700000.0,0.0,-500000.0,-79400000.0,0.0,-79900000.0,42100000.0,0.0,192800000.0,19700000.0,-111300000.0,-111300000.0,-111300000.0,300000.0,0.0,-0.118,337800000.0,-85600000.0,256400000.0,0.0,0.737,-0.765,-0.73,908700000.0,0.0,4.01,0.046,0.047,83100000.0,413200000.0,942000000.0,942000000.0,0.0,,,,,2100000.0,348200000.0,1.0,64758910.0,65000000.0,65000000.0,14.492,2375200000.0,29200000.0,17900000.0,0.0,36.542,67700000.0
5,GME,MRQ,2020-03-31,2020-05-02,2020-05-02,2021-09-08,-90900000.0,2469000000.0,,1419900000.0,1049100000.0,,6.744,-6600000.0,570300000.0,570300000.0,738600000.0,-165700000.0,0.934,4.676,1295500000.0,801600000.0,493900000.0,1295500000.0,0.0,21500000.0,0.0,0.0,0.0,-107700000.0,-86200000.0,-0.084,-86200000.0,-107700000.0,-115300000.0,-2.57,-2.57,-2.57,435000000.0,,435000000.0,1079070852.0,-2.0,-2.508,-55900000.0,-0.867,1.0,282400000.0,0.277,0.0,7600000.0,1674500000.0,,654700000.0,13600000.0,0.0,13600000.0,2034000000.0,1519700000.0,514300000.0,389970852.0,70400000.0,0.0,-500000.0,132700000.0,0.0,131900000.0,-6100000.0,0.0,-49300000.0,-6100000.0,-165700000.0,-165700000.0,-165700000.0,600000.0,0.0,-0.162,390400000.0,-108000000.0,212100000.0,0.0,0.896,-0.606,-0.763,962500000.0,0.0,6.05,0.066,0.066,86700000.0,524500000.0,1021000000.0,1021000000.0,0.0,,,,,1800000.0,386500000.0,1.0,64457992.0,64500000.0,64500000.0,15.829,2469000000.0,29200000.0,50400000.0,0.0,38.279,-99800000.0
6,GME,MRQ,2019-12-31,2020-02-01,2020-02-01,2021-09-08,-78800000.0,2819700000.0,,1633700000.0,1186000000.0,,6.989,-17100000.0,499700000.0,499700000.0,1596800000.0,21000000.0,1.32,3.611,1188500000.0,239400000.0,949100000.0,1188500000.0,0.0,26100000.0,0.0,0.099,0.0,72700000.0,98800000.0,0.045,98800000.0,72700000.0,64800000.0,-0.19,-0.19,-0.19,611500000.0,,611500000.0,1137241567.0,-3.0,-3.809,223200000.0,2.551,1.0,597300000.0,0.272,0.0,7900000.0,2270800000.0,,859700000.0,13800000.0,0.0,13800000.0,2208200000.0,1237700000.0,970500000.0,253141567.0,209100000.0,0.0,-22000000.0,0.0,0.0,-22000000.0,-4000000.0,0.0,240300000.0,-5200000.0,21000000.0,21000000.0,21000000.0,3900000.0,0.0,0.01,522100000.0,75200000.0,380800000.0,0.0,0.414,-0.538,-0.714,1042900000.0,0.0,3.84,0.039,0.052,141900000.0,690200000.0,2194100000.0,2194100000.0,0.0,,,,,800000.0,511700000.0,1.0,65922283.0,87500000.0,87500000.0,25.075,2819700000.0,83000000.0,43800000.0,0.0,32.225,396000000.0
7,GME,MRQ,2019-09-30,2019-11-02,2019-11-02,2021-09-08,-71500000.0,3145600000.0,,1863100000.0,1282500000.0,,7.516,-20200000.0,290600000.0,290600000.0,997400000.0,-83400000.0,1.184,4.097,1174400000.0,238500000.0,935900000.0,1174400000.0,0.0,23900000.0,0.0,0.13,0.0,-43800000.0,-19900000.0,-0.014,-19900000.0,-43800000.0,-51800000.0,-1.02,-1.02,-1.02,617100000.0,,617100000.0,1287572372.0,-2.0,-2.497,-28300000.0,-0.345,1.0,441100000.0,0.307,0.0,8000000.0,2455900000.0,,1286700000.0,13800000.0,0.0,13800000.0,2528500000.0,1573500000.0,955000000.0,528272372.0,-133300000.0,5200000.0,-114000000.0,0.0,0.0,-114000000.0,-14700000.0,0.0,-8100000.0,3400000.0,-83400000.0,-83400000.0,-83400000.0,200000.0,0.0,-0.058,486700000.0,-45600000.0,709900000.0,0.0,0.856,-0.777,-0.843,1045200000.0,0.0,5.84,0.072,0.065,145700000.0,688500000.0,1438500000.0,1438500000.0,0.0,,,,,2900000.0,475400000.0,1.0,90457598.0,82100000.0,82100000.0,17.521,3145600000.0,157800000.0,31600000.0,0.0,38.314,289600000.0
8,GME,MRQ,2019-06-30,2019-08-03,2019-08-03,2021-09-08,-75100000.0,2987900000.0,,1667600000.0,1320300000.0,,8.097,-22600000.0,424000000.0,424000000.0,886600000.0,-415300000.0,1.37,2.69,1183300000.0,240300000.0,943000000.0,1183300000.0,0.0,22900000.0,0.0,0.302,0.0,-445800000.0,-422900000.0,-0.329,-422900000.0,-445800000.0,-455400000.0,-4.15,-4.15,-4.15,809700000.0,,809700000.0,1114876593.0,-1.0,-1.157,-4300000.0,-0.043,1.0,399100000.0,0.31,0.0,9600000.0,2530400000.0,,948900000.0,0.0,0.0,0.0,2178200000.0,1216800000.0,961400000.0,386576593.0,-118700000.0,0.0,-63100000.0,-51400000.0,-200000.0,-114700000.0,-23500000.0,0.0,18300000.0,1300000.0,-415300000.0,-415300000.0,-415300000.0,1700000.0,0.0,-0.323,845800000.0,-446700000.0,368300000.0,0.0,0.477,-0.356,-0.354,1081700000.0,0.0,3.78,0.049,0.048,122400000.0,884700000.0,1285700000.0,1285700000.0,0.0,,,,,3300000.0,481900000.0,1.0,102268940.0,100000000.0,100000000.0,12.857,2987900000.0,157800000.0,-40100000.0,0.0,29.879,450800000.0
9,GME,MRQ,2019-03-31,2019-05-04,2019-05-04,2021-09-08,-68200000.0,3633300000.0,,1920100000.0,1713200000.0,,12.614,-18600000.0,543200000.0,543200000.0,1076500000.0,6800000.0,1.48,1.813,1271500000.0,250000000.0,1021500000.0,1271500000.0,0.0,23300000.0,0.0,0.169,0.38,22100000.0,45400000.0,0.029,45400000.0,22100000.0,9100000.0,0.07,0.07,0.07,1291700000.0,,1291700000.0,113738892.0,0.0,-0.231,-683600000.0,-6.676,1.0,471200000.0,0.304,363900000.0,13000000.0,2700400000.0,,1149100000.0,0.0,0.0,0.0,2341600000.0,1297300000.0,1044300000.0,917338892.0,-1084100000.0,0.0,-600000.0,-353100000.0,-40300000.0,-394000000.0,-18700000.0,0.0,-665000000.0,-6400000.0,6800000.0,6800000.0,6800000.0,700000.0,0.0,0.004,453700000.0,17500000.0,458400000.0,5.429,0.71,-1.321,-1.323,1120300000.0,0.0,8.97,0.114,0.114,126000000.0,1330800000.0,1547700000.0,1547700000.0,0.0,,,,,1900000.0,453700000.0,1.0,102267435.0,102400000.0,102500000.0,15.114,3269400000.0,147300000.0,2300000.0,0.0,31.928,622800000.0
10,GME,MRQ,2018-12-31,2019-02-02,2019-02-02,2021-09-08,-54300000.0,4044300000.0,,3127700000.0,916600000.0,,13.049,-27800000.0,1624400000.0,1624400000.0,2314200000.0,-187700000.0,1.434,2.027,820800000.0,349200000.0,471600000.0,820800000.0,0.0,29500000.0,0.0,0.135,0.38,-147700000.0,-118200000.0,-0.039,-118200000.0,-147700000.0,-161800000.0,-1.83,-1.83,-1.83,1336200000.0,,1336200000.0,1511615262.0,-3.0,-3.377,476500000.0,4.653,1.0,748800000.0,0.244,363900000.0,14100000.0,695700000.0,,1250500000.0,0.0,0.0,0.0,2708100000.0,2181100000.0,527000000.0,1146115262.0,1176900000.0,727900000.0,0.0,0.0,-38700000.0,-38700000.0,701700000.0,0.0,504300000.0,3700000.0,-187700000.0,-187700000.0,-187700000.0,-80800000.0,0.0,-0.061,980900000.0,-232100000.0,1051900000.0,-0.208,0.858,-1.703,-1.706,321300000.0,0.0,11.24,0.138,0.139,134200000.0,1362700000.0,3063000000.0,3063000000.0,0.0,,,,,-2100000.0,633000000.0,1.0,101967550.0,102400000.0,102400000.0,29.912,3680400000.0,147300000.0,25900000.0,0.0,35.941,946600000.0
11,GME,MRQ,2018-09-30,2018-11-03,2018-11-03,2021-09-08,-54000000.0,4656700000.0,,3263000000.0,1393700000.0,,15.314,-25800000.0,448600000.0,448600000.0,1377200000.0,-488600000.0,1.276,1.975,820000000.0,348800000.0,471200000.0,820000000.0,0.0,30500000.0,0.0,0.097,0.38,-498500000.0,-468000000.0,-0.242,-468000000.0,-498500000.0,-512600000.0,-4.78,-4.78,-4.78,1565100000.0,,1565100000.0,2130986270.0,-5.0,-7.654,224900000.0,2.201,1.0,558200000.0,0.288,777000000.0,14100000.0,1694400000.0,,1881500000.0,0.0,0.0,0.0,3091600000.0,2556700000.0,534900000.0,1591386270.0,176700000.0,0.0,-900000.0,0.0,-38800000.0,-39700000.0,-28400000.0,0.0,250700000.0,-6800000.0,-488600000.0,-488600000.0,-488600000.0,-18300000.0,0.0,-0.252,1076100000.0,-517900000.0,1452800000.0,-0.079,1.017,-2.692,-2.696,323900000.0,0.0,15.61,0.198,0.198,152300000.0,1589200000.0,1935400000.0,1935400000.0,0.0,,,,,3200000.0,463600000.0,1.0,101946590.0,102200000.0,102200000.0,18.937,3879700000.0,189000000.0,-24000000.0,0.0,37.962,706300000.0
12,GME,MRQ,2018-06-30,2018-08-04,2018-08-04,2021-09-08,-40400000.0,4282400000.0,,2324800000.0,1957600000.0,,20.609,-22500000.0,272800000.0,272800000.0,1031100000.0,-24900000.0,1.801,1.035,819200000.0,0.0,819200000.0,819200000.0,0.0,32500000.0,0.0,0.102,0.38,16900000.0,49400000.0,0.033,49400000.0,16900000.0,2500000.0,-0.24,-0.24,-0.24,2104200000.0,,2104200000.0,2084182479.0,12.0,6.629,79500000.0,0.779,1.0,470000000.0,0.313,1337900000.0,14400000.0,2200100000.0,,1130600000.0,0.0,0.0,0.0,2178200000.0,1290800000.0,887400000.0,1512782479.0,30500000.0,0.0,0.0,0.0,-39000000.0,-39000000.0,-21400000.0,0.0,102000000.0,-9400000.0,-24900000.0,-24900000.0,-24900000.0,-14900000.0,0.0,-0.017,468500000.0,1500000.0,535800000.0,-1.583,0.719,-35.018,-35.357,325800000.0,0.0,14.85,0.187,0.187,121800000.0,2117000000.0,1501100000.0,1501100000.0,0.0,,,,,2000000.0,441500000.0,1.0,101870874.0,102100000.0,102100000.0,14.702,2944500000.0,153600000.0,27400000.0,5000000.0,28.839,1034000000.0
13,GME,MRQ,2018-03-31,2018-05-05,2018-05-05,2021-09-08,-23000000.0,4308400000.0,,2327300000.0,1981100000.0,,21.449,-17600000.0,242100000.0,242100000.0,1254700000.0,28200000.0,1.893,0.973,818600000.0,0.0,818600000.0,818600000.0,0.0,34400000.0,0.0,0.117,0.38,54800000.0,89200000.0,0.05,89200000.0,54800000.0,40600000.0,0.28,0.28,0.28,2183500000.0,,2183500000.0,1274083147.0,6.0,3.677,-549500000.0,-5.398,1.0,531100000.0,0.297,1342300000.0,14200000.0,2313000000.0,,1184500000.0,0.0,0.0,0.0,2124900000.0,1229600000.0,895300000.0,1320583147.0,-612700000.0,0.0,-4200000.0,-12200000.0,-40900000.0,-57300000.0,-16400000.0,0.0,-531900000.0,-12200000.0,28200000.0,28200000.0,28200000.0,-7800000.0,0.0,0.016,484600000.0,46500000.0,547800000.0,1.357,0.605,338.611,325.0,333500000.0,0.0,13.0,0.159,0.16,104500000.0,2180900000.0,1785800000.0,1785800000.0,0.0,,,,,7600000.0,456100000.0,1.0,101583319.0,101800000.0,102000000.0,17.542,2966100000.0,153600000.0,12400000.0,5000000.0,29.137,1097700000.0
14,GME,MRQ,2017-12-31,2018-02-03,2018-02-03,2021-09-08,12200000.0,5041600000.0,,3018400000.0,2023200000.0,,21.839,-27800000.0,854200000.0,854200000.0,2355700000.0,-105900000.0,1.563,1.277,817900000.0,0.0,817900000.0,817900000.0,0.0,38700000.0,0.0,0.094,0.38,12300000.0,51000000.0,0.018,51000000.0,12300000.0,-1900000.0,-1.05,-1.05,-1.05,2214500000.0,,2214500000.0,2006670315.0,8.0,5.056,424200000.0,4.183,1.0,469300000.0,0.166,1443000000.0,14200000.0,1631500000.0,,1250300000.0,0.0,0.0,0.0,2827100000.0,1930800000.0,896300000.0,1644170315.0,405700000.0,3800000.0,3400000.0,0.0,-38500000.0,-38600000.0,-22600000.0,0.0,452000000.0,20300000.0,-105900000.0,-105900000.0,-105900000.0,195700000.0,0.0,-0.037,262400000.0,206900000.0,892300000.0,-0.362,0.742,47.382,47.735,351000000.0,0.0,16.23,0.192,0.193,138600000.0,2180100000.0,2825000000.0,2825000000.0,0.0,,,,,9400000.0,360900000.0,1.0,101304394.0,101400000.0,101500000.0,27.86,3598600000.0,158200000.0,104000000.0,42500000.0,35.489,1087600000.0
15,GME,MRQ,2017-09-30,2017-10-28,2017-10-28,2021-09-08,-24300000.0,5474000000.0,,2671000000.0,2803000000.0,,22.795,-38400000.0,454700000.0,454700000.0,1299200000.0,59400000.0,1.205,1.366,817200000.0,0.0,817200000.0,817200000.0,0.0,37000000.0,0.0,0.078,0.38,87800000.0,124800000.0,0.063,124800000.0,87800000.0,73700000.0,0.59,0.59,0.59,2313700000.0,,2313700000.0,2513580474.0,5.0,3.884,256200000.0,2.524,1.0,689400000.0,0.347,2201200000.0,14100000.0,1417800000.0,,1822500000.0,0.0,0.0,0.0,3160300000.0,2217500000.0,942800000.0,1959280474.0,191600000.0,0.0,-100000.0,-21800000.0,-38500000.0,-60400000.0,-37400000.0,0.0,294600000.0,-5200000.0,59400000.0,59400000.0,59400000.0,0.0,0.0,0.03,601800000.0,87600000.0,1285100000.0,0.644,0.847,5.609,5.655,457900000.0,0.0,19.34,0.241,0.242,195800000.0,2325100000.0,1988600000.0,1988600000.0,0.0,,,,,5000000.0,565100000.0,1.0,101307160.0,101500000.0,101500000.0,19.592,3272800000.0,73200000.0,14300000.0,39700000.0,32.244,453500000.0
16,GME,MRQ,2017-06-30,2017-07-29,2017-07-29,2021-09-08,-1100000.0,4609800000.0,,1790600000.0,2819200000.0,,22.798,-27200000.0,262100000.0,262100000.0,1063900000.0,22200000.0,1.339,0.994,816400000.0,0.0,816400000.0,816400000.0,0.0,37900000.0,0.0,0.07,0.38,43600000.0,81500000.0,0.048,81500000.0,43600000.0,29200000.0,0.22,0.22,0.22,2311700000.0,,2311700000.0,2680972044.0,5.0,4.039,-82100000.0,-0.81,1.0,623700000.0,0.37,2210100000.0,14400000.0,1616300000.0,,1140600000.0,0.0,0.0,0.0,2298100000.0,1337700000.0,960400000.0,2177172044.0,-45400000.0,54700000.0,0.0,0.0,-38500000.0,-38500000.0,26600000.0,0.0,-54900000.0,21400000.0,22200000.0,22200000.0,22200000.0,0.0,0.0,0.013,580100000.0,43600000.0,469800000.0,1.727,0.942,6.39,6.476,457400000.0,0.0,21.5,0.269,0.269,185400000.0,2304800000.0,1687600000.0,1687600000.0,0.0,,,,,5300000.0,542400000.0,1.0,101263816.0,101400000.0,101500000.0,16.643,2399700000.0,73200000.0,7000000.0,34400000.0,23.666,452900000.0
17,GME,MRQ,2017-03-31,2017-04-29,2017-04-29,2021-09-08,-55500000.0,4683400000.0,,1847000000.0,2836400000.0,,22.398,-20000000.0,311900000.0,311900000.0,1343400000.0,59000000.0,1.26,1.064,815700000.0,0.0,815700000.0,815700000.0,0.0,38300000.0,0.0,0.066,0.38,101300000.0,139600000.0,0.068,139600000.0,101300000.0,87200000.0,0.58,0.58,0.58,2268900000.0,,2268900000.0,2442074323.0,5.0,3.579,-276800000.0,-2.732,1.0,702500000.0,0.343,2237600000.0,14100000.0,1484000000.0,,1216900000.0,0.0,0.0,0.0,2414500000.0,1465600000.0,948900000.0,2296474323.0,-357500000.0,-8500000.0,-25300000.0,0.0,-39700000.0,-65000000.0,-27200000.0,0.0,-256800000.0,-8500000.0,59000000.0,59000000.0,59000000.0,0.0,0.0,0.029,601400000.0,101100000.0,526100000.0,0.655,1.012,6.63,6.733,453600000.0,0.0,22.69,0.286,0.286,172500000.0,2321700000.0,2045900000.0,2045900000.0,0.0,,,,,5900000.0,563500000.0,1.0,101210856.0,101300000.0,101400000.0,20.196,2445800000.0,73200000.0,28200000.0,117100000.0,24.144,381400000.0
18,GME,MRQ,2016-12-31,2017-01-28,2017-01-28,2021-09-08,-47300000.0,4975900000.0,,2140700000.0,2835200000.0,,22.056,-36900000.0,669400000.0,669400000.0,1904000000.0,208700000.0,1.215,1.207,815000000.0,0.0,815000000.0,815000000.0,0.0,41700000.0,0.0,0.061,0.37,259600000.0,301300000.0,0.125,301300000.0,259600000.0,245500000.0,2.03,2.01,2.03,2254100000.0,,2254100000.0,2934770991.0,6.0,4.205,368600000.0,3.607,1.0,498500000.0,0.207,2232400000.0,14100000.0,1127600000.0,,1121500000.0,0.0,0.0,0.0,2721800000.0,1761500000.0,960300000.0,2476570991.0,311600000.0,-100000.0,-19800000.0,-400000.0,-37700000.0,-58100000.0,-35900000.0,0.0,405500000.0,2300000.0,208700000.0,208700000.0,208700000.0,-48700000.0,0.0,0.087,287900000.0,210600000.0,616600000.0,0.182,1.099,7.012,7.108,471000000.0,0.0,24.31,0.311,0.316,220900000.0,2301300000.0,2402500000.0,2402500000.0,0.0,,,,,800000.0,255600000.0,1.0,101874578.0,102200000.0,102600000.0,23.508,2743500000.0,59000000.0,36800000.0,77000000.0,26.844,379200000.0
19,GME,MRQ,2016-09-30,2016-10-29,2016-10-29,2021-09-08,-45700000.0,5230600000.0,,2358800000.0,2871800000.0,,20.483,-39700000.0,356100000.0,356100000.0,1251000000.0,50800000.0,1.097,1.463,814300000.0,0.0,814300000.0,814300000.0,0.0,42600000.0,0.0,0.062,0.37,98800000.0,141400000.0,0.072,141400000.0,98800000.0,84000000.0,0.49,0.49,0.49,2124100000.0,,2124100000.0,3009158782.0,5.0,3.659,528100000.0,5.093,1.0,708200000.0,0.361,2254500000.0,14800000.0,1283200000.0,,1633600000.0,0.0,0.0,0.0,3106500000.0,2151100000.0,955400000.0,2485158782.0,66600000.0,-393300000.0,-33900000.0,0.0,-38500000.0,-72500000.0,-432500000.0,0.0,567800000.0,3800000.0,50800000.0,50800000.0,50800000.0,0.0,0.0,0.026,609400000.0,98800000.0,1242600000.0,0.755,1.17,6.335,6.39,503100000.0,0.0,23.9,0.273,0.273,181100000.0,2169700000.0,1959200000.0,1959200000.0,0.0,,,,,5100000.0,567100000.0,1.0,103981539.0,103700000.0,104000000.0,18.893,2976100000.0,39000000.0,33200000.0,60800000.0,28.699,207700000.0
20,GME,MRQ,2016-06-30,2016-07-30,2016-07-30,2021-09-08,-38800000.0,4133600000.0,,1684400000.0,2449200000.0,,20.683,-36700000.0,289500000.0,289500000.0,1014100000.0,27900000.0,1.594,0.922,813500000.0,0.0,813500000.0,813500000.0,0.0,41400000.0,0.0,0.047,0.37,58600000.0,100000000.0,0.061,100000000.0,58600000.0,44700000.0,0.27,0.27,0.27,2151000000.0,,2151000000.0,3556322726.0,6.0,4.382,-96800000.0,-0.931,1.0,617700000.0,0.379,1859700000.0,13900000.0,1741400000.0,,1093000000.0,0.0,0.0,0.0,1982600000.0,1056500000.0,926100000.0,3217322726.0,-184100000.0,-46900000.0,-200000.0,0.0,-38400000.0,-38900000.0,-81100000.0,0.0,-60100000.0,-4000000.0,27900000.0,27900000.0,27900000.0,0.0,0.0,0.017,559400000.0,58300000.0,370700000.0,1.37,1.496,8.096,8.188,480900000.0,0.0,30.95,0.352,0.352,126600000.0,2184500000.0,1631800000.0,1631800000.0,0.0,,,,,6000000.0,518400000.0,1.0,103952269.0,104000000.0,104300000.0,15.69,2273900000.0,39000000.0,16800000.0,33500000.0,21.864,627900000.0
21,GME,MRQ,2016-03-31,2016-04-30,2016-04-30,2021-09-08,-39600000.0,4446000000.0,,2037100000.0,2408900000.0,,20.772,-29400000.0,473600000.0,473600000.0,1296000000.0,65800000.0,1.491,1.062,812400000.0,0.0,812400000.0,812400000.0,0.0,41000000.0,0.0,0.044,0.37,114200000.0,155200000.0,0.079,155200000.0,114200000.0,103200000.0,0.63,0.63,0.63,2156100000.0,,2156100000.0,3307125322.0,5.0,4.126,-405500000.0,-3.907,1.0,675500000.0,0.343,1825400000.0,11000000.0,1593400000.0,,1264100000.0,0.0,0.0,0.0,2289900000.0,1366000000.0,923900000.0,3407125322.0,23200000.0,-900000.0,-17600000.0,466900000.0,-40900000.0,408200000.0,-27900000.0,0.0,-376100000.0,19000000.0,65800000.0,65800000.0,65800000.0,0.0,0.0,0.033,561500000.0,114000000.0,608500000.0,0.587,1.58,8.63,8.747,483300000.0,0.0,32.8,0.367,0.367,139000000.0,2195600000.0,1971500000.0,1971500000.0,0.0,,,,,6700000.0,520800000.0,1.0,103875772.0,103800000.0,104200000.0,18.993,2620600000.0,38800000.0,37400000.0,80200000.0,25.247,671100000.0
22,GME,MRQ,2015-12-31,2016-01-30,2016-01-30,2021-09-08,-88800000.0,4330300000.0,,1937500000.0,2392800000.0,,19.971,-43800000.0,450400000.0,450400000.0,2481800000.0,247800000.0,1.08,1.081,345400000.0,0.0,345400000.0,345400000.0,0.0,43700000.0,0.0,0.055,0.36,382000000.0,425700000.0,0.121,425700000.0,382000000.0,376400000.0,2.35,2.33,2.35,2081000000.0,,2081000000.0,2908109349.0,4.0,3.604,424900000.0,4.078,1.0,1043200000.0,0.296,1807100000.0,5600000.0,623800000.0,,1163000000.0,0.0,0.0,0.0,2249300000.0,1794400000.0,454900000.0,2743409349.0,264200000.0,-63200000.0,-43200000.0,-2200000.0,-39000000.0,-86900000.0,-106900000.0,0.0,468700000.0,-10700000.0,247800000.0,247800000.0,247800000.0,0.0,0.0,0.07,661300000.0,381900000.0,631900000.0,0.153,1.318,6.811,6.897,484500000.0,0.0,26.21,0.293,0.297,176500000.0,2169700000.0,3525000000.0,3525000000.0,0.0,,,,,7700000.0,613300000.0,1.0,104670330.0,104200000.0,105200000.0,33.829,2523200000.0,39000000.0,128600000.0,150700000.0,24.215,143100000.0
23,GME,MRQ,2015-09-30,2015-10-31,2015-10-31,2021-09-08,-61300000.0,4830100000.0,,2493100000.0,2337000000.0,,18.421,-53600000.0,186200000.0,186200000.0,1360700000.0,55900000.0,1.051,1.488,346000000.0,900000.0,345100000.0,346000000.0,0.0,39900000.0,0.0,0.031,0.36,90700000.0,130600000.0,0.065,130600000.0,90700000.0,84200000.0,0.53,0.53,0.53,1941600000.0,,1941600000.0,5086180994.0,8.0,6.312,157500000.0,1.494,1.0,655600000.0,0.325,1770600000.0,6500000.0,847600000.0,,1856300000.0,0.0,0.0,0.0,2888500000.0,2371700000.0,516800000.0,4859880994.0,50000000.0,-4300000.0,-44600000.0,-11000000.0,-37900000.0,-93200000.0,-64200000.0,0.0,211100000.0,-3700000.0,55900000.0,55900000.0,55900000.0,0.0,0.0,0.028,564900000.0,90700000.0,1461100000.0,0.679,2.503,12.177,12.657,477500000.0,0.0,46.07,0.522,0.521,185500000.0,2002800000.0,2016300000.0,2016300000.0,0.0,,,,,6500000.0,525500000.0,1.0,105489060.0,105400000.0,106100000.0,19.13,3059500000.0,92700000.0,28300000.0,129300000.0,29.028,121400000.0
24,GME,MRQ,2015-06-30,2015-08-01,2015-08-01,2021-09-08,-55400000.0,3833500000.0,,1500300000.0,2333200000.0,,18.472,-48000000.0,136200000.0,136200000.0,1181400000.0,25300000.0,1.116,0.949,357200000.0,12500000.0,344700000.0,357200000.0,0.0,38300000.0,0.0,0.03,0.36,51800000.0,90100000.0,0.051,90100000.0,51800000.0,46100000.0,0.24,0.24,0.24,1967300000.0,,1967300000.0,4875410258.0,7.0,6.066,57600000.0,0.541,1.0,580500000.0,0.329,1773600000.0,5700000.0,936400000.0,,988300000.0,0.0,0.0,0.0,1866200000.0,1344500000.0,521700000.0,4893110258.0,-233600000.0,-189100000.0,-59400000.0,11000000.0,-38400000.0,-86000000.0,-235300000.0,0.0,105600000.0,-17900000.0,25300000.0,25300000.0,25300000.0,0.0,0.0,0.014,528800000.0,51700000.0,481100000.0,1.5,2.487,12.245,12.701,463300000.0,0.0,45.85,0.521,0.52,118300000.0,2022600000.0,1761900000.0,1761900000.0,0.0,,,,,6800000.0,490800000.0,1.0,106719962.0,106500000.0,107200000.0,16.544,2059900000.0,92700000.0,20800000.0,99500000.0,19.342,155800000.0
25,GME,MRQ,2015-03-31,2015-05-02,2015-05-02,2021-09-08,-15000000.0,3941000000.0,,1755500000.0,2185500000.0,,19.227,-27800000.0,369800000.0,369800000.0,1421600000.0,73800000.0,1.305,0.901,346500000.0,2100000.0,344400000.0,346500000.0,0.0,36300000.0,0.0,0.034,0.36,124100000.0,160400000.0,0.078,160400000.0,124100000.0,118500000.0,0.68,0.68,0.68,2072700000.0,,2072700000.0,3966900488.0,6.0,5.023,-156400000.0,-1.451,1.0,639000000.0,0.31,1634900000.0,5600000.0,937100000.0,,1076700000.0,0.0,0.0,0.0,1868300000.0,1345700000.0,522600000.0,4221300488.0,-240300000.0,-10900000.0,-47100000.0,0.0,-38800000.0,-80100000.0,-38200000.0,0.0,-128600000.0,6600000.0,73800000.0,73800000.0,73800000.0,0.0,0.0,0.036,515100000.0,123900000.0,585100000.0,0.529,2.037,10.582,10.911,448200000.0,0.0,39.17,0.451,0.451,99500000.0,2087600000.0,2060600000.0,2060600000.0,0.0,,,,,4500000.0,479300000.0,1.0,107768713.0,107800000.0,108400000.0,19.115,2306100000.0,90000000.0,44700000.0,145300000.0,21.392,409800000.0
26,GME,MRQ,2014-12-31,2015-01-31,2015-01-31,2021-09-08,-25400000.0,4246300000.0,,2062500000.0,2183800000.0,,19.092,-53100000.0,610100000.0,610100000.0,2499700000.0,244100000.0,1.258,1.054,355700000.0,5100000.0,350600000.0,355700000.0,0.0,38500000.0,0.0,0.037,0.33,386200000.0,424700000.0,0.122,424700000.0,386200000.0,380700000.0,2.19,2.17,2.19,2067700000.0,,2067700000.0,3805168766.0,6.0,4.907,390800000.0,3.608,1.0,976400000.0,0.281,1628200000.0,5500000.0,724000000.0,,1144800000.0,0.0,0.0,0.0,2178600000.0,1639700000.0,538900000.0,3825168766.0,236100000.0,-6900000.0,-72700000.0,0.0,-35900000.0,-108500000.0,-60200000.0,0.0,443900000.0,-39100000.0,244100000.0,244100000.0,244100000.0,0.0,0.0,0.07,590500000.0,385900000.0,815600000.0,0.151,1.85,9.731,10.071,454200000.0,0.0,35.25,0.411,0.425,113500000.0,2093000000.0,3476100000.0,3476100000.0,0.0,,,,,7200000.0,550300000.0,1.0,108515426.0,108300000.0,109600000.0,32.097,2618100000.0,89900000.0,136600000.0,111300000.0,24.175,422800000.0
27,GME,MRQ,2014-09-30,2014-11-01,2014-11-01,2021-09-08,61800000.0,4641600000.0,,2443700000.0,2197900000.0,,17.95,-55000000.0,374000000.0,374000000.0,1470000000.0,56400000.0,1.136,1.311,354000000.0,3800000.0,350200000.0,354000000.0,0.0,38600000.0,0.0,0.03,0.33,89900000.0,128500000.0,0.061,128500000.0,89900000.0,86700000.0,0.5,0.5,0.5,2008600000.0,,2008600000.0,4839055373.0,8.0,6.426,256900000.0,2.296,1.0,622200000.0,0.297,1643300000.0,3200000.0,826900000.0,,1714400000.0,0.0,0.0,0.0,2633000000.0,2151400000.0,481600000.0,4817655373.0,181000000.0,-27300000.0,-131900000.0,133600000.0,-37200000.0,-34300000.0,-80200000.0,0.0,311900000.0,-16400000.0,56400000.0,56400000.0,56400000.0,0.0,0.0,0.027,532400000.0,89800000.0,1316100000.0,0.66,2.399,13.038,13.404,465000000.0,0.0,42.76,0.507,0.503,116900000.0,1946700000.0,2092200000.0,2092200000.0,0.0,,,,,400000.0,494300000.0,1.0,112667338.0,111900000.0,112900000.0,18.697,2998300000.0,117100000.0,30300000.0,74100000.0,26.794,292300000.0
28,GME,MRQ,2014-06-30,2014-08-02,2014-08-02,2021-09-08,104100000.0,3763500000.0,,1586300000.0,2177200000.0,,19.202,-26900000.0,193000000.0,193000000.0,1180500000.0,24600000.0,1.096,0.725,214400000.0,214100000.0,300000.0,214400000.0,0.0,39300000.0,0.0,0.029,0.33,36800000.0,76100000.0,0.044,76100000.0,36800000.0,35600000.0,0.22,0.22,0.22,2181400000.0,,2181400000.0,4562909324.0,7.0,5.884,-25000000.0,-0.22,1.0,550900000.0,0.318,1642600000.0,1200000.0,694600000.0,,1061000000.0,0.0,0.0,0.0,1582100000.0,1447700000.0,134400000.0,4693209324.0,-15900000.0,-15500000.0,-72500000.0,135000000.0,-37500000.0,26400000.0,-43200000.0,0.0,1900000.0,-1000000.0,24600000.0,24600000.0,24600000.0,0.0,0.0,0.014,514200000.0,36700000.0,460800000.0,1.5,2.151,12.296,12.567,449700000.0,0.0,41.22,0.493,0.492,91200000.0,2011400000.0,1731400000.0,1731400000.0,0.0,,,,,5300000.0,475400000.0,1.0,113857577.0,113600000.0,114300000.0,15.241,2120900000.0,59200000.0,11000000.0,88600000.0,18.67,138600000.0
29,GME,MRQ,2014-03-31,2014-05-03,2014-05-03,2021-09-08,111700000.0,3807500000.0,,1642400000.0,2165100000.0,,19.698,-24600000.0,208900000.0,208900000.0,1369900000.0,68000000.0,1.153,0.679,78600000.0,77700000.0,900000.0,78600000.0,0.0,40100000.0,0.0,0.029,0.33,106100000.0,146200000.0,0.073,146200000.0,106100000.0,105300000.0,0.59,0.59,0.59,2267200000.0,,2267200000.0,4070812606.0,7.0,5.357,-301800000.0,-2.622,1.0,626400000.0,0.314,1641400000.0,800000.0,611300000.0,,1200100000.0,0.0,0.0,0.0,1540300000.0,1424500000.0,115800000.0,4603012606.0,-327300000.0,-27600000.0,-53300000.0,73700000.0,-38200000.0,-14800000.0,-52300000.0,0.0,-277200000.0,17000000.0,68000000.0,68000000.0,68000000.0,0.0,0.0,0.034,520500000.0,105900000.0,612300000.0,0.559,2.03,12.522,12.673,464300000.0,0.0,39.92,0.502,0.501,86000000.0,2025100000.0,1996300000.0,1996300000.0,0.0,,,,,2900000.0,481000000.0,1.0,115305927.0,115100000.0,115900000.0,17.344,2166100000.0,57200000.0,37300000.0,56600000.0,18.819,217900000.0
30,GME,MRQ,2013-12-31,2014-02-01,2014-02-01,2021-09-08,82500000.0,4091400000.0,,1949600000.0,2141800000.0,,19.459,-49600000.0,536200000.0,536200000.0,2680800000.0,220500000.0,1.13,0.817,4000000.0,2400000.0,1600000.0,4000000.0,0.0,43500000.0,0.0,0.031,0.275,358800000.0,402300000.0,0.109,402300000.0,358800000.0,356600000.0,1.88,1.87,1.88,2251400000.0,,2251400000.0,3412382547.0,6.0,4.589,222900000.0,1.927,1.0,1003000000.0,0.272,1609000000.0,2200000.0,224200000.0,,1198900000.0,0.0,0.0,0.0,1840000000.0,1726000000.0,114000000.0,4061482547.0,64300000.0,-14800000.0,-50200000.0,-31800000.0,-32200000.0,-112900000.0,-70200000.0,0.0,272500000.0,-25100000.0,220500000.0,220500000.0,220500000.0,0.0,0.0,0.06,644600000.0,358400000.0,783900000.0,0.146,1.804,11.467,11.613,476200000.0,0.0,35.07,0.449,0.455,84400000.0,1995900000.0,3683800000.0,3683800000.0,0.0,,,,,1400000.0,573100000.0,1.0,115810737.0,115700000.0,116900000.0,31.839,2482400000.0,51700000.0,136100000.0,115400000.0,21.455,223600000.0
31,GME,MRQ,2013-09-30,2013-11-02,2013-11-02,2021-09-08,118600000.0,4565000000.0,,2457500000.0,2107500000.0,,18.384,-28700000.0,471900000.0,471900000.0,1508300000.0,68600000.0,1.061,1.126,0.0,0.0,0.0,0.0,0.0,41500000.0,0.0,0.02,0.275,109400000.0,150900000.0,0.072,150900000.0,109400000.0,108400000.0,0.59,0.58,0.59,2147300000.0,,2147300000.0,6285671648.0,10.0,7.871,546800000.0,4.682,1.0,598400000.0,0.284,1514300000.0,1000000.0,263200000.0,,1717000000.0,0.0,0.0,0.0,2417700000.0,2315600000.0,102100000.0,6435171648.0,344500000.0,-62600000.0,-75000000.0,-50000000.0,-32500000.0,-149500000.0,-91400000.0,0.0,575500000.0,9900000.0,68600000.0,68600000.0,68600000.0,0.0,0.0,0.033,489300000.0,109100000.0,1356600000.0,0.466,2.997,16.3,17.532,472900000.0,0.0,55.05,0.722,0.721,88600000.0,1807800000.0,2106700000.0,2106700000.0,0.0,,,,,-4300000.0,448500000.0,1.0,116896851.0,116800000.0,118100000.0,18.037,3050700000.0,85400000.0,39800000.0,26200000.0,26.119,141900000.0
32,GME,MRQ,2013-06-30,2013-08-03,2013-08-03,2021-09-08,98300000.0,3438300000.0,,1392400000.0,2045900000.0,,18.293,-23000000.0,127400000.0,127400000.0,902300000.0,10500000.0,1.182,0.594,50000000.0,50000000.0,0.0,50000000.0,0.0,41600000.0,0.0,0.021,0.275,18900000.0,60500000.0,0.044,60500000.0,18900000.0,17500000.0,0.09,0.09,0.09,2156700000.0,,2156700000.0,5681720094.0,-67.0,63.84,53700000.0,0.455,1.0,481400000.0,0.348,1509500000.0,1400000.0,673600000.0,,1004400000.0,0.0,0.0,0.0,1281600000.0,1177800000.0,103800000.0,5927420094.0,-26300000.0,0.0,-75300000.0,50000000.0,-33200000.0,-56400000.0,-22400000.0,0.0,76700000.0,-24200000.0,10500000.0,10500000.0,10500000.0,0.0,0.0,0.008,462600000.0,18800000.0,315800000.0,3.056,2.748,-19.884,-19.917,479400000.0,0.0,50.39,0.691,0.692,55700000.0,1772000000.0,1383700000.0,1383700000.0,0.0,,,,,5400000.0,421600000.0,1.0,117630881.0,117900000.0,119200000.0,11.736,1928800000.0,106100000.0,7000000.0,27300000.0,16.36,214600000.0
33,GME,MRQ,2013-03-31,2013-05-04,2013-05-04,2021-09-08,146300000.0,3553100000.0,,1470400000.0,2082700000.0,,19.394,-24300000.0,153700000.0,153700000.0,1287000000.0,54600000.0,1.286,0.547,0.0,0.0,0.0,0.0,0.0,42600000.0,0.0,0.025,0.275,87300000.0,129900000.0,0.07,129900000.0,87300000.0,86300000.0,0.46,0.46,0.46,2296300000.0,,2296300000.0,3741817653.0,-54.0,34.743,-186300000.0,-1.573,1.0,578300000.0,0.31,1524500000.0,1000000.0,731200000.0,,1112300000.0,0.0,0.0,0.0,1256800000.0,1143700000.0,113100000.0,4377617653.0,-220700000.0,0.0,200000.0,0.0,-33000000.0,-31800000.0,-23500000.0,0.0,-162000000.0,-3400000.0,54600000.0,54600000.0,54600000.0,0.0,0.0,0.029,491100000.0,87200000.0,467600000.0,0.598,1.906,-15.221,-15.102,500700000.0,0.0,37.15,0.5,0.503,57200000.0,1794900000.0,1865300000.0,1865300000.0,0.0,,,,,4500000.0,449200000.0,1.0,117836276.0,118400000.0,119400000.0,15.754,2028600000.0,55300000.0,31700000.0,29200000.0,17.133,326700000.0
34,GME,MRQ,2012-12-31,2013-02-02,2013-02-02,2021-09-08,164400000.0,3872200000.0,,1749500000.0,2122700000.0,,19.037,-50700000.0,374400000.0,374400000.0,2586600000.0,261100000.0,1.203,0.694,0.0,0.0,0.0,0.0,0.0,44700000.0,0.0,0.032,0.25,412600000.0,457300000.0,0.128,457300000.0,412600000.0,411300000.0,2.0,2.0,2.0,2286300000.0,,2286300000.0,2625535212.0,-65.0,18.984,355800000.0,2.963,1.0,974900000.0,0.274,1536500000.0,1300000.0,507400000.0,,1171300000.0,0.0,0.0,0.0,1585900000.0,1453900000.0,132000000.0,2991935212.0,247200000.0,0.0,-73400000.0,0.0,-30600000.0,-103100000.0,-60800000.0,0.0,406500000.0,4600000.0,261100000.0,261100000.0,261100000.0,0.0,0.0,0.073,562600000.0,412300000.0,611600000.0,0.125,1.309,-11.094,-11.592,524800000.0,0.0,24.69,0.337,0.351,73600000.0,1773500000.0,3561500000.0,3561500000.0,0.0,,,,,3000000.0,516500000.0,1.0,121180041.0,120100000.0,120100000.0,29.654,2335700000.0,61700000.0,150200000.0,134900000.0,19.448,295600000.0
35,GME,MRQ,2012-09-30,2012-10-27,2012-10-27,2021-09-08,144600000.0,4349300000.0,,2252400000.0,2096900000.0,,17.081,-35300000.0,366400000.0,366400000.0,1215400000.0,-624300000.0,1.072,1.073,0.0,0.0,0.0,0.0,0.0,44600000.0,0.0,0.024,0.25,-603300000.0,-558700000.0,-0.315,-558700000.0,-603300000.0,-604500000.0,-5.08,-5.08,-5.08,2097600000.0,,2097600000.0,2700176522.0,-18.0,89.707,342200000.0,2.787,1.0,557400000.0,0.314,1527600000.0,1200000.0,354700000.0,,1645700000.0,0.0,0.0,0.0,2251700000.0,2100600000.0,151100000.0,2838876522.0,227700000.0,0.0,-79400000.0,0.0,-31100000.0,-110500000.0,-34700000.0,0.0,377500000.0,-4600000.0,-624300000.0,-624300000.0,-624300000.0,0.0,0.0,-0.352,1160900000.0,-603500000.0,1277600000.0,-0.049,1.353,-7.972,-7.372,519900000.0,0.0,23.0,0.319,0.317,49600000.0,1543100000.0,1772800000.0,1772800000.0,0.0,,,,,4900000.0,438200000.0,1.0,123429414.0,122800000.0,122800000.0,14.436,2821700000.0,91500000.0,19800000.0,55600000.0,22.978,151800000.0
36,GME,MRQ,2012-06-30,2012-07-28,2012-07-28,2021-09-08,111400000.0,4131800000.0,,1379400000.0,2752400000.0,,21.673,-31300000.0,138700000.0,138700000.0,1030900000.0,21000000.0,1.166,0.481,0.0,0.0,0.0,0.0,0.0,44500000.0,0.0,0.019,0.15,34700000.0,79200000.0,0.051,79200000.0,34700000.0,33600000.0,0.16,0.16,0.16,2789300000.0,,2789300000.0,1773864141.0,3.0,2.468,-42900000.0,-0.333,1.0,519300000.0,0.335,2171300000.0,1100000.0,638500000.0,,980200000.0,0.0,0.0,0.0,1342500000.0,1183300000.0,159200000.0,2102964141.0,-190400000.0,0.0,-124400000.0,0.0,-19800000.0,-144000000.0,-35100000.0,0.0,-11600000.0,300000.0,21000000.0,21000000.0,21000000.0,0.0,0.0,0.014,484800000.0,34500000.0,462100000.0,0.938,0.754,6.529,6.868,529400000.0,0.0,16.14,0.232,0.229,40200000.0,2198700000.0,1550200000.0,1550200000.0,0.0,,,,,5600000.0,440900000.0,1.0,130295176.0,128700000.0,129100000.0,12.045,1960500000.0,104800000.0,12600000.0,60900000.0,15.233,196100000.0
37,GME,MRQ,2012-03-31,2012-04-28,2012-04-28,2021-09-08,170400000.0,4459000000.0,,1635600000.0,2823400000.0,,22.234,-22300000.0,329100000.0,329100000.0,1402300000.0,72400000.0,1.24,0.497,0.0,0.0,0.0,0.0,0.0,45100000.0,0.0,0.007,0.15,115300000.0,160400000.0,0.08,160400000.0,115300000.0,114700000.0,0.54,0.54,0.54,2979400000.0,,2979400000.0,2383687855.0,4.0,3.215,-184500000.0,-1.377,1.0,599900000.0,0.3,2227200000.0,600000.0,583700000.0,,1118200000.0,0.0,0.0,0.0,1481700000.0,1319000000.0,162700000.0,3038687855.0,-325900000.0,-1500000.0,-120600000.0,0.0,-20500000.0,-140900000.0,-22100000.0,0.0,-162200000.0,-700000.0,72500000.0,72500000.0,72500000.0,0.0,-100000.0,0.036,484900000.0,115000000.0,656400000.0,0.278,1.02,9.153,9.411,549200000.0,0.0,22.68,0.328,0.328,48100000.0,2197600000.0,2002200000.0,2002200000.0,0.0,,,,,4800000.0,440400000.0,1.0,133980946.0,134000000.0,134800000.0,14.942,2231800000.0,39200000.0,42200000.0,71100000.0,16.655,316600000.0
38,GME,MRQ,2011-12-31,2012-01-28,2012-01-28,2021-09-08,169700000.0,4847400000.0,,1997300000.0,2850100000.0,,22.173,-37800000.0,655000000.0,655000000.0,2635400000.0,174300000.0,1.222,0.594,0.0,0.0,0.0,0.0,0.0,46500000.0,0.0,0.0,0.0,302700000.0,349200000.0,0.098,349200000.0,302700000.0,300500000.0,1.26,1.25,1.26,3042100000.0,,3042100000.0,2999935912.0,5.0,3.948,393000000.0,2.864,1.0,943200000.0,0.264,2228100000.0,2200000.0,330400000.0,,1137500000.0,0.0,0.0,0.0,1807200000.0,1633900000.0,173300000.0,3317835912.0,229500000.0,-2200000.0,-41600000.0,-125000000.0,0.0,-165000000.0,-38800000.0,0.0,430800000.0,2500000.0,174700000.0,174700000.0,174700000.0,0.0,-400000.0,0.049,640700000.0,302500000.0,804300000.0,0.0,1.091,9.761,10.008,573300000.0,0.0,24.32,0.347,0.356,64400000.0,2145700000.0,3578600000.0,3578600000.0,0.0,,,,,2700000.0,513600000.0,1.0,136424174.0,137200000.0,138300000.0,26.083,2619300000.0,44700000.0,125800000.0,146900000.0,19.091,363400000.0
39,GME,MRQ,2011-09-30,2011-10-29,2011-10-29,2021-09-08,230000000.0,5432600000.0,,2436100000.0,2996500000.0,,21.348,-39400000.0,442600000.0,442600000.0,1373900000.0,53700000.0,1.06,0.834,124700000.0,124700000.0,0.0,124700000.0,0.0,47600000.0,0.0,0.0,0.0,82400000.0,130000000.0,0.067,130000000.0,82400000.0,77000000.0,0.39,0.39,0.39,2963100000.0,,2963100000.0,3678363722.0,6.0,4.418,397300000.0,2.862,1.0,572900000.0,0.294,2330500000.0,5400000.0,485400000.0,,1778300000.0,0.0,0.0,0.0,2471100000.0,2298800000.0,172300000.0,3643863722.0,217800000.0,-500000.0,-41200000.0,-135000000.0,0.0,-176000000.0,-41800000.0,0.0,436700000.0,-1100000.0,53900000.0,53900000.0,53900000.0,0.0,-200000.0,0.028,490300000.0,82600000.0,1464300000.0,0.0,1.23,9.042,9.562,602900000.0,0.0,26.2,0.377,0.376,58100000.0,1971000000.0,1946800000.0,1946800000.0,0.0,,,,,4500000.0,443300000.0,1.0,139078768.0,138800000.0,139800000.0,14.026,3102100000.0,55300000.0,23100000.0,67000000.0,22.349,137300000.0
40,GME,MRQ,2011-06-30,2011-07-30,2011-07-30,2021-09-08,265900000.0,4539400000.0,,1509900000.0,3029500000.0,,21.152,-45500000.0,224800000.0,224800000.0,1200500000.0,30600000.0,1.323,0.523,259300000.0,10000000.0,249300000.0,259300000.0,0.0,47600000.0,0.0,0.0,0.0,54300000.0,101900000.0,0.058,101900000.0,54300000.0,47600000.0,0.22,0.22,0.22,2982500000.0,,2982500000.0,3188614504.0,5.0,3.817,-138700000.0,-0.984,1.0,543200000.0,0.312,2351300000.0,6700000.0,1080900000.0,,1059900000.0,0.0,0.0,0.0,1559300000.0,1141700000.0,417600000.0,3335214504.0,-171000000.0,-16000000.0,-28600000.0,10000000.0,0.0,-18600000.0,-60900000.0,0.0,-93200000.0,1700000.0,30900000.0,30900000.0,30900000.0,0.0,-300000.0,0.018,489600000.0,53600000.0,469700000.0,0.0,1.118,8.26,8.701,614900000.0,0.0,23.58,0.347,0.346,44200000.0,1917100000.0,1743700000.0,1743700000.0,0.0,,,,,4900000.0,442500000.0,1.0,141442515.0,141000000.0,142200000.0,12.367,2188100000.0,73900000.0,16700000.0,69300000.0,15.518,368200000.0
41,GME,MRQ,2011-03-31,2011-04-30,2011-04-30,2021-09-08,292300000.0,4927400000.0,,1882800000.0,3044600000.0,,21.035,-42400000.0,395800000.0,395800000.0,1661200000.0,80000000.0,1.254,0.642,249200000.0,0.0,249200000.0,249200000.0,0.0,46900000.0,0.0,0.0,0.0,131700000.0,178600000.0,0.078,178600000.0,131700000.0,125400000.0,0.56,0.56,0.56,3001700000.0,,3001700000.0,3151386092.0,5.0,3.723,-174900000.0,-1.226,1.0,620200000.0,0.272,2359800000.0,6300000.0,919700000.0,,1306100000.0,0.0,0.0,0.0,1927700000.0,1501300000.0,426400000.0,3613186092.0,-315000000.0,-11400000.0,-132600000.0,0.0,0.0,-133000000.0,-60100000.0,0.0,-132500000.0,10600000.0,80400000.0,80400000.0,80400000.0,0.0,-400000.0,0.035,489100000.0,131100000.0,872200000.0,0.0,1.204,8.744,9.304,619400000.0,0.0,25.68,0.374,0.379,50600000.0,1886200000.0,2281400000.0,2281400000.0,0.0,,,,,5300000.0,442700000.0,1.0,140700393.0,142700000.0,143700000.0,15.987,2567600000.0,24100000.0,45000000.0,108100000.0,17.993,381500000.0
42,GME,MRQ,2010-12-31,2011-01-29,2011-01-29,2021-09-08,162500000.0,5063800000.0,,2154800000.0,2909000000.0,,19.187,-56000000.0,710800000.0,710800000.0,2789100000.0,237800000.0,1.233,0.748,249000000.0,0.0,249000000.0,249000000.0,0.0,45900000.0,0.0,0.0,0.0,376200000.0,422100000.0,0.114,422100000.0,376200000.0,369800000.0,1.57,1.55,1.57,2897300000.0,,2897300000.0,3244149703.0,5.0,3.879,619500000.0,4.103,1.0,903700000.0,0.245,2250900000.0,6400000.0,603300000.0,,1257500000.0,0.0,0.0,0.0,2167900000.0,1747800000.0,420100000.0,3176308703.0,529700000.0,0.0,-93700000.0,0.0,0.0,-97300000.0,-56500000.0,0.0,675500000.0,8000000.0,237800000.0,237800000.0,237800000.0,0.0,0.0,0.064,528000000.0,375700000.0,1028100000.0,0.0,1.096,7.785,7.799,613800000.0,0.0,20.98,0.335,0.336,65500000.0,1805800000.0,3692800000.0,3692800000.0,0.0,,,,,7300000.0,481200000.0,1.0,151396983.0,151000000.0,152200000.0,24.456,2812900000.0,28800000.0,132000000.0,137600000.0,18.628,407000000.0
43,GME,MRQ,2010-09-30,2010-10-30,2010-10-30,2021-09-08,167600000.0,5215100000.0,,2300100000.0,2915000000.0,,18.385,-61300000.0,181100000.0,181100000.0,1352900000.0,54300000.0,1.106,0.883,248900000.0,0.0,248900000.0,248900000.0,0.0,45200000.0,0.0,0.0,0.0,87500000.0,132700000.0,0.07,132700000.0,87500000.0,77500000.0,0.36,0.36,0.36,2770600000.0,,2770600000.0,3112876232.0,5.0,3.853,145600000.0,0.966,1.0,546300000.0,0.288,2267800000.0,10000000.0,936200000.0,,1942400000.0,0.0,0.0,0.0,2445900000.0,2078900000.0,367000000.0,2954426232.0,-108200000.0,-38100000.0,-36300000.0,-200000000.0,0.0,-215200000.0,-94100000.0,0.0,206900000.0,-5800000.0,54700000.0,54700000.0,54700000.0,0.0,-400000.0,0.029,453500000.0,92800000.0,1514600000.0,0.0,1.066,7.651,8.086,606100000.0,0.0,19.65,0.318,0.318,58800000.0,1568000000.0,1899200000.0,1899200000.0,0.0,,,,,-13700000.0,408800000.0,1.0,150352480.0,150700000.0,153300000.0,12.603,2947300000.0,33300000.0,22800000.0,18000000.0,19.557,221200000.0
44,GME,MRQ,2010-06-30,2010-07-31,2010-07-31,2021-09-08,82800000.0,4363000000.0,,1585800000.0,2777200000.0,,17.469,-45000000.0,289300000.0,289300000.0,1282300000.0,39800000.0,1.374,0.651,447800000.0,0.0,447800000.0,447800000.0,0.0,42700000.0,0.0,0.0,0.0,70400000.0,113100000.0,0.063,113100000.0,70400000.0,60100000.0,0.27,0.26,0.27,2643000000.0,,2643000000.0,3054071614.0,5.0,3.791,-78400000.0,-0.518,1.0,516800000.0,0.287,2163800000.0,10300000.0,1203300000.0,,1129500000.0,0.0,0.0,0.0,1721000000.0,1154400000.0,566600000.0,3038382614.0,-142600000.0,0.0,-52500000.0,0.0,0.0,-52500000.0,-53400000.0,0.0,-33400000.0,-3300000.0,40300000.0,40300000.0,40300000.0,0.0,-500000.0,0.022,447200000.0,69600000.0,625000000.0,0.0,1.15,7.919,8.389,575300000.0,0.0,20.05,0.329,0.328,44300000.0,1513300000.0,1799100000.0,1799100000.0,0.0,,,,,7500000.0,405000000.0,1.0,151540280.0,151300000.0,154200000.0,11.891,2199200000.0,28800000.0,19800000.0,16800000.0,14.535,431400000.0
45,GME,MRQ,2010-03-31,2010-05-01,2010-05-01,2021-09-08,115400000.0,4535400000.0,,1736400000.0,2799000000.0,,17.451,-35300000.0,431900000.0,431900000.0,1511900000.0,74800000.0,1.351,0.692,447500000.0,0.0,447500000.0,447500000.0,0.0,43000000.0,0.0,0.0,0.0,125700000.0,168700000.0,0.081,168700000.0,125700000.0,115300000.0,0.49,0.48,0.49,2680400000.0,,2680400000.0,3257078871.0,5.0,4.051,-293100000.0,-1.908,1.0,570800000.0,0.274,2187000000.0,10400000.0,1078600000.0,,1152100000.0,0.0,0.0,0.0,1855500000.0,1285400000.0,570100000.0,3715153871.0,-473500000.0,0.0,-187900000.0,0.0,0.0,-190600000.0,-36100000.0,0.0,-257800000.0,11000000.0,75200000.0,75200000.0,75200000.0,0.0,-400000.0,0.036,446300000.0,124500000.0,767500000.0,0.0,1.386,9.724,10.345,575300000.0,0.0,24.31,0.405,0.407,36000000.0,1472900000.0,2082700000.0,2082700000.0,0.0,,,,,9900000.0,403800000.0,1.0,152824100.0,153600000.0,156500000.0,13.559,2348400000.0,16600000.0,40100000.0,52000000.0,15.289,451000000.0
46,GME,MRQ,2009-12-31,2010-01-30,2010-01-30,2021-09-08,114700000.0,4955300000.0,,2127300000.0,2828000000.0,,16.586,-41678000.0,905400000.0,905400000.0,2649919000.0,214357000.0,1.285,0.82,447300000.0,0.0,447300000.0,447300000.0,0.0,43785000.0,0.0,0.0,0.0,349685000.0,393470000.0,0.112,393470000.0,349685000.0,339166000.0,1.31,1.29,1.31,2723200000.0,,2723200000.0,3412544114.0,5.0,4.268,676952000.0,4.123,1.0,874097000.0,0.248,2206400000.0,10519000.0,635100000.0,,1053600000.0,0.0,0.0,0.0,2232300000.0,1655700000.0,576600000.0,3257450114.0,613414000.0,-3192000.0,-58108000.0,0.0,0.0,-58098000.0,-46628000.0,0.0,718630000.0,-490000.0,215957000.0,215957000.0,215957000.0,0.0,-1600000.0,0.061,526776000.0,347321000.0,961700000.0,0.0,1.196,8.634,8.633,584200000.0,0.0,19.77,0.359,0.358,64000000.0,1397800000.0,3524016000.0,3524016000.0,0.0,,,,,14521000.0,481485000.0,1.0,164767330.0,164188000.0,167657000.0,21.463,2748900000.0,21200000.0,123209000.0,87400000.0,16.742,471600000.0
47,GME,MRQ,2009-09-30,2009-10-31,2009-10-31,2021-09-08,170259000.0,5083323000.0,,2194094000.0,2889229000.0,,16.313,-45244000.0,292027000.0,292027000.0,1311643000.0,52225000.0,1.194,0.892,447121000.0,0.0,447121000.0,447121000.0,0.0,42021000.0,0.0,0.0,0.0,88288000.0,130309000.0,0.071,130309000.0,88288000.0,77342000.0,0.32,0.31,0.32,2686738000.0,,2686738000.0,4297936262.0,6.0,5.205,141167000.0,0.857,1.0,523084000.0,0.285,2258554000.0,10946000.0,1141526000.0,,1733962000.0,0.0,0.0,0.0,2396585000.0,1838337000.0,558248000.0,3999985262.0,94171000.0,-541000.0,1112000.0,-49235000.0,0.0,-48287000.0,-48646000.0,0.0,186411000.0,4693000.0,52225000.0,52225000.0,52225000.0,0.0,0.0,0.028,432815000.0,90269000.0,1328041000.0,0.0,1.489,10.16,10.121,591695000.0,0.0,24.29,0.442,0.442,52543000.0,1181833000.0,1834727000.0,1834727000.0,0.0,,,,,8082000.0,391210000.0,1.0,164676215.0,164702000.0,168113000.0,11.14,2824769000.0,37576000.0,25117000.0,6792000.0,17.151,355757000.0
48,GME,MRQ,2009-06-30,2009-08-01,2009-08-01,2021-09-08,121920000.0,4282136000.0,,1444335000.0,2837801000.0,,15.654,-40248000.0,197856000.0,197856000.0,1243098000.0,38685000.0,1.318,0.662,495807000.0,0.0,495807000.0,495807000.0,0.0,40081000.0,0.0,0.0,0.0,71418000.0,111499000.0,0.064,111499000.0,71418000.0,59681000.0,0.23,0.23,0.23,2577185000.0,,2577185000.0,3869000745.0,6.0,4.715,-32369000.0,-0.197,1.0,495406000.0,0.285,2221447000.0,11737000.0,1262989000.0,,1099325000.0,0.0,0.0,0.0,1704951000.0,1095651000.0,609300000.0,3603684745.0,-32399000.0,-4667000.0,326000.0,0.0,0.0,471000.0,-51323000.0,0.0,7879000.0,10574000.0,38685000.0,38685000.0,38685000.0,0.0,0.0,0.022,424450000.0,70956000.0,615364000.0,0.0,1.398,9.285,9.236,579156000.0,0.0,21.89,0.405,0.405,40119000.0,1129608000.0,1738504000.0,1738504000.0,0.0,,,,,7769000.0,384773000.0,1.0,164626987.0,164636000.0,167857000.0,10.56,2060689000.0,29277000.0,20996000.0,7312000.0,12.517,348684000.0
49,GME,MRQ,2009-03-31,2009-05-02,2009-05-02,2021-09-08,9268000.0,4251153000.0,,1527081000.0,2724072000.0,,14.698,-36630000.0,230255000.0,230255000.0,1438640000.0,70433000.0,1.242,0.759,495571000.0,0.0,495571000.0,495571000.0,0.0,38213000.0,0.0,0.0,0.0,126109000.0,164322000.0,0.083,164322000.0,126109000.0,113911000.0,0.43,0.42,0.43,2417456000.0,,2417456000.0,4794352728.0,7.0,5.657,-305350000.0,-1.857,1.0,542113000.0,0.274,2127636000.0,12198000.0,1158919000.0,,1160769000.0,0.0,0.0,0.0,1833697000.0,1229914000.0,603783000.0,4826781728.0,-347886000.0,0.0,2770000.0,-50765000.0,0.0,-48486000.0,-40603000.0,0.0,-268720000.0,9923000.0,70433000.0,70433000.0,70433000.0,0.0,0.0,0.036,413659000.0,128454000.0,775554000.0,0.0,1.997,11.871,11.783,559444000.0,0.0,29.34,0.538,0.538,47265000.0,1090923000.0,1980753000.0,1980753000.0,0.0,,,,,7828000.0,375832000.0,1.0,164511988.0,164474000.0,167972000.0,12.043,2123517000.0,19000000.0,43478000.0,49569000.0,12.911,297167000.0
50,GME,MRQ,2008-12-31,2009-01-31,2009-01-31,2021-09-08,-57522000.0,4483494000.0,,1818041000.0,2665453000.0,,13.858,-50442000.0,578141000.0,578141000.0,2652975000.0,232343000.0,1.163,0.975,545712000.0,0.0,545712000.0,545712000.0,0.0,38487000.0,0.0,0.0,0.0,381182000.0,419669000.0,0.12,419669000.0,381182000.0,367530000.0,1.42,1.39,1.42,2270585000.0,,2270585000.0,4125777213.0,6.0,4.966,702343000.0,4.286,1.0,839142000.0,0.24,2080801000.0,13652000.0,807553000.0,,1075792000.0,0.0,0.0,0.0,2212909000.0,1562711000.0,650198000.0,4058371213.0,100058000.0,-579900000.0,468000.0,0.0,0.0,-1257000.0,-639771000.0,0.0,752785000.0,-11699000.0,232343000.0,232343000.0,232343000.0,0.0,0.0,0.067,459349000.0,379793000.0,1047963000.0,0.0,1.787,10.189,10.156,549254000.0,0.0,24.78,0.461,0.459,65981000.0,1020490000.0,3492117000.0,3492117000.0,0.0,,,,,6692000.0,433266000.0,1.0,163776078.0,163851000.0,167361000.0,21.313,2402693000.0,23615000.0,135187000.0,24018000.0,14.664,255330000.0
51,GME,MRQ,2008-09-30,2008-11-01,2008-11-01,2021-09-08,-23870000.0,4163701000.0,,2152906000.0,2010795000.0,,12.607,-51218000.0,478056000.0,478056000.0,1222317000.0,46669000.0,1.466,1.017,545462000.0,0.0,545462000.0,545462000.0,0.0,36111000.0,0.0,0.0,0.0,89007000.0,125118000.0,0.074,125118000.0,89007000.0,76528000.0,0.29,0.28,0.29,2064180000.0,,2064180000.0,4489465524.0,7.0,6.046,-44604000.0,-0.272,1.0,473429000.0,0.279,1457170000.0,12479000.0,1305151000.0,,1424249000.0,0.0,0.0,0.0,2099521000.0,1468786000.0,630735000.0,4484143524.0,-61842000.0,-501000.0,1694000.0,0.0,0.0,6328000.0,-49290000.0,0.0,6614000.0,-25494000.0,46669000.0,46669000.0,46669000.0,0.0,0.0,0.028,388094000.0,85335000.0,1102639000.0,0.0,2.172,12.604,12.394,503106000.0,0.0,27.39,0.548,0.548,50730000.0,788165000.0,1695746000.0,1695746000.0,0.0,,,,,7450000.0,335722000.0,1.0,163714623.0,163736000.0,167995000.0,10.357,2706531000.0,126103000.0,29859000.0,0.0,16.53,684120000.0
52,GME,MRQ,2008-06-30,2008-08-02,2008-08-02,2021-09-08,33384000.0,3772397000.0,,1724973000.0,2047424000.0,,12.631,-45135000.0,539898000.0,539898000.0,1320297000.0,57163000.0,1.596,0.828,545220000.0,0.0,545220000.0,545220000.0,0.0,36654000.0,0.0,0.0,0.0,101697000.0,138351000.0,0.077,138351000.0,101697000.0,90858000.0,0.35,0.34,0.35,2063771000.0,,2063771000.0,6425475520.0,11.0,8.601,-54627000.0,-0.334,1.0,484123000.0,0.268,1462977000.0,10839000.0,1233635000.0,,970057000.0,0.0,0.0,0.0,1708626000.0,1081107000.0,627519000.0,6506469520.0,-86088000.0,-33304000.0,6312000.0,0.0,0.0,8420000.0,-78439000.0,0.0,-9492000.0,-6577000.0,57163000.0,57163000.0,57163000.0,0.0,0.0,0.032,384054000.0,100069000.0,692098000.0,0.0,3.153,18.021,17.781,524998000.0,0.0,39.83,0.804,0.804,60966000.0,741496000.0,1804420000.0,1804420000.0,0.0,,,,,5336000.0,347745000.0,1.0,163356001.0,163390000.0,168067000.0,11.044,2309420000.0,117445000.0,33695000.0,0.0,14.134,643866000.0
53,GME,MRQ,2008-03-31,2008-05-03,2008-05-03,2021-09-08,34837000.0,3767785000.0,,1762599000.0,2005186000.0,,12.3,-36405000.0,625986000.0,625986000.0,1340211000.0,62125000.0,1.529,0.893,544992000.0,0.0,544992000.0,544992000.0,0.0,35148000.0,0.0,0.0,0.0,112514000.0,147662000.0,0.081,147662000.0,112514000.0,99084000.0,0.38,0.37,0.38,1990409000.0,,1990409000.0,8447712145.0,15.0,12.196,-237112000.0,-1.465,1.0,473406000.0,0.261,1431941000.0,13430000.0,1102323000.0,,988584000.0,0.0,0.0,0.0,1777376000.0,1152527000.0,624849000.0,8730653145.0,-231428000.0,-16995000.0,20426000.0,-30000000.0,0.0,16109000.0,-53400000.0,0.0,-200707000.0,6570000.0,62125000.0,62125000.0,62125000.0,0.0,0.0,0.034,363503000.0,109903000.0,781927000.0,0.0,4.386,26.806,26.596,516889000.0,0.0,53.99,1.144,1.145,66662000.0,684333000.0,1813617000.0,1813617000.0,0.0,,,,,-18278000.0,328667000.0,1.0,161708708.0,161825000.0,167377000.0,11.207,2335844000.0,53823000.0,36959000.0,4674000.0,14.434,610072000.0
54,GME,MRQ,2007-12-31,2008-02-02,2008-02-02,2021-09-08,31603000.0,3775891000.0,,1794717000.0,1981174000.0,,11.569,-50812000.0,857414000.0,857414000.0,2181510000.0,189801000.0,1.424,1.027,574473000.0,0.0,574473000.0,574473000.0,0.0,33701000.0,0.0,0.0,0.0,297739000.0,331440000.0,0.116,331440000.0,297739000.0,284761000.0,1.19,1.15,1.19,1862446000.0,,1862446000.0,8750308315.0,17.0,13.804,582669000.0,3.62,1.0,684075000.0,0.239,1416654000.0,12978000.0,815739000.0,,801025000.0,0.0,0.0,0.0,1913445000.0,1260557000.0,652888000.0,8453887315.0,579606000.0,-1000.0,575000.0,0.0,0.0,-5227000.0,-52929000.0,0.0,633481000.0,4281000.0,189801000.0,189801000.0,189801000.0,0.0,0.0,0.066,390924000.0,293151000.0,844376000.0,0.0,4.539,29.324,28.857,511669000.0,0.0,52.52,1.192,1.171,56019000.0,622208000.0,2865585000.0,2865585000.0,0.0,,,,,5906000.0,357512000.0,1.0,160965105.0,160980000.0,166992000.0,17.801,2359237000.0,53813000.0,94960000.0,0.0,14.655,534160000.0
55,GME,MRQ,2007-09-30,2007-11-03,2007-11-03,2021-09-08,37091000.0,3614840000.0,,1660810000.0,1954030000.0,,10.436,-53369000.0,277808000.0,277808000.0,1191637000.0,51957000.0,1.286,1.164,574229000.0,0.0,574229000.0,574229000.0,0.0,33951000.0,0.0,0.0,0.0,95692000.0,129643000.0,0.08,129643000.0,95692000.0,81143000.0,0.32,0.31,0.32,1670245000.0,,1670245000.0,9347481365.0,22.0,16.657,3834000.0,0.024,1.0,419564000.0,0.26,1402845000.0,14549000.0,1216742000.0,,1164229000.0,0.0,0.0,0.0,1944595000.0,1291674000.0,652921000.0,8990592365.0,-71469000.0,0.0,17526000.0,-132173000.0,0.0,-81869000.0,-53369000.0,0.0,57203000.0,6566000.0,51957000.0,51957000.0,51957000.0,0.0,0.0,0.032,322659000.0,96905000.0,977830000.0,0.0,5.383,39.382,37.94,500580000.0,0.0,56.53,1.376,1.385,47443000.0,432407000.0,1611201000.0,1611201000.0,0.0,,,,,-23407000.0,288954000.0,1.0,159041082.0,160048000.0,166357000.0,10.067,2211995000.0,121211000.0,29186000.0,0.0,13.821,369136000.0
56,GME,MRQ,2007-06-30,2007-08-04,2007-08-04,2021-09-08,19359000.0,3181505000.0,,1255793000.0,1925712000.0,,9.756,-43361000.0,349277000.0,349277000.0,976894000.0,21810000.0,1.445,1.058,706166000.0,12173000.0,693993000.0,706166000.0,0.0,32438000.0,0.0,0.0,0.0,51456000.0,83894000.0,0.063,83894000.0,51456000.0,35374000.0,0.14,0.13,0.14,1545674000.0,,1545674000.0,6709205690.0,18.0,13.361,54484000.0,0.344,1.0,361299000.0,0.27,1402845000.0,16082000.0,1266203000.0,,713836000.0,0.0,0.0,0.0,1635831000.0,869346000.0,766485000.0,6266986690.0,41949000.0,712000.0,16811000.0,-43614000.0,0.0,-13400000.0,-42649000.0,0.0,97845000.0,153000.0,21810000.0,21810000.0,21810000.0,0.0,0.0,0.016,310552000.0,50747000.0,517233000.0,0.0,4.055,33.001,31.389,473767000.0,0.0,39.55,1.056,1.056,29798000.0,380450000.0,1338193000.0,1338193000.0,0.0,,,,,-7529000.0,278434000.0,1.0,158457312.0,158438000.0,164769000.0,8.446,1778660000.0,118608000.0,13564000.0,0.0,11.226,386447000.0
57,GME,MRQ,2007-03-31,2007-05-05,2007-05-05,2021-09-08,13515000.0,3186778000.0,,1273778000.0,1913000000.0,,9.655,-28027000.0,307328000.0,307328000.0,930214000.0,24723000.0,1.42,1.151,749547000.0,12173000.0,737374000.0,749547000.0,0.0,31187000.0,0.0,0.0,0.0,57722000.0,88909000.0,0.07,88909000.0,57722000.0,39778000.0,0.16,0.15,0.16,1481442000.0,,1481442000.0,5276693286.0,15.0,11.186,-322510000.0,-2.102,1.0,348769000.0,0.273,1403557000.0,17944000.0,1328429000.0,,793517000.0,0.0,0.0,0.0,1705336000.0,897011000.0,808325000.0,5073197286.0,-345075000.0,350000.0,29971000.0,-106386000.0,0.0,-23735000.0,-27677000.0,0.0,-294483000.0,820000.0,24723000.0,24723000.0,24723000.0,0.0,0.0,0.019,288151000.0,60618000.0,597444000.0,0.0,3.424,29.621,29.167,459756000.0,0.0,33.25,0.913,0.918,38856000.0,358640000.0,1278983000.0,1278983000.0,0.0,,,,,-41381000.0,257116000.0,1.0,152577362.0,153439000.0,161256000.0,8.335,1783221000.0,95616000.0,15055000.0,0.0,11.622,376767000.0
58,GME,MRQ,2006-12-31,2007-02-03,2007-02-03,2021-09-08,3227000.0,3349584000.0,,1440341000.0,1909243000.0,,9.053,-49507000.0,652403000.0,652403000.0,1749478000.0,129803000.0,1.325,1.435,855484000.0,12173000.0,843311000.0,855484000.0,0.0,30433000.0,0.0,0.0,0.0,228309000.0,258742000.0,0.112,258742000.0,228309000.0,208235000.0,0.87,0.82,0.87,1375878000.0,,1375878000.0,4796057609.0,14.0,10.678,506526000.0,3.333,1.0,554488000.0,0.241,1403907000.0,20074000.0,1061701000.0,,675385000.0,0.0,0.0,0.0,1973706000.0,1087057000.0,886649000.0,4087761609.0,471455000.0,-11303000.0,4471000.0,-33256000.0,0.0,-23508000.0,-60810000.0,0.0,556033000.0,-260000.0,129803000.0,129803000.0,129803000.0,0.0,0.0,0.056,329618000.0,224870000.0,717868000.0,0.0,2.971,25.831,25.425,456463000.0,0.0,26.95,0.769,0.76,34268000.0,350596000.0,2303966000.0,2303966000.0,0.0,,,,,103000.0,299297000.0,1.0,151679466.0,151979000.0,159952000.0,15.16,1945677000.0,46207000.0,78432000.0,0.0,12.802,353284000.0
59,GME,MRQ,2006-09-30,2006-10-28,2006-10-28,2021-09-08,5833000.0,3086770000.0,,1208812000.0,1877958000.0,,8.181,-35103000.0,180948000.0,180948000.0,695904000.0,13569000.0,1.305,1.502,888765000.0,12173000.0,876592000.0,888765000.0,0.0,27371000.0,0.0,0.0,0.0,43242000.0,70613000.0,0.07,70613000.0,43242000.0,21921000.0,0.09,0.09,0.09,1233572000.0,,1233572000.0,4623590550.0,17.0,12.477,14867000.0,0.099,1.0,315656000.0,0.312,1395824000.0,21321000.0,1472625000.0,,844979000.0,0.0,0.0,0.0,1853198000.0,926138000.0,927060000.0,3882027550.0,-37778000.0,0.0,10663000.0,-71590000.0,0.0,-52970000.0,-35103000.0,0.0,49970000.0,325000.0,13569000.0,13569000.0,13569000.0,0.0,0.0,0.013,270716000.0,44940000.0,605773000.0,0.0,3.147,34.214,28.374,438529000.0,0.0,25.82,0.829,0.832,32841000.0,220793000.0,1011560000.0,1011560000.0,0.0,,,,,-1777000.0,240545000.0,1.0,150349634.0,150785000.0,158583000.0,6.709,1690946000.0,116698000.0,8352000.0,11300000.0,11.214,282674000.0
60,GME,MRQ,2006-06-30,2006-07-29,2006-07-29,2021-09-08,4773000.0,2855236000.0,,984507000.0,1870729000.0,,7.963,-27080000.0,218726000.0,218726000.0,664083000.0,3177000.0,1.491,1.388,959777000.0,12173000.0,947604000.0,959777000.0,0.0,26390000.0,0.0,0.0,0.0,27067000.0,53457000.0,0.055,53457000.0,27067000.0,5353000.0,0.02,0.02,0.02,1195693000.0,,1195693000.0,3921217462.0,17.0,12.078,-12639000.0,-0.084,1.0,299264000.0,0.311,1392926000.0,21714000.0,1542998000.0,,574067000.0,0.0,0.0,0.0,1659543000.0,660363000.0,999180000.0,3169962462.0,-6155000.0,0.0,2378000.0,-16417000.0,0.0,-12467000.0,-7783000.0,0.0,14441000.0,-346000.0,3177000.0,3177000.0,3177000.0,0.0,0.0,0.003,273511000.0,25753000.0,366221000.0,0.0,2.651,32.535,26.387,431233000.0,0.0,21.11,0.754,0.754,28596000.0,207224000.0,963347000.0,963347000.0,0.0,,,,,3243000.0,244611000.0,1.0,150164020.0,150149000.0,157658000.0,6.416,1462310000.0,125744000.0,2176000.0,12196000.0,9.739,324144000.0
61,GME,MRQ,2006-03-31,2006-04-29,2006-04-29,2021-09-08,4445000.0,2913310000.0,,1022670000.0,1890640000.0,,8.053,-22240000.0,224881000.0,224881000.0,737993000.0,11701000.0,1.425,1.465,975313000.0,12173000.0,963140000.0,975313000.0,0.0,25982000.0,0.0,0.0,0.0,40340000.0,66322000.0,0.064,66322000.0,40340000.0,18787000.0,0.08,0.07,0.08,1182048000.0,,1182048000.0,4029875724.0,19.0,13.631,-222576000.0,-1.516,1.0,302034000.0,0.29,1392467000.0,21553000.0,1553444000.0,,631874000.0,0.0,0.0,0.0,1731262000.0,717831000.0,1013431000.0,3455478724.0,-176712000.0,0.0,16349000.0,0.0,0.0,45686000.0,-22240000.0,0.0,-200336000.0,178000.0,11701000.0,11701000.0,11701000.0,0.0,0.0,0.011,263918000.0,38116000.0,410808000.0,0.0,2.923,33.825,27.602,430881000.0,0.0,23.6,0.945,0.947,33375000.0,204047000.0,1040027000.0,1040027000.0,0.0,,,,,-24349000.0,236660000.0,1.0,146418590.0,146782000.0,156944000.0,7.086,1520843000.0,97183000.0,7086000.0,12307000.0,10.361,304839000.0
62,GME,MRQ,2005-12-31,2006-01-28,2006-01-28,2021-09-08,886000.0,3015821000.0,,1121967000.0,1893854000.0,,9.623,-39325000.0,401593000.0,401593000.0,1225796000.0,85015000.0,1.264,1.705,975990000.0,12527000.0,963463000.0,975990000.0,0.0,26373000.0,0.0,0.0,0.0,153818000.0,180191000.0,0.108,180191000.0,153818000.0,133955000.0,0.72,0.675,0.72,1114713000.0,,1114713000.0,3726371581.0,20.0,14.499,319390000.0,2.757,1.0,441118000.0,0.265,1392352000.0,19863000.0,1310192000.0,,603178000.0,0.0,0.0,0.0,1901108000.0,887674000.0,1013434000.0,2830738581.0,320562000.0,1000.0,3436000.0,-904000.0,0.0,702000.0,-39324000.0,0.0,358715000.0,469000.0,85015000.0,85015000.0,85015000.0,0.0,0.0,0.051,288528000.0,152590000.0,543288000.0,0.0,2.539,28.087,22.494,432125000.0,0.0,19.57,0.916,0.733,38738000.0,192346000.0,1666914000.0,1666914000.0,0.0,,,,,19282000.0,259974000.0,1.0,144646836.0,115840000.0,124972000.0,14.39,1623469000.0,62119000.0,48940000.0,13640000.0,14.015,234293000.0
63,GME,MRQ,2005-09-30,2005-10-29,2005-10-29,2021-09-08,100000.0,2925832000.0,,985760000.0,1940072000.0,,9.001,-29327000.0,81031000.0,81031000.0,357492000.0,-2460000.0,1.187,1.87,976664000.0,12936000.0,963728000.0,976664000.0,0.0,19296000.0,0.0,0.0,0.0,5402000.0,24698000.0,0.046,24698000.0,5402000.0,-3853000.0,-0.02,-0.02,-0.02,1019448000.0,,1019448000.0,1725394376.0,18.0,11.985,-49971000.0,-0.441,1.0,176720000.0,0.331,1440939000.0,9255000.0,1549819000.0,,746563000.0,0.0,0.0,0.0,1906384000.0,830707000.0,1075677000.0,1787828376.0,-17923000.0,-886117000.0,3247000.0,929247000.0,0.0,918027000.0,-915444000.0,0.0,-20644000.0,138000.0,-2460000.0,-2460000.0,-2460000.0,0.0,0.0,-0.005,174143000.0,2577000.0,519972000.0,0.0,1.754,35.553,35.917,425497000.0,0.0,17.24,0.838,0.915,34662000.0,107390000.0,534212000.0,534212000.0,0.0,,,,,-6627000.0,136072000.0,1.0,103702342.0,113260000.0,113260000.0,4.717,1484893000.0,87551000.0,-1393000.0,69491000.0,13.11,155053000.0
64,GME,MRQ,2005-06-30,2005-07-30,2005-07-30,2021-09-08,-43000.0,920672000.0,,408039000.0,512633000.0,,5.605,-19232000.0,98954000.0,98954000.0,287775000.0,7903000.0,1.447,0.59,36520000.0,12173000.0,24347000.0,36520000.0,0.0,10725000.0,0.0,0.0,0.0,13695000.0,24420000.0,0.059,24420000.0,13695000.0,13046000.0,0.075,0.07,0.075,578975000.0,,578975000.0,1660003379.0,15.0,11.134,-58681000.0,-0.568,1.0,128155000.0,0.308,320888000.0,649000.0,255401000.0,,257396000.0,0.0,0.0,0.0,341697000.0,281949000.0,59748000.0,1772897379.0,-50460000.0,0.0,6342000.0,0.0,0.0,8364000.0,-19232000.0,0.0,-39449000.0,-143000.0,7903000.0,7903000.0,7903000.0,0.0,0.0,0.019,114965000.0,13190000.0,166070000.0,0.0,3.062,27.357,28.156,188734000.0,0.0,17.175,0.879,0.88,9418000.0,109850000.0,415930000.0,415930000.0,0.0,,,,,0.0,104311000.0,1.0,103225466.0,103292000.0,113016000.0,4.027,599784000.0,17969000.0,5143000.0,19898000.0,5.807,126090000.0
65,GME,MRQ,2005-03-31,2005-04-30,2005-04-30,2021-09-08,466000.0,942156000.0,,438302000.0,503854000.0,,5.514,-22812000.0,149414000.0,149414000.0,348690000.0,10326000.0,1.367,0.675,36520000.0,12173000.0,24347000.0,36520000.0,0.0,10265000.0,0.0,0.0,0.0,17512000.0,27777000.0,0.059,27777000.0,17512000.0,16774000.0,0.1,0.095,0.1,562437000.0,,562437000.0,1117981670.0,10.0,7.633,-30016000.0,-0.294,1.0,126037000.0,0.265,320888000.0,738000.0,187650000.0,,255122000.0,0.0,0.0,0.0,379719000.0,320724000.0,58995000.0,1252453670.0,-21578000.0,0.0,7775000.0,0.0,0.0,8584000.0,-22812000.0,0.0,-7204000.0,-146000.0,10326000.0,10326000.0,10326000.0,0.0,0.0,0.022,109180000.0,16857000.0,211686000.0,0.0,2.227,19.396,20.339,180698000.0,0.0,12.305,0.644,0.645,10136000.0,101947000.0,474727000.0,474727000.0,0.0,,,,,0.0,98986000.0,1.0,101784126.0,102000000.0,108980000.0,4.654,621268000.0,5435000.0,6448000.0,20197000.0,6.091,117578000.0
66,GME,MRQ,2004-12-31,2005-01-29,2005-01-29,2021-09-08,567000.0,915983000.0,,424988000.0,490995000.0,,5.355,-25364000.0,170992000.0,170992000.0,529327000.0,34517000.0,1.354,0.687,36520000.0,12173000.0,24347000.0,36520000.0,0.0,10359000.0,0.0,0.0,0.0,56710000.0,67069000.0,0.095,67069000.0,56710000.0,55491000.0,0.325,0.305,0.325,543011000.0,,543011000.0,926315758.0,9.0,6.708,103639000.0,1.022,1.0,179413000.0,0.253,320888000.0,1219000.0,146728000.0,,216296000.0,0.0,0.0,0.0,372972000.0,313895000.0,59077000.0,953858758.0,69429000.0,0.0,3226000.0,-37500000.0,0.0,-35099000.0,-24536000.0,0.0,129003000.0,61000.0,34517000.0,34517000.0,34517000.0,0.0,0.0,0.049,123433000.0,55980000.0,206739000.0,0.0,1.757,15.656,16.786,168399000.0,0.0,9.4,0.518,0.558,9812000.0,91621000.0,708740000.0,708740000.0,0.0,,,,,1518000.0,113149000.0,1.0,101474336.0,101410000.0,108308000.0,6.989,595095000.0,9488000.0,20974000.0,21257000.0,5.868,111093000.0
67,GME,MRQ,2004-09-30,2004-10-30,2004-10-30,2021-09-08,437000.0,897739000.0,,421500000.0,476239000.0,,4.634,-25708000.0,101563000.0,101563000.0,297778000.0,12059000.0,1.223,0.783,74020000.0,49673000.0,24347000.0,74020000.0,0.0,9508000.0,0.0,0.0,0.0,20322000.0,29830000.0,0.072,29830000.0,20322000.0,19758000.0,0.11,0.105,0.11,503620000.0,,503620000.0,943621353.0,9.0,6.511,-21917000.0,-0.202,1.0,118959000.0,0.285,320888000.0,564000.0,204630000.0,,274752000.0,0.0,0.0,0.0,394119000.0,344678000.0,49441000.0,1103369353.0,-58185000.0,-62000.0,-110097000.0,74020000.0,0.0,-36077000.0,-25976000.0,0.0,3791000.0,77000.0,12059000.0,12059000.0,12059000.0,0.0,0.0,0.029,99107000.0,19852000.0,190657000.0,0.0,2.191,16.726,16.462,153502000.0,0.0,9.795,0.627,0.605,10490000.0,57104000.0,416737000.0,416737000.0,0.0,,,,,1912000.0,89660000.0,1.0,112646182.0,108668000.0,114734000.0,3.835,576851000.0,19708000.0,7699000.0,17820000.0,5.308,76822000.0
68,GME,MRQ,2004-06-30,2004-07-31,2004-07-31,2021-09-08,125000.0,844362000.0,,384611000.0,459751000.0,,5.293,-22588000.0,159748000.0,159748000.0,239307000.0,7672000.0,1.746,0.409,0.0,0.0,0.0,0.0,0.0,8853000.0,0.0,0.0,0.0,12937000.0,21790000.0,0.063,21790000.0,12937000.0,12739000.0,0.07,0.065,0.07,599434000.0,,599434000.0,711552121.0,7.0,5.047,8145000.0,0.072,1.0,106286000.0,0.308,320888000.0,198000.0,143400000.0,,184059000.0,0.0,0.0,0.0,244928000.0,220326000.0,24602000.0,878645121.0,-7345000.0,0.0,-14906000.0,0.0,0.0,-14906000.0,-23169000.0,0.0,30733000.0,-3000.0,7672000.0,7672000.0,7672000.0,0.0,0.0,0.022,93741000.0,12545000.0,130361000.0,0.0,1.466,13.601,13.276,137165000.0,0.0,7.7,0.527,0.523,6547000.0,132437000.0,345593000.0,345593000.0,0.0,,,,,49000.0,84933000.0,1.0,114109756.0,113240000.0,119066000.0,3.052,523474000.0,19629000.0,5067000.0,17629000.0,4.623,164285000.0
69,GME,MRQ,2004-03-31,2004-05-01,2004-05-01,2021-09-08,119000.0,843607000.0,,398110000.0,445497000.0,,5.322,-24645000.0,167093000.0,167093000.0,267094000.0,6678000.0,1.873,0.391,0.0,0.0,0.0,0.0,0.0,8299000.0,0.0,0.0,0.0,11097000.0,19396000.0,0.052,19396000.0,11097000.0,10923000.0,0.06,0.055,0.06,606613000.0,,606613000.0,799245517.0,8.0,5.821,-42185000.0,-0.37,1.0,104642000.0,0.281,320826000.0,174000.0,143137000.0,,194566000.0,0.0,0.0,0.0,236994000.0,212551000.0,24443000.0,1004150517.0,-37812000.0,0.0,4476000.0,0.0,0.0,4476000.0,-24686000.0,0.0,-17540000.0,-62000.0,6678000.0,6678000.0,6678000.0,0.0,0.0,0.018,93872000.0,10770000.0,134084000.0,0.0,1.655,15.805,15.447,123394000.0,0.0,8.805,0.616,0.616,6101000.0,124765000.0,371736000.0,371736000.0,0.0,,,,,1603000.0,85622000.0,1.0,114043216.0,113980000.0,120260000.0,3.261,522781000.0,16971000.0,4245000.0,17625000.0,4.587,185559000.0
70,GME,MRQ,2003-12-31,2004-01-31,2004-01-31,2021-09-08,296000.0,902189000.0,,472752000.0,429437000.0,,5.332,-12759000.0,204905000.0,204905000.0,465334000.0,39557000.0,1.665,0.519,0.0,0.0,0.0,0.0,0.0,8680000.0,0.0,0.0,0.0,65232000.0,73912000.0,0.118,73912000.0,65232000.0,65111000.0,0.355,0.33,0.355,594033000.0,,594033000.0,827746571.0,8.0,6.116,108705000.0,0.976,1.0,160047000.0,0.256,320826000.0,121000.0,92608000.0,,223526000.0,0.0,0.0,0.0,308156000.0,283850000.0,24306000.0,919323571.0,113328000.0,0.0,4652000.0,0.0,0.0,4130000.0,-12250000.0,0.0,121464000.0,-16000.0,39557000.0,39557000.0,39557000.0,0.0,0.0,0.063,95092000.0,64955000.0,204011000.0,0.0,1.548,14.485,14.69,107296000.0,0.0,8.3,0.582,0.592,9545000.0,118087000.0,625381000.0,625381000.0,0.0,,,,,6887000.0,86531000.0,1.0,110761876.0,111412000.0,118394000.0,5.613,581363000.0,20436000.0,25554000.0,17731000.0,5.218,188902000.0
71,GME,MRQ,2003-09-30,2003-11-01,2003-11-01,2021-09-08,-25000.0,866022000.0,,443077000.0,422945000.0,,4.865,-16802000.0,91577000.0,91577000.0,227568000.0,10693000.0,1.409,0.596,0.0,0.0,0.0,0.0,0.0,7718000.0,0.0,0.0,0.0,18181000.0,25899000.0,0.079,25899000.0,18181000.0,17953000.0,0.095,0.09,0.095,542616000.0,,542616000.0,797565071.0,9.0,6.591,-29857000.0,-0.268,1.0,98474000.0,0.302,320826000.0,228000.0,139101000.0,,309691000.0,0.0,0.0,0.0,323406000.0,314518000.0,8888000.0,941712071.0,-52570000.0,-135000.0,-22618000.0,0.0,0.0,-22618000.0,-16955000.0,0.0,-13055000.0,58000.0,10693000.0,10693000.0,10693000.0,0.0,0.0,0.033,80583000.0,17891000.0,239184000.0,0.0,1.736,16.969,16.99,100718000.0,0.0,8.41,0.639,0.636,8013000.0,78530000.0,326042000.0,326042000.0,0.0,,,,,1214000.0,72865000.0,1.0,111975276.0,111534000.0,118862000.0,2.923,545196000.0,22832000.0,7260000.0,5574000.0,4.888,128559000.0
72,GME,MRQ,2003-06-30,2003-08-02,2003-08-02,2021-09-08,-75000.0,751466000.0,,337640000.0,413826000.0,,4.873,-23706000.0,144147000.0,144147000.0,216691000.0,6606000.0,1.785,0.358,0.0,0.0,0.0,0.0,0.0,6872000.0,0.0,0.0,0.0,11224000.0,18096000.0,0.059,18096000.0,11224000.0,11056000.0,0.06,0.055,0.06,553277000.0,,553277000.0,593876993.0,6.0,5.056,-14452000.0,-0.127,1.0,88983000.0,0.291,320691000.0,168000.0,97440000.0,,156374000.0,0.0,0.0,0.0,198189000.0,189188000.0,9001000.0,768353993.0,-30330000.0,-2892000.0,-10281000.0,-2296000.0,0.0,-12577000.0,-26999000.0,0.0,9254000.0,-8000.0,6606000.0,6606000.0,6606000.0,0.0,0.0,0.022,78134000.0,10849000.0,120736000.0,0.0,1.389,14.075,13.948,91665000.0,0.0,6.765,0.536,0.535,6213000.0,67837000.0,305674000.0,305674000.0,0.0,,,,,1435000.0,71262000.0,1.0,113577826.0,113528000.0,120386000.0,2.692,430775000.0,19852000.0,4450000.0,5591000.0,3.794,148452000.0
73,GME,MRQ,2003-03-31,2003-05-03,2003-05-03,2021-09-08,0.0,744821000.0,,352408000.0,392413000.0,,4.867,-11217000.0,174477000.0,174477000.0,236300000.0,6611000.0,1.95,0.341,0.0,0.0,0.0,0.0,0.0,6217000.0,0.0,0.0,0.0,11214000.0,17431000.0,0.054,17431000.0,11214000.0,11068000.0,0.06,0.055,0.06,555592000.0,,555592000.0,410913072.0,5.0,3.562,-57603000.0,-0.505,1.0,85441000.0,0.266,317957000.0,146000.0,71703000.0,,156194000.0,0.0,0.0,0.0,189229000.0,180684000.0,8545000.0,642943072.0,-57553000.0,0.0,140000.0,0.0,0.0,140000.0,-11307000.0,0.0,-46386000.0,0.0,6611000.0,6611000.0,6611000.0,0.0,0.0,0.021,74752000.0,10689000.0,112186000.0,0.0,1.157,11.884,11.729,73328000.0,0.0,5.63,0.458,0.458,5195000.0,61231000.0,321741000.0,321741000.0,0.0,,,,,166000.0,68535000.0,1.0,114199480.0,114166000.0,120472000.0,2.818,426864000.0,6034000.0,4457000.0,5591000.0,3.739,171724000.0
74,GME,MRQ,2002-12-31,2003-02-01,2003-02-01,2021-09-08,0.0,803909000.0,,416453000.0,387456000.0,,4.81,-11341000.0,232030000.0,232030000.0,396131000.0,31587000.0,1.721,0.465,0.0,0.0,0.0,0.0,0.0,6549000.0,0.0,0.0,0.0,53026000.0,59575000.0,0.114,59575000.0,53026000.0,52887000.0,0.28,0.265,0.28,548675000.0,,548675000.0,359817090.0,4.0,3.206,106647000.0,0.935,1.0,124265000.0,0.239,317957000.0,139000.0,11951000.0,,161369000.0,0.0,0.0,0.0,255234000.0,241971000.0,13263000.0,484938090.0,106909000.0,0.0,280000.0,0.0,0.0,280000.0,-11359000.0,0.0,117988000.0,0.0,31587000.0,31587000.0,31587000.0,0.0,0.0,0.061,71753000.0,52512000.0,160378000.0,0.0,0.884,9.254,9.14,68394000.0,0.0,4.25,0.358,0.354,6893000.0,54620000.0,520396000.0,520396000.0,0.0,,,,,1906000.0,65244000.0,1.0,114103080.0,114078000.0,121120000.0,4.562,485952000.0,6034000.0,21300000.0,26205000.0,4.26,174482000.0
75,GME,MRQ,2002-09-30,2002-11-02,2002-11-02,2021-09-08,0.0,796623000.0,,413369000.0,383254000.0,,4.522,-11751000.0,125121000.0,125121000.0,212883000.0,9785000.0,1.498,0.547,0.0,0.0,0.0,0.0,0.0,5862000.0,0.0,0.0,0.0,16501000.0,22363000.0,0.078,22363000.0,16501000.0,16362000.0,0.085,0.08,0.085,514902000.0,,514902000.0,851236516.0,12.0,8.79,-27969000.0,-0.246,1.0,73845000.0,0.258,317957000.0,139000.0,77666000.0,,268393000.0,0.0,0.0,0.0,281721000.0,275879000.0,5842000.0,1003859516.0,-27502000.0,0.0,479000.0,0.0,0.0,479000.0,-11763000.0,0.0,-16218000.0,0.0,9785000.0,9785000.0,9785000.0,0.0,0.0,0.034,57863000.0,15982000.0,209491000.0,0.0,1.95,25.348,19.809,64149000.0,0.0,8.815,0.745,0.745,7461000.0,23033000.0,286728000.0,286728000.0,0.0,,,,,0.0,52001000.0,1.0,113880830.0,113862000.0,122222000.0,2.518,478666000.0,3418000.0,6577000.0,4953000.0,4.204,137490000.0
76,GME,MRQ,2002-06-30,2002-08-03,2002-08-03,2021-09-08,0.0,680296000.0,,302857000.0,377439000.0,,4.439,-11403000.0,152623000.0,152623000.0,200817000.0,6118000.0,1.783,0.348,0.0,0.0,0.0,0.0,0.0,5623000.0,0.0,0.0,0.0,10370000.0,15993000.0,0.058,15993000.0,10370000.0,10231000.0,0.055,0.05,0.055,504638000.0,,504638000.0,744943474.0,12.0,8.488,39813000.0,0.35,1.0,73445000.0,0.268,317957000.0,139000.0,39820000.0,,132786000.0,0.0,0.0,0.0,175658000.0,169896000.0,5762000.0,858340474.0,39226000.0,0.0,50000.0,-615000.0,0.0,-565000.0,-11425000.0,0.0,51216000.0,0.0,6118000.0,6118000.0,6118000.0,0.0,0.0,0.022,63582000.0,9863000.0,114115000.0,0.0,1.701,28.544,20.685,58286000.0,0.0,7.55,0.682,0.682,4762000.0,13248000.0,274262000.0,274262000.0,0.0,,,,,0.0,57959000.0,1.0,113687480.0,113686000.0,122602000.0,2.412,362339000.0,4137000.0,4113000.0,3065000.0,3.187,132961000.0
77,GME,MRQ,2002-03-31,2002-05-04,2002-05-04,2021-09-08,0.0,647547000.0,,275821000.0,371726000.0,,4.586,-6133000.0,113397000.0,113397000.0,202314000.0,4914000.0,1.932,0.299,0.0,0.0,0.0,0.0,0.0,5120000.0,0.0,0.0,0.0,9172000.0,14292000.0,0.053,14292000.0,9172000.0,8221000.0,0.045,0.04,0.045,498470000.0,,498470000.0,1100974710.0,23.0,14.302,-65150000.0,-0.599,1.0,69091000.0,0.255,317957000.0,951000.0,73411000.0,,145990000.0,0.0,0.0,0.0,149077000.0,142782000.0,6295000.0,1181724710.0,32647000.0,0.0,347541000.0,-249008000.0,0.0,98533000.0,-6869000.0,0.0,-59017000.0,0.0,4914000.0,4914000.0,4914000.0,0.0,0.0,0.018,60377000.0,8714000.0,95553000.0,0.0,2.371,61.857,42.449,52534000.0,0.0,10.4,0.992,0.949,4924000.0,7130000.0,271405000.0,271405000.0,0.0,,,,,0.0,55257000.0,1.0,113627376.0,108686000.0,117406000.0,2.497,329590000.0,3418000.0,3307000.0,1136000.0,3.032,133039000.0
78,GME,MRQ,2001-12-31,2002-02-02,2002-02-02,2021-09-08,0.0,606843000.0,,236704000.0,370139000.0,,-0.055,-5676000.0,80750000.0,80750000.0,403405000.0,18786000.0,1.151,-153.282,0.0,0.0,0.0,0.0,0.0,7931000.0,0.0,,0.0,36266000.0,44197000.0,0.086,44197000.0,36266000.0,32141000.0,0.26,0.255,0.26,-3985000.0,,-3985000.0,,,,113896000.0,1.581,1.0,110806000.0,0.215,317957000.0,4125000.0,2539000.0,,138351000.0,0.0,0.0,0.0,610828000.0,205597000.0,405231000.0,,72768000.0,0.0,0.0,-41120000.0,0.0,-41120000.0,-5684000.0,0.0,119572000.0,0.0,18786000.0,18786000.0,18786000.0,0.0,0.0,0.037,74663000.0,36143000.0,548220000.0,0.0,,,,51623000.0,0.0,,,,5930000.0,2216000.0,514211000.0,514211000.0,0.0,,,,,0.0,66732000.0,1.0,108129110.0,72018000.0,78794000.0,7.14,288886000.0,3418000.0,13355000.0,4455000.0,4.011,31107000.0
79,GME,MRQ,2001-09-30,2001-11-03,2001-11-03,2021-09-08,0.0,601393000.0,,237927000.0,363466000.0,,-0.45,-8374000.0,7982000.0,7982000.0,144188000.0,253000.0,1.269,-19.541,0.0,0.0,0.0,0.0,0.0,7673000.0,0.0,,0.0,5609000.0,13282000.0,0.067,13282000.0,5609000.0,960000.0,0.005,0.005,0.005,-32436000.0,,-32436000.0,,,,-48971000.0,-0.68,1.0,54578000.0,0.275,311075000.0,4649000.0,94803000.0,,211822000.0,0.0,0.0,0.0,633829000.0,187533000.0,446296000.0,,721000.0,0.0,0.0,49695000.0,0.0,49695000.0,-8377000.0,0.0,-40597000.0,0.0,253000.0,253000.0,253000.0,0.0,0.0,0.001,48969000.0,5609000.0,585097000.0,0.0,,,,51840000.0,0.0,,,,5263000.0,-16570000.0,198766000.0,198766000.0,0.0,,,,,0.0,41296000.0,1.0,108129110.0,72018000.0,80228000.0,2.76,290318000.0,4825000.0,707000.0,3098000.0,4.031,50394000.0
80,GME,MRQ,2001-06-30,2001-08-04,2001-08-04,2021-09-08,0.0,509024000.0,,146231000.0,362793000.0,,-0.454,-4062000.0,7261000.0,7261000.0,153095000.0,-4849000.0,1.014,-16.572,0.0,0.0,0.0,0.0,0.0,7453000.0,0.0,,0.0,-2243000.0,5210000.0,0.025,5210000.0,-2243000.0,-7241000.0,-0.065,-0.065,-0.065,-32689000.0,,-32689000.0,,,,22557000.0,0.313,1.0,53711000.0,0.26,313855000.0,4998000.0,43694000.0,,122922000.0,0.0,0.0,0.0,541713000.0,144214000.0,397499000.0,,1125000.0,0.0,0.0,-21420000.0,0.0,-21420000.0,-4074000.0,0.0,26619000.0,0.0,-4849000.0,-4849000.0,-4849000.0,0.0,0.0,-0.023,55954000.0,-2243000.0,496913000.0,0.0,,,,48390000.0,0.0,,,,3865000.0,-16823000.0,206806000.0,206806000.0,0.0,,,,,0.0,48501000.0,1.0,,72018000.0,72018000.0,2.872,195169000.0,5568000.0,-2392000.0,4116000.0,2.71,2017000.0
81,GME,MRQ,2001-03-31,2001-05-05,2001-05-05,2021-09-08,0.0,501757000.0,,135534000.0,366223000.0,,-0.387,-2350000.0,6136000.0,6136000.0,153347000.0,-7230000.0,1.21,-19.023,0.0,0.0,0.0,0.0,0.0,7240000.0,0.0,,0.0,-5422000.0,1818000.0,0.009,1818000.0,-5422000.0,-11225000.0,-0.1,-0.1,-0.1,-27840000.0,,-27840000.0,,,,-29825000.0,-0.414,1.0,48008000.0,0.238,316636000.0,5803000.0,66961000.0,,109333000.0,0.0,0.0,0.0,529597000.0,112024000.0,417573000.0,,-2505000.0,0.0,0.0,27320000.0,0.0,27320000.0,-2350000.0,0.0,-27475000.0,0.0,-7230000.0,-7230000.0,-7230000.0,0.0,0.0,-0.036,53430000.0,-5422000.0,494209000.0,0.0,,,,49051000.0,0.0,,,,2929000.0,-11974000.0,201355000.0,201355000.0,0.0,,,,,0.0,46190000.0,1.0,,72018000.0,72018000.0,2.796,185121000.0,3533000.0,-3995000.0,2861000.0,2.57,23510000.0
82,GME,MRQ,2000-12-31,2001-02-03,2001-02-03,2021-09-08,0.0,509757000.0,,138435000.0,371322000.0,,-0.286,-5619000.0,8641000.0,8641000.0,252361000.0,3507000.0,0.988,-25.733,0.0,0.0,0.0,0.0,0.0,7071000.0,0.0,,0.0,14149000.0,21220000.0,0.065,21220000.0,14149000.0,6752000.0,0.05,0.05,0.05,-20610000.0,,-20610000.0,,,,28473000.0,0.395,1.0,74693000.0,0.228,319418000.0,7397000.0,41537000.0,,108853000.0,0.0,0.0,0.0,530367000.0,140161000.0,390206000.0,,-4611000.0,-4002000.0,0.0,130060000.0,0.0,-29084000.0,-9619000.0,0.0,34092000.0,0.0,3507000.0,3507000.0,3507000.0,0.0,0.0,0.011,60544000.0,14149000.0,487985000.0,0.0,,,,51368000.0,0.0,,,,3726000.0,-4744000.0,327054000.0,327054000.0,0.0,,,,,0.0,53473000.0,1.0,,72018000.0,72018000.0,4.541,190339000.0,3533000.0,3245000.0,2862000.0,2.643,-1726000.0
83,GME,MRQ,1999-12-31,2000-01-29,2000-01-29,2021-09-08,0.0,307922000.0,,82415000.0,225507000.0,,-0.12,-4290000.0,6612000.0,6612000.0,174808000.0,7217000.0,0.741,-36.602,0.0,0.0,0.0,0.0,0.0,3613000.0,0.0,,0.0,15532000.0,19145000.0,0.086,19145000.0,15532000.0,12185000.0,0.1,0.1,0.1,-8649000.0,,-8649000.0,,,,-5678000.0,-0.079,1.0,48940000.0,0.219,197280000.0,3347000.0,-7234000.0,,69391000.0,0.0,0.0,0.0,316571000.0,111264000.0,205307000.0,,-4518000.0,-175760000.0,0.0,1227000.0,0.0,176987000.0,-180117000.0,0.0,-1388000.0,0.0,7217000.0,7217000.0,7217000.0,0.0,0.0,0.032,33632000.0,15308000.0,293219000.0,0.0,,,,26466000.0,0.0,,,,2423000.0,7217000.0,223748000.0,223748000.0,0.0,,,,,0.0,30019000.0,1.0,,72018000.0,72018000.0,3.107,110642000.0,3093000.0,4968000.0,331000.0,1.536,-28849000.0
0,GME,MRT,2021-06-30,2021-07-31,2021-07-31,2021-09-08,-56300000.0,3545800000.0,2795625000.0,2657000000.0,888800000.0,1.998,25.51,-27000000.0,1757100000.0,1757100000.0,4211100000.0,-66700000.0,2.225,0.915,701000000.0,221500000.0,479500000.0,701000000.0,0.0,75300000.0,0.0,0.0,0.0,-142000000.0,-66700000.0,-0.012,-66700000.0,-142000000.0,-185900000.0,-0.9,-0.9,-0.9,1852000000.0,875100000.0,1852000000.0,11531253907.0,-81.0,-172.882,-77100000.0,-1.062,1.0,1375900000.0,0.246,0.0,43900000.0,1295400000.0,1438000000.0,596400000.0,18500000.0,0.0,18500000.0,1693800000.0,1194300000.0,499500000.0,11570853907.0,1017000000.0,0.0,1540300000.0,-443900000.0,0.0,1096300000.0,-27400000.0,0.0,-50100000.0,-1800000.0,-66700000.0,-66700000.0,-66700000.0,-200000.0,0.0,-0.012,1518900000.0,-143000000.0,409700000.0,0.0,6.248,-173.476,-179.022,831800000.0,0.0,161.12,2.071,2.094,68500000.0,346500000.0,5587000000.0,5587000000.0,0.0,-0.024,-0.076,-0.099,-0.025,18500000.0,1528700000.0,1.0,71815131.0,72600000.0,72600000.0,76.956,3545800000.0,0.0,-119200000.0,0.0,48.84,1462700000.0
1,GME,MRT,2021-03-31,2021-05-01,2021-05-01,2021-09-08,-47200000.0,2562700000.0,2502975000.0,1657200000.0,905500000.0,2.136,13.326,27400000.0,752100000.0,752100000.0,4038400000.0,-116400000.0,1.361,1.914,712500000.0,267500000.0,445000000.0,712500000.0,0.0,77900000.0,0.0,0.0,0.0,-169600000.0,-91700000.0,-0.017,-91700000.0,-169600000.0,-220800000.0,-1.76,-1.76,-1.76,879500000.0,500175000.0,879500000.0,12568460383.0,-74.0,-137.061,181600000.0,2.752,1.0,1307200000.0,0.245,0.0,51200000.0,1305200000.0,1485000000.0,570900000.0,18700000.0,0.0,18700000.0,1683200000.0,1217900000.0,465300000.0,12140160383.0,186900000.0,0.0,505400000.0,-523300000.0,0.0,-18000000.0,28300000.0,0.0,154200000.0,22400000.0,-116400000.0,-116400000.0,-116400000.0,100000.0,0.0,-0.022,1477800000.0,-170600000.0,388600000.0,0.0,13.803,-104.297,-98.631,846800000.0,0.0,173.59,2.271,2.143,102100000.0,408100000.0,5345600000.0,5345600000.0,0.0,-0.047,-0.233,-0.114,-0.032,11800000.0,1498000000.0,1.0,69935828.0,66000000.0,66000000.0,80.994,2562700000.0,0.0,-104400000.0,0.0,38.829,439300000.0
2,GME,MRT,2020-12-31,2021-01-30,2021-01-30,2021-09-08,-49300000.0,2472600000.0,2479550000.0,1551200000.0,921400000.0,2.053,6.718,35500000.0,618500000.0,618500000.0,3830300000.0,-215300000.0,1.155,4.662,1046800000.0,374100000.0,672700000.0,1046800000.0,0.0,80700000.0,0.0,0.0,0.0,-236600000.0,-155900000.0,-0.031,-155900000.0,-236600000.0,-270600000.0,-3.31,-3.31,-3.31,436700000.0,389050000.0,436700000.0,23236262000.0,-98.0,-149.046,159200000.0,2.449,1.0,1259500000.0,0.247,0.0,34000000.0,1558200000.0,1577325000.0,602500000.0,16500000.0,0.0,16500000.0,2035900000.0,1342700000.0,693200000.0,22667762000.0,121500000.0,0.0,3100000.0,-58200000.0,-300000.0,-55400000.0,36900000.0,0.0,123700000.0,16300000.0,-215300000.0,-215300000.0,-215300000.0,700000.0,0.0,-0.042,1497300000.0,-237800000.0,341800000.0,0.0,51.907,-105.285,-98.187,863300000.0,0.0,325.0,4.454,4.15,105300000.0,474900000.0,5089800000.0,5089800000.0,0.0,-0.087,-0.553,-0.15,-0.046,7900000.0,1514200000.0,1.0,69746960.0,65000000.0,65000000.0,78.305,2472600000.0,0.0,-55300000.0,0.0,38.04,208500000.0
3,GME,MRT,2020-09-30,2020-10-31,2020-10-31,2021-09-08,-67400000.0,2601400000.0,2566325000.0,1651900000.0,949500000.0,2.011,5.095,45800000.0,586600000.0,586600000.0,3753600000.0,-274800000.0,1.048,6.831,1155100000.0,482400000.0,672700000.0,1155100000.0,0.0,87200000.0,0.0,0.0,0.0,-183200000.0,-96000000.0,-0.019,-96000000.0,-183200000.0,-216600000.0,-4.76,-4.76,-4.76,332200000.0,432750000.0,332200000.0,1113642057.0,-6.0,-11.6,245000000.0,3.758,1.0,1408200000.0,0.273,0.0,33400000.0,1593200000.0,1755475000.0,861000000.0,16000000.0,0.0,16000000.0,2269200000.0,1576700000.0,692500000.0,682242057.0,298200000.0,0.0,-23000000.0,66800000.0,0.0,43500000.0,59300000.0,0.0,199200000.0,-3800000.0,-274800000.0,-274800000.0,-274800000.0,4800000.0,0.0,-0.053,1589600000.0,-181400000.0,440200000.0,0.0,2.054,-2.483,-2.2,859700000.0,0.0,10.47,0.132,0.132,77600000.0,394400000.0,5161800000.0,5161800000.0,0.0,-0.107,-0.635,-0.104,-0.035,6900000.0,1606800000.0,1.0,65161610.0,65200000.0,65200000.0,79.169,2601400000.0,29200000.0,58200000.0,0.0,39.899,75200000.0
4,GME,MRT,2020-06-30,2020-08-01,2020-08-01,2021-09-08,-63900000.0,2375200000.0,2702375000.0,1379900000.0,995300000.0,2.071,5.42,-3000000.0,746100000.0,746100000.0,4022600000.0,-339400000.0,1.052,5.742,1166500000.0,475100000.0,691400000.0,1166500000.0,0.0,91700000.0,0.0,0.0,0.0,-164300000.0,-72600000.0,-0.013,-72600000.0,-164300000.0,-195700000.0,-5.49,-5.49,-5.49,352300000.0,503975000.0,352300000.0,984883229.0,-6.0,-13.566,372700000.0,5.734,1.0,1573000000.0,0.281,0.0,31400000.0,1483400000.0,1971150000.0,474600000.0,12500000.0,0.0,12500000.0,2022900000.0,1312200000.0,710700000.0,259683229.0,320900000.0,5200000.0,-137000000.0,53300000.0,0.0,-84000000.0,17300000.0,0.0,375700000.0,11800000.0,-339400000.0,-339400000.0,-339400000.0,5000000.0,0.0,-0.061,1737000000.0,-164000000.0,256400000.0,0.0,0.737,-0.765,-0.73,908700000.0,0.0,4.01,0.046,0.047,83100000.0,413200000.0,5595600000.0,5595600000.0,0.0,-0.126,-0.673,-0.083,-0.029,7600000.0,1721800000.0,1.0,64758910.0,65000000.0,65000000.0,86.086,2375200000.0,29200000.0,143700000.0,0.0,36.542,67700000.0
5,GME,MRT,2020-03-31,2020-05-02,2020-05-02,2021-09-08,-90900000.0,2469000000.0,2855550000.0,1419900000.0,1049100000.0,2.08,6.744,-66500000.0,570300000.0,570300000.0,4219400000.0,-643400000.0,0.934,4.676,1295500000.0,801600000.0,493900000.0,1295500000.0,0.0,94400000.0,0.0,0.0,0.0,-524600000.0,-430200000.0,-0.072,-430200000.0,-524600000.0,-557700000.0,-7.93,-7.93,-7.93,435000000.0,618325000.0,435000000.0,1079070852.0,-2.0,-2.508,134700000.0,2.088,1.0,1719900000.0,0.29,0.0,33100000.0,1674500000.0,2232900000.0,654700000.0,13600000.0,0.0,13600000.0,2034000000.0,1519700000.0,514300000.0,389970852.0,27500000.0,5200000.0,-199600000.0,81300000.0,-200000.0,-118800000.0,-48300000.0,0.0,201200000.0,-6600000.0,-643400000.0,-643400000.0,-643400000.0,6400000.0,0.0,-0.108,2245000000.0,-525100000.0,212100000.0,0.0,0.896,-0.606,-0.763,962500000.0,0.0,6.05,0.066,0.066,86700000.0,524500000.0,5939300000.0,5939300000.0,0.0,-0.225,-1.041,-0.235,-0.088,8800000.0,1855500000.0,1.0,64457992.0,64500000.0,64500000.0,92.082,2469000000.0,29200000.0,85700000.0,0.0,38.279,-99800000.0
6,GME,MRT,2019-12-31,2020-02-01,2020-02-01,2021-09-08,-78800000.0,2819700000.0,3146625000.0,1633700000.0,1186000000.0,2.055,6.989,-78500000.0,499700000.0,499700000.0,4557300000.0,-470900000.0,1.32,3.611,1188500000.0,239400000.0,949100000.0,1188500000.0,0.0,96200000.0,0.0,0.099,0.38,-394800000.0,-298600000.0,-0.046,-298600000.0,-394800000.0,-433300000.0,-5.38,-5.38,-5.38,611500000.0,832500000.0,611500000.0,1137241567.0,-3.0,-3.809,-493000000.0,-5.634,1.0,1908700000.0,0.295,0.0,38500000.0,2270800000.0,2489375000.0,859700000.0,13800000.0,0.0,13800000.0,2208200000.0,1237700000.0,970500000.0,253141567.0,-1127000000.0,5200000.0,-199700000.0,-404500000.0,-40500000.0,-644700000.0,-60900000.0,0.0,-414500000.0,-6900000.0,-470900000.0,-470900000.0,-470900000.0,6500000.0,0.0,-0.073,2308300000.0,-399600000.0,380800000.0,-0.071,0.414,-0.538,-0.714,1042900000.0,0.0,3.84,0.039,0.052,141900000.0,690200000.0,6466000000.0,6466000000.0,0.0,-0.15,-0.566,-0.159,-0.061,8900000.0,1922700000.0,1.0,65922283.0,87500000.0,87500000.0,73.897,2819700000.0,83000000.0,37600000.0,0.0,32.225,396000000.0
7,GME,MRT,2019-09-30,2019-11-02,2019-11-02,2021-09-08,-71500000.0,3145600000.0,3452775000.0,1863100000.0,1282500000.0,2.124,7.516,-89200000.0,290600000.0,290600000.0,5274700000.0,-679600000.0,1.184,4.097,1174400000.0,238500000.0,935900000.0,1174400000.0,0.0,99600000.0,0.0,0.13,0.76,-615200000.0,-515600000.0,-0.07,-515600000.0,-615200000.0,-659900000.0,-6.93,-6.93,-6.93,617100000.0,1013675000.0,617100000.0,1287572372.0,-2.0,-2.497,-239700000.0,-2.92,1.0,2060200000.0,0.281,0.0,44700000.0,2455900000.0,2095600000.0,1286700000.0,13800000.0,0.0,13800000.0,2528500000.0,1573500000.0,955000000.0,528272372.0,-159200000.0,733100000.0,-177700000.0,-404500000.0,-79200000.0,-661400000.0,644800000.0,0.0,-150500000.0,2000000.0,-679600000.0,-679600000.0,-679600000.0,-78200000.0,0.0,-0.093,2767100000.0,-706900000.0,709900000.0,-0.11,0.856,-0.777,-0.843,1045200000.0,0.0,5.84,0.072,0.065,145700000.0,688500000.0,7334900000.0,7334900000.0,0.0,-0.197,-0.67,-0.294,-0.084,6000000.0,2044000000.0,1.0,90457598.0,82100000.0,82100000.0,89.341,3145600000.0,157800000.0,19700000.0,0.0,38.314,289600000.0
8,GME,MRT,2019-06-30,2019-08-03,2019-08-03,2021-09-08,-75100000.0,2987900000.0,3830550000.0,1667600000.0,1320300000.0,2.045,8.097,-94800000.0,424000000.0,424000000.0,5654500000.0,-1084800000.0,1.37,2.69,1183300000.0,240300000.0,943000000.0,1183300000.0,0.0,106200000.0,0.0,0.302,1.14,-1069900000.0,-963700000.0,-0.123,-963700000.0,-1069900000.0,-1120700000.0,-10.69,-10.69,-10.69,809700000.0,1250675000.0,809700000.0,1114876593.0,-1.0,-1.157,13500000.0,0.135,1.0,2177300000.0,0.278,0.0,50800000.0,2530400000.0,1905225000.0,948900000.0,0.0,0.0,0.0,2178200000.0,1216800000.0,961400000.0,386576593.0,150800000.0,727900000.0,-64600000.0,-404500000.0,-118000000.0,-587100000.0,631100000.0,0.0,108300000.0,-8200000.0,-1084800000.0,-1084800000.0,-1084800000.0,-96700000.0,0.0,-0.139,3356500000.0,-1179200000.0,368300000.0,-0.107,0.477,-0.356,-0.354,1081700000.0,0.0,3.78,0.049,0.048,122400000.0,884700000.0,7831800000.0,7831800000.0,0.0,-0.283,-0.867,-0.562,-0.137,6300000.0,2032200000.0,1.0,102268940.0,100000000.0,100000000.0,78.318,2987900000.0,157800000.0,-35900000.0,0.0,29.879,450800000.0
9,GME,MRT,2019-03-31,2019-05-04,2019-05-04,2021-09-08,-68200000.0,3633300000.0,4154175000.0,1920100000.0,1713200000.0,1.937,12.614,-94700000.0,543200000.0,543200000.0,5799000000.0,-694400000.0,1.48,1.813,1271500000.0,250000000.0,1021500000.0,1271500000.0,0.0,115800000.0,0.0,0.169,1.52,-607200000.0,-491400000.0,-0.061,-491400000.0,-607200000.0,-662800000.0,-6.78,-6.78,-6.78,1291700000.0,1574300000.0,1291700000.0,113738892.0,0.0,-0.231,97300000.0,0.95,1.0,2248200000.0,0.279,363900000.0,55600000.0,2700400000.0,1822650000.0,1149100000.0,0.0,0.0,0.0,2341600000.0,1297300000.0,1044300000.0,917338892.0,300000000.0,727900000.0,-1500000.0,-353100000.0,-156800000.0,-511400000.0,633200000.0,0.0,192000000.0,-18900000.0,-694400000.0,-694400000.0,-694400000.0,-113300000.0,0.0,-0.086,2979200000.0,-731000000.0,458400000.0,-0.224,0.71,-1.321,-1.323,1120300000.0,0.0,8.97,0.114,0.114,126000000.0,1330800000.0,8047200000.0,8047200000.0,0.0,-0.167,-0.441,-0.333,-0.075,5000000.0,1991800000.0,1.0,102267435.0,102400000.0,102500000.0,78.586,3269400000.0,147300000.0,31600000.0,0.0,31.928,622800000.0
10,GME,MRT,2018-12-31,2019-02-02,2019-02-02,2021-09-08,-54300000.0,4044300000.0,4322950000.0,3127700000.0,916600000.0,1.917,13.087,-93700000.0,1624400000.0,1624400000.0,5977200000.0,-673000000.0,1.434,2.027,820800000.0,349200000.0,471600000.0,820800000.0,0.0,126900000.0,0.0,0.135,1.52,-574500000.0,-447600000.0,-0.054,-447600000.0,-574500000.0,-631300000.0,-6.59,-6.59,-6.59,1336200000.0,1797250000.0,1336200000.0,1511615262.0,-3.0,-3.377,231400000.0,2.266,1.0,2308100000.0,0.279,363900000.0,56800000.0,695700000.0,1725800000.0,1250500000.0,0.0,0.0,0.0,2708100000.0,2181100000.0,527000000.0,1146115262.0,771400000.0,727900000.0,-5100000.0,-12200000.0,-157400000.0,-174700000.0,635500000.0,0.0,325100000.0,-24700000.0,-673000000.0,-673000000.0,-673000000.0,-121800000.0,0.0,-0.081,3010100000.0,-702000000.0,1051900000.0,-0.231,0.858,-1.703,-1.706,321300000.0,0.0,11.24,0.138,0.139,134200000.0,1362700000.0,8285300000.0,8285300000.0,0.0,-0.156,-0.374,-0.333,-0.069,10700000.0,1994200000.0,1.0,101967550.0,102100000.0,102100000.0,81.149,3680400000.0,147300000.0,41700000.0,0.0,36.047,946600000.0
11,GME,MRT,2018-09-30,2018-11-03,2018-11-03,2021-09-08,-54000000.0,4656700000.0,4572275000.0,3263000000.0,1393700000.0,1.76,15.314,-93700000.0,448600000.0,448600000.0,6018700000.0,-591200000.0,1.276,1.975,820000000.0,348800000.0,471200000.0,820000000.0,0.0,136100000.0,0.0,0.097,1.52,-414500000.0,-278400000.0,-0.035,-278400000.0,-414500000.0,-471400000.0,-5.79,-5.79,-5.79,1565100000.0,2016825000.0,1565100000.0,2130986270.0,-5.0,-7.654,179100000.0,1.752,1.0,2028600000.0,0.252,777000000.0,56900000.0,1694400000.0,1959750000.0,1881500000.0,0.0,0.0,0.0,3091600000.0,2556700000.0,534900000.0,1591386270.0,200000.0,3800000.0,-1700000.0,-12200000.0,-157200000.0,-174600000.0,-88800000.0,0.0,272800000.0,-8100000.0,-591200000.0,-591200000.0,-591200000.0,154700000.0,0.0,-0.073,2291600000.0,-263000000.0,1452800000.0,-0.263,1.017,-2.692,-2.696,323900000.0,0.0,15.61,0.198,0.198,152300000.0,1589200000.0,8047300000.0,8047300000.0,0.0,-0.129,-0.293,-0.212,-0.052,22200000.0,1722100000.0,1.0,101946590.0,102200000.0,102200000.0,78.741,3879700000.0,189000000.0,119800000.0,0.0,37.962,706300000.0
12,GME,MRT,2018-06-30,2018-08-04,2018-08-04,2021-09-08,-40400000.0,4282400000.0,4776600000.0,2324800000.0,1957600000.0,1.696,20.609,-106300000.0,272800000.0,272800000.0,5940700000.0,-43200000.0,1.801,1.035,819200000.0,0.0,819200000.0,819200000.0,0.0,142600000.0,0.0,0.102,1.52,171800000.0,314400000.0,0.039,314400000.0,171800000.0,114900000.0,-0.42,-0.42,-0.42,2104200000.0,2203975000.0,2104200000.0,2084182479.0,12.0,6.629,210400000.0,2.061,1.0,2159800000.0,0.267,1337900000.0,56900000.0,2200100000.0,1890600000.0,1130600000.0,0.0,0.0,0.0,2178200000.0,1290800000.0,887400000.0,1512782479.0,15100000.0,3800000.0,-900000.0,-34000000.0,-156900000.0,-195300000.0,-97800000.0,0.0,316700000.0,-6500000.0,-43200000.0,-43200000.0,-43200000.0,173000000.0,0.0,-0.005,1817300000.0,342500000.0,535800000.0,-3.619,0.719,-35.018,-35.357,325800000.0,0.0,14.85,0.187,0.187,121800000.0,2117000000.0,8100500000.0,8100500000.0,0.0,-0.009,-0.02,0.091,0.021,24000000.0,1823600000.0,1.0,101870874.0,102100000.0,102100000.0,79.339,2944500000.0,153600000.0,158100000.0,5000000.0,28.839,1034000000.0
13,GME,MRT,2018-03-31,2018-05-05,2018-05-05,2021-09-08,-23000000.0,4308400000.0,4858450000.0,2327300000.0,1981100000.0,1.706,21.449,-111000000.0,242100000.0,242100000.0,5973500000.0,3900000.0,1.893,0.973,818600000.0,0.0,818600000.0,818600000.0,0.0,148000000.0,0.0,0.117,1.52,198500000.0,346500000.0,0.042,346500000.0,198500000.0,141600000.0,0.04,0.04,0.04,2183500000.0,2255850000.0,2183500000.0,1274083147.0,6.0,3.677,48800000.0,0.479,1.0,2313500000.0,0.279,1342300000.0,56900000.0,2313000000.0,1744650000.0,1184500000.0,0.0,0.0,0.0,2124900000.0,1229600000.0,895300000.0,1320583147.0,-60800000.0,58500000.0,-900000.0,-34000000.0,-156400000.0,-194800000.0,-49800000.0,0.0,159800000.0,24300000.0,3900000.0,3900000.0,3900000.0,187900000.0,0.0,0.0,1928900000.0,384600000.0,547800000.0,38.0,0.605,338.611,325.0,333500000.0,0.0,13.0,0.159,0.16,104500000.0,2180900000.0,8287000000.0,8287000000.0,0.0,0.001,0.002,0.114,0.024,27300000.0,1924500000.0,1.0,101583319.0,101800000.0,102000000.0,81.405,2966100000.0,153600000.0,137700000.0,5000000.0,29.137,1097700000.0
14,GME,MRT,2017-12-31,2018-02-03,2018-02-03,2021-09-08,12200000.0,5041600000.0,4952200000.0,3018400000.0,2023200000.0,1.726,21.839,-113400000.0,854200000.0,854200000.0,6062200000.0,34700000.0,1.563,1.277,817900000.0,0.0,817900000.0,817900000.0,0.0,151900000.0,0.0,0.094,1.52,245000000.0,396900000.0,0.046,396900000.0,245000000.0,188200000.0,0.34,0.34,0.34,2214500000.0,2277200000.0,2214500000.0,2006670315.0,8.0,5.056,321500000.0,3.171,1.0,2484900000.0,0.291,1443000000.0,56800000.0,1631500000.0,1537400000.0,1250300000.0,0.0,0.0,0.0,2827100000.0,1930800000.0,896300000.0,1644170315.0,194400000.0,50000000.0,-22000000.0,-21800000.0,-155200000.0,-202500000.0,-60600000.0,0.0,434900000.0,28000000.0,34700000.0,34700000.0,34700000.0,195700000.0,0.0,0.004,2045700000.0,439200000.0,892300000.0,4.471,0.742,47.382,47.735,351000000.0,0.0,16.23,0.192,0.193,138600000.0,2180100000.0,8547100000.0,8547100000.0,0.0,0.007,0.015,0.159,0.029,25600000.0,2031900000.0,1.0,101304394.0,101400000.0,101500000.0,84.291,3598600000.0,158200000.0,153500000.0,42500000.0,35.489,1087600000.0
15,GME,MRT,2017-09-30,2017-10-28,2017-10-28,2021-09-08,-24300000.0,5474000000.0,4935775000.0,2671000000.0,2803000000.0,1.646,22.795,-122500000.0,454700000.0,454700000.0,5610500000.0,349300000.0,1.205,1.366,817200000.0,0.0,817200000.0,817200000.0,0.0,154900000.0,0.0,0.078,1.51,492300000.0,647200000.0,0.08,647200000.0,492300000.0,435600000.0,3.42,3.4,3.42,2313700000.0,2287100000.0,2313700000.0,2513580474.0,5.0,3.884,265900000.0,2.62,1.0,2514100000.0,0.309,2201200000.0,56700000.0,1417800000.0,1411425000.0,1822500000.0,0.0,0.0,0.0,3160300000.0,2217500000.0,942800000.0,1959280474.0,100300000.0,46100000.0,-45200000.0,-22200000.0,-154400000.0,-222000000.0,-73900000.0,0.0,388400000.0,10000000.0,349300000.0,349300000.0,349300000.0,-48700000.0,0.0,0.043,2071200000.0,442900000.0,1285100000.0,0.442,0.847,5.609,5.655,457900000.0,0.0,19.34,0.241,0.242,195800000.0,2325100000.0,8124600000.0,8124600000.0,0.0,0.071,0.153,0.349,0.061,17000000.0,1926600000.0,1.0,101307160.0,101500000.0,101500000.0,80.045,3272800000.0,73200000.0,86300000.0,39700000.0,32.244,453500000.0
16,GME,MRT,2017-06-30,2017-07-29,2017-07-29,2021-09-08,-1100000.0,4609800000.0,4874925000.0,1790600000.0,2819200000.0,1.661,22.798,-123800000.0,262100000.0,262100000.0,5562300000.0,340700000.0,1.339,0.994,816400000.0,0.0,816400000.0,816400000.0,0.0,160500000.0,0.0,0.07,1.5,503300000.0,663800000.0,0.082,663800000.0,503300000.0,445900000.0,3.32,3.3,3.32,2311700000.0,2239700000.0,2311700000.0,2680972044.0,5.0,4.039,537800000.0,5.304,1.0,2532900000.0,0.313,2210100000.0,57400000.0,1616300000.0,1377775000.0,1140600000.0,0.0,0.0,0.0,2298100000.0,1337700000.0,960400000.0,2177172044.0,-24700000.0,-347200000.0,-79000000.0,-400000.0,-154400000.0,-234100000.0,-469000000.0,0.0,661600000.0,19000000.0,340700000.0,340700000.0,340700000.0,-48700000.0,0.0,0.042,2078800000.0,454100000.0,469800000.0,0.452,0.942,6.39,6.476,457400000.0,0.0,21.5,0.269,0.269,185400000.0,2304800000.0,8095200000.0,8095200000.0,0.0,0.07,0.152,0.365,0.062,17100000.0,1928600000.0,1.0,101263816.0,101400000.0,101500000.0,79.834,2399700000.0,73200000.0,105200000.0,34400000.0,23.666,452900000.0
17,GME,MRT,2017-03-31,2017-04-29,2017-04-29,2021-09-08,-55500000.0,4683400000.0,4755875000.0,1847000000.0,2836400000.0,1.69,22.398,-133300000.0,311900000.0,311900000.0,5512500000.0,346400000.0,1.26,1.064,815700000.0,0.0,815700000.0,815700000.0,0.0,164000000.0,0.0,0.066,1.49,518300000.0,682300000.0,0.085,682300000.0,518300000.0,461400000.0,3.37,3.35,3.37,2268900000.0,2199525000.0,2268900000.0,2442074323.0,5.0,3.579,523100000.0,5.164,1.0,2526900000.0,0.314,2237600000.0,56900000.0,1484000000.0,1409050000.0,1216900000.0,0.0,0.0,0.0,2414500000.0,1465600000.0,948900000.0,2296474323.0,-163400000.0,-448800000.0,-79200000.0,-400000.0,-154300000.0,-234500000.0,-576700000.0,0.0,656400000.0,-6400000.0,346400000.0,346400000.0,346400000.0,-48700000.0,0.0,0.043,2058100000.0,468800000.0,526100000.0,0.442,1.012,6.63,6.733,453600000.0,0.0,22.69,0.286,0.286,172500000.0,2321700000.0,8039400000.0,8039400000.0,0.0,0.073,0.157,0.368,0.064,17800000.0,1904600000.0,1.0,101210856.0,101300000.0,101400000.0,79.362,2445800000.0,73200000.0,115000000.0,117100000.0,24.144,381400000.0
18,GME,MRT,2016-12-31,2017-01-28,2017-01-28,2021-09-08,-47300000.0,4975900000.0,4696525000.0,2140700000.0,2835200000.0,1.696,21.8,-142700000.0,669400000.0,669400000.0,5465100000.0,353200000.0,1.215,1.207,815000000.0,0.0,815000000.0,815000000.0,0.0,166700000.0,0.0,0.061,1.48,531200000.0,697900000.0,0.088,697900000.0,531200000.0,477400000.0,3.42,3.4,3.42,2254100000.0,2171325000.0,2254100000.0,2934770991.0,6.0,4.205,394400000.0,3.814,1.0,2499900000.0,0.314,2232400000.0,53800000.0,1127600000.0,1436400000.0,1121500000.0,0.0,0.0,0.0,2721800000.0,1761500000.0,960300000.0,2476570991.0,217300000.0,-441200000.0,-71500000.0,466500000.0,-155500000.0,238700000.0,-577400000.0,0.0,537100000.0,21100000.0,353200000.0,353200000.0,353200000.0,-48700000.0,0.0,0.044,2018200000.0,481700000.0,616600000.0,0.433,1.099,7.012,7.108,471000000.0,0.0,24.31,0.311,0.316,220900000.0,2301300000.0,7965000000.0,7965000000.0,0.0,0.075,0.163,0.37,0.067,18600000.0,1861900000.0,1.0,101874578.0,103400000.0,103800000.0,77.031,2743500000.0,59000000.0,124200000.0,77000000.0,26.533,379200000.0
19,GME,MRT,2016-09-30,2016-10-29,2016-10-29,2021-09-08,-45700000.0,5230600000.0,4535125000.0,2358800000.0,2871800000.0,2.004,20.483,-149600000.0,356100000.0,356100000.0,6042900000.0,392300000.0,1.097,1.463,814300000.0,0.0,814300000.0,814300000.0,0.0,168700000.0,0.0,0.062,1.47,653600000.0,822300000.0,0.09,822300000.0,653600000.0,608300000.0,3.74,3.72,3.74,2124100000.0,2128050000.0,2124100000.0,3009158782.0,5.0,3.659,450700000.0,4.346,1.0,3044600000.0,0.335,2254500000.0,45300000.0,1283200000.0,1310450000.0,1633600000.0,0.0,0.0,0.0,3106500000.0,2151100000.0,955400000.0,2485158782.0,169900000.0,-504300000.0,-94900000.0,464700000.0,-156800000.0,209900000.0,-648400000.0,0.0,600300000.0,8100000.0,392300000.0,392300000.0,392300000.0,0.0,0.0,0.043,2391600000.0,653000000.0,1242600000.0,0.393,1.17,6.335,6.39,503100000.0,0.0,23.9,0.273,0.273,181100000.0,2169700000.0,9087500000.0,9087500000.0,0.0,0.087,0.184,0.499,0.072,25500000.0,2219600000.0,1.0,103981539.0,103700000.0,104000000.0,87.633,2976100000.0,39000000.0,216000000.0,60800000.0,28.699,207700000.0
20,GME,MRT,2016-06-30,2016-07-30,2016-07-30,2021-09-08,-38800000.0,4133600000.0,4435000000.0,1684400000.0,2449200000.0,2.062,20.683,-163500000.0,289500000.0,289500000.0,6152600000.0,397400000.0,1.594,0.922,813500000.0,0.0,813500000.0,813500000.0,0.0,166000000.0,0.0,0.047,1.46,645500000.0,811500000.0,0.089,811500000.0,645500000.0,608500000.0,3.78,3.76,3.78,2151000000.0,2082425000.0,2151000000.0,3556322726.0,6.0,4.382,80100000.0,0.77,1.0,2992000000.0,0.327,1859700000.0,37000000.0,1741400000.0,1201550000.0,1093000000.0,0.0,0.0,0.0,1982600000.0,1056500000.0,926100000.0,3217322726.0,153300000.0,-115300000.0,-105600000.0,453700000.0,-156200000.0,189200000.0,-280100000.0,0.0,243600000.0,600000.0,397400000.0,397400000.0,397400000.0,0.0,0.0,0.043,2347100000.0,644900000.0,370700000.0,0.386,1.496,8.096,8.188,480900000.0,0.0,30.95,0.352,0.352,126600000.0,2184500000.0,9144600000.0,9144600000.0,0.0,0.09,0.191,0.537,0.071,26900000.0,2178000000.0,1.0,103952269.0,104000000.0,104300000.0,87.929,2273900000.0,39000000.0,211100000.0,33500000.0,21.864,627900000.0
21,GME,MRT,2016-03-31,2016-04-30,2016-04-30,2021-09-08,-39600000.0,4446000000.0,4359975000.0,2037100000.0,2408900000.0,2.127,20.772,-174800000.0,473600000.0,473600000.0,6319900000.0,394800000.0,1.491,1.062,812400000.0,0.0,812400000.0,812400000.0,0.0,162900000.0,0.0,0.044,1.45,638700000.0,801600000.0,0.086,801600000.0,638700000.0,609900000.0,3.75,3.73,3.75,2156100000.0,2036500000.0,2156100000.0,3307125322.0,5.0,4.126,234500000.0,2.259,1.0,2954800000.0,0.319,1825400000.0,28800000.0,1593400000.0,1000300000.0,1264100000.0,0.0,0.0,0.0,2289900000.0,1366000000.0,923900000.0,3407125322.0,103800000.0,-257500000.0,-164800000.0,464700000.0,-156200000.0,142100000.0,-434300000.0,0.0,409300000.0,-13300000.0,394800000.0,394800000.0,394800000.0,0.0,0.0,0.043,2316500000.0,638300000.0,608500000.0,0.387,1.58,8.63,8.747,483300000.0,0.0,32.8,0.367,0.367,139000000.0,2195600000.0,9274700000.0,9274700000.0,0.0,0.091,0.194,0.639,0.069,27700000.0,2150400000.0,1.0,103875772.0,103800000.0,104200000.0,89.352,2620600000.0,38800000.0,215100000.0,80200000.0,25.247,671100000.0
22,GME,MRT,2015-12-31,2016-01-30,2016-01-30,2021-09-08,-88800000.0,4330300000.0,4233725000.0,1937500000.0,2392800000.0,2.212,19.632,-173200000.0,450400000.0,450400000.0,6445500000.0,402800000.0,1.08,1.081,345400000.0,0.0,345400000.0,345400000.0,0.0,158200000.0,0.0,0.055,1.44,648600000.0,806800000.0,0.086,806800000.0,648600000.0,625200000.0,3.8,3.78,3.8,2081000000.0,2015650000.0,2081000000.0,2908109349.0,4.0,3.604,483600000.0,4.562,1.0,2918300000.0,0.312,1807100000.0,23400000.0,623800000.0,836225000.0,1163000000.0,0.0,0.0,0.0,2249300000.0,1794400000.0,454900000.0,2743409349.0,-159700000.0,-267500000.0,-194300000.0,-2200000.0,-154100000.0,-346200000.0,-444600000.0,0.0,656800000.0,-25700000.0,402800000.0,402800000.0,402800000.0,0.0,0.0,0.043,2270100000.0,648200000.0,631900000.0,0.379,1.318,6.811,6.897,484500000.0,0.0,26.21,0.293,0.297,176500000.0,2169700000.0,9363800000.0,9363800000.0,0.0,0.095,0.2,0.776,0.069,25500000.0,2108900000.0,1.0,104670330.0,106000000.0,106700000.0,88.338,2523200000.0,39000000.0,222400000.0,150700000.0,23.804,143100000.0
23,GME,MRT,2015-09-30,2015-10-31,2015-10-31,2021-09-08,-61300000.0,4830100000.0,4212725000.0,2493100000.0,2337000000.0,2.211,18.421,-182500000.0,186200000.0,186200000.0,6463400000.0,399100000.0,1.051,1.488,346000000.0,900000.0,345100000.0,346000000.0,0.0,153000000.0,0.0,0.031,1.41,652800000.0,805800000.0,0.087,805800000.0,652800000.0,629500000.0,3.64,3.62,3.64,1941600000.0,2012325000.0,1941600000.0,5086180994.0,8.0,6.312,449500000.0,4.265,1.0,2851500000.0,0.306,1770600000.0,23300000.0,847600000.0,861275000.0,1856300000.0,0.0,0.0,0.0,2888500000.0,2371700000.0,516800000.0,4859880994.0,-187800000.0,-211200000.0,-223800000.0,0.0,-151000000.0,-367800000.0,-397900000.0,0.0,632000000.0,-54100000.0,399100000.0,399100000.0,399100000.0,0.0,0.0,0.043,2199300000.0,652200000.0,1461100000.0,0.387,2.503,12.177,12.657,477500000.0,0.0,46.07,0.522,0.521,185500000.0,2002800000.0,9314900000.0,9314900000.0,0.0,0.095,0.198,0.758,0.07,25000000.0,2045900000.0,1.0,105489060.0,105400000.0,106100000.0,88.377,3059500000.0,92700000.0,230400000.0,129300000.0,29.028,121400000.0
24,GME,MRT,2015-06-30,2015-08-01,2015-08-01,2021-09-08,-55400000.0,3833500000.0,4165600000.0,1500300000.0,2333200000.0,2.254,18.472,-183900000.0,136200000.0,136200000.0,6572700000.0,399600000.0,1.116,0.949,357200000.0,12500000.0,344700000.0,357200000.0,0.0,151700000.0,0.0,0.03,1.38,652000000.0,803700000.0,0.086,803700000.0,652000000.0,632000000.0,3.61,3.59,3.61,1967300000.0,2029075000.0,1967300000.0,4875410258.0,7.0,6.066,548900000.0,5.154,1.0,2818100000.0,0.3,1773600000.0,20000000.0,936400000.0,856100000.0,988300000.0,0.0,0.0,0.0,1866200000.0,1344500000.0,521700000.0,4893110258.0,-56800000.0,-234200000.0,-311100000.0,144600000.0,-150300000.0,-308900000.0,-413900000.0,0.0,732800000.0,-66800000.0,399600000.0,399600000.0,399600000.0,0.0,0.0,0.043,2166800000.0,651300000.0,481100000.0,0.382,2.487,12.245,12.701,463300000.0,0.0,45.85,0.521,0.52,118300000.0,2022600000.0,9390800000.0,9390800000.0,0.0,0.096,0.197,0.762,0.069,18900000.0,2014700000.0,1.0,106719962.0,106500000.0,107200000.0,88.177,2059900000.0,92700000.0,232400000.0,99500000.0,19.342,155800000.0
25,GME,MRT,2015-03-31,2015-05-02,2015-05-02,2021-09-08,-15000000.0,3941000000.0,4148100000.0,1755500000.0,2185500000.0,2.257,19.227,-162800000.0,369800000.0,369800000.0,6571800000.0,398900000.0,1.305,0.901,346500000.0,2100000.0,344400000.0,346500000.0,0.0,152700000.0,0.0,0.034,1.35,637000000.0,789700000.0,0.084,789700000.0,637000000.0,621500000.0,3.59,3.57,3.59,2072700000.0,2082600000.0,2072700000.0,3966900488.0,6.0,5.023,466300000.0,4.326,1.0,2788500000.0,0.298,1634900000.0,15500000.0,937100000.0,795650000.0,1076700000.0,0.0,0.0,0.0,1868300000.0,1345700000.0,522600000.0,4221300488.0,160900000.0,-60600000.0,-324200000.0,268600000.0,-149400000.0,-196500000.0,-221800000.0,0.0,629100000.0,-49900000.0,398900000.0,398900000.0,398900000.0,0.0,0.0,0.043,2152200000.0,636300000.0,585100000.0,0.376,2.037,10.582,10.911,448200000.0,0.0,39.17,0.451,0.451,99500000.0,2087600000.0,9360300000.0,9360300000.0,0.0,0.096,0.192,0.801,0.068,17400000.0,1999300000.0,1.0,107768713.0,107800000.0,108400000.0,86.83,2306100000.0,90000000.0,222600000.0,145300000.0,21.392,409800000.0
26,GME,MRT,2014-12-31,2015-01-31,2015-01-31,2021-09-08,-25400000.0,4246300000.0,4114725000.0,2062500000.0,2183800000.0,2.259,18.429,-159600000.0,610100000.0,610100000.0,6520100000.0,393100000.0,1.258,1.054,355700000.0,5100000.0,350600000.0,355700000.0,0.0,156500000.0,0.0,0.037,1.32,619000000.0,775500000.0,0.083,775500000.0,619000000.0,608300000.0,3.5,3.47,3.5,2067700000.0,2131225000.0,2067700000.0,3805168766.0,6.0,4.907,320900000.0,2.86,1.0,2775900000.0,0.299,1628200000.0,10700000.0,724000000.0,714200000.0,1144800000.0,0.0,0.0,0.0,2178600000.0,1639700000.0,538900000.0,3825168766.0,73900000.0,-77300000.0,-330400000.0,342300000.0,-148800000.0,-131200000.0,-235900000.0,0.0,480500000.0,-39500000.0,393100000.0,393100000.0,393100000.0,0.0,0.0,0.042,2157600000.0,618300000.0,815600000.0,0.377,1.85,9.731,10.071,454200000.0,0.0,35.25,0.411,0.425,113500000.0,2093000000.0,9296000000.0,9296000000.0,0.0,0.096,0.184,0.867,0.067,15800000.0,2001000000.0,1.0,108515426.0,112200000.0,113200000.0,82.852,2618100000.0,89900000.0,215200000.0,111300000.0,23.334,422800000.0
27,GME,MRT,2014-09-30,2014-11-01,2014-11-01,2021-09-08,61800000.0,4641600000.0,4076000000.0,2443700000.0,2197900000.0,2.332,17.95,-156100000.0,374000000.0,374000000.0,6701200000.0,369500000.0,1.136,1.311,354000000.0,3800000.0,350200000.0,354000000.0,0.0,161500000.0,0.0,0.03,1.265,591600000.0,753100000.0,0.079,753100000.0,591600000.0,584200000.0,3.19,3.18,3.19,2008600000.0,2177150000.0,2008600000.0,4839055373.0,8.0,6.426,153000000.0,1.367,1.0,2802500000.0,0.295,1643300000.0,7400000.0,826900000.0,589250000.0,1714400000.0,0.0,0.0,0.0,2633000000.0,2151400000.0,481600000.0,4817655373.0,-97900000.0,-85200000.0,-307900000.0,310500000.0,-145100000.0,-135600000.0,-245900000.0,0.0,309100000.0,-25500000.0,369500000.0,369500000.0,369500000.0,0.0,0.0,0.039,2211700000.0,590800000.0,1316100000.0,0.397,2.399,13.038,13.404,465000000.0,0.0,42.76,0.507,0.503,116900000.0,1946700000.0,9503700000.0,9503700000.0,0.0,0.091,0.17,1.004,0.062,10000000.0,2023800000.0,1.0,112667338.0,111900000.0,112900000.0,84.93,2998300000.0,117100000.0,214700000.0,74100000.0,26.794,292300000.0
28,GME,MRT,2014-06-30,2014-08-02,2014-08-02,2021-09-08,104100000.0,3763500000.0,4056850000.0,1586300000.0,2177200000.0,2.346,19.202,-129800000.0,193000000.0,193000000.0,6739500000.0,381700000.0,1.096,0.725,214400000.0,214100000.0,300000.0,214400000.0,0.0,164400000.0,0.0,0.029,1.21,611100000.0,775500000.0,0.081,775500000.0,611100000.0,605900000.0,3.28,3.26,3.28,2181400000.0,2211825000.0,2181400000.0,4562909324.0,7.0,5.884,442900000.0,3.899,1.0,2778700000.0,0.292,1642600000.0,5200000.0,694600000.0,448325000.0,1061000000.0,0.0,0.0,0.0,1582100000.0,1447700000.0,134400000.0,4693209324.0,65600000.0,-120500000.0,-251000000.0,126900000.0,-140400000.0,-250800000.0,-257100000.0,0.0,572700000.0,800000.0,381700000.0,381700000.0,381700000.0,0.0,0.0,0.04,2168600000.0,610100000.0,460800000.0,0.369,2.151,12.296,12.567,449700000.0,0.0,41.22,0.493,0.492,91200000.0,2011400000.0,9518200000.0,9518200000.0,0.0,0.094,0.173,1.363,0.064,5300000.0,1978000000.0,1.0,113857577.0,113600000.0,114300000.0,83.787,2120900000.0,59200000.0,224200000.0,88600000.0,18.67,138600000.0
29,GME,MRT,2014-03-31,2014-05-03,2014-05-03,2021-09-08,111700000.0,3807500000.0,3975550000.0,1642400000.0,2165100000.0,2.307,19.698,-125900000.0,208900000.0,208900000.0,6461300000.0,367600000.0,1.153,0.679,78600000.0,77700000.0,900000.0,78600000.0,0.0,166700000.0,0.0,0.029,1.155,593200000.0,759900000.0,0.083,759900000.0,593200000.0,587800000.0,3.15,3.13,3.15,2267200000.0,2205650000.0,2267200000.0,4070812606.0,7.0,5.357,521600000.0,4.532,1.0,2709200000.0,0.295,1641400000.0,5400000.0,611300000.0,443075000.0,1200100000.0,0.0,0.0,0.0,1540300000.0,1424500000.0,115800000.0,4603012606.0,55200000.0,-105000000.0,-253800000.0,41900000.0,-136100000.0,-333600000.0,-236300000.0,0.0,647500000.0,-22400000.0,367600000.0,367600000.0,367600000.0,0.0,0.0,0.04,2117000000.0,592200000.0,612300000.0,0.367,2.03,12.522,12.673,464300000.0,0.0,39.92,0.502,0.501,86000000.0,2025100000.0,9170500000.0,9170500000.0,0.0,0.092,0.167,1.339,0.065,5400000.0,1924200000.0,1.0,115305927.0,115100000.0,115900000.0,79.674,2166100000.0,57200000.0,220200000.0,56600000.0,18.819,217900000.0
30,GME,MRT,2013-12-31,2014-02-01,2014-02-01,2021-09-08,82500000.0,4091400000.0,3911950000.0,1949600000.0,2141800000.0,2.311,19.21,-125600000.0,536200000.0,536200000.0,6378400000.0,354200000.0,1.13,0.817,4000000.0,2400000.0,1600000.0,4000000.0,0.0,169200000.0,0.0,0.031,1.1,574400000.0,743600000.0,0.082,743600000.0,574400000.0,568800000.0,3.02,2.99,3.02,2251400000.0,2212925000.0,2251400000.0,3412382547.0,6.0,4.589,637100000.0,5.436,1.0,2661100000.0,0.294,1609000000.0,5600000.0,224200000.0,473050000.0,1198900000.0,0.0,0.0,0.0,1840000000.0,1726000000.0,114000000.0,4061482547.0,161800000.0,-77400000.0,-200300000.0,-31800000.0,-130900000.0,-350600000.0,-207500000.0,0.0,762700000.0,-42800000.0,354200000.0,354200000.0,354200000.0,0.0,0.0,0.039,2087600000.0,573500000.0,783900000.0,0.364,1.804,11.467,11.613,476200000.0,0.0,35.07,0.449,0.455,84400000.0,1995900000.0,9039500000.0,9039500000.0,0.0,0.091,0.16,1.214,0.064,7000000.0,1892400000.0,1.0,115810737.0,117200000.0,118400000.0,77.129,2482400000.0,51700000.0,214600000.0,115400000.0,21.181,223600000.0
31,GME,MRT,2013-09-30,2013-11-02,2013-11-02,2021-09-08,118600000.0,4565000000.0,3857150000.0,2457500000.0,2107500000.0,2.312,18.384,-126700000.0,471900000.0,471900000.0,6284200000.0,394800000.0,1.061,1.126,0.0,0.0,0.0,0.0,0.0,170400000.0,0.0,0.02,1.075,628200000.0,798600000.0,0.09,798600000.0,628200000.0,623500000.0,3.14,3.13,3.14,2147300000.0,2221650000.0,2147300000.0,6285671648.0,10.0,7.871,770000000.0,6.592,1.0,2633000000.0,0.295,1514300000.0,4700000.0,263200000.0,543850000.0,1717000000.0,0.0,0.0,0.0,2417700000.0,2315600000.0,102100000.0,6435171648.0,344700000.0,-62600000.0,-223500000.0,0.0,-129300000.0,-340800000.0,-198100000.0,0.0,896700000.0,-13100000.0,394800000.0,394800000.0,394800000.0,0.0,0.0,0.044,2005600000.0,627400000.0,1356600000.0,0.342,2.997,16.3,17.532,472900000.0,0.0,55.05,0.722,0.721,88600000.0,1807800000.0,8917200000.0,8917200000.0,0.0,0.102,0.178,1.155,0.07,8600000.0,1835800000.0,1.0,116896851.0,116800000.0,118100000.0,76.346,3050700000.0,85400000.0,228700000.0,26200000.0,26.119,141900000.0
32,GME,MRT,2013-06-30,2013-08-03,2013-08-03,2021-09-08,98300000.0,3438300000.0,3803225000.0,1392400000.0,2045900000.0,2.257,18.293,-133300000.0,127400000.0,127400000.0,5991300000.0,-298100000.0,1.182,0.594,50000000.0,50000000.0,0.0,50000000.0,0.0,173500000.0,0.0,0.021,1.05,-84500000.0,89000000.0,0.01,89000000.0,-84500000.0,-89400000.0,-2.53,-2.53,-2.53,2156700000.0,2209225000.0,2156700000.0,5681720094.0,-67.0,63.84,565400000.0,4.796,1.0,2592000000.0,0.302,1509500000.0,4900000.0,673600000.0,566725000.0,1004400000.0,0.0,0.0,0.0,1281600000.0,1177800000.0,103800000.0,5927420094.0,227900000.0,0.0,-227900000.0,50000000.0,-127900000.0,-301800000.0,-141400000.0,0.0,698700000.0,-27600000.0,-298100000.0,-298100000.0,-298100000.0,0.0,0.0,-0.035,2677200000.0,-85200000.0,315800000.0,-0.415,2.748,-19.884,-19.917,479400000.0,0.0,50.39,0.691,0.692,55700000.0,1772000000.0,8583300000.0,8583300000.0,0.0,-0.078,-0.135,-0.149,-0.01,17800000.0,1825500000.0,1.0,117630881.0,117900000.0,119200000.0,72.802,1928800000.0,106100000.0,208700000.0,27300000.0,16.36,214600000.0
33,GME,MRT,2013-03-31,2013-05-04,2013-05-04,2021-09-08,146300000.0,3553100000.0,3976600000.0,1470400000.0,2082700000.0,2.2,19.394,-141600000.0,153700000.0,153700000.0,6119900000.0,-287600000.0,1.286,0.547,0.0,0.0,0.0,0.0,0.0,176400000.0,0.0,0.025,0.925,-68700000.0,107700000.0,0.012,107700000.0,-68700000.0,-73300000.0,-2.46,-2.46,-2.46,2296300000.0,2367375000.0,2296300000.0,3741817653.0,-54.0,34.743,468800000.0,3.959,1.0,2629900000.0,0.301,1524500000.0,4600000.0,731200000.0,557950000.0,1112300000.0,0.0,0.0,0.0,1256800000.0,1143700000.0,113100000.0,4377617653.0,63800000.0,0.0,-277000000.0,0.0,-114500000.0,-389400000.0,-154100000.0,0.0,610400000.0,-3100000.0,-287600000.0,-287600000.0,-287600000.0,0.0,0.0,-0.033,2699400000.0,-69500000.0,467600000.0,-0.376,1.906,-15.221,-15.102,500700000.0,0.0,37.15,0.5,0.503,57200000.0,1794900000.0,8749800000.0,8749800000.0,0.0,-0.072,-0.121,-0.123,-0.008,18000000.0,1844800000.0,1.0,117836276.0,118400000.0,119400000.0,73.9,2028600000.0,55300000.0,214300000.0,29200000.0,17.133,326700000.0
34,GME,MRT,2012-12-31,2013-02-02,2013-02-02,2021-09-08,164400000.0,3872200000.0,4203075000.0,1749500000.0,2122700000.0,2.114,18.088,-139600000.0,374400000.0,374400000.0,6235200000.0,-269800000.0,1.203,0.694,0.0,0.0,0.0,0.0,0.0,178900000.0,0.0,0.032,0.8,-40600000.0,138300000.0,0.016,138300000.0,-40600000.0,-44800000.0,-2.13,-2.13,-2.13,2286300000.0,2538150000.0,2286300000.0,2625535212.0,-65.0,18.984,470600000.0,3.723,1.0,2651500000.0,0.298,1536500000.0,4200000.0,507400000.0,521075000.0,1171300000.0,0.0,0.0,0.0,1585900000.0,1453900000.0,132000000.0,2991935212.0,-41400000.0,-1500000.0,-397800000.0,0.0,-102000000.0,-498500000.0,-152700000.0,0.0,610200000.0,-400000.0,-269700000.0,-269700000.0,-269700000.0,0.0,-100000.0,-0.03,2693100000.0,-41600000.0,611600000.0,-0.376,1.309,-11.094,-11.592,524800000.0,0.0,24.69,0.337,0.351,73600000.0,1773500000.0,8886700000.0,8886700000.0,0.0,-0.064,-0.106,-0.078,-0.005,18300000.0,1835900000.0,1.0,121180041.0,126400000.0,126400000.0,70.306,2335700000.0,61700000.0,224900000.0,134900000.0,18.479,295600000.0
35,GME,MRT,2012-09-30,2012-10-27,2012-10-27,2021-09-08,144600000.0,4349300000.0,4446875000.0,2252400000.0,2096900000.0,2.002,17.081,-126700000.0,366400000.0,366400000.0,6284000000.0,-356600000.0,1.072,1.073,0.0,0.0,0.0,0.0,0.0,180700000.0,0.0,0.024,0.55,-150600000.0,30100000.0,0.003,30100000.0,-150600000.0,-155700000.0,-3.12,-3.13,-3.12,2097600000.0,2727100000.0,2097600000.0,2700176522.0,-18.0,89.707,507800000.0,4.135,1.0,2619800000.0,0.294,1527600000.0,5100000.0,354700000.0,476825000.0,1645700000.0,0.0,0.0,0.0,2251700000.0,2100600000.0,151100000.0,2838876522.0,-59100000.0,-3700000.0,-366000000.0,-125000000.0,-71400000.0,-560400000.0,-130700000.0,0.0,634500000.0,-2500000.0,-356100000.0,-356100000.0,-356100000.0,0.0,-500000.0,-0.04,2771300000.0,-151500000.0,1277600000.0,-0.176,1.353,-7.972,-7.372,519900000.0,0.0,23.0,0.319,0.317,49600000.0,1543100000.0,8903800000.0,8903800000.0,0.0,-0.08,-0.131,-0.316,-0.017,18000000.0,1833100000.0,1.0,123429414.0,122800000.0,122800000.0,72.507,2821700000.0,91500000.0,200400000.0,55600000.0,22.978,151800000.0
36,GME,MRT,2012-06-30,2012-07-28,2012-07-28,2021-09-08,111400000.0,4131800000.0,4717700000.0,1379400000.0,2752400000.0,1.924,21.673,-130800000.0,138700000.0,138700000.0,6442500000.0,321400000.0,1.166,0.481,0.0,0.0,0.0,0.0,0.0,183700000.0,0.0,0.019,0.3,535100000.0,718800000.0,0.079,718800000.0,535100000.0,525800000.0,2.35,2.34,2.35,2789300000.0,2943475000.0,2789300000.0,1773864141.0,3.0,2.468,562900000.0,4.374,1.0,2635300000.0,0.29,2171300000.0,9300000.0,638500000.0,509500000.0,980200000.0,0.0,0.0,0.0,1342500000.0,1183300000.0,159200000.0,2102964141.0,-69000000.0,-4200000.0,-327800000.0,-260000000.0,-40300000.0,-625900000.0,-137800000.0,0.0,693700000.0,1000000.0,322100000.0,322100000.0,322100000.0,0.0,-700000.0,0.035,2100700000.0,534600000.0,462100000.0,0.128,0.754,6.529,6.868,529400000.0,0.0,16.14,0.232,0.229,40200000.0,2198700000.0,9077800000.0,9077800000.0,0.0,0.068,0.109,1.05,0.059,17600000.0,1838200000.0,1.0,130295176.0,128700000.0,129100000.0,70.535,1960500000.0,104800000.0,203700000.0,60900000.0,15.233,196100000.0
37,GME,MRT,2012-03-31,2012-04-28,2012-04-28,2021-09-08,170400000.0,4459000000.0,4819600000.0,1635600000.0,2823400000.0,1.924,22.234,-145000000.0,329100000.0,329100000.0,6612100000.0,331000000.0,1.24,0.497,0.0,0.0,0.0,0.0,0.0,186800000.0,0.0,0.007,0.15,554700000.0,741500000.0,0.08,741500000.0,554700000.0,539800000.0,2.41,2.4,2.41,2979400000.0,2991775000.0,2979400000.0,2383687855.0,4.0,3.215,467100000.0,3.486,1.0,2659200000.0,0.287,2227200000.0,14900000.0,583700000.0,620100000.0,1118200000.0,0.0,0.0,0.0,1481700000.0,1319000000.0,162700000.0,3038687855.0,-49600000.0,-20200000.0,-232000000.0,-250000000.0,-20500000.0,-500500000.0,-163600000.0,0.0,612100000.0,2400000.0,332000000.0,332000000.0,332000000.0,0.0,-1000000.0,0.036,2105500000.0,553700000.0,656400000.0,0.062,1.02,9.153,9.411,549200000.0,0.0,22.68,0.328,0.328,48100000.0,2197600000.0,9271300000.0,9271300000.0,0.0,0.069,0.111,0.895,0.06,16900000.0,1839800000.0,1.0,133980946.0,134000000.0,134800000.0,69.189,2231800000.0,39200000.0,207800000.0,71100000.0,16.655,316600000.0
38,GME,MRT,2011-12-31,2012-01-28,2012-01-28,2021-09-08,169700000.0,4847400000.0,4936700000.0,1997300000.0,2850100000.0,1.935,21.745,-165100000.0,655000000.0,655000000.0,6871000000.0,338500000.0,1.222,0.594,0.0,0.0,0.0,0.0,0.0,188600000.0,0.0,0.0,0.0,571200000.0,759800000.0,0.08,759800000.0,571200000.0,550500000.0,2.43,2.41,2.43,3042100000.0,2997350000.0,3042100000.0,2999935912.0,5.0,3.948,476700000.0,3.407,1.0,2679500000.0,0.281,2228100000.0,20700000.0,330400000.0,704100000.0,1137500000.0,0.0,0.0,0.0,1807200000.0,1633900000.0,173300000.0,3317835912.0,-38700000.0,-30100000.0,-244000000.0,-250000000.0,0.0,-492600000.0,-201600000.0,0.0,641800000.0,13700000.0,339900000.0,339900000.0,339900000.0,0.0,-1400000.0,0.036,2109600000.0,569900000.0,804300000.0,0.0,1.091,9.761,10.008,573300000.0,0.0,24.32,0.347,0.356,64400000.0,2145700000.0,9550500000.0,9550500000.0,0.0,0.069,0.113,0.811,0.06,17400000.0,1842100000.0,1.0,136424174.0,139900000.0,141000000.0,68.267,2619300000.0,44700000.0,210600000.0,146900000.0,18.723,363400000.0
39,GME,MRT,2011-09-30,2011-10-29,2011-10-29,2021-09-08,230000000.0,5432600000.0,4990800000.0,2436100000.0,2996500000.0,1.937,21.348,-183300000.0,442600000.0,442600000.0,7024700000.0,402100000.0,1.06,0.834,124700000.0,124700000.0,0.0,124700000.0,0.0,188000000.0,0.0,0.0,0.0,644600000.0,832600000.0,0.086,832600000.0,644600000.0,619800000.0,2.74,2.72,2.74,2963100000.0,2961150000.0,2963100000.0,3678363722.0,6.0,4.418,703200000.0,5.066,1.0,2640000000.0,0.273,2330500000.0,24800000.0,485400000.0,772325000.0,1778300000.0,0.0,0.0,0.0,2471100000.0,2298800000.0,172300000.0,3643863722.0,261500000.0,-27900000.0,-296100000.0,-125000000.0,0.0,-424900000.0,-219300000.0,0.0,886500000.0,19200000.0,403000000.0,403000000.0,403000000.0,0.0,-900000.0,0.042,1997000000.0,643000000.0,1464300000.0,0.0,1.23,9.042,9.562,602900000.0,0.0,26.2,0.377,0.376,58100000.0,1971000000.0,9664700000.0,9664700000.0,0.0,0.081,0.136,0.835,0.067,22000000.0,1809700000.0,1.0,139078768.0,138800000.0,139800000.0,69.63,3102100000.0,55300000.0,216800000.0,67000000.0,22.349,137300000.0
40,GME,MRT,2011-06-30,2011-07-30,2011-07-30,2021-09-08,265900000.0,4539400000.0,4936425000.0,1509900000.0,3029500000.0,1.948,21.152,-205200000.0,224800000.0,224800000.0,7003700000.0,402700000.0,1.323,0.523,259300000.0,10000000.0,249300000.0,259300000.0,0.0,185600000.0,0.0,0.0,0.0,649700000.0,835300000.0,0.087,835300000.0,649700000.0,620300000.0,2.71,2.69,2.71,2982500000.0,2913025000.0,2982500000.0,3188614504.0,5.0,3.817,451500000.0,3.202,1.0,2613400000.0,0.272,2351300000.0,29400000.0,1080900000.0,885025000.0,1059900000.0,0.0,0.0,0.0,1559300000.0,1141700000.0,417600000.0,3335214504.0,-64500000.0,-65500000.0,-291200000.0,-190000000.0,0.0,-464100000.0,-271600000.0,0.0,656700000.0,14500000.0,403800000.0,403800000.0,403800000.0,0.0,-1100000.0,0.042,1960200000.0,653200000.0,469700000.0,0.0,1.118,8.26,8.701,614900000.0,0.0,23.58,0.347,0.346,44200000.0,1917100000.0,9617100000.0,9617100000.0,0.0,0.082,0.139,0.734,0.068,3800000.0,1775200000.0,1.0,141442515.0,141000000.0,142200000.0,68.206,2188100000.0,73900000.0,216500000.0,69300000.0,15.518,368200000.0
41,GME,MRT,2011-03-31,2011-04-30,2011-04-30,2021-09-08,292300000.0,4927400000.0,4892325000.0,1882800000.0,3044600000.0,1.977,21.035,-204700000.0,395800000.0,395800000.0,7085500000.0,411900000.0,1.254,0.642,249200000.0,0.0,249200000.0,249200000.0,0.0,180700000.0,0.0,0.0,0.0,665800000.0,846500000.0,0.088,846500000.0,665800000.0,632800000.0,2.76,2.73,2.76,3001700000.0,2828150000.0,3001700000.0,3151386092.0,5.0,3.723,511800000.0,3.587,1.0,2587000000.0,0.267,2359800000.0,33000000.0,919700000.0,915625000.0,1306100000.0,0.0,0.0,0.0,1927700000.0,1501300000.0,426400000.0,3613186092.0,-36100000.0,-49500000.0,-315100000.0,-200000000.0,0.0,-498000000.0,-264100000.0,0.0,716500000.0,9500000.0,413200000.0,413200000.0,413200000.0,0.0,-1300000.0,0.043,1917800000.0,669200000.0,872200000.0,0.0,1.204,8.744,9.304,619400000.0,0.0,25.68,0.374,0.379,50600000.0,1886200000.0,9672500000.0,9672500000.0,0.0,0.084,0.146,0.727,0.069,6400000.0,1737700000.0,1.0,140700393.0,142700000.0,143700000.0,67.782,2567600000.0,24100000.0,219600000.0,108100000.0,17.993,381500000.0
42,GME,MRT,2010-12-31,2011-01-29,2011-01-29,2021-09-08,162500000.0,5063800000.0,4794325000.0,2154800000.0,2909000000.0,1.976,19.111,-197600000.0,710800000.0,710800000.0,6936100000.0,406800000.0,1.233,0.748,249000000.0,0.0,249000000.0,249000000.0,0.0,176800000.0,0.0,0.0,0.0,659600000.0,836400000.0,0.088,836400000.0,659600000.0,622600000.0,2.69,2.65,2.69,2897300000.0,2747825000.0,2897300000.0,3244149703.0,5.0,3.879,393600000.0,2.596,1.0,2537600000.0,0.268,2250900000.0,37000000.0,603300000.0,955350000.0,1257500000.0,0.0,0.0,0.0,2167900000.0,1747800000.0,420100000.0,3176308703.0,-194600000.0,-38100000.0,-370400000.0,-200000000.0,0.0,-555600000.0,-240100000.0,0.0,591200000.0,9900000.0,408000000.0,408000000.0,408000000.0,0.0,-1200000.0,0.043,1875000000.0,662600000.0,1028100000.0,0.0,1.096,7.785,7.799,613800000.0,0.0,20.98,0.335,0.336,65500000.0,1805800000.0,9473700000.0,9473700000.0,0.0,0.085,0.148,0.69,0.07,11000000.0,1698800000.0,1.0,151396983.0,151600000.0,154000000.0,62.491,2812900000.0,28800000.0,214600000.0,137600000.0,18.555,407000000.0
43,GME,MRT,2010-09-30,2010-10-30,2010-10-30,2021-09-08,167600000.0,5215100000.0,4767200000.0,2300100000.0,2915000000.0,1.952,18.385,-183278000.0,181100000.0,181100000.0,6797019000.0,383257000.0,1.106,0.883,248900000.0,0.0,248900000.0,248900000.0,0.0,174685000.0,0.0,0.0,0.0,633285000.0,807970000.0,0.087,807970000.0,633285000.0,592066000.0,2.43,2.39,2.43,2770600000.0,2704300000.0,2770600000.0,3112876232.0,5.0,3.853,451052000.0,2.993,1.0,2507997000.0,0.27,2267800000.0,41219000.0,936200000.0,963300000.0,1942400000.0,0.0,0.0,0.0,2445900000.0,2078900000.0,367000000.0,2954426232.0,-110886000.0,-41292000.0,-334808000.0,-200000000.0,0.0,-516398000.0,-230228000.0,0.0,634330000.0,1410000.0,386157000.0,386157000.0,386157000.0,0.0,-2900000.0,0.041,1873776000.0,634221000.0,1514600000.0,0.0,1.066,7.651,8.086,606100000.0,0.0,19.65,0.318,0.318,58800000.0,1568000000.0,9305016000.0,9305016000.0,0.0,0.081,0.143,0.657,0.068,18221000.0,1699085000.0,1.0,150352480.0,150700000.0,153300000.0,61.745,2947300000.0,33300000.0,205909000.0,18000000.0,19.557,221200000.0
44,GME,MRT,2010-06-30,2010-07-31,2010-07-31,2021-09-08,82800000.0,4363000000.0,4734255750.0,1585800000.0,2777200000.0,1.952,17.469,-167222000.0,289300000.0,289300000.0,6755762000.0,381182000.0,1.374,0.651,447800000.0,0.0,447800000.0,447800000.0,0.0,171506000.0,0.0,0.0,0.0,634073000.0,805579000.0,0.087,805579000.0,634073000.0,591908000.0,2.39,2.34,2.39,2643000000.0,2683334500.0,2643000000.0,3054071614.0,5.0,3.791,446619000.0,2.952,1.0,2484781000.0,0.269,2163800000.0,42165000.0,1203300000.0,1014631500.0,1129500000.0,0.0,0.0,0.0,1721000000.0,1154400000.0,566600000.0,3038382614.0,91485000.0,-3733000.0,-297396000.0,-49235000.0,0.0,-349485000.0,-184774000.0,0.0,613841000.0,11903000.0,383682000.0,383682000.0,383682000.0,0.0,-2500000.0,0.042,1853091000.0,631690000.0,625000000.0,0.0,1.15,7.919,8.389,575300000.0,0.0,20.05,0.329,0.328,44300000.0,1513300000.0,9240543000.0,9240543000.0,0.0,0.081,0.143,0.625,0.069,40003000.0,1681495000.0,1.0,151540280.0,151300000.0,154200000.0,61.074,2199200000.0,28800000.0,208226000.0,16800000.0,14.535,431400000.0
45,GME,MRT,2010-03-31,2010-05-01,2010-05-01,2021-09-08,115400000.0,4535400000.0,4714039750.0,1736400000.0,2799000000.0,1.947,17.451,-162470000.0,431900000.0,431900000.0,6716560000.0,380067000.0,1.351,0.692,447500000.0,0.0,447500000.0,447500000.0,0.0,168887000.0,0.0,0.0,0.0,635091000.0,803978000.0,0.088,803978000.0,635091000.0,591489000.0,2.35,2.31,2.35,2680400000.0,2666880750.0,2680400000.0,3257078871.0,5.0,4.051,492650000.0,3.207,1.0,2463387000.0,0.268,2187000000.0,43602000.0,1078600000.0,1029553750.0,1152100000.0,0.0,0.0,0.0,1855500000.0,1285400000.0,570100000.0,3715153871.0,201686000.0,-8400000.0,-244570000.0,-49235000.0,0.0,-296514000.0,-182697000.0,0.0,655120000.0,25777000.0,382067000.0,382067000.0,382067000.0,0.0,-2000000.0,0.042,1830341000.0,633046000.0,767500000.0,0.0,1.386,9.724,10.345,575300000.0,0.0,24.31,0.405,0.407,36000000.0,1472900000.0,9179947000.0,9179947000.0,0.0,0.081,0.143,0.617,0.069,40272000.0,1661268000.0,1.0,152824100.0,153600000.0,156500000.0,59.765,2348400000.0,16600000.0,209422000.0,52000000.0,15.289,451000000.0
46,GME,MRT,2009-12-31,2010-01-30,2010-01-30,2021-09-08,114700000.0,4955300000.0,4642978000.0,2127300000.0,2828000000.0,1.955,16.554,-163800000.0,905400000.0,905400000.0,6643300000.0,375700000.0,1.285,0.82,447300000.0,0.0,447300000.0,447300000.0,0.0,164100000.0,0.0,0.0,0.0,635500000.0,799600000.0,0.088,799600000.0,635500000.0,590100000.0,2.29,2.25,2.29,2723200000.0,2601144750.0,2723200000.0,3412544114.0,5.0,4.268,480400000.0,2.92,1.0,2434700000.0,0.268,2206400000.0,45400000.0,635100000.0,1049633500.0,1053600000.0,0.0,0.0,0.0,2232300000.0,1655700000.0,576600000.0,3257450114.0,327300000.0,-8400000.0,-53900000.0,-100000000.0,0.0,-154400000.0,-187200000.0,0.0,644200000.0,24700000.0,377300000.0,377300000.0,377300000.0,0.0,-1600000.0,0.042,1797700000.0,637000000.0,961700000.0,0.0,1.196,8.634,8.633,584200000.0,0.0,19.77,0.359,0.358,64000000.0,1397800000.0,9078000000.0,9078000000.0,0.0,0.081,0.145,0.605,0.07,38200000.0,1633300000.0,1.0,164767330.0,164500000.0,167900000.0,55.185,2748900000.0,21200000.0,212800000.0,87400000.0,16.711,471600000.0
47,GME,MRT,2009-09-30,2009-10-31,2009-10-31,2021-09-08,170259000.0,5083323000.0,4525026500.0,2194094000.0,2889229000.0,1.999,16.313,-172564000.0,292027000.0,292027000.0,6646356000.0,393686000.0,1.194,0.892,447121000.0,0.0,447121000.0,447121000.0,0.0,158802000.0,0.0,0.0,0.0,666997000.0,825799000.0,0.091,825799000.0,666997000.0,618464000.0,2.4,2.35,2.4,2686738000.0,2487991000.0,2686738000.0,4297936262.0,6.0,5.205,505791000.0,3.071,1.0,2399745000.0,0.265,2258554000.0,48533000.0,1141526000.0,1092746750.0,1733962000.0,0.0,0.0,0.0,2396585000.0,1838337000.0,558248000.0,3999985262.0,-186056000.0,-585108000.0,4676000.0,-100000000.0,0.0,-97559000.0,-780343000.0,0.0,678355000.0,13491000.0,393686000.0,393686000.0,393686000.0,0.0,0.0,0.044,1730273000.0,669472000.0,1328041000.0,0.0,1.489,10.16,10.121,591695000.0,0.0,24.29,0.442,0.442,52543000.0,1181833000.0,9046101000.0,9046101000.0,0.0,0.087,0.158,0.61,0.074,30371000.0,1585081000.0,1.0,164676215.0,164702000.0,168113000.0,54.924,2824769000.0,37576000.0,224778000.0,6792000.0,17.151,355757000.0
48,GME,MRT,2009-06-30,2009-08-01,2009-08-01,2021-09-08,121920000.0,4282136000.0,4295121000.0,1444335000.0,2837801000.0,2.074,15.654,-178538000.0,197856000.0,197856000.0,6557030000.0,388130000.0,1.318,0.662,495807000.0,0.0,495807000.0,495807000.0,0.0,152892000.0,0.0,0.0,0.0,667716000.0,820608000.0,0.092,820608000.0,667716000.0,617650000.0,2.37,2.32,2.37,2577185000.0,2332351500.0,2577185000.0,3869000745.0,6.0,4.715,320020000.0,1.944,1.0,2350090000.0,0.264,2221447000.0,50066000.0,1262989000.0,1133653000.0,1099325000.0,0.0,0.0,0.0,1704951000.0,1095651000.0,609300000.0,3603684745.0,-342069000.0,-585068000.0,5258000.0,-50765000.0,0.0,-42944000.0,-780987000.0,0.0,498558000.0,-16696000.0,388130000.0,388130000.0,388130000.0,0.0,0.0,0.044,1685552000.0,664538000.0,615364000.0,0.0,1.398,9.285,9.236,579156000.0,0.0,21.89,0.405,0.405,40119000.0,1129608000.0,8907120000.0,8907120000.0,0.0,0.09,0.166,0.589,0.075,29739000.0,1529593000.0,1.0,164626987.0,164636000.0,167857000.0,54.102,2060689000.0,29277000.0,229520000.0,7312000.0,12.517,348684000.0
49,GME,MRT,2009-03-31,2009-05-02,2009-05-02,2021-09-08,9268000.0,4251153000.0,4167686250.0,1527081000.0,2724072000.0,2.153,14.698,-183425000.0,230255000.0,230255000.0,6634229000.0,406608000.0,1.242,0.759,495571000.0,0.0,495571000.0,495571000.0,0.0,149465000.0,0.0,0.0,0.0,697995000.0,847460000.0,0.094,847460000.0,697995000.0,648827000.0,2.49,2.43,2.49,2417456000.0,2203998000.0,2417456000.0,4794352728.0,7.0,5.657,297762000.0,1.81,1.0,2338807000.0,0.261,2127636000.0,49168000.0,1158919000.0,1126314500.0,1160769000.0,0.0,0.0,0.0,1833697000.0,1229914000.0,603783000.0,4826781728.0,-395758000.0,-613705000.0,11244000.0,-50765000.0,0.0,-34995000.0,-808103000.0,0.0,481187000.0,-33847000.0,406608000.0,406608000.0,406608000.0,0.0,0.0,0.045,1645156000.0,693651000.0,775554000.0,0.0,1.997,11.871,11.783,559444000.0,0.0,29.34,0.538,0.538,47265000.0,1090923000.0,8973036000.0,8973036000.0,0.0,0.098,0.184,0.62,0.078,27306000.0,1492565000.0,1.0,164511988.0,164474000.0,167972000.0,54.556,2123517000.0,19000000.0,242219000.0,49569000.0,12.911,297167000.0
50,GME,MRT,2008-12-31,2009-01-31,2009-01-31,2021-09-08,-57522000.0,4483494000.0,4046844250.0,1818041000.0,2665453000.0,2.176,13.913,-183200000.0,578141000.0,578141000.0,6535800000.0,398300000.0,1.163,0.975,545712000.0,0.0,545712000.0,545712000.0,0.0,146400000.0,0.0,0.0,0.0,684400000.0,830800000.0,0.094,830800000.0,684400000.0,634000000.0,2.44,2.38,2.44,2270585000.0,2097236250.0,2270585000.0,4125777213.0,6.0,4.966,366000000.0,2.243,1.0,2270100000.0,0.258,2080801000.0,50400000.0,807553000.0,1112165500.0,1075792000.0,0.0,0.0,0.0,2212909000.0,1562711000.0,650198000.0,4058371213.0,-279300000.0,-630700000.0,28900000.0,-30000000.0,0.0,29600000.0,-820900000.0,0.0,549200000.0,-37200000.0,398300000.0,398300000.0,398300000.0,0.0,0.0,0.045,1595000000.0,675100000.0,1047963000.0,0.0,1.787,10.189,10.156,549254000.0,0.0,24.78,0.461,0.459,65981000.0,1020490000.0,8805900000.0,8805900000.0,0.0,0.098,0.19,0.615,0.078,1200000.0,1445400000.0,1.0,163776078.0,163200000.0,167700000.0,53.958,2402693000.0,23615000.0,235700000.0,24018000.0,14.722,255330000.0
51,GME,MRT,2008-09-30,2008-11-01,2008-11-01,2021-09-08,-23870000.0,4163701000.0,3869943500.0,2152906000.0,2010795000.0,2.114,12.607,-183570000.0,478056000.0,478056000.0,6064335000.0,355758000.0,1.466,1.017,545462000.0,0.0,545462000.0,545462000.0,0.0,141614000.0,0.0,0.0,0.0,600957000.0,742571000.0,0.091,742571000.0,600957000.0,551231000.0,2.21,2.14,2.21,2064180000.0,1995201500.0,2064180000.0,4489465524.0,7.0,6.046,246326000.0,1.504,1.0,2115033000.0,0.259,1457170000.0,49726000.0,1305151000.0,1114212000.0,1424249000.0,0.0,0.0,0.0,2099521000.0,1468786000.0,630735000.0,4484143524.0,200248000.0,-50801000.0,29007000.0,-30000000.0,0.0,25630000.0,-234058000.0,0.0,429896000.0,-21220000.0,355758000.0,355758000.0,355758000.0,0.0,0.0,0.043,1526575000.0,588458000.0,1102639000.0,0.0,2.172,12.604,12.394,503106000.0,0.0,27.39,0.548,0.548,50730000.0,788165000.0,8179368000.0,8179368000.0,0.0,0.092,0.178,0.539,0.073,414000.0,1369646000.0,1.0,163714623.0,163736000.0,167995000.0,49.955,2706531000.0,126103000.0,195473000.0,0.0,16.53,684120000.0
52,GME,MRT,2008-06-30,2008-08-02,2008-08-02,2021-09-08,33384000.0,3772397000.0,3732728250.0,1724973000.0,2047424000.0,2.169,12.631,-185721000.0,539898000.0,539898000.0,6033655000.0,361046000.0,1.596,0.828,545220000.0,0.0,545220000.0,545220000.0,0.0,139454000.0,0.0,0.0,0.0,607642000.0,747096000.0,0.092,747096000.0,607642000.0,555846000.0,2.24,2.17,2.24,2063771000.0,1896717750.0,2063771000.0,6425475520.0,11.0,8.601,294764000.0,1.804,1.0,2061168000.0,0.255,1462977000.0,51796000.0,1233635000.0,1092109750.0,970057000.0,0.0,0.0,0.0,1708626000.0,1081107000.0,627519000.0,6506469520.0,190621000.0,-50300000.0,44839000.0,-162173000.0,0.0,-62567000.0,-238137000.0,0.0,480485000.0,10840000.0,361046000.0,361046000.0,361046000.0,0.0,0.0,0.045,1461140000.0,600028000.0,692098000.0,0.0,3.153,18.021,17.781,524998000.0,0.0,39.83,0.804,0.804,60966000.0,741496000.0,8094823000.0,8094823000.0,0.0,0.097,0.19,0.556,0.075,-30443000.0,1322878000.0,1.0,163356001.0,163390000.0,168067000.0,49.543,2309420000.0,117445000.0,194800000.0,0.0,14.134,643866000.0
53,GME,MRT,2008-03-31,2008-05-03,2008-05-03,2021-09-08,34837000.0,3767785000.0,3585005250.0,1762599000.0,2005186000.0,2.128,12.3,-183947000.0,625986000.0,625986000.0,5690252000.0,325693000.0,1.529,0.893,544992000.0,0.0,544992000.0,544992000.0,0.0,135238000.0,0.0,0.0,0.0,557401000.0,692639000.0,0.091,692639000.0,557401000.0,500362000.0,2.03,1.96,2.03,1990409000.0,1767193500.0,1990409000.0,8447712145.0,15.0,12.196,403875000.0,2.496,1.0,1938344000.0,0.254,1431941000.0,57039000.0,1102323000.0,1100251750.0,988584000.0,0.0,0.0,0.0,1777376000.0,1152527000.0,624849000.0,8730653145.0,318658000.0,-16284000.0,55338000.0,-205787000.0,0.0,-84387000.0,-202347000.0,0.0,587822000.0,17570000.0,325693000.0,325693000.0,325693000.0,0.0,0.0,0.043,1387638000.0,550706000.0,781927000.0,0.0,4.386,26.806,26.596,516889000.0,0.0,53.99,1.144,1.145,66662000.0,684333000.0,7628596000.0,7628596000.0,0.0,0.091,0.184,0.507,0.073,-43308000.0,1253567000.0,1.0,161708708.0,161825000.0,167377000.0,47.141,2335844000.0,53823000.0,174669000.0,4674000.0,14.434,610072000.0
54,GME,MRT,2007-12-31,2008-02-02,2008-02-02,2021-09-08,31603000.0,3775891000.0,3439753500.0,1794717000.0,1981174000.0,2.062,11.771,-175569000.0,857414000.0,857414000.0,5280255000.0,288291000.0,1.424,1.027,574473000.0,0.0,574473000.0,574473000.0,0.0,131277000.0,0.0,0.0,0.0,502609000.0,633886000.0,0.089,633886000.0,502609000.0,441056000.0,1.82,1.75,1.82,1862446000.0,1639951750.0,1862446000.0,8750308315.0,17.0,13.804,318477000.0,2.013,1.0,1813707000.0,0.256,1416654000.0,61553000.0,815739000.0,1156778250.0,801025000.0,0.0,0.0,0.0,1913445000.0,1260557000.0,652888000.0,8453887315.0,205011000.0,1061000.0,64883000.0,-282173000.0,0.0,-124231000.0,-176624000.0,0.0,494046000.0,11820000.0,288291000.0,288291000.0,288291000.0,0.0,0.0,0.041,1312286000.0,501421000.0,844376000.0,0.0,4.539,29.324,28.857,511669000.0,0.0,52.52,1.192,1.171,56019000.0,622208000.0,7093962000.0,7093962000.0,0.0,0.084,0.176,0.434,0.071,-66411000.0,1182016000.0,1.0,160965105.0,158226000.0,164844000.0,44.834,2359237000.0,53813000.0,152765000.0,0.0,14.911,534160000.0
55,GME,MRT,2007-09-30,2007-11-03,2007-11-03,2021-09-08,37091000.0,3614840000.0,3333176750.0,1660810000.0,1954030000.0,1.96,10.436,-174264000.0,277808000.0,277808000.0,4848223000.0,228293000.0,1.286,1.164,574229000.0,0.0,574229000.0,574229000.0,0.0,128009000.0,0.0,0.0,0.0,433179000.0,561188000.0,0.086,561188000.0,433179000.0,364530000.0,1.49,1.41,1.49,1670245000.0,1518309750.0,1670245000.0,9347481365.0,22.0,16.657,242334000.0,1.514,1.0,1684120000.0,0.258,1402845000.0,68649000.0,1216742000.0,1218268750.0,1164229000.0,0.0,0.0,0.0,1944595000.0,1291674000.0,652921000.0,8990592365.0,96860000.0,-10241000.0,68779000.0,-315429000.0,0.0,-142512000.0,-184505000.0,0.0,416598000.0,7279000.0,228293000.0,228293000.0,228293000.0,0.0,0.0,0.035,1250980000.0,433140000.0,977830000.0,0.0,5.383,39.382,37.94,500580000.0,0.0,56.53,1.376,1.385,47443000.0,432407000.0,6532343000.0,6532343000.0,0.0,0.068,0.15,0.356,0.066,-72214000.0,1123801000.0,1.0,159041082.0,160048000.0,166357000.0,40.815,2211995000.0,121211000.0,136237000.0,0.0,13.821,369136000.0
56,GME,MRT,2007-06-30,2007-08-04,2007-08-04,2021-09-08,19359000.0,3181505000.0,3201159250.0,1255793000.0,1925712000.0,1.853,9.756,-155998000.0,349277000.0,349277000.0,4352490000.0,189905000.0,1.445,1.058,706166000.0,12173000.0,693993000.0,706166000.0,0.0,121429000.0,0.0,0.0,0.0,380729000.0,502158000.0,0.085,502158000.0,380729000.0,305308000.0,1.26,1.19,1.26,1545674000.0,1409141500.0,1545674000.0,6709205690.0,18.0,13.361,253367000.0,1.599,1.0,1580212000.0,0.266,1402845000.0,75421000.0,1266203000.0,1282239500.0,713836000.0,0.0,0.0,0.0,1635831000.0,869346000.0,766485000.0,6266986690.0,130551000.0,-10241000.0,61916000.0,-254846000.0,0.0,-113613000.0,-166239000.0,0.0,409365000.0,1038000.0,189905000.0,189905000.0,189905000.0,0.0,0.0,0.032,1199037000.0,381175000.0,517233000.0,0.0,4.055,33.001,31.389,473767000.0,0.0,39.55,1.056,1.056,29798000.0,380450000.0,5932702000.0,5932702000.0,0.0,0.059,0.135,0.297,0.064,-50584000.0,1075392000.0,1.0,158457312.0,158438000.0,164769000.0,37.445,1778660000.0,118608000.0,115403000.0,0.0,11.226,386447000.0
57,GME,MRT,2007-03-31,2007-05-05,2007-05-05,2021-09-08,13515000.0,3186778000.0,3119592000.0,1273778000.0,1913000000.0,1.782,9.655,-139717000.0,307328000.0,307328000.0,4039679000.0,171272000.0,1.42,1.151,749547000.0,12173000.0,737374000.0,749547000.0,0.0,115381000.0,0.0,0.0,0.0,356340000.0,471721000.0,0.085,471721000.0,356340000.0,275287000.0,1.14,1.08,1.14,1481442000.0,1321646250.0,1481442000.0,5276693286.0,15.0,11.186,186244000.0,1.214,1.0,1518177000.0,0.273,1403557000.0,81053000.0,1328429000.0,1351438250.0,793517000.0,0.0,0.0,0.0,1705336000.0,897011000.0,808325000.0,5073197286.0,82447000.0,-10953000.0,47483000.0,-227649000.0,0.0,-112680000.0,-131373000.0,0.0,325961000.0,539000.0,171272000.0,171272000.0,171272000.0,0.0,0.0,0.031,1161996000.0,356181000.0,597444000.0,0.0,3.424,29.621,29.167,459756000.0,0.0,33.25,0.913,0.918,38856000.0,358640000.0,5557856000.0,5557856000.0,0.0,0.055,0.13,0.264,0.064,-39812000.0,1041569000.0,1.0,152577362.0,153439000.0,161256000.0,36.222,1783221000.0,95616000.0,104015000.0,0.0,11.622,376767000.0
58,GME,MRT,2006-12-31,2007-02-03,2007-02-03,2021-09-08,3227000.0,3349584000.0,3051225000.0,1440341000.0,1909243000.0,1.743,9.177,-133930000.0,652403000.0,652403000.0,3847458000.0,158250000.0,1.325,1.435,855484000.0,12173000.0,843311000.0,855484000.0,0.0,110176000.0,0.0,0.0,0.0,338958000.0,449134000.0,0.084,449134000.0,338958000.0,254296000.0,1.06,1.0,1.06,1375878000.0,1246797750.0,1375878000.0,4796057609.0,14.0,10.678,286178000.0,1.909,1.0,1471442000.0,0.277,1403907000.0,84662000.0,1061701000.0,1407692000.0,675385000.0,0.0,0.0,0.0,1973706000.0,1087057000.0,886649000.0,4087761609.0,250810000.0,-11303000.0,33861000.0,-121263000.0,0.0,-43259000.0,-125936000.0,0.0,420108000.0,-103000.0,158250000.0,158250000.0,158250000.0,0.0,0.0,0.03,1137763000.0,333679000.0,717868000.0,0.0,2.971,25.831,25.425,456463000.0,0.0,26.95,0.769,0.76,34268000.0,350596000.0,5318900000.0,5318900000.0,0.0,0.052,0.127,0.241,0.064,-22780000.0,1021113000.0,1.0,151679466.0,149924000.0,158284000.0,35.477,1945677000.0,46207000.0,96046000.0,0.0,12.978,353284000.0
59,GME,MRT,2006-09-30,2006-10-28,2006-10-28,2021-09-08,5833000.0,3086770000.0,2967784250.0,1208812000.0,1877958000.0,1.578,8.181,-123748000.0,180948000.0,180948000.0,3323776000.0,113462000.0,1.305,1.502,888765000.0,12173000.0,876592000.0,888765000.0,0.0,106116000.0,0.0,0.0,0.0,264467000.0,370583000.0,0.079,370583000.0,264467000.0,180016000.0,0.91,0.855,0.91,1233572000.0,1181506500.0,1233572000.0,4623590550.0,17.0,12.477,99042000.0,0.657,1.0,1358072000.0,0.29,1395824000.0,84451000.0,1472625000.0,1469814750.0,844979000.0,0.0,0.0,0.0,1853198000.0,926138000.0,927060000.0,3882027550.0,99917000.0,1000.0,32826000.0,-88911000.0,0.0,-19049000.0,-104450000.0,0.0,222790000.0,626000.0,113462000.0,113462000.0,113462000.0,0.0,0.0,0.024,1096673000.0,261399000.0,605773000.0,0.0,3.147,34.214,28.374,438529000.0,0.0,25.82,0.829,0.832,32841000.0,220793000.0,4681848000.0,4681848000.0,0.0,0.038,0.096,0.18,0.056,-3601000.0,981790000.0,1.0,150349634.0,150785000.0,158583000.0,31.05,1690946000.0,116698000.0,66554000.0,11300000.0,11.214,282674000.0
60,GME,MRT,2006-06-30,2006-07-29,2006-07-29,2021-09-08,4773000.0,2855236000.0,2927549750.0,984507000.0,1870729000.0,1.436,7.963,-117972000.0,218726000.0,218726000.0,2985364000.0,97433000.0,1.491,1.388,959777000.0,12173000.0,947604000.0,959777000.0,0.0,98041000.0,0.0,0.0,0.0,226627000.0,324668000.0,0.077,324668000.0,226627000.0,154242000.0,0.8,0.745,0.8,1195693000.0,1127975500.0,1195693000.0,3921217462.0,17.0,12.078,34204000.0,0.228,1.0,1219136000.0,0.29,1392926000.0,72385000.0,1542998000.0,1489113250.0,574067000.0,0.0,0.0,0.0,1659543000.0,660363000.0,999180000.0,3169962462.0,119772000.0,-886116000.0,25410000.0,911926000.0,0.0,951948000.0,-984791000.0,0.0,152176000.0,439000.0,97433000.0,97433000.0,97433000.0,0.0,0.0,0.023,1000100000.0,219036000.0,366221000.0,0.0,2.651,32.535,26.387,431233000.0,0.0,21.11,0.754,0.754,28596000.0,207224000.0,4204500000.0,4204500000.0,0.0,0.033,0.086,0.152,0.054,-8451000.0,877317000.0,1.0,150164020.0,150149000.0,157658000.0,28.002,1462310000.0,125744000.0,56809000.0,12196000.0,9.739,324144000.0
61,GME,MRT,2006-03-31,2006-04-29,2006-04-29,2021-09-08,4445000.0,2913310000.0,2443908750.0,1022670000.0,1890640000.0,1.496,8.053,-110124000.0,224881000.0,224881000.0,2609056000.0,102159000.0,1.425,1.465,975313000.0,12173000.0,963140000.0,975313000.0,0.0,82376000.0,0.0,0.0,0.0,213255000.0,295631000.0,0.081,295631000.0,213255000.0,161935000.0,0.855,0.795,0.855,1182048000.0,973796000.0,1182048000.0,4029875724.0,19.0,13.631,-11838000.0,-0.081,1.0,1048027000.0,0.287,1392467000.0,51320000.0,1553444000.0,1167214000.0,631874000.0,0.0,0.0,0.0,1731262000.0,717831000.0,1013431000.0,3455478724.0,75467000.0,-886116000.0,29374000.0,928343000.0,0.0,972779000.0,-996240000.0,0.0,98286000.0,642000.0,102159000.0,102159000.0,102159000.0,0.0,0.0,0.028,841554000.0,206473000.0,410808000.0,0.0,2.923,33.825,27.602,430881000.0,0.0,23.6,0.945,0.947,33375000.0,204047000.0,3657083000.0,3657083000.0,0.0,0.042,0.105,0.183,0.058,-11694000.0,737017000.0,1.0,146418590.0,146782000.0,156944000.0,24.915,1520843000.0,97183000.0,59776000.0,12307000.0,10.361,304839000.0
62,GME,MRT,2005-12-31,2006-01-28,2006-01-28,2021-09-08,886000.0,3015821000.0,1951120250.0,1121967000.0,1893854000.0,1.585,9.623,-110696000.0,401593000.0,401593000.0,2219753000.0,100784000.0,1.264,1.705,975990000.0,12527000.0,963463000.0,975990000.0,0.0,66659000.0,0.0,0.0,0.0,190349000.0,257008000.0,0.083,257008000.0,190349000.0,159922000.0,0.87,0.81,0.87,1114713000.0,818893250.0,1114713000.0,3726371581.0,20.0,14.499,180722000.0,1.56,1.0,872030000.0,0.282,1392352000.0,30427000.0,1310192000.0,825765500.0,603178000.0,0.0,0.0,0.0,1901108000.0,887674000.0,1013434000.0,2830738581.0,230601000.0,-886116000.0,20800000.0,928343000.0,0.0,935677000.0,-996812000.0,0.0,291418000.0,318000.0,100784000.0,100784000.0,100784000.0,0.0,0.0,0.033,686816000.0,185214000.0,543288000.0,0.0,2.539,28.087,22.494,432125000.0,0.0,19.57,0.916,0.733,38738000.0,192346000.0,3091783000.0,3091783000.0,0.0,0.052,0.123,0.231,0.062,12655000.0,599343000.0,1.0,144646836.0,115840000.0,124972000.0,26.69,1623469000.0,62119000.0,59138000.0,13640000.0,14.015,234293000.0
63,GME,MRT,2005-09-30,2005-10-29,2005-10-29,2021-09-08,100000.0,2925832000.0,1426160750.0,985760000.0,1940072000.0,1.496,9.001,-96735000.0,81031000.0,81031000.0,1523284000.0,50286000.0,1.187,1.87,976664000.0,12936000.0,963728000.0,976664000.0,0.0,50645000.0,0.0,0.0,0.0,93319000.0,143964000.0,0.067,143964000.0,93319000.0,81458000.0,0.48,0.45,0.48,1019448000.0,675967750.0,1019448000.0,1725394376.0,18.0,11.985,-35029000.0,-0.309,1.0,610325000.0,0.286,1440939000.0,11861000.0,1549819000.0,534899500.0,746563000.0,0.0,0.0,0.0,1906384000.0,830707000.0,1075677000.0,1787828376.0,-20532000.0,-886117000.0,20590000.0,891747000.0,0.0,899876000.0,-982024000.0,0.0,61706000.0,-90000.0,50286000.0,50286000.0,50286000.0,0.0,0.0,0.024,521721000.0,88604000.0,519972000.0,0.0,1.754,35.553,35.917,425497000.0,0.0,17.24,0.838,0.915,34662000.0,107390000.0,2133609000.0,2133609000.0,0.0,0.035,0.074,0.174,0.044,-5109000.0,452518000.0,1.0,103702342.0,113260000.0,113260000.0,18.838,1484893000.0,87551000.0,31172000.0,69491000.0,13.11,155053000.0
64,GME,MRT,2005-06-30,2005-07-30,2005-07-30,2021-09-08,-43000.0,920672000.0,919137500.0,408039000.0,512633000.0,2.194,5.605,-93116000.0,98954000.0,98954000.0,1463570000.0,64805000.0,1.447,0.59,36520000.0,12173000.0,24347000.0,36520000.0,0.0,40857000.0,0.0,0.0,0.0,108239000.0,149096000.0,0.074,149096000.0,108239000.0,105069000.0,0.61,0.575,0.61,578975000.0,547010750.0,578975000.0,1660003379.0,15.0,11.134,-6975000.0,-0.068,1.0,552564000.0,0.274,320888000.0,3170000.0,255401000.0,198602250.0,257396000.0,0.0,0.0,0.0,341697000.0,281949000.0,59748000.0,1772897379.0,-60794000.0,-62000.0,-92754000.0,36520000.0,0.0,-54228000.0,-92556000.0,0.0,86141000.0,-151000.0,64805000.0,64805000.0,64805000.0,0.0,0.0,0.032,446685000.0,105879000.0,166070000.0,0.0,3.062,27.357,28.156,188734000.0,0.0,17.175,0.879,0.88,9418000.0,109850000.0,2016134000.0,2016134000.0,0.0,0.071,0.118,0.545,0.054,3430000.0,406106000.0,1.0,103225466.0,103292000.0,113016000.0,19.519,599784000.0,17969000.0,40264000.0,19898000.0,5.807,126090000.0
65,GME,MRT,2005-03-31,2005-04-30,2005-04-30,2021-09-08,466000.0,942156000.0,900060000.0,438302000.0,503854000.0,2.162,5.514,-96472000.0,149414000.0,149414000.0,1415102000.0,64574000.0,1.367,0.675,36520000.0,12173000.0,24347000.0,36520000.0,0.0,38985000.0,0.0,0.0,0.0,107481000.0,146466000.0,0.075,146466000.0,107481000.0,104762000.0,0.605,0.57,0.605,562437000.0,552125500.0,562437000.0,1117981670.0,10.0,7.633,59851000.0,0.587,1.0,530695000.0,0.273,320888000.0,2719000.0,187650000.0,170602000.0,255122000.0,0.0,0.0,0.0,379719000.0,320724000.0,58995000.0,1252453670.0,-17679000.0,-62000.0,-114002000.0,36520000.0,0.0,-77498000.0,-96493000.0,0.0,156323000.0,-11000.0,64574000.0,64574000.0,64574000.0,0.0,0.0,0.033,425461000.0,105234000.0,211686000.0,0.0,2.227,19.396,20.339,180698000.0,0.0,12.305,0.644,0.645,10136000.0,101947000.0,1945797000.0,1945797000.0,0.0,0.072,0.117,0.63,0.055,3479000.0,386728000.0,1.0,101784126.0,102000000.0,108980000.0,19.076,621268000.0,5435000.0,40188000.0,20197000.0,6.091,117578000.0
66,GME,MRT,2004-12-31,2005-01-29,2005-01-29,2021-09-08,567000.0,915983000.0,875422750.0,424988000.0,490995000.0,2.105,4.967,-98305000.0,170992000.0,170992000.0,1333506000.0,60926000.0,1.354,0.687,36520000.0,12173000.0,24347000.0,36520000.0,0.0,37019000.0,0.0,0.0,0.0,101066000.0,138085000.0,0.075,138085000.0,101066000.0,98911000.0,0.56,0.53,0.56,543011000.0,563169500.0,543011000.0,926315758.0,9.0,6.708,47682000.0,0.436,1.0,509300000.0,0.276,320888000.0,2155000.0,146728000.0,159473750.0,216296000.0,0.0,0.0,0.0,372972000.0,313895000.0,59077000.0,953858758.0,-33913000.0,-62000.0,-117301000.0,36520000.0,0.0,-81606000.0,-98367000.0,0.0,145987000.0,73000.0,60926000.0,60926000.0,60926000.0,0.0,0.0,0.033,410153000.0,99147000.0,206739000.0,0.0,1.757,15.656,16.786,168399000.0,0.0,9.4,0.518,0.558,9812000.0,91621000.0,1842806000.0,1842806000.0,0.0,0.07,0.108,0.634,0.055,5082000.0,373364000.0,1.0,101474336.0,109324000.0,115592000.0,16.856,595095000.0,9488000.0,37985000.0,21257000.0,5.443,111093000.0
67,GME,MRT,2004-09-30,2004-10-30,2004-10-30,2021-09-08,437000.0,897739000.0,871974250.0,421500000.0,476239000.0,2.018,4.634,-85700000.0,101563000.0,101563000.0,1269513000.0,65966000.0,1.223,0.783,74020000.0,49673000.0,24347000.0,74020000.0,0.0,35340000.0,0.0,0.0,0.0,109588000.0,144928000.0,0.082,144928000.0,109588000.0,108531000.0,0.595,0.555,0.595,503620000.0,575925000.0,503620000.0,943621353.0,9.0,6.511,52748000.0,0.485,1.0,489934000.0,0.278,320888000.0,1057000.0,204630000.0,145943750.0,274752000.0,0.0,0.0,0.0,394119000.0,344678000.0,49441000.0,1103369353.0,9986000.0,-62000.0,-115875000.0,74020000.0,0.0,-42377000.0,-86081000.0,0.0,138448000.0,-4000.0,65966000.0,65966000.0,65966000.0,0.0,0.0,0.037,381812000.0,108122000.0,190657000.0,0.0,2.191,16.726,16.462,153502000.0,0.0,9.795,0.627,0.605,10490000.0,57104000.0,1759447000.0,1759447000.0,0.0,0.076,0.115,0.751,0.062,10451000.0,346746000.0,1.0,112646182.0,108668000.0,114734000.0,16.191,576851000.0,19708000.0,42565000.0,17820000.0,5.308,76822000.0
68,GME,MRT,2004-06-30,2004-07-31,2004-07-31,2021-09-08,125000.0,844362000.0,864045000.0,384611000.0,459751000.0,1.931,5.293,-76794000.0,159748000.0,159748000.0,1199303000.0,64600000.0,1.746,0.409,0.0,0.0,0.0,0.0,0.0,33550000.0,0.0,0.0,0.0,107447000.0,140997000.0,0.084,140997000.0,107447000.0,106726000.0,0.58,0.54,0.58,599434000.0,585674000.0,599434000.0,711552121.0,7.0,5.047,44808000.0,0.396,1.0,469449000.0,0.281,320888000.0,721000.0,143400000.0,129561500.0,184059000.0,0.0,0.0,0.0,244928000.0,220326000.0,24602000.0,878645121.0,15601000.0,-135000.0,-28396000.0,0.0,0.0,-28918000.0,-77060000.0,0.0,121602000.0,-23000.0,64600000.0,64600000.0,64600000.0,0.0,0.0,0.039,363288000.0,106161000.0,130361000.0,0.0,1.466,13.601,13.276,137165000.0,0.0,7.7,0.527,0.523,6547000.0,132437000.0,1668752000.0,1668752000.0,0.0,0.075,0.11,0.829,0.064,9753000.0,329951000.0,1.0,114109756.0,113240000.0,119066000.0,14.736,523474000.0,19629000.0,42126000.0,17629000.0,4.623,164285000.0
69,GME,MRT,2004-03-31,2004-05-01,2004-05-01,2021-09-08,119000.0,843607000.0,840821000.0,398110000.0,445497000.0,1.937,5.322,-77912000.0,167093000.0,167093000.0,1176687000.0,63534000.0,1.873,0.391,0.0,0.0,0.0,0.0,0.0,31569000.0,0.0,0.0,0.0,105734000.0,137303000.0,0.084,137303000.0,105734000.0,105043000.0,0.57,0.53,0.57,606613000.0,574134750.0,606613000.0,799245517.0,8.0,5.821,22211000.0,0.195,1.0,452146000.0,0.278,320826000.0,691000.0,143137000.0,118071500.0,194566000.0,0.0,0.0,0.0,236994000.0,212551000.0,24443000.0,1004150517.0,-7384000.0,-3027000.0,-23771000.0,-2296000.0,0.0,-26589000.0,-80890000.0,0.0,100123000.0,-28000.0,63534000.0,63534000.0,63534000.0,0.0,0.0,0.039,347681000.0,104465000.0,134084000.0,0.0,1.655,15.805,15.447,123394000.0,0.0,8.805,0.616,0.616,6101000.0,124765000.0,1628833000.0,1628833000.0,0.0,0.076,0.111,0.896,0.065,11139000.0,316280000.0,1.0,114043216.0,113980000.0,120260000.0,14.291,522781000.0,16971000.0,41509000.0,17625000.0,4.587,185559000.0
70,GME,MRT,2003-12-31,2004-01-31,2004-01-31,2021-09-08,296000.0,902189000.0,816124500.0,472752000.0,429437000.0,1.935,5.273,-64484000.0,204905000.0,204905000.0,1145893000.0,63467000.0,1.665,0.519,0.0,0.0,0.0,0.0,0.0,29487000.0,0.0,0.0,0.0,105851000.0,135338000.0,0.086,135338000.0,105851000.0,105188000.0,0.565,0.53,0.565,594033000.0,561379500.0,594033000.0,827746571.0,8.0,6.116,6793000.0,0.06,1.0,432945000.0,0.274,320826000.0,663000.0,92608000.0,100213000.0,223526000.0,0.0,0.0,0.0,308156000.0,283850000.0,24306000.0,919323571.0,-27125000.0,-3027000.0,-28107000.0,-2296000.0,0.0,-30925000.0,-67511000.0,0.0,71277000.0,34000.0,63467000.0,63467000.0,63467000.0,0.0,0.0,0.04,328561000.0,104384000.0,204011000.0,0.0,1.548,14.485,14.69,107296000.0,0.0,8.3,0.582,0.592,9545000.0,118087000.0,1578838000.0,1578838000.0,0.0,0.078,0.113,1.056,0.067,9702000.0,299193000.0,1.0,110761876.0,112660000.0,119528000.0,14.014,581363000.0,20436000.0,41721000.0,17731000.0,5.16,188902000.0
71,GME,MRT,2003-09-30,2003-11-01,2003-11-01,2021-09-08,-25000.0,866022000.0,791554500.0,443077000.0,422945000.0,1.862,4.865,-63066000.0,91577000.0,91577000.0,1076690000.0,55497000.0,1.409,0.596,0.0,0.0,0.0,0.0,0.0,27356000.0,0.0,0.0,0.0,93645000.0,121001000.0,0.082,121001000.0,93645000.0,92964000.0,0.495,0.465,0.495,542616000.0,550040000.0,542616000.0,797565071.0,9.0,6.591,4735000.0,0.042,1.0,397163000.0,0.269,320826000.0,681000.0,139101000.0,80048750.0,309691000.0,0.0,0.0,0.0,323406000.0,314518000.0,8888000.0,941712071.0,-33544000.0,-3027000.0,-32479000.0,-2296000.0,0.0,-34775000.0,-66620000.0,0.0,67801000.0,50000.0,55497000.0,55497000.0,55497000.0,0.0,0.0,0.038,305222000.0,91941000.0,239184000.0,0.0,1.736,16.969,16.99,100718000.0,0.0,8.41,0.639,0.636,8013000.0,78530000.0,1473853000.0,1473853000.0,0.0,0.07,0.101,1.17,0.064,4721000.0,277906000.0,1.0,111975276.0,111534000.0,118862000.0,13.214,545196000.0,22832000.0,37467000.0,5574000.0,4.888,128559000.0
72,GME,MRT,2003-06-30,2003-08-02,2003-08-02,2021-09-08,-75000.0,751466000.0,774204750.0,337640000.0,413826000.0,1.853,4.873,-58015000.0,144147000.0,144147000.0,1062005000.0,54589000.0,1.785,0.358,0.0,0.0,0.0,0.0,0.0,25500000.0,0.0,0.0,0.0,91965000.0,117465000.0,0.082,117465000.0,91965000.0,91373000.0,0.485,0.455,0.485,553277000.0,543111500.0,553277000.0,593876993.0,6.0,5.056,6623000.0,0.058,1.0,372534000.0,0.26,320691000.0,592000.0,97440000.0,64690000.0,156374000.0,0.0,0.0,0.0,198189000.0,189188000.0,9001000.0,768353993.0,-8476000.0,-2892000.0,-9382000.0,-2296000.0,0.0,-11678000.0,-61428000.0,0.0,64638000.0,-8000.0,54589000.0,54589000.0,54589000.0,0.0,0.0,0.038,282502000.0,90032000.0,120736000.0,0.0,1.389,14.075,13.948,91665000.0,0.0,6.765,0.536,0.535,6213000.0,67837000.0,1434539000.0,1434539000.0,0.0,0.071,0.101,1.422,0.064,3507000.0,257042000.0,1.0,113577826.0,113528000.0,120386000.0,12.636,430775000.0,19852000.0,36784000.0,5591000.0,3.794,148452000.0
73,GME,MRT,2003-03-31,2003-05-03,2003-05-03,2021-09-08,0.0,744821000.0,756412250.0,352408000.0,392413000.0,1.855,4.867,-45712000.0,174477000.0,174477000.0,1046131000.0,54101000.0,1.95,0.341,0.0,0.0,0.0,0.0,0.0,24251000.0,0.0,0.0,0.0,91111000.0,115362000.0,0.082,115362000.0,91111000.0,90548000.0,0.48,0.45,0.48,555592000.0,530951750.0,555592000.0,410913072.0,5.0,3.562,60888000.0,0.533,1.0,356996000.0,0.254,317957000.0,563000.0,71703000.0,50285000.0,156194000.0,0.0,0.0,0.0,189229000.0,180684000.0,8545000.0,642943072.0,61080000.0,0.0,949000.0,-615000.0,0.0,334000.0,-45854000.0,0.0,106600000.0,0.0,54101000.0,54101000.0,54101000.0,0.0,0.0,0.039,267950000.0,89046000.0,112186000.0,0.0,1.157,11.884,11.729,73328000.0,0.0,5.63,0.458,0.458,5195000.0,61231000.0,1403127000.0,1403127000.0,0.0,0.072,0.102,1.812,0.065,2072000.0,243739000.0,1.0,114199480.0,114166000.0,120472000.0,12.29,426864000.0,6034000.0,36447000.0,5591000.0,3.739,171724000.0
74,GME,MRT,2002-12-31,2003-02-01,2003-02-01,2021-09-08,0.0,803909000.0,732093750.0,416453000.0,387456000.0,1.848,4.874,-40628000.0,232030000.0,232030000.0,1012145000.0,52404000.0,1.721,0.465,0.0,0.0,0.0,0.0,0.0,23154000.0,0.0,0.0,0.0,89069000.0,112223000.0,0.083,112223000.0,89069000.0,87701000.0,0.465,0.435,0.465,548675000.0,516671250.0,548675000.0,359817090.0,4.0,3.206,53341000.0,0.474,1.0,340646000.0,0.252,317957000.0,1368000.0,11951000.0,50712000.0,161369000.0,0.0,0.0,0.0,255234000.0,241971000.0,13263000.0,484938090.0,151280000.0,0.0,348350000.0,-249623000.0,0.0,98727000.0,-41416000.0,0.0,93969000.0,0.0,52404000.0,52404000.0,52404000.0,0.0,0.0,0.039,253575000.0,87071000.0,160378000.0,0.0,0.884,9.254,9.14,68394000.0,0.0,4.25,0.358,0.354,6893000.0,54620000.0,1352791000.0,1352791000.0,0.0,0.072,0.101,1.756,0.066,1906000.0,230461000.0,1.0,114103080.0,112578000.0,120838000.0,12.016,485952000.0,6034000.0,35297000.0,26205000.0,4.317,174482000.0
75,GME,MRT,2002-09-30,2002-11-02,2002-11-02,2021-09-08,0.0,796623000.0,682827250.0,413369000.0,383254000.0,1.972,4.522,-34963000.0,125121000.0,125121000.0,1019419000.0,39603000.0,1.498,0.547,0.0,0.0,0.0,0.0,0.0,24536000.0,0.0,0.0,0.0,72309000.0,96845000.0,0.072,96845000.0,72309000.0,66955000.0,0.445,0.425,0.445,514902000.0,378506250.0,514902000.0,851236516.0,12.0,8.79,60590000.0,0.532,1.0,327187000.0,0.243,317957000.0,5354000.0,77666000.0,48359000.0,268393000.0,0.0,0.0,0.0,281721000.0,275879000.0,5842000.0,1003859516.0,117139000.0,0.0,348070000.0,-290743000.0,0.0,57327000.0,-35741000.0,0.0,95553000.0,0.0,39603000.0,39603000.0,39603000.0,0.0,0.0,0.029,256485000.0,70702000.0,209491000.0,0.0,1.95,25.348,19.809,64149000.0,0.0,8.815,0.745,0.745,7461000.0,23033000.0,1346606000.0,1346606000.0,0.0,0.058,0.105,1.495,0.054,0.0,231949000.0,1.0,113880830.0,113862000.0,122222000.0,11.827,478666000.0,3418000.0,27352000.0,4953000.0,4.204,137490000.0
76,GME,MRT,2002-06-30,2002-08-03,2002-08-03,2021-09-08,0.0,680296000.0,634019750.0,302857000.0,377439000.0,1.985,4.439,-31586000.0,152623000.0,152623000.0,950724000.0,30071000.0,1.783,0.348,0.0,0.0,0.0,0.0,0.0,26347000.0,0.0,0.0,0.0,61417000.0,87764000.0,0.07,87764000.0,61417000.0,51553000.0,0.365,0.35,0.365,504638000.0,241671750.0,504638000.0,744943474.0,12.0,8.488,39588000.0,0.348,1.0,307920000.0,0.245,317957000.0,9864000.0,39820000.0,52643250.0,132786000.0,0.0,0.0,0.0,175658000.0,169896000.0,5762000.0,858340474.0,145362000.0,0.0,347591000.0,-241048000.0,0.0,106543000.0,-32355000.0,0.0,71174000.0,0.0,30071000.0,30071000.0,30071000.0,0.0,0.0,0.024,247591000.0,60329000.0,114115000.0,0.0,1.701,28.544,20.685,58286000.0,0.0,7.55,0.682,0.682,4762000.0,13248000.0,1258644000.0,1258644000.0,0.0,0.047,0.124,1.167,0.049,0.0,221244000.0,1.0,113687480.0,113686000.0,122602000.0,11.071,362339000.0,4137000.0,21482000.0,3065000.0,3.187,132961000.0
77,GME,MRT,2002-03-31,2002-05-04,2002-05-04,2021-09-08,0.0,647547000.0,591201750.0,275821000.0,371726000.0,2.015,4.586,-24245000.0,113397000.0,113397000.0,903002000.0,19104000.0,1.932,0.299,0.0,0.0,0.0,0.0,0.0,28177000.0,0.0,0.0,0.0,48804000.0,76981000.0,0.065,76981000.0,48804000.0,34081000.0,0.245,0.235,0.245,498470000.0,107340000.0,498470000.0,1100974710.0,23.0,14.302,22332000.0,0.205,1.0,288186000.0,0.242,317957000.0,14723000.0,73411000.0,53611750.0,145990000.0,0.0,0.0,0.0,149077000.0,142782000.0,6295000.0,1181724710.0,107261000.0,0.0,347541000.0,-261853000.0,0.0,85688000.0,-25004000.0,0.0,46577000.0,0.0,19104000.0,19104000.0,19104000.0,0.0,0.0,0.016,239963000.0,48223000.0,95553000.0,0.0,2.371,61.857,42.449,52534000.0,0.0,10.4,0.992,0.949,4924000.0,7130000.0,1191188000.0,1191188000.0,0.0,0.032,0.178,0.91,0.041,0.0,211786000.0,1.0,113627376.0,108686000.0,117406000.0,10.96,329590000.0,3418000.0,14977000.0,1136000.0,3.032,133039000.0
78,GME,MRT,2001-12-31,2002-02-02,2002-02-02,2021-09-08,0.0,606843000.0,554754250.0,236704000.0,370139000.0,2.021,-0.055,-20462000.0,80750000.0,80750000.0,854035000.0,6960000.0,1.151,-153.282,0.0,0.0,0.0,0.0,0.0,30297000.0,0.0,,0.0,34210000.0,64507000.0,0.058,64507000.0,34210000.0,14635000.0,0.095,0.09,0.095,-3985000.0,-24237500.0,-3985000.0,,,,57657000.0,0.801,1.0,267103000.0,0.238,317957000.0,19575000.0,2539000.0,51999250.0,138351000.0,0.0,0.0,0.0,610828000.0,205597000.0,405231000.0,,72109000.0,0.0,0.0,14475000.0,0.0,14475000.0,-20485000.0,0.0,78119000.0,0.0,6960000.0,6960000.0,6960000.0,0.0,0.0,0.006,233016000.0,34087000.0,548220000.0,0.0,,,,51623000.0,0.0,,,,5930000.0,2216000.0,1121138000.0,1121138000.0,0.0,0.013,-0.287,0.658,0.031,0.0,202719000.0,1.0,108129110.0,72018000.0,78794000.0,15.567,288886000.0,3418000.0,7675000.0,4455000.0,4.011,31107000.0
79,GME,MRT,2001-09-30,2001-11-03,2001-11-03,2021-09-08,0.0,601393000.0,530482750.0,237927000.0,363466000.0,1.761,-0.45,-20405000.0,7982000.0,7982000.0,702991000.0,-8319000.0,1.269,-19.541,0.0,0.0,0.0,0.0,0.0,29437000.0,0.0,,0.0,12093000.0,41530000.0,0.044,41530000.0,12093000.0,-10754000.0,-0.11,-0.11,-0.11,-32436000.0,-28393750.0,-32436000.0,,,,-27766000.0,-0.386,1.0,230990000.0,0.247,311075000.0,22847000.0,94803000.0,61748750.0,211822000.0,0.0,0.0,0.0,633829000.0,187533000.0,446296000.0,,-5270000.0,-4002000.0,0.0,185655000.0,0.0,26511000.0,-24420000.0,0.0,-7361000.0,0.0,-8319000.0,-8319000.0,-8319000.0,0.0,0.0,-0.009,218897000.0,12093000.0,585097000.0,0.0,,,,51840000.0,0.0,,,,5263000.0,-16570000.0,933981000.0,933981000.0,0.0,-0.016,0.293,0.196,0.013,0.0,189460000.0,1.0,108129110.0,72018000.0,80228000.0,12.969,290318000.0,4825000.0,-2435000.0,3098000.0,4.031,50394000.0
80,GME,MRT,2001-06-30,2001-08-04,2001-08-04,2021-09-08,0.0,509024000.0,,146231000.0,362793000.0,,-0.454,,7261000.0,7261000.0,,,1.014,-16.572,0.0,0.0,0.0,0.0,0.0,,0.0,,0.0,,,,,,,,,,-32689000.0,,-32689000.0,,,,,,1.0,,,313855000.0,,43694000.0,,122922000.0,0.0,0.0,0.0,541713000.0,144214000.0,397499000.0,,,,,,,,,,,,,,,,,,,,496913000.0,,,,,48390000.0,,,,,3865000.0,-16823000.0,,,,,,,,,,1.0,,72018000.0,,,195169000.0,5568000.0,,4116000.0,2.71,2017000.0
81,GME,MRT,2001-03-31,2001-05-05,2001-05-05,2021-09-08,0.0,501757000.0,,135534000.0,366223000.0,,-0.387,,6136000.0,6136000.0,,,1.21,-19.023,0.0,0.0,0.0,0.0,0.0,,0.0,,0.0,,,,,,,,,,-27840000.0,,-27840000.0,,,,,,1.0,,,316636000.0,,66961000.0,,109333000.0,0.0,0.0,0.0,529597000.0,112024000.0,417573000.0,,,,,,,,,,,,,,,,,,,,494209000.0,,,,,49051000.0,,,,,2929000.0,-11974000.0,,,,,,,,,,1.0,,72018000.0,,,185121000.0,3533000.0,,2861000.0,2.57,23510000.0
82,GME,MRT,2000-12-31,2001-02-03,2001-02-03,2021-09-08,0.0,509757000.0,408839500.0,138435000.0,371322000.0,1.851,-0.286,-25131000.0,8641000.0,8641000.0,570995000.0,-11961000.0,0.988,-25.733,0.0,0.0,0.0,0.0,0.0,22197000.0,0.0,,0.0,5672000.0,27869000.0,0.037,27869000.0,5672000.0,-17797000.0,-0.165,-0.165,-0.165,-20610000.0,-14629500.0,-20610000.0,,,,-25628000.0,-0.356,1.0,185702000.0,0.245,319418000.0,23469000.0,41537000.0,17151500.0,108853000.0,0.0,0.0,0.0,530367000.0,140161000.0,390206000.0,,2029000.0,-156764000.0,0.0,183194000.0,0.0,183194000.0,-180668000.0,0.0,-497000.0,0.0,-11961000.0,-11961000.0,-11961000.0,0.0,0.0,-0.016,180088000.0,5614000.0,487985000.0,0.0,,,,51368000.0,0.0,,,,3726000.0,-4744000.0,756697000.0,756697000.0,0.0,-0.029,0.818,0.331,0.007,0.0,157891000.0,1.0,,72018000.0,72018000.0,10.507,190339000.0,3533000.0,-5836000.0,2862000.0,2.643,-1726000.0
83,GME,MRT,1999-12-31,2000-01-29,2000-01-29,2021-09-08,0.0,307922000.0,,82415000.0,225507000.0,,-0.12,,6612000.0,6612000.0,,,0.741,-36.602,0.0,0.0,0.0,0.0,0.0,,0.0,,0.0,,,,,,,,,,-8649000.0,,-8649000.0,,,,,,1.0,,,197280000.0,,-7234000.0,,69391000.0,0.0,0.0,0.0,316571000.0,111264000.0,205307000.0,,,,,,,,,,,,,,,,,,,,293219000.0,,,,,26466000.0,,,,,2423000.0,7217000.0,,,,,,,,,,1.0,,72018000.0,,,110642000.0,3093000.0,,331000.0,1.536,-28849000.0
84,GME,MRT,1998-12-31,1999-01-30,1999-01-30,2021-09-08,,,,,,,,-6790000.0,,,350475000.0,21116000.0,,,,,,,,4805000.0,,,0.0,25673000.0,30478000.0,0.066,30478000.0,25673000.0,21698000.0,,,,,,,,,,46033000.0,,1.0,114691000.0,0.247,,3975000.0,,,,,,,,,,,20812000.0,0.0,0.0,-25000000.0,0.0,-25000000.0,-7011000.0,0.0,52823000.0,0.0,21116000.0,21116000.0,21116000.0,0.0,0.0,0.045,89449000.0,25242000.0,,,,,,,0.0,,,,,,465166000.0,465166000.0,0.0,,,,0.055,0.0,84644000.0,1.0,,,,,,,582000.0,,,
