None,ticker,dimension,calendardate,datekey,reportperiod,lastupdated,accoci,assets,assetsavg,assetsc,assetsnc,assetturnover,bvps,capex,cashneq,cashnequsd,cor,consolinc,currentratio,de,debt,debtc,debtnc,debtusd,deferredrev,depamor,deposits,divyield,dps,ebit,ebitda,ebitdamargin,ebitdausd,ebitusd,ebt,eps,epsdil,epsusd,equity,equityavg,equityusd,ev,evebit,evebitda,fcf,fcfps,fxusd,gp,grossmargin,intangibles,intexp,invcap,invcapavg,inventory,investments,investmentsc,investmentsnc,liabilities,liabilitiesc,liabilitiesnc,marketcap,ncf,ncfbus,ncfcommon,ncfdebt,ncfdiv,ncff,ncfi,ncfinv,ncfo,ncfx,netinc,netinccmn,netinccmnusd,netincdis,netincnci,netmargin,opex,opinc,payables,payoutratio,pb,pe,pe1,ppnenet,prefdivis,price,ps,ps1,receivables,retearn,revenue,revenueusd,rnd,roa,roe,roic,ros,sbcomp,sgna,sharefactor,sharesbas,shareswa,shareswadil,sps,tangibles,taxassets,taxexp,taxliabilities,tbvps,workingcapital
0,BBBY,MRY,2021-12-31,2021-02-27,2021-02-27,2021-09-30,-55600000.0,6456930000.0,7145496750.0,3620045000.0,2836885000.0,1.292,10.514,-183077000.0,1352984000.0,1352984000.0,6114947000.0,-150773000.0,1.577,4.057,3060191000.0,360061000.0,2700130000.0,3060191000.0,0.0,340912000.0,0.0,0.006,0.17,-259849000.0,81063000.0,0.009,81063000.0,-259849000.0,-336762000.0,-1.24,-1.24,-1.24,1276936000.0,1458748250.0,1276936000.0,4906185487.0,-19.0,60.523,85031000.0,0.7,1.0,3118081000.0,0.338,0.0,76913000.0,5869216000.0,6731012250.0,1671909000.0,19545000.0,0.0,19545000.0,5179994000.0,2294921000.0,2885073000.0,3255827487.0,378759000.0,534457000.0,-380079000.0,-221427000.0,-23108000.0,-632304000.0,737880000.0,386500000.0,268108000.0,5075000.0,-150773000.0,-150773000.0,-150773000.0,0.0,0.0,-0.016,3454968000.0,-336887000.0,986045000.0,-0.137,2.55,-21.594,-21.661,2505519000.0,0.0,26.86,0.353,0.353,0.0,10225253000.0,9233028000.0,9233028000.0,0.0,-0.021,-0.103,-0.039,-0.028,31594000.0,3224363000.0,1.0,121214724.0,121446000,121446000.0,76.026,6456930000.0,0.0,-185989000.0,102664000.0,53.167,1325124000.0
1,BBBY,MRY,2020-12-31,2020-02-29,2020-02-29,2021-09-30,-64909000.0,7790515000.0,7926769000.0,3826285000.0,3964230000.0,1.408,14.193,-277401000.0,1000340000.0,1000340000.0,7616920000.0,-613816000.0,1.551,3.414,3770188000.0,463005000.0,3307183000.0,3770188000.0,0.0,342511000.0,0.0,0.062,0.67,-700064000.0,-357553000.0,-0.032,-357553000.0,-700064000.0,-764853000.0,-4.94,-4.94,-4.94,1764935000.0,1894709250.0,1764935000.0,4170368605.0,-6.0,-11.664,313540000.0,2.521,1.0,3541660000.0,0.317,0.0,64789000.0,8093837000.0,8234726500.0,2093869000.0,406022000.0,385642000.0,20380000.0,6025580000.0,2466526000.0,3559054000.0,1372444605.0,498494000.0,0.0,-97364000.0,0.0,-85482000.0,-182846000.0,91376000.0,368777000.0,590941000.0,-977000.0,-613816000.0,-613816000.0,-613816000.0,0.0,0.0,-0.055,4241724000.0,-700064000.0,944194000.0,-0.136,0.778,-2.236,-2.188,3437570000.0,0.0,10.81,0.123,0.12,0.0,10374826000.0,11158580000.0,11158580000.0,0.0,-0.077,-0.324,-0.085,-0.063,45676000.0,3732498000.0,1.0,126960648.0,124352000,124352000.0,89.734,7790515000.0,0.0,-151037000.0,46945000.0,62.649,1359759000.0
2,BBBY,MRY,2019-12-31,2019-03-02,2019-03-02,2021-09-30,-58610000.0,6570541000.0,7110223500.0,3909972000.0,2660569000.0,1.692,19.065,-314183000.0,508971000.0,508971000.0,7924817000.0,-137224000.0,1.882,1.566,1487934000.0,0.0,1487934000.0,1487934000.0,0.0,338825000.0,0.0,0.038,0.63,-87135000.0,251690000.0,0.021,251690000.0,-87135000.0,-156609000.0,-1.02,-1.02,-1.02,2560331000.0,2817548250.0,2560331000.0,3024329241.0,-35.0,12.016,604095000.0,4.498,1.0,4103980000.0,0.341,391052000.0,69474000.0,5080820000.0,4929421750.0,2618922000.0,505809000.0,485799000.0,20010000.0,4010210000.0,2077632000.0,1932578000.0,2294415241.0,162831000.0,0.0,-148073000.0,-4224000.0,-86287000.0,-238584000.0,-509682000.0,-195499000.0,918278000.0,-7181000.0,-137224000.0,-137224000.0,-137224000.0,0.0,0.0,-0.011,4191115000.0,-87135000.0,1094078000.0,-0.618,0.896,-16.72,-16.363,1853091000.0,0.0,16.69,0.191,0.186,0.0,11112887000.0,12028797000.0,12028797000.0,0.0,-0.019,-0.049,-0.018,-0.007,58514000.0,3681210000.0,1.0,137472453.0,134292000,134292000.0,89.572,6179489000.0,0.0,-19385000.0,69733000.0,46.015,1832340000.0
3,BBBY,MRY,2018-12-31,2018-03-03,2018-03-03,2021-09-30,-48296000.0,7040806000.0,6972036000.0,3971078000.0,3069728000.0,1.771,20.746,-375793000.0,346140000.0,346140000.0,7906286000.0,424858000.0,1.834,1.437,1492078000.0,0.0,1492078000.0,1492078000.0,0.0,313107000.0,0.0,0.026,0.575,761321000.0,1074428000.0,0.087,1074428000.0,761321000.0,695660000.0,3.05,3.04,3.05,2888628000.0,2757941000.0,2888628000.0,4147719966.0,5.0,3.86,483896000.0,3.475,1.0,4443015000.0,0.36,716283000.0,65661000.0,5304776000.0,5158744250.0,2730874000.0,397556000.0,378039000.0,19517000.0,4152178000.0,2165685000.0,1986493000.0,3108870966.0,-142189000.0,-6119000.0,-242120000.0,0.0,-80877000.0,-323431000.0,-674412000.0,-292500000.0,859689000.0,-4035000.0,424858000.0,424858000.0,424858000.0,0.0,0.0,0.034,3681694000.0,761321000.0,1197504000.0,0.189,1.076,7.317,7.157,1909289000.0,0.0,21.83,0.252,0.246,0.0,11343503000.0,12349301000.0,12349301000.0,0.0,0.061,0.154,0.148,0.062,70510000.0,3681694000.0,1.0,142412779.0,139238000,139739000.0,88.692,6324523000.0,0.0,270802000.0,62823000.0,45.422,1805393000.0
4,BBBY,MRY,2017-12-31,2017-02-25,2017-02-25,2021-09-30,-47250000.0,6822655000.0,6825952000.0,3591901000.0,3230754000.0,1.79,18.301,-373574000.0,488329000.0,488329000.0,7639407000.0,685108000.0,1.767,1.509,1491603000.0,0.0,1491603000.0,1491603000.0,0.0,290914000.0,0.0,0.009,0.375,1135210000.0,1426124000.0,0.117,1426124000.0,1135210000.0,1065655000.0,4.61,4.58,4.61,2719277000.0,2609335500.0,2719277000.0,7187417095.0,6.0,5.04,669697000.0,4.507,1.0,4576350000.0,0.375,697085000.0,69555000.0,5096343000.0,5064369500.0,2905660000.0,89592000.0,0.0,89592000.0,4103378000.0,2032501000.0,2070877000.0,6168936095.0,-27244000.0,-204595000.0,-526598000.0,0.0,-55612000.0,-582210000.0,-491929000.0,86240000.0,1043271000.0,3624000.0,685108000.0,685108000.0,685108000.0,0.0,0.0,0.056,3441140000.0,1135210000.0,1179088000.0,0.081,2.269,9.004,8.902,1837129000.0,0.0,41.04,0.505,0.499,0.0,11003890000.0,12215757000.0,12215757000.0,0.0,0.1,0.263,0.224,0.093,71911000.0,3441140000.0,1.0,150315207.0,148590000,149708000.0,82.211,6125570000.0,0.0,380547000.0,127792000.0,41.225,1559400000.0
5,BBBY,MRY,2016-12-31,2016-02-27,2016-02-27,2021-09-30,-54998000.0,6490077000.0,6646113000.0,3825962000.0,2664115000.0,1.821,15.678,-328395000.0,515573000.0,515573000.0,7483577000.0,841489000.0,2.049,1.536,1491137000.0,0.0,1491137000.0,1491137000.0,0.0,273947000.0,0.0,0.0,0.0,1414903000.0,1688850000.0,0.14,1688850000.0,1414903000.0,1327445000.0,5.15,5.1,5.15,2559540000.0,2561439500.0,2559540000.0,9023412322.0,6.0,5.343,694159000.0,4.252,1.0,4620310000.0,0.382,487169000.0,87458000.0,5111247000.0,5075694250.0,2848119000.0,157486000.0,86197000.0,71289000.0,3930537000.0,1867225000.0,2063312000.0,8014149322.0,-360001000.0,0.0,-1091476000.0,0.0,0.0,-1099122000.0,-275632000.0,52763000.0,1022554000.0,-7801000.0,841489000.0,841489000.0,841489000.0,0.0,0.0,0.07,3205407000.0,1414903000.0,1100958000.0,0.0,3.131,9.524,9.513,1725043000.0,0.0,48.99,0.662,0.661,0.0,10394865000.0,12103887000.0,12103887000.0,0.0,0.127,0.329,0.279,0.117,66965000.0,3205407000.0,1.0,163587453.0,163257000,165016000.0,74.14,6002908000.0,0.0,485956000.0,131699000.0,36.77,1958737000.0
6,BBBY,MRY,2015-12-31,2015-02-28,2015-02-28,2021-09-30,-42313000.0,6758993000.0,6872854000.0,4083603000.0,2675390000.0,1.729,14.696,-330637000.0,875574000.0,875574000.0,7261397000.0,957474000.0,2.102,1.464,1500000000.0,0.0,1500000000.0,1500000000.0,0.0,239193000.0,0.0,0.0,0.0,1554293000.0,1793486000.0,0.151,1793486000.0,1554293000.0,1503835000.0,5.13,5.07,5.13,2743190000.0,3191505750.0,2743190000.0,14313163271.0,9.0,7.981,847852000.0,4.542,1.0,4619779000.0,0.389,486279000.0,50458000.0,4954459000.0,4611979250.0,2731881000.0,207152000.0,109992000.0,97160000.0,4015803000.0,1942681000.0,2073122000.0,13857001271.0,509058000.0,0.0,-2209400000.0,1489908000.0,0.0,-704931000.0,48769000.0,379406000.0,1178489000.0,-13269000.0,957474000.0,957474000.0,957474000.0,0.0,0.0,0.081,3065486000.0,1554293000.0,1156368000.0,0.0,5.051,14.472,14.554,1676700000.0,0.0,74.66,1.166,1.173,0.0,9553376000.0,11881176000.0,11881176000.0,0.0,0.139,0.3,0.337,0.131,51978000.0,3065486000.0,1.0,185601410.0,186659000,188880000.0,63.652,6272714000.0,0.0,546361000.0,156591000.0,33.605,2140922000.0
7,BBBY,MRY,2014-12-31,2014-03-01,2014-03-01,2021-09-30,-13847000.0,6356033000.0,6380285750.0,3788987000.0,2567046000.0,1.803,18.705,-320812000.0,366516000.0,366516000.0,6938381000.0,1022290000.0,2.065,0.613,0.0,0.0,0.0,0.0,0.0,220116000.0,0.0,0.0,0.0,1614587000.0,1834703000.0,0.159,1834703000.0,1614587000.0,1613447000.0,4.85,4.79,4.85,3941287000.0,4025719500.0,3941287000.0,13969661756.0,9.0,7.614,1060914000.0,5.035,1.0,4565582000.0,0.397,486279000.0,1140000.0,3668102000.0,3701590500.0,2578956000.0,576724000.0,489331000.0,87393000.0,2414746000.0,1835136000.0,579610000.0,14440725756.0,-198455000.0,-3436000.0,-1229180000.0,0.0,0.0,-1210054000.0,-363382000.0,-39134000.0,1381726000.0,-6745000.0,1022290000.0,1022290000.0,1022290000.0,0.0,0.0,0.089,2950995000.0,1614587000.0,1104668000.0,0.0,3.664,14.126,13.984,1579804000.0,0.0,67.82,1.255,1.242,0.0,8595902000.0,11503963000.0,11503963000.0,0.0,0.16,0.254,0.436,0.14,37118000.0,2950995000.0,1.0,212927245.0,210710000,213363000.0,54.596,5869754000.0,0.0,591157000.0,152912000.0,27.857,1953851000.0
8,BBBY,MRY,2013-12-31,2013-03-02,2013-03-02,2021-09-30,-4320000.0,6279952000.0,6149650500.0,3867485000.0,2412467000.0,1.775,18.163,-315937000.0,564971000.0,564971000.0,6525830000.0,1037788000.0,2.365,0.539,0.0,0.0,0.0,0.0,0.0,195117000.0,0.0,0.0,0.0,1638218000.0,1833335000.0,0.168,1833335000.0,1638218000.0,1634059000.0,4.62,4.56,4.62,4079730000.0,3962879250.0,4079730000.0,12201637708.0,7.0,6.655,880288000.0,3.919,1.0,4388755000.0,0.402,483518000.0,4159000.0,3596253000.0,3618000500.0,2466214000.0,527258000.0,449933000.0,77325000.0,2200222000.0,1635210000.0,565012000.0,12873899708.0,-438195000.0,-643098000.0,-944903000.0,-25511000.0,0.0,-965393000.0,-667047000.0,331988000.0,1196225000.0,-1980000.0,1037788000.0,1037788000.0,1037788000.0,0.0,0.0,0.095,2750537000.0,1638218000.0,913365000.0,0.0,3.156,12.405,12.323,1466667000.0,0.0,56.93,1.18,1.172,0.0,7573612000.0,10914585000.0,10914585000.0,0.0,0.169,0.262,0.453,0.15,60380000.0,2750537000.0,1.0,226135600.0,224623000,227723000.0,48.591,5796434000.0,0.0,596271000.0,157414000.0,25.805,2232275000.0
9,BBBY,MRY,2012-12-31,2012-02-25,2012-02-25,2021-09-30,-1879000.0,5724546000.0,5786417750.0,4142939000.0,1581607000.0,1.642,16.343,-243374000.0,1003166000.0,1003166000.0,5568957000.0,989537000.0,3.094,0.459,0.0,0.0,0.0,0.0,0.0,183873000.0,0.0,0.0,0.0,1568369000.0,1752242000.0,0.184,1752242000.0,1568369000.0,1569488000.0,4.12,4.06,4.12,3922528000.0,3919965750.0,3922528000.0,13793437470.0,9.0,7.872,981910000.0,4.091,1.0,3930933000.0,0.414,198749000.0,-1119000.0,3183501000.0,3312324250.0,2071890000.0,852174000.0,756389000.0,95785000.0,1802018000.0,1339130000.0,462888000.0,14559187470.0,-180421000.0,0.0,-1046868000.0,0.0,0.0,-1041705000.0,-364000000.0,-120626000.0,1225284000.0,0.0,989537000.0,989537000.0,989537000.0,0.0,0.0,0.104,2362564000.0,1568369000.0,752064000.0,0.0,3.712,14.713,14.648,1198255000.0,0.0,60.35,1.533,1.525,0.0,6535824000.0,9499890000.0,9499890000.0,0.0,0.171,0.252,0.473,0.165,45286000.0,2362564000.0,1.0,241245857.0,240016000,243890000.0,39.58,5525797000.0,0.0,579951000.0,171868000.0,23.023,2803809000.0
10,BBBY,MRY,2011-12-31,2011-02-26,2011-02-26,2021-09-30,5100000.0,5646193000.0,5501844500.0,4073838000.0,1572355000.0,1.592,15.461,-183474000.0,1183587000.0,1183587000.0,5135574000.0,791333000.0,3.081,0.436,0.0,0.0,0.0,0.0,0.0,183820000.0,0.0,0.0,0.0,1288458000.0,1472278000.0,0.168,1472278000.0,1288458000.0,1292978000.0,3.11,3.07,3.11,3931659000.0,3824632750.0,3931659000.0,11348585783.0,9.0,7.708,803933000.0,3.161,1.0,3622929000.0,0.414,0.0,-4520000.0,3140166000.0,3167360500.0,1968907000.0,727054000.0,605608000.0,121446000.0,1714534000.0,1322440000.0,392094000.0,12188918783.0,87487000.0,0.0,-561905000.0,0.0,0.0,-558961000.0,-340959000.0,-157485000.0,987407000.0,0.0,791333000.0,791333000.0,791333000.0,0.0,0.0,0.09,2334471000.0,1288458000.0,709550000.0,0.0,3.1,15.403,15.386,1116297000.0,0.0,47.85,1.392,1.389,0.0,5546287000.0,8758503000.0,8758503000.0,0.0,0.144,0.207,0.407,0.147,40823000.0,2334471000.0,1.0,254731845.0,254297000,258079000.0,34.442,5646193000.0,0.0,501645000.0,212712000.0,22.203,2751398000.0
11,BBBY,MRY,2010-12-31,2010-02-27,2010-02-27,2021-09-30,728000.0,5152130000.0,4830347000.0,3563345000.0,1588785000.0,1.621,14.172,-153680000.0,1096100000.0,1096100000.0,4620674000.0,600033000.0,3.1,0.41,0.0,0.0,0.0,0.0,0.0,184232000.0,0.0,0.0,0.0,985255000.0,1169487000.0,0.149,1169487000.0,985255000.0,985255000.0,2.33,2.3,2.33,3652904000.0,3355648250.0,3652904000.0,10047366037.0,10.0,8.591,751727000.0,2.916,1.0,3208119000.0,0.41,0.0,0.0,2906476000.0,2734099500.0,1759703000.0,564336000.0,431476000.0,132860000.0,1499226000.0,1149554000.0,349672000.0,10902007037.0,427891000.0,0.0,4870000.0,0.0,0.0,11176000.0,-488692000.0,-335012000.0,905407000.0,0.0,600033000.0,600033000.0,600033000.0,0.0,0.0,0.077,2227432000.0,980687000.0,611163000.0,0.0,2.984,18.169,17.858,1119292000.0,0.0,41.61,1.393,1.37,0.0,4754954000.0,7828793000.0,7828793000.0,0.0,0.124,0.179,0.36,0.126,38249000.0,2227432000.0,1.0,262004495.0,257755000,260375000.0,30.373,5152130000.0,0.0,385222000.0,187256000.0,19.988,2413791000.0
12,BBBY,MRY,2009-12-31,2009-02-28,2009-02-28,2021-09-30,-4540000.0,4268843000.0,4145687000.0,2562799000.0,1706044000.0,1.739,11.702,-215859000.0,668209000.0,668209000.0,4335104000.0,425123000.0,2.689,0.423,0.0,0.0,0.0,0.0,0.0,175601000.0,0.0,0.0,0.0,683308000.0,858909000.0,0.119,858909000.0,683308000.0,683308000.0,1.66,1.64,1.66,3000454000.0,2816391000.0,3000454000.0,5298794296.0,8.0,6.169,368111000.0,1.436,1.0,2873236000.0,0.399,0.0,0.0,2647666000.0,2748515000.0,1642339000.0,223134000.0,2000000.0,221134000.0,1268389000.0,952968000.0,315421000.0,5532150296.0,444125000.0,0.0,-30402000.0,0.0,0.0,-26750000.0,-113095000.0,102764000.0,583970000.0,0.0,425123000.0,425123000.0,425123000.0,0.0,0.0,0.059,2199340000.0,673896000.0,514734000.0,0.0,1.844,13.013,12.831,1148435000.0,0.0,21.3,0.767,0.758,0.0,4154921000.0,7208340000.0,7208340000.0,0.0,0.103,0.151,0.249,0.095,42525000.0,2199340000.0,1.0,259725366.0,256410000,258619000.0,28.113,4268843000.0,0.0,258185000.0,113317000.0,16.649,1609831000.0
13,BBBY,MRY,2008-12-31,2008-03-01,2008-03-01,2021-09-30,-1038000.0,3844093000.0,3848589000.0,2079711000.0,1764382000.0,1.832,9.674,-358210000.0,224084000.0,224084000.0,4123711000.0,562808000.0,2.051,0.501,0.0,0.0,0.0,0.0,0.0,157770000.0,0.0,0.0,0.0,865232000.0,1023002000.0,0.145,1023002000.0,865232000.0,865232000.0,2.13,2.1,2.13,2561828000.0,2489231000.0,2561828000.0,7233306631.0,8.0,7.071,256326000.0,0.968,1.0,2925231000.0,0.415,0.0,0.0,2605897000.0,2591047750.0,1616981000.0,326004000.0,0.0,326004000.0,1282265000.0,1014112000.0,268153000.0,7423739631.0,10703000.0,-85893000.0,-711521000.0,0.0,0.0,-705531000.0,101698000.0,545801000.0,614536000.0,0.0,562808000.0,562808000.0,562808000.0,0.0,0.0,0.08,2087209000.0,838022000.0,570605000.0,0.0,2.898,13.191,13.305,1121906000.0,0.0,28.34,1.053,1.065,0.0,3729766000.0,7048942000.0,7048942000.0,0.0,0.146,0.226,0.334,0.123,46474000.0,2087209000.0,1.0,261952704.0,264824000,268409000.0,26.617,3844093000.0,0.0,302424000.0,88641000.0,14.516,1065599000.0
14,BBBY,MRY,2007-12-31,2007-03-03,2007-03-03,2021-09-30,4385000.0,3959304000.0,3793937250.0,2698614000.0,1260690000.0,1.744,9.455,-317501000.0,213381000.0,213381000.0,3782027000.0,594244000.0,2.357,0.495,0.0,0.0,0.0,0.0,0.0,132955000.0,0.0,0.0,0.0,932879000.0,1065834000.0,0.161,1065834000.0,932879000.0,932879000.0,2.12,2.09,2.12,2649151000.0,2577786750.0,2649151000.0,10907287923.0,12.0,10.234,296131000.0,1.057,1.0,2835402000.0,0.428,0.0,0.0,2600850000.0,2535506750.0,1505800000.0,877573000.0,774881000.0,102692000.0,1310153000.0,1145073000.0,165080000.0,11207611923.0,-34316000.0,0.0,-257609000.0,0.0,0.0,-250275000.0,-397673000.0,-80172000.0,613632000.0,0.0,594244000.0,594244000.0,594244000.0,0.0,0.0,0.09,1946001000.0,889401000.0,615156000.0,0.0,4.231,18.86,18.656,929507000.0,0.0,39.55,1.694,1.675,0.0,3153856000.0,6617429000.0,6617429000.0,0.0,0.157,0.231,0.368,0.141,59287000.0,1946001000.0,1.0,283378304.0,280199000,284956000.0,23.617,3959304000.0,0.0,338635000.0,140913000.0,14.13,1553541000.0
15,BBBY,MRY,2006-12-31,2006-02-25,2006-02-25,2021-09-30,0.0,3382140000.0,3515133500.0,2071945000.0,1310195000.0,1.653,7.698,-220394000.0,247697000.0,247697000.0,3323814000.0,572847000.0,2.094,0.495,0.0,0.0,0.0,0.0,0.0,111111000.0,0.0,0.0,0.0,915091000.0,1026202000.0,0.177,1026202000.0,915091000.0,915091000.0,1.95,1.92,1.95,2262450000.0,2430830250.0,2262450000.0,10249187898.0,11.0,9.987,440041000.0,1.497,1.0,2485748000.0,0.428,0.0,0.0,2144897000.0,2167949250.0,1301720000.0,797975000.0,404113000.0,393862000.0,1119690000.0,989546000.0,130144000.0,10617799898.0,25589000.0,0.0,-563291000.0,0.0,0.0,-567276000.0,-67570000.0,152824000.0,660435000.0,0.0,572847000.0,572847000.0,572847000.0,0.0,0.0,0.099,1606577000.0,879171000.0,534910000.0,0.0,4.693,18.535,18.318,738742000.0,0.0,35.72,1.828,1.807,0.0,2632224000.0,5809562000.0,5809562000.0,0.0,0.163,0.236,0.422,0.158,46450000.0,1606577000.0,1.0,297250837.0,293899000,298973000.0,19.767,3382140000.0,0.0,342244000.0,92030000.0,11.508,1082399000.0
16,BBBY,MRY,2005-12-31,2005-02-26,2005-02-26,2021-09-30,0.0,3199979000.0,3166431750.0,2097002000.0,1102977000.0,1.626,7.328,-181363000.0,222108000.0,222108000.0,2961377000.0,504964000.0,2.4,0.452,0.0,0.0,0.0,0.0,0.0,97491000.0,0.0,0.0,0.0,811187000.0,908678000.0,0.177,908678000.0,811187000.0,811187000.0,1.68,1.65,1.68,2203762000.0,2214516500.0,2203762000.0,10535532788.0,13.0,11.594,425668000.0,1.415,1.0,2186301000.0,0.425,0.0,0.0,2104278000.0,1566754250.0,1152028000.0,953548000.0,629339000.0,324209000.0,996217000.0,873593000.0,122624000.0,11317454788.0,-72392000.0,0.0,-319071000.0,0.0,0.0,-325738000.0,-353685000.0,-172322000.0,607031000.0,0.0,504964000.0,504964000.0,504964000.0,0.0,0.0,0.098,1393887000.0,792414000.0,450525000.0,0.0,5.136,22.412,22.262,609631000.0,0.0,37.4,2.199,2.185,0.0,2059377000.0,5147678000.0,5147678000.0,0.0,0.159,0.228,0.518,0.158,27049000.0,1393887000.0,1.0,302605743.0,300743000,306642000.0,17.117,3199979000.0,0.0,306223000.0,81364000.0,10.64,1223409000.0
17,BBBY,MRY,2004-12-31,2004-02-28,2004-02-28,2021-09-30,0.0,2865023000.0,2610750000.0,1969286000.0,895737000.0,1.715,6.706,-109003000.0,294500000.0,294500000.0,2601317000.0,399470000.0,2.559,0.439,0.0,0.0,0.0,0.0,0.0,84645000.0,0.0,0.0,0.0,649545000.0,734190000.0,0.164,734190000.0,649545000.0,649545000.0,1.35,1.31,1.35,1990820000.0,1741970250.0,1990820000.0,11592531850.0,18.0,15.79,435443000.0,1.467,1.0,1876664000.0,0.419,147269000.0,0.0,1653720000.0,1160040750.0,1012334000.0,782883000.0,572095000.0,210788000.0,874203000.0,769534000.0,104669000.0,12212862850.0,-85409000.0,-175487000.0,74597000.0,-21215000.0,0.0,53382000.0,-683237000.0,-398747000.0,544446000.0,0.0,399470000.0,399470000.0,399470000.0,0.0,0.0,0.089,1237321000.0,639343000.0,398650000.0,0.0,6.135,30.573,30.319,516164000.0,0.0,40.93,2.727,2.713,0.0,1554413000.0,4477981000.0,4477981000.0,0.0,0.153,0.229,0.56,0.145,64832000.0,1237321000.0,1.0,298384140.0,296854000,304690000.0,15.085,2717754000.0,0.0,250075000.0,33845000.0,9.155,1199752000.0
18,BBBY,MRY,2003-12-31,2003-03-01,2003-03-01,2021-09-30,0.0,2188842000.0,1996496750.0,1594391000.0,594451000.0,1.836,4.957,-135254000.0,515670000.0,515670000.0,2146617000.0,302179000.0,2.344,0.508,0.0,0.0,0.0,0.0,0.0,74825000.0,0.0,0.0,0.0,491348000.0,566173000.0,0.154,566173000.0,491348000.0,491348000.0,1.03,1.0,1.03,1451921000.0,1295097750.0,1451921000.0,9422107032.0,19.0,16.642,284063000.0,0.97,1.0,1518547000.0,0.414,15556000.0,0.0,977445000.0,960133750.0,915671000.0,248932000.0,100927000.0,148005000.0,736921000.0,680171000.0,56750000.0,9715138032.0,-49587000.0,-24097000.0,24216000.0,0.0,0.0,24216000.0,-493120000.0,-333769000.0,419317000.0,0.0,302179000.0,302179000.0,302179000.0,0.0,0.0,0.082,1038490000.0,480057000.0,362965000.0,0.0,6.691,32.15,32.078,423907000.0,0.0,33.04,2.651,2.641,0.0,1154943000.0,3665164000.0,3665164000.0,0.0,0.151,0.233,0.512,0.134,31176000.0,1038490000.0,1.0,294041708.0,292927000,301147000.0,12.512,2173286000.0,0.0,189169000.0,71008000.0,7.419,914220000.0
19,BBBY,MRY,2002-12-31,2002-03-02,2002-03-02,2021-09-30,0.0,1647517000.0,1504809750.0,1226717000.0,420800000.0,1.946,3.775,-121632000.0,429496000.0,429496000.0,1720396000.0,219599000.0,2.399,0.505,0.0,0.0,0.0,0.0,0.0,62547000.0,0.0,0.0,0.0,357072000.0,419619000.0,0.143,419619000.0,357072000.0,357072000.0,0.76,0.74,0.76,1094350000.0,972457500.0,1094350000.0,9596763027.0,27.0,22.87,216324000.0,0.746,1.0,1207566000.0,0.412,0.0,0.0,706743000.0,664349000.0,753972000.0,51909000.0,0.0,51909000.0,553167000.0,511278000.0,41889000.0,9918095027.0,190168000.0,0.0,25753000.0,0.0,0.0,25753000.0,-173541000.0,-51909000.0,337956000.0,0.0,219599000.0,219599000.0,219599000.0,0.0,0.0,0.075,861466000.0,346100000.0,270917000.0,0.0,9.063,45.165,44.934,361741000.0,0.0,34.15,3.387,3.381,0.0,852764000.0,2927962000.0,2927962000.0,0.0,0.146,0.226,0.537,0.122,31980000.0,861466000.0,1.0,290427380.0,289877000,298667000.0,10.101,1647517000.0,0.0,137473000.0,49438000.0,5.684,715439000.0
20,BBBY,MRY,2001-12-31,2001-03-03,2001-03-03,2021-09-30,0.0,1195725000.0,1088587750.0,885713000.0,310012000.0,2.202,2.878,-140395000.0,239328000.0,239328000.0,1410196000.0,171922000.0,2.508,0.464,0.0,0.0,0.0,0.0,0.0,46650000.0,0.0,0.0,0.0,281839000.0,328489000.0,0.137,328489000.0,281839000.0,281839000.0,0.61,0.59,0.61,817018000.0,697920750.0,817018000.0,6914188630.0,25.0,21.048,57541000.0,0.203,1.0,986459000.0,0.412,0.0,0.0,603208000.0,554444750.0,606704000.0,0.0,0.0,0.0,378707000.0,353189000.0,25518000.0,7055049630.0,95297000.0,0.0,37756000.0,0.0,0.0,37756000.0,-140395000.0,0.0,197936000.0,0.0,171922000.0,171922000.0,171922000.0,0.0,0.0,0.072,713621000.0,272838000.0,192401000.0,0.0,8.635,41.036,40.475,302656000.0,0.0,24.69,2.944,2.925,0.0,633165000.0,2396655000.0,2396655000.0,0.0,0.158,0.246,0.508,0.118,48295000.0,713621000.0,1.0,285745226.0,283925000,292876000.0,8.441,1195725000.0,0.0,109917000.0,31988000.0,4.211,532524000.0
21,BBBY,MRY,2000-12-31,2000-02-26,2000-02-26,2021-09-30,0.0,865800000.0,808974500.0,647368000.0,218432000.0,2.296,1.997,-90098000.0,144031000.0,144031000.0,1090704000.0,131229000.0,2.257,0.549,0.0,0.0,0.0,0.0,0.0,31625000.0,0.0,0.0,0.0,215130000.0,246755000.0,0.133,246755000.0,215130000.0,215130000.0,0.47,0.46,0.47,559045000.0,492823000.0,559045000.0,3252120448.0,15.0,13.18,45838000.0,0.164,1.0,766801000.0,0.413,0.0,0.0,434986000.0,384882500.0,470433000.0,0.0,0.0,0.0,306755000.0,286783000.0,19972000.0,3359755448.0,53635000.0,0.0,7797000.0,0.0,0.0,7797000.0,-90098000.0,0.0,135936000.0,0.0,131229000.0,131229000.0,131229000.0,0.0,0.0,0.071,557461000.0,209340000.0,145114000.0,0.0,6.01,25.602,25.468,208911000.0,0.0,11.97,1.809,1.804,0.0,461243000.0,1857505000.0,1857505000.0,0.0,0.162,0.266,0.559,0.116,8932000.0,557461000.0,1.0,280681324.0,279930000,288234000.0,6.636,865800000.0,0.0,83901000.0,33590000.0,3.093,360585000.0
22,BBBY,MRY,1999-12-31,1999-02-27,1999-02-27,2021-09-30,0.0,633148000.0,588992750.0,473262000.0,159886000.0,2.347,1.48,-62274000.0,90396000.0,90396000.0,806220000.0,97346000.0,2.301,0.54,0.0,0.0,0.0,0.0,0.0,23217000.0,0.0,0.0,0.0,161569000.0,184786000.0,0.134,184786000.0,161569000.0,161569000.0,0.35,0.34,0.35,411087000.0,360325000.0,411087000.0,4023531591.0,25.0,21.774,30318000.0,0.109,1.0,576125000.0,0.417,0.0,0.0,337047000.0,304974750.0,360337000.0,0.0,0.0,0.0,222061000.0,205705000.0,16356000.0,4098081591.0,37116000.0,0.0,6798000.0,0.0,0.0,6798000.0,-62274000.0,0.0,92592000.0,0.0,97346000.0,97346000.0,97346000.0,0.0,0.0,0.07,418073000.0,158052000.0,99370000.0,0.0,9.969,42.098,42.057,150438000.0,0.0,14.72,2.965,2.957,0.0,330014000.0,1382345000.0,1382345000.0,0.0,0.165,0.27,0.53,0.117,11546000.0,418073000.0,1.0,278402282.0,277684000,286472000.0,4.978,633148000.0,0.0,64223000.0,16610000.0,2.28,267557000.0
23,BBBY,MRY,1998-12-31,1998-02-28,1998-02-28,2021-09-30,0.0,458330000.0,436752500.0,325960000.0,132370000.0,2.442,1.073,-41287000.0,53280000.0,53280000.0,625596000.0,73142000.0,2.168,0.552,0.0,0.0,0.0,0.0,0.0,18238000.0,0.0,0.0,0.0,121398000.0,139636000.0,0.131,139636000.0,121398000.0,121398000.0,0.265,0.255,0.265,295397000.0,259285250.0,295397000.0,2937730443.0,24.0,21.038,11059000.0,0.04,1.0,441016000.0,0.413,0.0,0.0,254707000.0,224249750.0,270357000.0,0.0,0.0,0.0,162933000.0,150343000.0,12590000.0,2978128443.0,14515000.0,0.0,3456000.0,0.0,0.0,3456000.0,-41287000.0,0.0,52346000.0,0.0,73142000.0,73142000.0,73142000.0,0.0,0.0,0.069,322102000.0,118914000.0,64718000.0,0.0,10.082,40.717,40.745,111381000.0,0.0,10.797,2.792,2.787,0.0,232668000.0,1066612000.0,1066612000.0,0.0,0.167,0.282,0.541,0.114,4438000.0,322102000.0,1.0,275816480.0,275330000,284724000.0,3.874,458330000.0,0.0,48256000.0,12015000.0,1.665,175617000.0
24,BBBY,MRY,1997-12-31,1997-03-01,1997-03-01,2021-09-30,0.0,329925000.0,282867500.0,227555000.0,102370000.0,2.91,0.783,-35136000.0,38765000.0,38765000.0,482010000.0,55015000.0,2.149,0.539,0.0,0.0,0.0,0.0,0.0,13439000.0,0.0,0.0,0.0,91311000.0,104750000.0,0.127,104750000.0,91311000.0,91311000.0,0.2,0.195,0.2,214361000.0,182903500.0,214361000.0,1767512028.0,19.0,16.874,25598000.0,0.094,1.0,341168000.0,0.414,0.0,0.0,185284000.0,171637000.0,187185000.0,0.0,0.0,0.0,115564000.0,105876000.0,9688000.0,1781158028.0,28498000.0,0.0,7900000.0,-5000000.0,0.0,2900000.0,-35136000.0,0.0,60734000.0,0.0,55015000.0,55015000.0,55015000.0,0.0,0.0,0.067,250561000.0,90607000.0,47821000.0,0.0,8.309,32.376,32.5,88332000.0,0.0,6.5,2.164,2.161,0.0,159526000.0,823178000.0,823178000.0,0.0,0.194,0.301,0.532,0.111,0.0,250561000.0,1.0,274024312.0,273634824,282259924.0,3.008,329925000.0,0.0,36296000.0,10132000.0,1.206,121679000.0
25,BBBY,MRY,1996-12-31,1996-02-25,1996-02-25,2021-09-30,0.0,235810000.0,,160280000.0,75530000.0,,0.558,-24528000.0,10267000.0,10267000.0,351216000.0,39459000.0,2.209,0.557,5000000.0,0.0,5000000.0,5000000.0,0.0,9902000.0,0.0,0.0,0.0,67585000.0,77487000.0,0.129,77487000.0,67585000.0,66880000.0,0.145,0.142,0.145,151446000.0,,151446000.0,,,,12556000.0,0.046,1.0,250036000.0,0.416,0.0,705000.0,157990000.0,,148383000.0,0.0,0.0,0.0,84364000.0,72553000.0,11811000.0,,3804000.0,0.0,3048000.0,-11800000.0,0.0,-8752000.0,-24528000.0,0.0,37084000.0,0.0,39459000.0,39459000.0,39459000.0,0.0,0.0,0.066,182451000.0,67585000.0,39025000.0,0.0,,,36.853,66635000.0,0.0,5.344,,2.413,0.0,104511000.0,601252000.0,601252000.0,0.0,,,,0.112,0.0,182451000.0,1.0,,271519116,277549080.0,2.214,235810000.0,0.0,27421000.0,6581000.0,0.868,87727000.0
26,BBBY,MRY,1995-12-31,1995-02-26,1995-02-26,2021-09-30,,,,,,,,-24523000.0,,,256442000.0,30013000.0,,,,,,,,7193000.0,,0.0,0.0,51685000.0,58878000.0,0.134,58878000.0,51685000.0,50869000.0,0.107,,0.107,,,,,,,-1330000.0,-0.005,1.0,183819000.0,0.418,,816000.0,,,,,,,,,,,3791000.0,0.0,1621000.0,3500000.0,0.0,5121000.0,-24523000.0,0.0,23193000.0,0.0,30013000.0,30013000.0,30013000.0,0.0,0.0,0.068,132134000.0,51685000.0,,0.0,,,30.958,,0.0,3.312,,2.081,,,440261000.0,440261000.0,0.0,,,,0.117,0.0,132134000.0,1.0,,276555064,,1.592,,,20856000.0,,,
0,BBBY,MRQ,2021-09-30,2021-08-28,2021-08-28,2021-09-30,-53279000.0,6067523000.0,,3101369000.0,2966154000.0,,9.164,-70954000.0,970592000.0,970592000.0,1383627000.0,-73215000.0,1.431,5.495,3139347000.0,349847000.0,2789500000.0,3139347000.0,0.0,70112000.0,0.0,0.0,0.0,-84225000.0,-14113000.0,-0.007,-14113000.0,-84225000.0,-100346000.0,-0.72,-0.72,-0.72,934234000.0,,934234000.0,4922705617.0,-16.0,651.065,3825000.0,0.038,1.0,601069000.0,0.303,0.0,16121000.0,6069512000.0,,1590669000.0,49458000.0,29999000.0,19459000.0,5133289000.0,2166766000.0,2966523000.0,2960868617.0,-108824000.0,0.0,-101316000.0,-3182000.0,-80000.0,-108021000.0,-70954000.0,0.0,74779000.0,-4628000.0,-73215000.0,-73215000.0,-73215000.0,0.0,0.0,-0.037,685051000.0,-83982000.0,991502000.0,0.0,3.169,-15.545,-16.097,2587083000.0,0.0,28.33,0.323,0.315,0.0,10101522000.0,1984696000.0,1984696000.0,0.0,,,,,10075000.0,652972000.0,1.0,104513541.0,101951000,101951000.0,19.467,6067523000.0,0.0,-27131000.0,102192000.0,59.514,934603000.0
1,BBBY,MRQ,2021-06-30,2021-05-29,2021-05-29,2021-09-30,-44820000.0,6053289000.0,,3206859000.0,2846430000.0,,10.366,-73521000.0,1097267000.0,1097267000.0,1320118000.0,-50874000.0,1.562,4.469,3059104000.0,347365000.0,2711739000.0,3059104000.0,0.0,68278000.0,0.0,0.0,0.0,-72137000.0,-3859000.0,-0.002,-3859000.0,-72137000.0,-88137000.0,-0.48,-0.48,-0.48,1106794000.0,,1106794000.0,4761542920.0,37.0,10.476,-102262000.0,-0.958,1.0,633694000.0,0.324,0.0,16000000.0,5961628000.0,,1563602000.0,49455000.0,29997000.0,19458000.0,4946495000.0,2053498000.0,2892997000.0,3054335920.0,-273570000.0,0.0,-138695000.0,-8173000.0,-560000.0,-147428000.0,-103518000.0,-29997000.0,-28741000.0,6117000.0,-50874000.0,-50874000.0,-50874000.0,0.0,0.0,-0.026,701577000.0,-67883000.0,889883000.0,0.0,2.76,30.348,38.875,2513479000.0,0.0,27.99,0.309,0.303,0.0,10174656000.0,1953812000.0,1953812000.0,0.0,,,,,7918000.0,658762000.0,1.0,109122398.0,106772000,106772000.0,18.299,6053289000.0,0.0,-37263000.0,102905000.0,56.694,1153361000.0
2,BBBY,MRQ,2021-03-31,2021-02-27,2021-02-27,2021-09-30,-55600000.0,6456930000.0,,3620045000.0,2836885000.0,,11.098,-65761000.0,1352984000.0,1352984000.0,1793653000.0,9059000.0,1.577,4.057,3060191000.0,360061000.0,2700130000.0,3060191000.0,0.0,78328000.0,0.0,0.006,0.0,-23652000.0,54676000.0,0.021,54676000.0,-23652000.0,-42218000.0,0.05,0.05,0.05,1276936000.0,,1276936000.0,4906185487.0,-19.0,60.523,9945000.0,0.086,1.0,825488000.0,0.315,0.0,18566000.0,5869216000.0,,1671909000.0,19545000.0,0.0,19545000.0,5179994000.0,2294921000.0,2885073000.0,3255827487.0,-86983000.0,51748000.0,-150378000.0,0.0,-45000.0,-150423000.0,-14013000.0,0.0,75706000.0,1747000.0,9059000.0,9059000.0,9059000.0,0.0,0.0,0.003,773521000.0,51967000.0,986045000.0,0.0,2.55,-21.594,-21.661,2505519000.0,0.0,26.86,0.353,0.353,0.0,10225253000.0,2619141000.0,2619141000.0,0.0,,,,,8530000.0,762998000.0,1.0,121214724.0,115056000,115056000.0,22.764,6456930000.0,0.0,-51277000.0,102664000.0,56.12,1325124000.0
3,BBBY,MRQ,2020-12-31,2020-11-28,2020-11-28,2021-09-30,-64735000.0,6991610000.0,,3964541000.0,3027069000.0,,11.392,-37995000.0,1462612000.0,1462612000.0,1661905000.0,-75441000.0,1.464,3.994,3112970000.0,390875000.0,2722095000.0,3112970000.0,0.0,93706000.0,0.0,0.016,0.0,-122849000.0,-29143000.0,-0.011,-29143000.0,-122849000.0,-140654000.0,-0.61,-0.61,-0.61,1399959000.0,,1399959000.0,4759752174.0,-15.0,146.135,5549000.0,0.045,1.0,956567000.0,0.365,0.0,17805000.0,5933513000.0,,1780891000.0,19847000.0,0.0,19847000.0,5591651000.0,2708455000.0,2883196000.0,2746979174.0,13305000.0,237927000.0,-226667000.0,0.0,-93000.0,-226760000.0,199932000.0,0.0,43544000.0,1404000.0,-75441000.0,-75441000.0,-75441000.0,0.0,0.0,-0.029,965507000.0,-8940000.0,865418000.0,0.0,1.962,-12.195,-11.913,2521220000.0,0.0,21.8,0.283,0.276,0.0,10215743000.0,2618472000.0,2618472000.0,0.0,,,,,7184000.0,890740000.0,1.0,126008219.0,122885000,122885000.0,21.308,6991610000.0,0.0,-65213000.0,38034000.0,56.896,1256086000.0
4,BBBY,MRQ,2020-09-30,2020-08-29,2020-08-29,2021-09-30,-62099000.0,7439100000.0,,3743558000.0,3695542000.0,,13.669,-36970000.0,1441845000.0,1441845000.0,1700431000.0,217900000.0,1.496,3.384,3454618000.0,464946000.0,2989672000.0,3454618000.0,0.0,85277000.0,0.0,0.042,0.0,347581000.0,432858000.0,0.161,432858000.0,347581000.0,324210000.0,1.76,1.75,1.76,1697008000.0,,1697008000.0,4468100228.0,-20.0,37.514,506512000.0,4.08,1.0,987537000.0,0.367,0.0,23371000.0,6949334000.0,,2052041000.0,19893000.0,0.0,19893000.0,5742092000.0,2502539000.0,3239553000.0,1526424228.0,318388000.0,244782000.0,-497000.0,-457827000.0,-1778000.0,-467792000.0,237312000.0,29500000.0,543482000.0,5386000.0,217900000.0,217900000.0,217900000.0,0.0,0.0,0.081,906522000.0,81015000.0,1028730000.0,0.0,0.899,-8.104,-7.899,3209686000.0,0.0,12.085,0.155,0.152,0.0,10290896000.0,2687968000.0,2687968000.0,0.0,,,,,8178000.0,850218000.0,1.0,126307342.0,124146000,124211000.0,21.652,7439100000.0,0.0,106310000.0,43660000.0,59.922,1241019000.0
5,BBBY,MRQ,2020-06-30,2020-05-30,2020-05-30,2021-09-30,-71817000.0,7694347000.0,,3816234000.0,3878113000.0,,11.812,-42351000.0,1120974000.0,1120974000.0,958958000.0,-302291000.0,1.549,4.266,4062650000.0,545547000.0,3517103000.0,4062650000.0,0.0,83601000.0,0.0,0.094,0.17,-460929000.0,-377328000.0,-0.289,-377328000.0,-460929000.0,-478100000.0,-2.44,-2.44,-2.44,1461090000.0,,1461090000.0,3689888761.0,-5.0,-8.965,-436975000.0,-3.533,1.0,348489000.0,0.267,0.0,17171000.0,8171986000.0,,2240449000.0,49413000.0,29485000.0,19928000.0,6233257000.0,2464037000.0,3769220000.0,920040761.0,129234000.0,0.0,-2537000.0,236400000.0,-21192000.0,212671000.0,314649000.0,357000000.0,-394624000.0,-3462000.0,-302291000.0,-302291000.0,-302291000.0,0.0,0.0,-0.231,809418000.0,-460929000.0,954745000.0,-0.07,0.63,-1.688,-1.649,3265490000.0,0.0,7.27,0.093,0.091,0.0,10072535000.0,1307447000.0,1307447000.0,0.0,,,,,7702000.0,724157000.0,1.0,126553062.0,123697000,123697000.0,10.57,7694347000.0,0.0,-175809000.0,48119000.0,62.203,1352197000.0
6,BBBY,MRQ,2020-03-31,2020-02-29,2020-02-29,2021-09-30,-64909000.0,7790515000.0,,3826285000.0,3964230000.0,,14.309,-89049000.0,1000340000.0,1000340000.0,2093166000.0,-65414000.0,1.551,3.414,3770188000.0,463005000.0,3307183000.0,3770188000.0,0.0,87390000.0,0.0,0.062,0.17,-81206000.0,6184000.0,0.002,6184000.0,-81206000.0,-96576000.0,-0.54,-0.54,-0.54,1764935000.0,,1764935000.0,4170368605.0,-6.0,-11.664,244765000.0,1.984,1.0,1013656000.0,0.326,0.0,15370000.0,8093837000.0,,2093869000.0,406022000.0,385642000.0,20380000.0,6025580000.0,2466526000.0,3559054000.0,1372444605.0,105078000.0,0.0,1768000.0,0.0,-21142000.0,-19374000.0,-208272000.0,-119223000.0,333814000.0,-1090000.0,-65414000.0,-65414000.0,-65414000.0,0.0,0.0,-0.021,1094862000.0,-81206000.0,944194000.0,-0.315,0.778,-2.236,-2.188,3437570000.0,0.0,10.81,0.123,0.12,0.0,10374826000.0,3106822000.0,3106822000.0,0.0,,,,,9564000.0,1027041000.0,1.0,126960648.0,123344000,123344000.0,25.188,7790515000.0,0.0,-31162000.0,46945000.0,63.161,1359759000.0
7,BBBY,MRQ,2019-12-31,2019-11-30,2019-11-30,2021-09-30,-56368000.0,8011988000.0,,3804440000.0,4207548000.0,,15.014,-63142000.0,900077000.0,900077000.0,1845485000.0,-38552000.0,1.41,3.335,3698001000.0,459364000.0,3238637000.0,3698001000.0,0.0,87149000.0,0.0,0.045,0.17,-29758000.0,57391000.0,0.021,57391000.0,-29758000.0,-46937000.0,-0.31,-0.31,-0.31,1848205000.0,,1848205000.0,4618991849.0,-5.0,-8.13,-61918000.0,-0.503,1.0,913837000.0,0.331,0.0,17179000.0,8111869000.0,,2543247000.0,20103000.0,0.0,20103000.0,6163783000.0,2698043000.0,3465740000.0,1845332849.0,-83770000.0,0.0,-1165000.0,0.0,-20967000.0,-22132000.0,-63142000.0,0.0,1224000.0,280000.0,-38552000.0,-38552000.0,-38552000.0,0.0,0.0,-0.014,943595000.0,-29758000.0,1210274000.0,-0.548,0.998,-2.3,-2.344,3696551000.0,0.0,14.58,0.162,0.158,0.0,10460810000.0,2759322000.0,2759322000.0,0.0,,,,,4702000.0,931814000.0,1.0,126566039.0,123099000,123099000.0,22.415,8011988000.0,0.0,-8385000.0,41856000.0,65.086,1106397000.0
8,BBBY,MRQ,2019-09-30,2019-08-31,2019-08-31,2021-09-30,-57921000.0,7916378000.0,,3620151000.0,4296227000.0,,15.433,-56835000.0,983847000.0,983847000.0,1992459000.0,-138765000.0,1.456,3.158,3757506000.0,456324000.0,3301182000.0,3757506000.0,0.0,84430000.0,0.0,0.067,0.17,-182258000.0,-97828000.0,-0.036,-97828000.0,-182258000.0,-198600000.0,-1.12,-1.12,-1.12,1903703000.0,,1903703000.0,4208732317.0,-5.0,-8.568,108981000.0,0.884,1.0,726988000.0,0.267,0.0,16342000.0,8202927000.0,,2334936000.0,20520000.0,0.0,20520000.0,6012675000.0,2487110000.0,3525565000.0,1235572317.0,274958000.0,0.0,-16472000.0,0.0,-21479000.0,-37951000.0,145165000.0,202000000.0,165816000.0,1928000.0,-138765000.0,-138765000.0,-138765000.0,0.0,0.0,-0.051,909246000.0,-182258000.0,1073895000.0,-0.152,0.649,-1.671,-1.688,3785348000.0,0.0,9.67,0.106,0.103,0.0,10521658000.0,2719447000.0,2719447000.0,0.0,,,,,12062000.0,880889000.0,1.0,127773766.0,123349000,123349000.0,22.047,7916378000.0,0.0,-59835000.0,41683000.0,64.179,1133041000.0
9,BBBY,MRQ,2019-06-30,2019-06-01,2019-06-01,2021-09-30,-61777000.0,7988195000.0,,3697092000.0,4291103000.0,,16.158,-68375000.0,700389000.0,700389000.0,1685810000.0,-371085000.0,1.521,2.874,3673549000.0,410417000.0,3263132000.0,3673549000.0,0.0,83542000.0,0.0,0.05,0.16,-406842000.0,-323300000.0,-0.126,-323300000.0,-406842000.0,-422740000.0,-2.91,-2.91,-2.91,2061994000.0,,2061994000.0,2655175824.0,-5.0,-11.424,21712000.0,0.17,1.0,887179000.0,0.345,0.0,15898000.0,8530273000.0,,2540852000.0,222341000.0,201664000.0,20677000.0,5926201000.0,2431082000.0,3495119000.0,1676212824.0,202228000.0,0.0,-81495000.0,0.0,-21894000.0,-103389000.0,217625000.0,286000000.0,90087000.0,-2095000.0,-371085000.0,-371085000.0,-371085000.0,0.0,0.0,-0.144,1294021000.0,-406842000.0,1066282000.0,-0.055,0.813,-3.037,-2.986,3813642000.0,0.0,12.69,0.141,0.137,0.0,10679515000.0,2572989000.0,2572989000.0,0.0,,,,,19348000.0,892754000.0,1.0,132089269.0,127614000,127614000.0,20.162,7988195000.0,0.0,-51655000.0,68954000.0,62.597,1266010000.0
10,BBBY,MRQ,2019-03-31,2019-03-02,2019-03-02,2021-09-30,-58610000.0,6570541000.0,,3909972000.0,2660569000.0,,19.403,-68876000.0,508971000.0,508971000.0,2161020000.0,-253793000.0,1.882,1.566,1487934000.0,0.0,1487934000.0,1487934000.0,0.0,92343000.0,0.0,0.038,0.16,-296735000.0,-204392000.0,-0.062,-204392000.0,-296735000.0,-312175000.0,-1.88,-1.88,-1.88,2560331000.0,,2560331000.0,3024329241.0,-35.0,12.016,183967000.0,1.394,1.0,1146861000.0,0.347,391052000.0,15440000.0,5080820000.0,,2618922000.0,505809000.0,485799000.0,20010000.0,4010210000.0,2077632000.0,1932578000.0,2294415241.0,-253542000.0,0.0,-77615000.0,-4224000.0,-21410000.0,-103249000.0,-403075000.0,-334199000.0,252843000.0,-61000.0,-253793000.0,-253793000.0,-253793000.0,0.0,0.0,-0.077,1443596000.0,-296735000.0,1094078000.0,-0.085,0.896,-16.72,-16.363,1853091000.0,0.0,16.69,0.191,0.186,0.0,11112887000.0,3307881000.0,3307881000.0,0.0,,,,,9246000.0,933691000.0,1.0,137472453.0,131958000,130893000.0,25.068,6179489000.0,0.0,-58382000.0,69733000.0,46.829,1832340000.0
11,BBBY,MRQ,2018-12-31,2018-12-01,2018-12-01,2021-09-30,-59422000.0,7536744000.0,,4480613000.0,3056131000.0,,21.697,-63766000.0,762513000.0,762513000.0,2028521000.0,24354000.0,1.672,1.596,1492427000.0,0.0,1492427000.0,1492427000.0,0.0,84814000.0,0.0,0.048,0.16,49513000.0,134327000.0,0.044,134327000.0,49513000.0,26822000.0,0.18,0.18,0.18,2903275000.0,,2903275000.0,2401115792.0,4.0,2.732,-37347000.0,-0.279,1.0,1003710000.0,0.331,716283000.0,22691000.0,4871347000.0,,3005548000.0,258084000.0,238267000.0,19817000.0,4633469000.0,2679028000.0,1954441000.0,1778102792.0,-106784000.0,0.0,-7718000.0,0.0,-21476000.0,-29194000.0,-101566000.0,-37800000.0,26419000.0,-2443000.0,24354000.0,24354000.0,24354000.0,0.0,0.0,0.008,954197000.0,49513000.0,1554353000.0,0.889,0.612,5.724,5.699,1866086000.0,0.0,12.88,0.143,0.139,0.0,11388910000.0,3032231000.0,3032231000.0,0.0,,,,,12225000.0,954197000.0,1.0,138051459.0,133811000,133998000.0,22.661,6820461000.0,0.0,2468000.0,54061000.0,50.971,1801585000.0
12,BBBY,MRQ,2018-09-30,2018-09-01,2018-09-01,2021-09-30,-53150000.0,7319863000.0,,4276144000.0,3043719000.0,,21.434,-83728000.0,869297000.0,869297000.0,1946457000.0,48639000.0,1.75,1.522,1492310000.0,0.0,1492310000.0,1492310000.0,0.0,82090000.0,0.0,0.034,0.16,78858000.0,160948000.0,0.055,160948000.0,78858000.0,64247000.0,0.36,0.36,0.36,2902408000.0,,2902408000.0,3327498230.0,5.0,3.571,310294000.0,2.292,1.0,988561000.0,0.337,716283000.0,14611000.0,4782576000.0,,2813588000.0,225658000.0,205916000.0,19742000.0,4417455000.0,2444017000.0,1973438000.0,2513950230.0,190651000.0,0.0,-40630000.0,0.0,-21987000.0,-62617000.0,-139728000.0,-56000000.0,394022000.0,-1026000.0,48639000.0,48639000.0,48639000.0,0.0,0.0,0.017,909703000.0,78858000.0,1366161000.0,0.444,0.866,7.233,7.119,1881957000.0,0.0,17.94,0.203,0.197,0.0,11386561000.0,2935018000.0,2935018000.0,0.0,,,,,13471000.0,909703000.0,1.0,140131005.0,135410000,135675000.0,21.675,6603580000.0,0.0,15608000.0,54010000.0,48.767,1832127000.0
13,BBBY,MRQ,2018-06-30,2018-06-02,2018-06-02,2021-09-30,-51975000.0,7013746000.0,,3956381000.0,3057365000.0,,21.356,-97813000.0,678646000.0,678646000.0,1788819000.0,43576000.0,1.859,1.415,1492194000.0,0.0,1492194000.0,1492194000.0,0.0,79578000.0,0.0,0.034,0.15,81229000.0,160807000.0,0.058,160807000.0,81229000.0,64497000.0,0.32,0.32,0.32,2904179000.0,,2904179000.0,3647688426.0,5.0,3.6,147181000.0,1.082,1.0,964848000.0,0.35,716283000.0,16732000.0,4982944000.0,,2646263000.0,168270000.0,148313000.0,19957000.0,4109567000.0,2128067000.0,1981500000.0,2501750426.0,332506000.0,0.0,-22110000.0,0.0,-21414000.0,-43524000.0,134687000.0,232500000.0,244994000.0,-3651000.0,43576000.0,43576000.0,43576000.0,0.0,0.0,0.016,883619000.0,81229000.0,1082943000.0,0.469,0.861,6.363,6.3,1893230000.0,0.0,17.83,0.202,0.196,0.0,11360572000.0,2753667000.0,2753667000.0,0.0,,,,,23572000.0,883619000.0,1.0,140311297.0,135987000,136601000.0,20.249,6297463000.0,0.0,20921000.0,57507000.0,46.309,1828314000.0
14,BBBY,MRQ,2018-03-31,2018-03-03,2018-03-03,2021-09-30,-48296000.0,7040806000.0,,3971078000.0,3069728000.0,,21.033,-111830000.0,346140000.0,346140000.0,2382984000.0,194044000.0,1.834,1.437,1492078000.0,0.0,1492078000.0,1492078000.0,0.0,85700000.0,0.0,0.026,0.15,337103000.0,422803000.0,0.114,422803000.0,337103000.0,320809000.0,1.4,1.4,1.4,2888628000.0,,2888628000.0,4147719966.0,5.0,3.86,256017000.0,1.864,1.0,1333280000.0,0.359,716283000.0,16294000.0,5304776000.0,,2730874000.0,397556000.0,378039000.0,19517000.0,4152178000.0,2165685000.0,1986493000.0,3108870966.0,-106963000.0,-22000.0,-45004000.0,430000.0,-20819000.0,-65827000.0,-404352000.0,-292500000.0,367847000.0,-4631000.0,194044000.0,194044000.0,194044000.0,0.0,0.0,0.052,996177000.0,337103000.0,1197504000.0,0.107,1.076,7.317,7.157,1909289000.0,0.0,21.83,0.252,0.246,0.0,11343503000.0,3716264000.0,3716264000.0,0.0,,,,,17677000.0,996177000.0,1.0,142412779.0,137336000,137813000.0,27.06,6324523000.0,0.0,126765000.0,62823000.0,46.051,1805393000.0
15,BBBY,MRQ,2017-12-31,2017-11-25,2017-11-25,2021-09-30,-41255000.0,7188878000.0,,3940491000.0,3248387000.0,,19.859,-87008000.0,453103000.0,453103000.0,1913478000.0,61301000.0,1.669,1.615,1491952000.0,0.0,1491952000.0,1491952000.0,0.0,78910000.0,0.0,0.027,0.15,108360000.0,187270000.0,0.063,187270000.0,108360000.0,94739000.0,0.44,0.44,0.44,2748846000.0,,2748846000.0,3987144919.0,5.0,3.445,40133000.0,0.29,1.0,1041061000.0,0.352,716283000.0,13621000.0,5150377000.0,,3199669000.0,107709000.0,0.0,107709000.0,4440032000.0,2361067000.0,2078965000.0,2959370919.0,-10959000.0,-890000.0,-23562000.0,-430000.0,-20817000.0,-44809000.0,-87898000.0,0.0,127141000.0,-5393000.0,61301000.0,61301000.0,61301000.0,0.0,0.0,0.021,932701000.0,108360000.0,1455355000.0,0.341,1.077,5.924,5.954,1840959000.0,0.0,20.66,0.243,0.235,0.0,11170287000.0,2954539000.0,2954539000.0,0.0,,,,,15929000.0,932701000.0,1.0,143241574.0,138418000,138790000.0,21.345,6472595000.0,0.0,33438000.0,66061000.0,46.761,1579424000.0
16,BBBY,MRQ,2017-09-30,2017-08-26,2017-08-26,2021-09-30,-35638000.0,6782659000.0,,3530364000.0,3252295000.0,,19.459,-96195000.0,464062000.0,464062000.0,1867798000.0,94230000.0,1.775,1.492,1491836000.0,0.0,1491836000.0,1491836000.0,0.0,73585000.0,0.0,0.019,0.15,168847000.0,242432000.0,0.083,242432000.0,168847000.0,149681000.0,0.67,0.67,0.67,2721698000.0,,2721698000.0,5066154502.0,5.0,4.036,63872000.0,0.457,1.0,1068559000.0,0.364,707127000.0,19166000.0,5114286000.0,,2878638000.0,99157000.0,0.0,99157000.0,4060961000.0,1989020000.0,2071941000.0,4043755502.0,-5258000.0,-863000.0,-56391000.0,0.0,-21080000.0,-77471000.0,-97058000.0,0.0,160067000.0,9204000.0,94230000.0,94230000.0,94230000.0,0.0,0.0,0.032,899712000.0,168847000.0,1168092000.0,0.224,1.486,7.161,7.183,1834470000.0,0.0,27.94,0.332,0.321,0.0,11130348000.0,2936357000.0,2936357000.0,0.0,,,,,15414000.0,899712000.0,1.0,144729975.0,139868000,140211000.0,20.994,6075532000.0,0.0,55451000.0,81005000.0,43.438,1541344000.0
17,BBBY,MRQ,2017-06-30,2017-05-27,2017-05-27,2021-09-30,-52723000.0,6875801000.0,,3650173000.0,3225628000.0,,18.91,-80760000.0,469320000.0,469320000.0,1742026000.0,75283000.0,1.718,1.573,1491719000.0,0.0,1491719000.0,1491719000.0,0.0,74912000.0,0.0,0.014,0.125,147011000.0,221923000.0,0.081,221923000.0,147011000.0,130431000.0,0.53,0.53,0.53,2672592000.0,,2672592000.0,6061881665.0,6.0,4.442,123874000.0,0.876,1.0,1000115000.0,0.365,707643000.0,16580000.0,5065538000.0,,2962936000.0,96121000.0,0.0,96121000.0,4203209000.0,2125019000.0,2078190000.0,5058607665.0,-19009000.0,-4344000.0,-117163000.0,0.0,-18161000.0,-135324000.0,-85104000.0,0.0,204634000.0,-3215000.0,75283000.0,75283000.0,75283000.0,0.0,0.0,0.027,853104000.0,147011000.0,1178811000.0,0.236,1.893,7.932,8.03,1817594000.0,0.0,34.85,0.414,0.403,0.0,11057826000.0,2742141000.0,2742141000.0,0.0,,,,,21490000.0,853104000.0,1.0,145153735.0,141331000,142141000.0,19.402,6168158000.0,0.0,55148000.0,183642000.0,43.643,1525154000.0
18,BBBY,MRQ,2017-03-31,2017-02-25,2017-02-25,2021-09-30,-47250000.0,6822655000.0,,3591901000.0,3230754000.0,,18.775,-97138000.0,488329000.0,488329000.0,2190863000.0,268730000.0,1.767,1.509,1491603000.0,0.0,1491603000.0,1491603000.0,0.0,75750000.0,0.0,0.009,0.125,429928000.0,505678000.0,0.143,505678000.0,429928000.0,413141000.0,1.83,1.82,1.83,2719277000.0,,2719277000.0,7187417095.0,6.0,5.04,201953000.0,1.394,1.0,1343091000.0,0.38,697085000.0,16787000.0,5096343000.0,,2905660000.0,89592000.0,0.0,89592000.0,4103378000.0,2032501000.0,2070877000.0,6168936095.0,15323000.0,-800000.0,-171315000.0,0.0,-18254000.0,-189569000.0,-97938000.0,0.0,299091000.0,3739000.0,268730000.0,268730000.0,268730000.0,0.0,0.0,0.076,913163000.0,429928000.0,1179088000.0,0.068,2.269,9.004,8.902,1837129000.0,0.0,41.04,0.505,0.499,0.0,11003890000.0,3533954000.0,3533954000.0,0.0,,,,,17613000.0,913163000.0,1.0,150315207.0,144834000,145982000.0,24.4,6125570000.0,0.0,144411000.0,127792000.0,42.294,1559400000.0
19,BBBY,MRQ,2016-12-31,2016-11-26,2016-11-26,2021-09-30,-54749000.0,7232801000.0,,4270122000.0,2962679000.0,,17.712,-91647000.0,473006000.0,473006000.0,1862710000.0,126424000.0,1.703,1.766,1491487000.0,0.0,1491487000.0,1491487000.0,0.0,73871000.0,0.0,0.005,0.125,211283000.0,285154000.0,0.096,285154000.0,211283000.0,193029000.0,0.86,0.85,0.86,2614983000.0,,2614983000.0,7836395233.0,7.0,5.227,182836000.0,1.238,1.0,1092774000.0,0.37,709400000.0,18254000.0,5034491000.0,,3268569000.0,86404000.0,0.0,86404000.0,4617818000.0,2507391000.0,2110427000.0,6922869233.0,-104838000.0,-188700000.0,-76055000.0,0.0,-18531000.0,-94586000.0,-280347000.0,0.0,274483000.0,-4388000.0,126424000.0,126424000.0,126424000.0,0.0,0.0,0.043,881491000.0,211283000.0,1621432000.0,0.145,2.647,9.616,9.726,1769061000.0,0.0,45.52,0.572,0.555,0.0,10753801000.0,2955484000.0,2955484000.0,0.0,,,,,16735000.0,881491000.0,1.0,152084122.0,147643000,148583000.0,20.018,6523401000.0,0.0,66605000.0,76316000.0,44.184,1762731000.0
20,BBBY,MRQ,2016-09-30,2016-08-27,2016-08-27,2021-09-30,-46900000.0,6669375000.0,,3928504000.0,2740871000.0,,17.191,-95334000.0,577844000.0,577844000.0,1871342000.0,167335000.0,1.967,1.591,1491370000.0,0.0,1491370000.0,1491370000.0,0.0,70848000.0,0.0,0.003,0.125,280973000.0,351821000.0,0.118,351821000.0,280973000.0,262774000.0,1.12,1.11,1.12,2573995000.0,,2573995000.0,7967292263.0,6.0,5.063,165195000.0,1.103,1.0,1116893000.0,0.374,520226000.0,18199000.0,5064998000.0,,2903647000.0,82740000.0,0.0,82740000.0,4095380000.0,1997677000.0,2097703000.0,7020307263.0,33575000.0,-15095000.0,-120350000.0,0.0,-18827000.0,-139177000.0,-87931000.0,22498000.0,260529000.0,154000.0,167335000.0,167335000.0,167335000.0,0.0,0.0,0.056,835920000.0,280973000.0,1192574000.0,0.112,2.727,9.102,9.238,1739952000.0,0.0,45.45,0.58,0.563,0.0,10646033000.0,2988235000.0,2988235000.0,0.0,,,,,16815000.0,835920000.0,1.0,154462206.0,149725000,150515000.0,19.958,6149149000.0,0.0,95439000.0,100283000.0,41.07,1930827000.0
21,BBBY,MRQ,2016-06-30,2016-05-28,2016-05-28,2021-09-30,-47670000.0,6578977000.0,,3898031000.0,2680946000.0,,16.622,-89455000.0,544269000.0,544269000.0,1714492000.0,122619000.0,1.972,1.601,1491254000.0,0.0,1491254000.0,1491254000.0,0.0,70445000.0,0.0,0.0,0.0,213026000.0,283471000.0,0.104,283471000.0,213026000.0,196711000.0,0.81,0.8,0.81,2529087000.0,,2529087000.0,7923628810.0,6.0,4.842,119713000.0,0.787,1.0,1023592000.0,0.374,487169000.0,16315000.0,5061646000.0,,2923043000.0,100844000.0,22495000.0,78349000.0,4049890000.0,1977147000.0,2072743000.0,6939201810.0,28696000.0,0.0,-158878000.0,0.0,0.0,-158878000.0,-25713000.0,63742000.0,209168000.0,4119000.0,122619000.0,122619000.0,122619000.0,0.0,0.0,0.045,810566000.0,213026000.0,1145055000.0,0.0,2.744,8.613,8.871,1723429000.0,0.0,44.53,0.573,0.56,0.0,10498036000.0,2738084000.0,2738084000.0,0.0,,,,,20748000.0,810566000.0,1.0,155832064.0,152157000,153752000.0,17.995,6091808000.0,0.0,74092000.0,129910000.0,40.036,1920884000.0
22,BBBY,MRQ,2016-03-31,2016-02-27,2016-02-27,2021-09-30,-54998000.0,6490077000.0,,3825962000.0,2664115000.0,,16.279,-84140000.0,515573000.0,515573000.0,2097976000.0,303544000.0,2.049,1.536,1491137000.0,0.0,1491137000.0,1491137000.0,0.0,80314000.0,0.0,0.0,0.0,498582000.0,578896000.0,0.169,578896000.0,498582000.0,474130000.0,1.89,1.88,1.89,2559540000.0,,2559540000.0,9023412322.0,6.0,5.343,448482000.0,2.852,1.0,1319916000.0,0.386,487169000.0,24452000.0,5111247000.0,,2848119000.0,157486000.0,86197000.0,71289000.0,3930537000.0,1867225000.0,2063312000.0,8014149322.0,24836000.0,0.0,-325837000.0,0.0,0.0,-336217000.0,-170284000.0,-86144000.0,532622000.0,-1285000.0,303544000.0,303544000.0,303544000.0,0.0,0.0,0.089,821334000.0,498582000.0,1100958000.0,0.0,3.131,9.524,9.513,1725043000.0,0.0,48.99,0.662,0.661,0.0,10394865000.0,3417892000.0,3417892000.0,0.0,,,,,27497000.0,821334000.0,1.0,163587453.0,157227000,158716000.0,21.739,6002908000.0,0.0,170586000.0,131699000.0,38.18,1958737000.0
23,BBBY,MRQ,2015-12-31,2015-11-28,2015-11-28,2021-09-30,-53564000.0,6843992000.0,,4190536000.0,2653456000.0,,15.837,-83450000.0,490737000.0,490737000.0,1836720000.0,177816000.0,1.911,1.667,1500000000.0,0.0,1500000000.0,1500000000.0,0.0,66520000.0,0.0,0.0,0.0,292858000.0,359378000.0,0.122,359378000.0,292858000.0,274806000.0,1.1,1.09,1.1,2565754000.0,,2565754000.0,10083244929.0,7.0,5.925,-2851000.0,-0.018,1.0,1115311000.0,0.378,487166000.0,18052000.0,5173710000.0,,3219667000.0,74666000.0,0.0,74666000.0,4278238000.0,2192379000.0,2085859000.0,9250807929.0,-176826000.0,0.0,-194222000.0,0.0,0.0,-201819000.0,-54545000.0,28905000.0,80599000.0,-1061000.0,177816000.0,177816000.0,177816000.0,0.0,0.0,0.06,822453000.0,292858000.0,1402968000.0,0.0,3.605,10.769,10.976,1686632000.0,0.0,55.43,0.769,0.747,0.0,10091321000.0,2952031000.0,2952031000.0,0.0,,,,,15940000.0,822453000.0,1.0,166891718.0,162005000,163582000.0,18.222,6356826000.0,0.0,96990000.0,85717000.0,39.238,1998157000.0
24,BBBY,MRQ,2015-09-30,2015-08-29,2015-08-29,2021-09-30,-51062000.0,6651306000.0,,3997892000.0,2653414000.0,,15.563,-88441000.0,667563000.0,667563000.0,1854519000.0,201678000.0,1.996,1.59,1500000000.0,0.0,1500000000.0,1500000000.0,0.0,64496000.0,0.0,0.0,0.0,350194000.0,414690000.0,0.138,414690000.0,350194000.0,325141000.0,1.22,1.21,1.22,2568268000.0,,2568268000.0,11454018022.0,8.0,6.519,173984000.0,1.054,1.0,1140950000.0,0.381,487139000.0,25053000.0,4993405000.0,,2875417000.0,99406000.0,28905000.0,70501000.0,4083038000.0,2003199000.0,2079839000.0,10569248022.0,52333000.0,0.0,-193604000.0,0.0,0.0,-192608000.0,-11566000.0,76875000.0,262425000.0,-5918000.0,201678000.0,201678000.0,201678000.0,0.0,0.0,0.067,790756000.0,350194000.0,1196798000.0,0.0,4.115,11.658,12.008,1669951000.0,0.0,62.32,0.88,0.856,0.0,9913505000.0,2995469000.0,2995469000.0,0.0,,,,,15123000.0,790756000.0,1.0,169596406.0,165024000,166633000.0,18.152,6164167000.0,0.0,123463000.0,147749000.0,37.353,1994693000.0
25,BBBY,MRQ,2015-06-30,2015-05-30,2015-05-30,2021-09-30,-41381000.0,6599077000.0,,3930701000.0,2668376000.0,,15.122,-72364000.0,615230000.0,615230000.0,1694362000.0,158451000.0,1.992,1.586,1500000000.0,0.0,1500000000.0,1500000000.0,0.0,62617000.0,0.0,0.0,0.0,273269000.0,335886000.0,0.123,335886000.0,273269000.0,253368000.0,0.94,0.93,0.94,2552196000.0,,2552196000.0,12975768879.0,8.0,7.328,74544000.0,0.442,1.0,1044133000.0,0.381,486279000.0,19901000.0,5024415000.0,,2844361000.0,177335000.0,76872000.0,100463000.0,4046881000.0,1973153000.0,2073728000.0,12351342879.0,-260344000.0,0.0,-377813000.0,0.0,0.0,-368478000.0,-39237000.0,33127000.0,146908000.0,463000.0,158451000.0,158451000.0,158451000.0,0.0,0.0,0.058,770864000.0,273269000.0,1133673000.0,0.0,4.839,13.297,13.849,1657119000.0,0.0,71.32,1.032,1.006,0.0,9711827000.0,2738495000.0,2738495000.0,0.0,,,,,8405000.0,770864000.0,1.0,173182037.0,168772000,171133000.0,16.226,6112798000.0,0.0,94917000.0,172998000.0,36.219,1957548000.0
26,BBBY,MRQ,2015-03-31,2015-02-28,2015-02-28,2021-09-30,-42313000.0,6758993000.0,,4083603000.0,2675390000.0,,15.608,-97979000.0,875574000.0,875574000.0,2010718000.0,321061000.0,2.102,1.464,1500000000.0,0.0,1500000000.0,1500000000.0,0.0,59727000.0,0.0,0.0,0.0,532168000.0,591895000.0,0.177,591895000.0,532168000.0,512901000.0,1.79,1.76,1.79,2743190000.0,,2743190000.0,14313163271.0,9.0,7.981,578333000.0,3.29,1.0,1325875000.0,0.397,486279000.0,19267000.0,4954459000.0,,2731881000.0,207152000.0,109992000.0,97160000.0,4015803000.0,1942681000.0,2073122000.0,13857001271.0,-168264000.0,0.0,-765239000.0,0.0,0.0,-761805000.0,-72970000.0,25009000.0,676312000.0,-9801000.0,321061000.0,321061000.0,321061000.0,0.0,0.0,0.096,793707000.0,532168000.0,1156368000.0,0.0,5.051,14.472,14.554,1676700000.0,0.0,74.66,1.166,1.173,0.0,9553376000.0,3336593000.0,3336593000.0,0.0,,,,,13821000.0,793707000.0,1.0,185601410.0,175760000,178131000.0,18.984,6272714000.0,0.0,191840000.0,156591000.0,35.689,2140922000.0
27,BBBY,MRQ,2014-12-31,2014-11-29,2014-11-29,2021-09-30,-19151000.0,7335835000.0,,4755833000.0,2580002000.0,,17.559,-77358000.0,1043838000.0,1043838000.0,1814006000.0,225408000.0,2.288,1.3,1500000000.0,0.0,1500000000.0,1500000000.0,0.0,61995000.0,0.0,0.0,0.0,352683000.0,414678000.0,0.141,414678000.0,352683000.0,333114000.0,1.24,1.23,1.24,3189307000.0,,3189307000.0,13864343389.0,9.0,7.754,-120161000.0,-0.662,1.0,1128974000.0,0.384,486279000.0,19569000.0,5227103000.0,,3065774000.0,229869000.0,134993000.0,94876000.0,4146528000.0,2078615000.0,2067913000.0,13590970389.0,-182789000.0,0.0,14395000.0,65000.0,0.0,17506000.0,-152344000.0,-74986000.0,-42803000.0,-5148000.0,225408000.0,225408000.0,225408000.0,0.0,0.0,0.077,776291000.0,352683000.0,1309002000.0,0.0,4.261,14.015,14.763,1601208000.0,0.0,73.37,1.157,1.134,0.0,9232315000.0,2942980000.0,2942980000.0,0.0,,,,,12478000.0,776291000.0,1.0,185238795.0,181629000,183794000.0,16.203,6849556000.0,0.0,107706000.0,94474000.0,37.712,2677218000.0
28,BBBY,MRQ,2014-09-30,2014-08-30,2014-08-30,2021-09-30,-10618000.0,7034260000.0,,4479768000.0,2554492000.0,,15.5,-88368000.0,1226627000.0,1226627000.0,1810860000.0,223953000.0,2.232,1.393,1500000000.0,0.0,1500000000.0,1500000000.0,0.0,59507000.0,0.0,0.0,0.0,368741000.0,428248000.0,0.145,428248000.0,368741000.0,359213000.0,1.18,1.17,1.18,2939179000.0,,2939179000.0,12440990835.0,8.0,6.898,272644000.0,1.438,1.0,1134045000.0,0.385,486279000.0,9528000.0,4814456000.0,,2758726000.0,152382000.0,59999000.0,92383000.0,4095081000.0,2006898000.0,2088183000.0,12977558835.0,690059000.0,0.0,-1195378000.0,1489843000.0,0.0,301459000.0,27884000.0,116252000.0,361012000.0,-296000.0,223953000.0,223953000.0,223953000.0,0.0,0.0,0.076,765304000.0,368741000.0,1258568000.0,0.0,4.415,13.222,13.222,1576912000.0,0.0,64.26,1.112,1.044,0.0,9006907000.0,2944905000.0,2944905000.0,0.0,,,,,1604000.0,765304000.0,1.0,201953919.0,189625000,191496000.0,15.53,6547981000.0,0.0,135260000.0,147252000.0,34.531,2472870000.0
29,BBBY,MRQ,2014-06-30,2014-05-31,2014-05-31,2021-09-30,-10266000.0,6362328000.0,,3835249000.0,2527079000.0,,19.509,-66932000.0,536568000.0,536568000.0,1625813000.0,187052000.0,2.032,0.634,0.0,0.0,0.0,0.0,0.0,57964000.0,0.0,0.0,0.0,300701000.0,358665000.0,0.135,358665000.0,300701000.0,298607000.0,0.94,0.93,0.94,3894347000.0,,3894347000.0,12047876159.0,8.0,6.629,117036000.0,0.586,1.0,1030885000.0,0.388,486279000.0,2094000.0,3451899000.0,,2699722000.0,265988000.0,176242000.0,89746000.0,2467981000.0,1887582000.0,580399000.0,12414392159.0,170052000.0,0.0,-263178000.0,0.0,0.0,-262091000.0,246199000.0,313131000.0,183968000.0,1976000.0,187052000.0,187052000.0,187052000.0,0.0,0.0,0.07,730184000.0,300701000.0,1108449000.0,0.0,3.188,12.33,12.521,1559880000.0,0.0,60.85,1.075,1.052,0.0,8782954000.0,2656698000.0,2656698000.0,0.0,,,,,24075000.0,730184000.0,1.0,204016305.0,199619000,202096000.0,13.309,5876049000.0,0.0,111555000.0,211104000.0,29.436,1947667000.0
30,BBBY,MRQ,2014-03-31,2014-03-01,2014-03-01,2021-09-30,-13847000.0,6356033000.0,,3788987000.0,2567046000.0,,19.174,-91884000.0,366516000.0,366516000.0,1905877000.0,333299000.0,2.065,0.613,0.0,0.0,0.0,0.0,0.0,59444000.0,0.0,0.0,0.0,527073000.0,586517000.0,0.183,586517000.0,527073000.0,526519000.0,1.61,1.59,1.61,3941287000.0,,3941287000.0,13969661756.0,9.0,7.614,687906000.0,3.347,1.0,1297437000.0,0.405,486279000.0,554000.0,3668102000.0,,2578956000.0,576724000.0,489331000.0,87393000.0,2414746000.0,1835136000.0,579610000.0,14440725756.0,-104548000.0,0.0,-531372000.0,0.0,0.0,-519539000.0,-358054000.0,-266170000.0,779790000.0,-6745000.0,333299000.0,333299000.0,333299000.0,0.0,0.0,0.104,770364000.0,527073000.0,1104668000.0,0.0,3.664,14.126,13.984,1579804000.0,0.0,67.82,1.255,1.242,0.0,8595902000.0,3203314000.0,3203314000.0,0.0,,,,,-17636000.0,770364000.0,1.0,212927245.0,205550000,208104000.0,15.584,5869754000.0,0.0,193220000.0,152912000.0,28.556,1953851000.0
31,BBBY,MRQ,2013-12-31,2013-11-30,2013-11-30,2021-09-30,-8627000.0,6544489000.0,,4054604000.0,2489885000.0,,19.694,-98606000.0,471064000.0,471064000.0,1743147000.0,237197000.0,2.212,0.585,0.0,0.0,0.0,0.0,0.0,55512000.0,0.0,0.0,0.0,374647000.0,430159000.0,0.15,430159000.0,374647000.0,375961000.0,1.13,1.12,1.13,4129828000.0,,4129828000.0,16373255287.0,10.0,8.609,7735000.0,0.037,1.0,1121690000.0,0.392,486279000.0,-1314000.0,3753786000.0,,2881561000.0,310135000.0,223114000.0,87021000.0,2414661000.0,1833360000.0,581301000.0,16756591287.0,87728000.0,-3436000.0,-152777000.0,0.0,0.0,-149074000.0,130461000.0,232503000.0,106341000.0,0.0,237197000.0,237197000.0,237197000.0,0.0,0.0,0.083,747043000.0,374647000.0,1145281000.0,0.0,4.057,15.766,15.796,1523253000.0,0.0,78.03,1.432,1.398,0.0,8262603000.0,2864837000.0,2864837000.0,0.0,,,,,14279000.0,747043000.0,1.0,214745499.0,209704000,212315000.0,13.661,6058210000.0,0.0,138764000.0,91130000.0,28.889,2221244000.0
32,BBBY,MRQ,2013-09-30,2013-08-31,2013-08-31,2021-09-30,-8918000.0,6307973000.0,,3864461000.0,2443512000.0,,18.982,-65356000.0,383336000.0,383336000.0,1710188000.0,249304000.0,2.265,0.567,0.0,0.0,0.0,0.0,0.0,52463000.0,0.0,0.0,0.0,389766000.0,442229000.0,0.157,442229000.0,389766000.0,388091000.0,1.18,1.16,1.18,4026712000.0,,4026712000.0,15618185344.0,9.0,8.297,157743000.0,0.744,1.0,1113484000.0,0.394,486279000.0,1675000.0,3732063000.0,,2591247000.0,537131000.0,455579000.0,81552000.0,2281261000.0,1706295000.0,574966000.0,16058035344.0,-56514000.0,0.0,-243064000.0,0.0,0.0,-240558000.0,-39055000.0,26301000.0,223099000.0,0.0,249304000.0,249304000.0,249304000.0,0.0,0.0,0.088,723718000.0,389766000.0,1033709000.0,0.0,3.988,15.172,15.204,1477336000.0,0.0,73.74,1.392,1.356,0.0,8025406000.0,2823672000.0,2823672000.0,0.0,,,,,15459000.0,723718000.0,1.0,217765600.0,212134000,214697000.0,13.311,5821694000.0,0.0,138787000.0,100383000.0,27.443,2158166000.0
33,BBBY,MRQ,2013-06-30,2013-06-01,2013-06-01,2021-09-30,-6008000.0,6312648000.0,,3875149000.0,2437499000.0,,18.589,-64966000.0,439850000.0,439850000.0,1579169000.0,202490000.0,2.235,0.576,0.0,0.0,0.0,0.0,0.0,52697000.0,0.0,0.0,0.0,323101000.0,375798000.0,0.144,375798000.0,323101000.0,322876000.0,0.94,0.93,0.94,4005051000.0,,4005051000.0,14453071448.0,9.0,7.803,207530000.0,0.963,1.0,1032971000.0,0.395,486279000.0,225000.0,3652411000.0,,2540723000.0,562672000.0,481804000.0,80868000.0,2307597000.0,1734108000.0,573489000.0,15018042448.0,-125121000.0,0.0,-301967000.0,0.0,0.0,-300883000.0,-96734000.0,-31768000.0,272496000.0,0.0,202490000.0,202490000.0,202490000.0,0.0,0.0,0.078,709870000.0,323101000.0,977297000.0,0.0,3.75,14.532,14.646,1469757000.0,0.0,68.25,1.328,1.3,0.0,7776102000.0,2612140000.0,2612140000.0,0.0,,,,,25016000.0,709870000.0,1.0,220044578.0,215451000,218335000.0,12.124,5826369000.0,0.0,120386000.0,206565000.0,27.043,2141041000.0
34,BBBY,MRQ,2013-03-31,2013-03-02,2013-03-02,2021-09-30,-4320000.0,6279952000.0,,3867485000.0,2412467000.0,,18.594,-77532000.0,564971000.0,564971000.0,2006600000.0,373872000.0,2.365,0.539,0.0,0.0,0.0,0.0,0.0,55706000.0,0.0,0.0,0.0,598034000.0,653740000.0,0.192,653740000.0,598034000.0,597784000.0,1.69,1.67,1.69,4079730000.0,,4079730000.0,12201637708.0,7.0,6.655,511277000.0,2.33,1.0,1394877000.0,0.41,483518000.0,250000.0,3596253000.0,,2466214000.0,527258000.0,449933000.0,77325000.0,2200222000.0,1635210000.0,565012000.0,12873899708.0,-107291000.0,0.0,-280326000.0,0.0,0.0,-279190000.0,-414930000.0,-337398000.0,588809000.0,-1980000.0,373872000.0,373872000.0,373872000.0,0.0,0.0,0.11,796843000.0,598034000.0,913365000.0,0.0,3.156,12.405,12.323,1466667000.0,0.0,56.93,1.18,1.172,0.0,7573612000.0,3401477000.0,3401477000.0,0.0,,,,,12733000.0,796843000.0,1.0,226135600.0,219406000,222239000.0,15.503,5796434000.0,0.0,223912000.0,157414000.0,26.419,2232275000.0
35,BBBY,MRQ,2012-12-31,2012-11-24,2012-11-24,2021-09-30,858000.0,6386836000.0,,3967853000.0,2418983000.0,,17.78,-80341000.0,672262000.0,672262000.0,1627791000.0,232750000.0,2.16,0.606,0.0,0.0,0.0,0.0,0.0,48925000.0,0.0,0.0,0.0,361649000.0,410574000.0,0.152,410574000.0,361649000.0,358527000.0,1.04,1.03,1.04,3977122000.0,,3977122000.0,13044020925.0,8.0,7.319,54952000.0,0.246,1.0,1074010000.0,0.398,0.0,3122000.0,3877661000.0,,2763907000.0,187118000.0,112450000.0,74668000.0,2409714000.0,1836913000.0,572801000.0,13788485925.0,-72203000.0,171000.0,-188177000.0,0.0,0.0,-188068000.0,-19428000.0,60742000.0,135293000.0,0.0,232750000.0,232750000.0,232750000.0,0.0,0.0,0.086,712361000.0,361649000.0,1088651000.0,0.0,3.467,13.585,13.642,1433592000.0,0.0,60.16,1.346,1.313,0.0,7199740000.0,2701801000.0,2701801000.0,0.0,,,,,11126000.0,712361000.0,1.0,229196907.0,223687000,226661000.0,12.078,6386836000.0,0.0,125777000.0,182908000.0,28.553,2130940000.0
36,BBBY,MRQ,2012-09-30,2012-08-25,2012-08-25,2021-09-30,-33000.0,6107482000.0,,3721043000.0,2386439000.0,,17.322,-87276000.0,744465000.0,744465000.0,1560346000.0,224330000.0,2.323,0.558,0.0,0.0,0.0,0.0,0.0,47076000.0,0.0,0.0,0.0,365137000.0,412213000.0,0.159,412213000.0,365137000.0,365406000.0,0.99,0.98,0.99,3920096000.0,,3920096000.0,14339799370.0,9.0,8.09,112485000.0,0.497,1.0,1032669000.0,0.398,0.0,-269000.0,3761414000.0,,2430907000.0,246724000.0,164261000.0,82463000.0,2187386000.0,1601603000.0,585783000.0,15414983370.0,-330719000.0,-643269000.0,-196264000.0,-25511000.0,0.0,-221359000.0,-309121000.0,461424000.0,199761000.0,0.0,224330000.0,224330000.0,224330000.0,0.0,0.0,0.087,667532000.0,365137000.0,940958000.0,0.0,3.932,15.251,15.335,1403520000.0,0.0,66.4,1.559,1.52,0.0,6966990000.0,2593015000.0,2593015000.0,0.0,,,,,12247000.0,667532000.0,1.0,232153364.0,226313000,229308000.0,11.458,6107482000.0,0.0,141076000.0,104749000.0,26.987,2119440000.0
37,BBBY,MRQ,2012-06-30,2012-05-26,2012-05-26,2021-09-30,-4481000.0,5824332000.0,,4199833000.0,1624499000.0,,16.913,-70788000.0,1075184000.0,1075184000.0,1331093000.0,206836000.0,2.777,0.503,0.0,0.0,0.0,0.0,0.0,43410000.0,0.0,0.0,0.0,313398000.0,356808000.0,0.161,356808000.0,313398000.0,312342000.0,0.9,0.89,0.9,3874569000.0,,3874569000.0,15922035400.0,10.0,8.966,201574000.0,0.88,1.0,887199000.0,0.4,0.0,1056000.0,3236674000.0,,2202846000.0,706086000.0,611325000.0,94761000.0,1949763000.0,1512474000.0,437289000.0,16925201400.0,72018000.0,0.0,-280136000.0,0.0,0.0,-276776000.0,76432000.0,147220000.0,272362000.0,0.0,206836000.0,206836000.0,206836000.0,0.0,0.0,0.093,573801000.0,313398000.0,866253000.0,0.0,4.368,16.662,16.916,1220245000.0,0.0,72.4,1.762,1.726,0.0,6742660000.0,2218292000.0,2218292000.0,0.0,,,,,24274000.0,573801000.0,1.0,233773500.0,229086000,232683000.0,9.683,5824332000.0,0.0,105506000.0,199258000.0,25.424,2687359000.0
38,BBBY,MRQ,2012-03-31,2012-02-25,2012-02-25,2021-09-30,-1879000.0,5724546000.0,,4142939000.0,1581607000.0,,16.765,-84130000.0,1003166000.0,1003166000.0,1568645000.0,351043000.0,3.094,0.459,0.0,0.0,0.0,0.0,0.0,51884000.0,0.0,0.0,0.0,550765000.0,602649000.0,0.221,602649000.0,550765000.0,553806000.0,1.48,1.46,1.48,3922528000.0,,3922528000.0,13793437470.0,9.0,7.872,572664000.0,2.448,1.0,1163669000.0,0.426,198749000.0,-3041000.0,3183501000.0,,2071890000.0,852174000.0,756389000.0,95785000.0,1802018000.0,1339130000.0,462888000.0,14559187470.0,237416000.0,0.0,-349287000.0,0.0,0.0,-348762000.0,-70616000.0,13514000.0,656794000.0,0.0,351043000.0,351043000.0,351043000.0,0.0,0.0,0.128,612904000.0,550765000.0,752064000.0,0.0,3.712,14.713,14.648,1198255000.0,0.0,60.35,1.533,1.525,0.0,6535824000.0,2732314000.0,2732314000.0,0.0,,,,,11034000.0,612904000.0,1.0,241245857.0,233965000,237503000.0,11.678,5525797000.0,0.0,202763000.0,171868000.0,23.618,2803809000.0
39,BBBY,MRQ,2011-12-31,2011-11-26,2011-11-26,2021-09-30,-267000.0,5855116000.0,,4290884000.0,1564232000.0,,16.444,-69646000.0,765750000.0,765750000.0,1384868000.0,228544000.0,2.858,0.497,0.0,0.0,0.0,0.0,0.0,43879000.0,0.0,0.0,0.0,357020000.0,400899000.0,0.171,400899000.0,357020000.0,356418000.0,0.96,0.95,0.96,3910512000.0,,3910512000.0,13146917807.0,9.0,7.923,12691000.0,0.053,1.0,958693000.0,0.409,0.0,602000.0,3587838000.0,,2357254000.0,863794000.0,761930000.0,101864000.0,1944604000.0,1501528000.0,443076000.0,14164907807.0,-252240000.0,0.0,-243718000.0,0.0,0.0,-240003000.0,-94574000.0,-24928000.0,82337000.0,0.0,228544000.0,228544000.0,228544000.0,0.0,0.0,0.098,601673000.0,357020000.0,954281000.0,0.0,3.622,15.364,15.358,1160994000.0,0.0,57.9,1.528,1.485,0.0,6184781000.0,2343561000.0,2343561000.0,0.0,,,,,12720000.0,601673000.0,1.0,244644349.0,237802000,241718000.0,9.855,5855116000.0,0.0,127874000.0,126706000.0,24.622,2789356000.0
40,BBBY,MRQ,2011-09-30,2011-08-27,2011-08-27,2021-09-30,5285000.0,5748476000.0,,4194576000.0,1553900000.0,,16.111,-56456000.0,1017990000.0,1017990000.0,1363065000.0,229372000.0,3.014,0.47,0.0,0.0,0.0,0.0,0.0,43889000.0,0.0,0.0,0.0,371636000.0,415525000.0,0.18,415525000.0,371636000.0,369764000.0,0.94,0.93,0.94,3911046000.0,,3911046000.0,12455539348.0,9.0,7.742,171363000.0,0.706,1.0,950999000.0,0.411,0.0,1872000.0,3338790000.0,,2117414000.0,838616000.0,724911000.0,113705000.0,1837430000.0,1391696000.0,445734000.0,13684512348.0,-210983000.0,0.0,-266624000.0,0.0,0.0,-265950000.0,-172852000.0,-116396000.0,227819000.0,0.0,229372000.0,229372000.0,229372000.0,0.0,0.0,0.099,579363000.0,371636000.0,848063000.0,0.0,3.499,15.516,15.421,1128998000.0,0.0,54.9,1.5,1.461,0.0,5956237000.0,2314064000.0,2314064000.0,0.0,,,,,11712000.0,579363000.0,1.0,249262520.0,242751000,246539000.0,9.533,5748476000.0,0.0,140392000.0,152415000.0,23.681,2802880000.0
41,BBBY,MRQ,2011-06-30,2011-05-28,2011-05-28,2021-09-30,5471000.0,5817533000.0,,4279547000.0,1537986000.0,,16.029,-33142000.0,1228973000.0,1228973000.0,1252379000.0,180578000.0,2.953,0.478,0.0,0.0,0.0,0.0,0.0,44221000.0,0.0,0.0,0.0,288948000.0,333169000.0,0.158,333169000.0,288948000.0,289500000.0,0.74,0.72,0.74,3935777000.0,,3935777000.0,12184790924.0,9.0,7.938,225192000.0,0.917,1.0,857572000.0,0.406,0.0,-552000.0,3139168000.0,,2083008000.0,722244000.0,603901000.0,118343000.0,1881756000.0,1449392000.0,432364000.0,13368377924.0,45386000.0,0.0,-187239000.0,0.0,0.0,-186990000.0,-25958000.0,7184000.0,258334000.0,0.0,180578000.0,180578000.0,180578000.0,0.0,0.0,0.086,568624000.0,288948000.0,844247000.0,0.0,3.397,16.022,16.054,1108621000.0,0.0,53.46,1.494,1.467,0.0,5726865000.0,2109951000.0,2109951000.0,0.0,,,,,9820000.0,568624000.0,1.0,250063186.0,245546000,249799000.0,8.593,5817533000.0,0.0,108922000.0,239317000.0,23.692,2830155000.0
42,BBBY,MRQ,2011-03-31,2011-02-26,2011-02-26,2021-09-30,5100000.0,5646193000.0,,4073838000.0,1572355000.0,,15.819,-41288000.0,1183587000.0,1183587000.0,1428500000.0,283451000.0,3.081,0.436,0.0,0.0,0.0,0.0,0.0,48603000.0,0.0,0.0,0.0,461052000.0,509655000.0,0.203,509655000.0,461052000.0,462733000.0,1.13,1.12,1.13,3931659000.0,,3931659000.0,11348585783.0,9.0,7.708,498052000.0,2.004,1.0,1076467000.0,0.43,0.0,-1681000.0,3140166000.0,,1968907000.0,727054000.0,605608000.0,121446000.0,1714534000.0,1322440000.0,392094000.0,12188918783.0,343254000.0,0.0,-163920000.0,0.0,0.0,-163471000.0,-32615000.0,8673000.0,539340000.0,0.0,283451000.0,283451000.0,283451000.0,0.0,0.0,0.113,615415000.0,461052000.0,709550000.0,0.0,3.1,15.403,15.386,1116297000.0,0.0,47.85,1.392,1.389,0.0,5546287000.0,2504967000.0,2504967000.0,0.0,,,,,10096000.0,615415000.0,1.0,254731845.0,248540000,252814000.0,10.079,5646193000.0,0.0,179282000.0,212712000.0,22.717,2751398000.0
43,BBBY,MRQ,2010-12-31,2010-11-27,2010-11-27,2021-09-30,2729000.0,5560147000.0,,3949015000.0,1611132000.0,,15.061,-58612000.0,840333000.0,840333000.0,1297247000.0,188574000.0,2.883,0.464,0.0,0.0,0.0,0.0,0.0,45335000.0,0.0,0.0,0.0,305110000.0,350445000.0,0.16,350445000.0,305110000.0,307106000.0,0.75,0.74,0.75,3798912000.0,,3798912000.0,10360373356.0,9.0,7.498,-14647000.0,-0.058,1.0,896508000.0,0.409,0.0,-1996000.0,3349840000.0,,2171783000.0,734468000.0,599805000.0,134663000.0,1761235000.0,1369974000.0,391261000.0,11400877356.0,-200171000.0,0.0,-189703000.0,0.0,0.0,-188246000.0,-55890000.0,2722000.0,43965000.0,0.0,188574000.0,188574000.0,188574000.0,0.0,0.0,0.086,591398000.0,305110000.0,856646000.0,0.0,3.001,15.534,15.331,1124704000.0,0.0,44.0,1.342,1.306,0.0,5262836000.0,2193755000.0,2193755000.0,0.0,,,,,10751000.0,591398000.0,1.0,259110849.0,252233000,255936000.0,8.697,5560147000.0,0.0,118532000.0,124925000.0,22.044,2579041000.0
44,BBBY,MRQ,2010-09-30,2010-08-28,2010-08-28,2021-09-30,-60000.0,5440012000.0,,3852394000.0,1587618000.0,,14.726,-44542000.0,1040504000.0,1040504000.0,1261812000.0,181755000.0,3.004,0.437,0.0,0.0,0.0,0.0,0.0,44869000.0,0.0,0.0,0.0,296902000.0,341771000.0,0.16,341771000.0,296902000.0,297229000.0,0.71,0.7,0.71,3784741000.0,,3784741000.0,8679791376.0,8.0,6.551,187277000.0,0.729,1.0,874918000.0,0.409,0.0,-327000.0,3117077000.0,,1903096000.0,734465000.0,602223000.0,132242000.0,1655271000.0,1282431000.0,372840000.0,9763776376.0,-43481000.0,0.0,-191444000.0,0.0,0.0,-191368000.0,-83932000.0,-39390000.0,231819000.0,0.0,181755000.0,181755000.0,181755000.0,0.0,0.0,0.085,578016000.0,296902000.0,771752000.0,0.0,2.58,14.016,13.653,1105297000.0,0.0,37.0,1.179,1.149,0.0,5074262000.0,2136730000.0,2136730000.0,0.0,,,,,10819000.0,578016000.0,1.0,263885848.0,257013000,259928000.0,8.314,5440012000.0,0.0,115474000.0,135886000.0,21.166,2569963000.0
45,BBBY,MRQ,2010-06-30,2010-05-29,2010-05-29,2021-09-30,-71000.0,5361026000.0,,3782353000.0,1578673000.0,,14.584,-39032000.0,1083985000.0,1083985000.0,1148015000.0,137553000.0,3.114,0.417,0.0,0.0,0.0,0.0,0.0,45013000.0,0.0,0.0,0.0,225910000.0,270923000.0,0.141,270923000.0,225910000.0,225910000.0,0.53,0.52,0.53,3783219000.0,,3783219000.0,10716393744.0,10.0,8.562,133251000.0,0.514,1.0,775036000.0,0.403,0.0,0.0,3062359000.0,,1846140000.0,694009000.0,560174000.0,133835000.0,1577807000.0,1214682000.0,363125000.0,11812493744.0,-12115000.0,0.0,-16838000.0,0.0,0.0,-15876000.0,-168522000.0,-129490000.0,172283000.0,0.0,137553000.0,137553000.0,137553000.0,0.0,0.0,0.072,549642000.0,225394000.0,678685000.0,0.0,3.122,18.161,17.735,1103367000.0,0.0,44.87,1.466,1.445,0.0,4892507000.0,1923051000.0,1923051000.0,0.0,,,,,9157000.0,549642000.0,1.0,263260391.0,259400000,263638000.0,7.413,5361026000.0,0.0,88357000.0,195213000.0,20.667,2567671000.0
46,BBBY,MRQ,2010-03-31,2010-02-27,2010-02-27,2021-09-30,728000.0,5152130000.0,,3563345000.0,1588785000.0,,14.148,-45061000.0,1096100000.0,1096100000.0,1288583000.0,226042000.0,3.1,0.41,0.0,0.0,0.0,0.0,0.0,47198000.0,0.0,0.0,0.0,371329000.0,418527000.0,0.187,418527000.0,371329000.0,371329000.0,0.88,0.86,0.88,3652904000.0,,3652904000.0,10047366037.0,10.0,8.591,468250000.0,1.814,1.0,955496000.0,0.426,0.0,0.0,2906476000.0,,1759703000.0,564336000.0,431476000.0,132860000.0,1499226000.0,1149554000.0,349672000.0,10902007037.0,241459000.0,0.0,18313000.0,0.0,0.0,21591000.0,-293443000.0,-248382000.0,513311000.0,0.0,226042000.0,226042000.0,226042000.0,0.0,0.0,0.101,584755000.0,370741000.0,611163000.0,0.0,2.984,18.169,17.858,1119292000.0,0.0,41.61,1.393,1.37,0.0,4754954000.0,2244079000.0,2244079000.0,0.0,,,,,7245000.0,584755000.0,1.0,262004495.0,258190000,261884000.0,8.692,5152130000.0,0.0,145287000.0,187256000.0,19.955,2413791000.0
47,BBBY,MRQ,2009-12-31,2009-11-28,2009-11-28,2021-09-30,1426000.0,4927766000.0,,3325989000.0,1601777000.0,,13.168,-40988000.0,854641000.0,854641000.0,1163053000.0,151288000.0,2.801,0.45,0.0,0.0,0.0,0.0,0.0,47288000.0,0.0,0.0,0.0,246348000.0,293636000.0,0.149,293636000.0,246348000.0,246348000.0,0.59,0.58,0.59,3398433000.0,,3398433000.0,8681143413.0,10.0,8.448,-41298000.0,-0.16,1.0,812412000.0,0.411,0.0,0.0,2885612000.0,,1954995000.0,315182000.0,162934000.0,152248000.0,1529333000.0,1187513000.0,341820000.0,9716744413.0,-180960000.0,0.0,-26037000.0,0.0,0.0,-25787000.0,-154863000.0,-113875000.0,-310000.0,0.0,151288000.0,151288000.0,151288000.0,0.0,0.0,0.077,566801000.0,245611000.0,718921000.0,0.0,2.859,18.854,18.403,1118272000.0,0.0,36.99,1.294,1.271,0.0,4528912000.0,1975465000.0,1975465000.0,0.0,,,,,9831000.0,566801000.0,1.0,262685710.0,258074000,260913000.0,7.655,4927766000.0,0.0,95060000.0,127376000.0,19.094,2138476000.0
48,BBBY,MRQ,2009-09-30,2009-08-29,2009-08-29,2021-09-30,-468000.0,4735438000.0,,3123204000.0,1612234000.0,,12.648,-41043000.0,1035601000.0,1035601000.0,1141516000.0,135531000.0,2.741,0.452,0.0,0.0,0.0,0.0,0.0,44967000.0,0.0,0.0,0.0,223507000.0,268474000.0,0.14,268474000.0,223507000.0,223507000.0,0.53,0.52,0.53,3260904000.0,,3260904000.0,8871267489.0,12.0,9.691,157054000.0,0.609,1.0,773393000.0,0.404,0.0,0.0,2560338000.0,,1755377000.0,200318000.0,43125000.0,157193000.0,1474534000.0,1139499000.0,335035000.0,9726701489.0,180167000.0,0.0,2402000.0,0.0,0.0,3468000.0,-21398000.0,19645000.0,198097000.0,0.0,135531000.0,135531000.0,135531000.0,0.0,0.0,0.071,551362000.0,222031000.0,682936000.0,0.0,2.983,21.53,21.102,1111971000.0,0.0,37.14,1.33,1.309,0.0,4377624000.0,1914909000.0,1914909000.0,0.0,,,,,10218000.0,551362000.0,1.0,261892878.0,257814000,259940000.0,7.427,4735438000.0,0.0,87976000.0,128087000.0,18.368,1983705000.0
49,BBBY,MRQ,2009-06-30,2009-05-30,2009-05-30,2021-09-30,-1500000.0,4506054000.0,,2833934000.0,1672120000.0,,12.105,-26588000.0,855434000.0,855434000.0,1027522000.0,87172000.0,2.657,0.449,0.0,0.0,0.0,0.0,0.0,44779000.0,0.0,0.0,0.0,144071000.0,188850000.0,0.111,188850000.0,144071000.0,144071000.0,0.34,0.34,0.34,3110352000.0,,3110352000.0,6630953602.0,9.0,7.528,167721000.0,0.653,1.0,666818000.0,0.394,0.0,0.0,2583972000.0,,1703819000.0,218196000.0,2000000.0,216196000.0,1395702000.0,1066648000.0,329054000.0,7299162602.0,187225000.0,0.0,10192000.0,0.0,0.0,11904000.0,-18988000.0,7600000.0,194309000.0,0.0,87172000.0,87172000.0,87172000.0,0.0,0.0,0.051,524514000.0,142304000.0,603402000.0,0.0,2.347,16.76,16.633,1120393000.0,0.0,28.11,1.006,0.996,0.0,4242093000.0,1694340000.0,1694340000.0,0.0,,,,,10955000.0,524514000.0,1.0,259664269.0,256942000,258764000.0,6.594,4506054000.0,0.0,56899000.0,151625000.0,17.537,1767286000.0
50,BBBY,MRQ,2009-03-31,2009-02-28,2009-02-28,2021-09-30,-4540000.0,4268843000.0,,2562799000.0,1706044000.0,,11.715,-52873000.0,668209000.0,668209000.0,1138216000.0,141378000.0,2.689,0.423,0.0,0.0,0.0,0.0,0.0,44857000.0,0.0,0.0,0.0,231822000.0,276679000.0,0.144,276679000.0,231822000.0,231822000.0,0.55,0.54,0.55,3000454000.0,,3000454000.0,5298794296.0,8.0,6.169,424068000.0,1.656,1.0,785058000.0,0.408,0.0,0.0,2647666000.0,,1642339000.0,223134000.0,2000000.0,221134000.0,1268389000.0,952968000.0,315421000.0,5532150296.0,434853000.0,0.0,-1541000.0,0.0,0.0,-1511000.0,-40577000.0,12296000.0,476941000.0,0.0,141378000.0,141378000.0,141378000.0,0.0,0.0,0.074,553776000.0,231282000.0,514734000.0,0.0,1.844,13.013,12.831,1148435000.0,0.0,21.3,0.767,0.758,0.0,4154921000.0,1923274000.0,1923274000.0,0.0,,,,,11063000.0,553776000.0,1.0,259725366.0,256131000,258061000.0,7.509,4268843000.0,0.0,90444000.0,113317000.0,16.667,1609831000.0
51,BBBY,MRQ,2008-12-31,2008-11-29,2008-11-29,2021-09-30,-129000.0,4195390000.0,,2490158000.0,1705232000.0,,11.14,-56275000.0,233356000.0,233356000.0,1089826000.0,87700000.0,2.361,0.47,0.0,0.0,0.0,0.0,0.0,43606000.0,0.0,0.0,0.0,137770000.0,181376000.0,0.102,181376000.0,137770000.0,137770000.0,0.34,0.34,0.34,2853599000.0,,2853599000.0,4980716745.0,7.0,5.604,-117295000.0,-0.458,1.0,692857000.0,0.389,0.0,0.0,2907345000.0,,1920481000.0,234910000.0,4000000.0,230910000.0,1341791000.0,1054689000.0,287102000.0,5269272745.0,-55200000.0,0.0,-1015000.0,0.0,0.0,-1787000.0,7607000.0,63882000.0,-61020000.0,0.0,87700000.0,87700000.0,87700000.0,0.0,0.0,0.049,556483000.0,136374000.0,613217000.0,0.0,1.847,11.539,11.463,1134802000.0,0.0,20.29,0.73,0.72,0.0,4013511000.0,1782683000.0,1782683000.0,0.0,,,,,9592000.0,556483000.0,1.0,259698016.0,256150000,258174000.0,6.96,4195390000.0,0.0,50070000.0,88390000.0,16.379,1435469000.0
52,BBBY,MRQ,2008-09-30,2008-08-30,2008-08-30,2021-09-30,-176000.0,4132341000.0,,2391640000.0,1740701000.0,,10.742,-55038000.0,288556000.0,288556000.0,1114571000.0,119268000.0,2.191,0.498,0.0,0.0,0.0,0.0,0.0,43519000.0,0.0,0.0,0.0,190367000.0,233886000.0,0.126,233886000.0,190367000.0,190367000.0,0.46,0.46,0.46,2757738000.0,,2757738000.0,7743986762.0,10.0,8.095,47211000.0,0.184,1.0,739321000.0,0.399,0.0,0.0,2752275000.0,,1810313000.0,296946000.0,10000000.0,286946000.0,1374603000.0,1091510000.0,283093000.0,7984241762.0,48301000.0,0.0,-25409000.0,0.0,0.0,-25330000.0,-28618000.0,26420000.0,102249000.0,0.0,119268000.0,119268000.0,119268000.0,0.0,0.0,0.064,551900000.0,187421000.0,654626000.0,0.0,2.895,15.742,15.643,1123651000.0,0.0,30.66,1.104,1.089,0.0,3925811000.0,1853892000.0,1853892000.0,0.0,,,,,8821000.0,551900000.0,1.0,260412321.0,256726000,258979000.0,7.221,4132341000.0,0.0,71099000.0,88580000.0,16.096,1300130000.0
53,BBBY,MRQ,2008-06-30,2008-05-31,2008-05-31,2021-09-30,-1071000.0,3986174000.0,,2241320000.0,1744854000.0,,10.341,-51673000.0,240255000.0,240255000.0,992491000.0,76777000.0,2.116,0.502,0.0,0.0,0.0,0.0,0.0,43619000.0,0.0,0.0,0.0,123349000.0,166968000.0,0.101,166968000.0,123349000.0,123349000.0,0.3,0.3,0.3,2653773000.0,,2653773000.0,8025216257.0,10.0,8.12,14127000.0,0.055,1.0,656000000.0,0.398,0.0,0.0,2686774000.0,,1726148000.0,322734000.0,15000000.0,307734000.0,1332401000.0,1059145000.0,273256000.0,8249300257.0,16171000.0,0.0,-2437000.0,0.0,0.0,1878000.0,-51507000.0,166000.0,65800000.0,0.0,76777000.0,76777000.0,76777000.0,0.0,0.0,0.047,537181000.0,118819000.0,597011000.0,0.0,3.109,15.421,15.541,1112116000.0,0.0,31.86,1.155,1.144,0.0,3806543000.0,1648491000.0,1648491000.0,0.0,,,,,13049000.0,537181000.0,1.0,258923423.0,256634000,259263000.0,6.424,3986174000.0,0.0,46572000.0,107988000.0,15.533,1182175000.0
54,BBBY,MRQ,2008-03-31,2008-03-01,2008-03-01,2021-09-30,-1038000.0,3844093000.0,,2079711000.0,1764382000.0,,9.927,-101156000.0,224084000.0,224084000.0,1134088000.0,172921000.0,2.051,0.501,0.0,0.0,0.0,0.0,0.0,41486000.0,0.0,0.0,0.0,265077000.0,306563000.0,0.159,306563000.0,265077000.0,265077000.0,0.67,0.66,0.67,2561828000.0,,2561828000.0,7233306631.0,8.0,7.071,273443000.0,1.06,1.0,799098000.0,0.413,0.0,0.0,2605897000.0,,1616981000.0,326004000.0,0.0,326004000.0,1282265000.0,1014112000.0,268153000.0,7423739631.0,33651000.0,0.0,-95567000.0,0.0,0.0,-93686000.0,-247262000.0,-146106000.0,374599000.0,0.0,172921000.0,172921000.0,172921000.0,0.0,0.0,0.089,539656000.0,259442000.0,570605000.0,0.0,2.898,13.191,13.305,1121906000.0,0.0,28.34,1.053,1.065,0.0,3729766000.0,1933186000.0,1933186000.0,0.0,,,,,13878000.0,539656000.0,1.0,261952704.0,258074000,260849000.0,7.491,3844093000.0,0.0,92156000.0,88641000.0,14.895,1065599000.0
55,BBBY,MRQ,2007-12-31,2007-12-01,2007-12-01,2021-09-30,4067000.0,3863892000.0,,2489814000.0,1374078000.0,,9.456,-103758000.0,190433000.0,190433000.0,1046881000.0,138232000.0,2.23,0.562,0.0,0.0,0.0,0.0,0.0,41107000.0,0.0,0.0,0.0,208120000.0,249227000.0,0.139,249227000.0,208120000.0,208120000.0,0.53,0.52,0.53,2473535000.0,,2473535000.0,8205666036.0,9.0,7.62,-141727000.0,-0.542,1.0,747866000.0,0.417,0.0,0.0,2557055000.0,,1797784000.0,186925000.0,186797000.0,128000.0,1390357000.0,1116404000.0,273953000.0,8328629036.0,67470000.0,0.0,-98204000.0,0.0,0.0,-97066000.0,202505000.0,306263000.0,-37969000.0,0.0,138232000.0,138232000.0,138232000.0,0.0,0.0,0.077,544714000.0,203152000.0,680716000.0,0.0,3.367,13.981,14.295,1064081000.0,0.0,31.45,1.171,1.157,0.0,3556845000.0,1794747000.0,1794747000.0,0.0,,,,,11564000.0,544714000.0,1.0,264821273.0,261588000,265006000.0,6.861,3863892000.0,0.0,69888000.0,102033000.0,14.771,1373410000.0
56,BBBY,MRQ,2007-09-30,2007-09-01,2007-09-01,2021-09-30,4244000.0,3817731000.0,,2475032000.0,1342699000.0,,9.098,-76773000.0,122963000.0,122963000.0,1035558000.0,147008000.0,2.238,0.577,0.0,0.0,0.0,0.0,0.0,37838000.0,0.0,0.0,0.0,227754000.0,265592000.0,0.15,265592000.0,227754000.0,227754000.0,0.55,0.55,0.55,2420667000.0,,2420667000.0,9216313977.0,10.0,8.514,83516000.0,0.314,1.0,732158000.0,0.414,0.0,0.0,2588737000.0,,1602677000.0,492923000.0,460771000.0,32152000.0,1397064000.0,1106031000.0,291033000.0,9399444977.0,-60168000.0,0.0,-238255000.0,0.0,0.0,-237967000.0,17510000.0,94283000.0,160289000.0,0.0,147008000.0,147008000.0,147008000.0,0.0,0.0,0.083,511121000.0,221037000.0,649052000.0,0.0,3.883,15.667,15.89,994344000.0,0.0,34.64,1.355,1.329,0.0,3418613000.0,1767716000.0,1767716000.0,0.0,,,,,10465000.0,511121000.0,1.0,271346564.0,266069000,269531000.0,6.644,3817731000.0,0.0,80746000.0,165444000.0,14.349,1369001000.0
57,BBBY,MRQ,2007-06-30,2007-06-02,2007-06-02,2021-09-30,4314000.0,3868640000.0,,2528426000.0,1340214000.0,,9.142,-76523000.0,183131000.0,183131000.0,907184000.0,104647000.0,2.356,0.547,0.0,0.0,0.0,0.0,0.0,37339000.0,0.0,0.0,0.0,164281000.0,201620000.0,0.13,201620000.0,164281000.0,164281000.0,0.38,0.38,0.38,2500894000.0,,2500894000.0,11010189560.0,12.0,10.211,41094000.0,0.15,1.0,646109000.0,0.416,0.0,0.0,2612502000.0,,1558478000.0,586959000.0,512022000.0,74937000.0,1367746000.0,1073007000.0,294739000.0,11223570560.0,-30250000.0,-85893000.0,-279495000.0,0.0,0.0,-276812000.0,128945000.0,291361000.0,117617000.0,0.0,104647000.0,104647000.0,104647000.0,0.0,0.0,0.067,491718000.0,154391000.0,608982000.0,0.0,4.488,18.754,18.837,954620000.0,0.0,40.5,1.657,1.635,0.0,3271605000.0,1553293000.0,1553293000.0,0.0,,,,,10567000.0,491718000.0,1.0,277125199.0,273564000,278249000.0,5.678,3868640000.0,0.0,59634000.0,192331000.0,14.142,1455419000.0
58,BBBY,MRQ,2007-03-31,2007-03-03,2007-03-03,2021-09-30,4385000.0,3959304000.0,,2698614000.0,1260690000.0,,9.498,-82314000.0,213381000.0,213381000.0,1132005000.0,205842000.0,2.357,0.495,0.0,0.0,0.0,0.0,0.0,37321000.0,0.0,0.0,0.0,323143000.0,360464000.0,0.181,360464000.0,323143000.0,323143000.0,0.74,0.73,0.74,2649151000.0,,2649151000.0,10907287923.0,12.0,10.234,313603000.0,1.124,1.0,862982000.0,0.433,0.0,0.0,2600850000.0,,1505800000.0,877573000.0,774881000.0,102692000.0,1310153000.0,1145073000.0,165080000.0,11207611923.0,-86943000.0,0.0,-280322000.0,0.0,0.0,-272928000.0,-209932000.0,-127618000.0,395917000.0,0.0,205842000.0,205842000.0,205842000.0,0.0,0.0,0.103,553087000.0,309895000.0,615156000.0,0.0,4.231,18.86,18.656,929507000.0,0.0,39.55,1.694,1.675,0.0,3153856000.0,1994987000.0,1994987000.0,0.0,,,,,12429000.0,553087000.0,1.0,283378304.0,278909000,284488000.0,7.153,3959304000.0,0.0,117301000.0,140913000.0,14.196,1553541000.0
59,BBBY,MRQ,2006-12-31,2006-11-25,2006-11-25,2021-09-30,0.0,3972917000.0,,2660491000.0,1312426000.0,,9.706,-99427000.0,300324000.0,300324000.0,915167000.0,142436000.0,2.435,0.456,0.0,0.0,0.0,0.0,0.0,33031000.0,0.0,0.0,0.0,221777000.0,254808000.0,0.157,254808000.0,221777000.0,221777000.0,0.51,0.5,0.51,2728305000.0,,2728305000.0,10927091399.0,12.0,10.385,-115435000.0,-0.411,1.0,704073000.0,0.435,0.0,0.0,2580129000.0,,1639355000.0,750050000.0,517230000.0,232820000.0,1244612000.0,1092464000.0,152148000.0,11095085399.0,132330000.0,0.0,13343000.0,0.0,0.0,15446000.0,132892000.0,232319000.0,-16008000.0,0.0,142436000.0,142436000.0,142436000.0,0.0,0.0,0.088,492939000.0,211134000.0,668727000.0,0.0,4.067,18.923,18.961,878006000.0,0.0,39.25,1.759,1.749,0.0,3020626000.0,1619240000.0,1619240000.0,0.0,,,,,20796000.0,492939000.0,1.0,282677335.0,281097000,285664000.0,5.76,3972917000.0,0.0,79341000.0,35888000.0,14.134,1568027000.0
60,BBBY,MRQ,2006-09-30,2006-08-26,2006-08-26,2021-09-30,0.0,3710769000.0,,2383023000.0,1327746000.0,,9.086,-57038000.0,167994000.0,167994000.0,928990000.0,145535000.0,2.345,0.456,0.0,0.0,0.0,0.0,0.0,31828000.0,0.0,0.0,0.0,229550000.0,261378000.0,0.163,261378000.0,229550000.0,229550000.0,0.52,0.51,0.52,2549220000.0,,2549220000.0,9228487538.0,10.0,8.869,94641000.0,0.337,1.0,678249000.0,0.422,0.0,0.0,2526645000.0,,1421922000.0,982233000.0,649253000.0,332980000.0,1161549000.0,1016130000.0,145419000.0,9316282538.0,80199000.0,0.0,3898000.0,0.0,0.0,227000.0,-71707000.0,-14669000.0,151679000.0,0.0,145535000.0,145535000.0,145535000.0,0.0,0.0,0.091,458627000.0,219622000.0,592210000.0,0.0,3.655,16.104,16.423,801438000.0,0.0,33.01,1.518,1.509,0.0,2878190000.0,1607239000.0,1607239000.0,0.0,,,,,11881000.0,458627000.0,1.0,282226069.0,280567000,284654000.0,5.729,3710769000.0,0.0,84015000.0,57923000.0,13.226,1366893000.0
61,BBBY,MRQ,2006-06-30,2006-05-27,2006-05-27,2021-09-30,0.0,3532759000.0,,2168617000.0,1364142000.0,,8.51,-78722000.0,87795000.0,87795000.0,805865000.0,100431000.0,2.146,0.482,0.0,0.0,0.0,0.0,0.0,30775000.0,0.0,0.0,0.0,158409000.0,189184000.0,0.136,189184000.0,158409000.0,158409000.0,0.36,0.35,0.36,2384471000.0,,2384471000.0,9692549718.0,11.0,9.395,3322000.0,0.012,1.0,590098000.0,0.423,0.0,0.0,2434403000.0,,1391048000.0,967896000.0,554472000.0,413424000.0,1148288000.0,1010561000.0,137727000.0,9940246718.0,-159902000.0,0.0,5472000.0,0.0,0.0,6980000.0,-248926000.0,-170204000.0,82044000.0,0.0,100431000.0,100431000.0,100431000.0,0.0,0.0,0.072,441348000.0,148750000.0,551244000.0,0.0,4.169,17.306,17.878,765101000.0,0.0,35.22,1.668,1.656,0.0,2732655000.0,1395963000.0,1395963000.0,0.0,,,,,14181000.0,441348000.0,1.0,282233013.0,280202000,285153000.0,4.982,3532759000.0,0.0,57978000.0,98690000.0,12.608,1158056000.0
62,BBBY,MRQ,2006-03-31,2006-02-25,2006-02-25,2021-09-30,0.0,3382140000.0,,2071945000.0,1310195000.0,,7.81,-68149000.0,247697000.0,247697000.0,937459000.0,197922000.0,2.094,0.495,0.0,0.0,0.0,0.0,0.0,30671000.0,0.0,0.0,0.0,316169000.0,346840000.0,0.206,346840000.0,316169000.0,316169000.0,0.68,0.67,0.68,2262450000.0,,2262450000.0,10249187898.0,11.0,9.987,294857000.0,1.018,1.0,747820000.0,0.444,0.0,0.0,2144897000.0,,1301720000.0,797975000.0,404113000.0,393862000.0,1119690000.0,989546000.0,130144000.0,10617799898.0,-120915000.0,0.0,-595708000.0,0.0,0.0,-595251000.0,111330000.0,179479000.0,363006000.0,0.0,197922000.0,197922000.0,197922000.0,0.0,0.0,0.117,442903000.0,304917000.0,534910000.0,0.0,4.693,18.535,18.318,738742000.0,0.0,35.72,1.828,1.807,0.0,2632224000.0,1685279000.0,1685279000.0,0.0,,,,,12202000.0,442903000.0,1.0,297250837.0,289684000,294401000.0,5.818,3382140000.0,0.0,118247000.0,92030000.0,11.675,1082399000.0
63,BBBY,MRQ,2005-12-31,2005-11-26,2005-11-26,2021-09-30,0.0,3784774000.0,,2513339000.0,1271435000.0,,8.943,-63984000.0,368612000.0,368612000.0,833317000.0,134620000.0,2.507,0.43,0.0,0.0,0.0,0.0,0.0,28137000.0,0.0,0.0,0.0,215048000.0,243185000.0,0.168,243185000.0,215048000.0,215048000.0,0.45,0.45,0.45,2647577000.0,,2647577000.0,12521846647.0,14.0,12.552,-13272000.0,-0.045,1.0,615363000.0,0.425,147559000.0,0.0,2265982000.0,,1424730000.0,977938000.0,572420000.0,405518000.0,1137197000.0,1002621000.0,134576000.0,12818323647.0,72135000.0,0.0,5013000.0,0.0,0.0,7238000.0,14185000.0,78169000.0,50712000.0,0.0,134620000.0,134620000.0,134620000.0,0.0,0.0,0.093,409870000.0,205493000.0,604716000.0,0.0,4.842,23.058,23.091,696683000.0,0.0,43.18,2.292,2.286,0.0,2434302000.0,1448680000.0,1448680000.0,0.0,,,,,15725000.0,409870000.0,1.0,296857889.0,296041000,301075000.0,4.894,3637215000.0,0.0,80428000.0,33511000.0,12.286,1510718000.0
64,BBBY,MRQ,2005-09-30,2005-08-27,2005-08-27,2021-09-30,0.0,3521278000.0,,2352920000.0,1168358000.0,,8.438,-45863000.0,296477000.0,296477000.0,829398000.0,141402000.0,2.624,0.412,0.0,0.0,0.0,0.0,0.0,26543000.0,0.0,0.0,0.0,225882000.0,252425000.0,0.176,252425000.0,225882000.0,225882000.0,0.48,0.47,0.48,2492991000.0,,2492991000.0,11980561844.0,14.0,12.307,103143000.0,0.349,1.0,601784000.0,0.42,147559000.0,0.0,2180656000.0,,1238875000.0,1056911000.0,703395000.0,353516000.0,1028287000.0,896586000.0,131701000.0,12205089844.0,71949000.0,0.0,18601000.0,0.0,0.0,11934000.0,-88991000.0,-43128000.0,149006000.0,0.0,141402000.0,141402000.0,141402000.0,0.0,0.0,0.099,383907000.0,217877000.0,503056000.0,0.0,4.896,22.468,22.676,645574000.0,0.0,41.27,2.24,2.238,0.0,2299682000.0,1431182000.0,1431182000.0,0.0,,,,,10650000.0,383907000.0,1.0,295737578.0,295458000,301362000.0,4.844,3373719000.0,0.0,84480000.0,50255000.0,11.419,1456334000.0
65,BBBY,MRQ,2005-06-30,2005-05-28,2005-05-28,2021-09-30,0.0,3372342000.0,,2224430000.0,1147912000.0,,7.881,-42398000.0,224528000.0,224528000.0,723640000.0,98903000.0,2.418,0.453,0.0,0.0,0.0,0.0,0.0,25760000.0,0.0,0.0,0.0,157992000.0,183752000.0,0.148,183752000.0,157992000.0,157992000.0,0.34,0.33,0.34,2320303000.0,,2320303000.0,11665665938.0,14.0,12.438,55313000.0,0.188,1.0,520781000.0,0.418,147559000.0,0.0,2080262000.0,,1238976000.0,1014419000.0,651983000.0,362436000.0,1052039000.0,919993000.0,132046000.0,11887773938.0,2420000.0,0.0,8803000.0,0.0,0.0,8803000.0,-104094000.0,-61696000.0,97711000.0,0.0,98903000.0,98903000.0,98903000.0,0.0,0.0,0.079,369897000.0,150884000.0,481949000.0,0.0,5.123,22.781,23.23,616315000.0,0.0,40.42,2.247,2.249,0.0,2158280000.0,1244421000.0,1244421000.0,0.0,,,,,7873000.0,369897000.0,1.0,294106233.0,294413000,299055000.0,4.227,3224783000.0,0.0,59089000.0,89955000.0,10.953,1304437000.0
66,BBBY,MRQ,2005-03-31,2005-02-26,2005-02-26,2021-09-30,0.0,3199979000.0,,2097002000.0,1102977000.0,,7.337,-69196000.0,222108000.0,222108000.0,817100000.0,180980000.0,2.4,0.452,0.0,0.0,0.0,0.0,0.0,27534000.0,0.0,0.0,0.0,290731000.0,318265000.0,0.217,318265000.0,290731000.0,290731000.0,0.6,0.59,0.6,2203762000.0,,2203762000.0,10535532788.0,13.0,11.594,222542000.0,0.741,1.0,650546000.0,0.443,0.0,0.0,2104278000.0,,1152028000.0,953548000.0,629339000.0,324209000.0,996217000.0,873593000.0,122624000.0,11317454788.0,-123049000.0,0.0,-346549000.0,0.0,0.0,-346549000.0,-68238000.0,958000.0,291738000.0,0.0,180980000.0,180980000.0,180980000.0,0.0,0.0,0.123,366925000.0,283621000.0,450525000.0,0.0,5.136,22.412,22.262,609631000.0,0.0,37.4,2.199,2.185,0.0,2059377000.0,1467646000.0,1467646000.0,0.0,,,,,2151000.0,366925000.0,1.0,302605743.0,300368000,305934000.0,4.886,3199979000.0,0.0,109751000.0,81364000.0,10.654,1223409000.0
67,BBBY,MRQ,2004-12-31,2004-11-27,2004-11-27,2021-09-30,0.0,3366959000.0,,2308200000.0,1058759000.0,,7.854,-47374000.0,781922000.0,781922000.0,757003000.0,121927000.0,2.608,0.422,0.0,0.0,0.0,0.0,0.0,23204000.0,0.0,0.0,0.0,195867000.0,219071000.0,0.168,219071000.0,195867000.0,195867000.0,0.4,0.4,0.4,2367180000.0,,2367180000.0,11585099035.0,15.0,13.647,24283000.0,0.081,1.0,548152000.0,0.42,147559000.0,0.0,1552455000.0,,1213785000.0,518410000.0,186854000.0,331556000.0,999779000.0,885023000.0,114756000.0,12431449035.0,50082000.0,0.0,18772000.0,0.0,0.0,18772000.0,-40347000.0,7027000.0,71657000.0,0.0,121927000.0,121927000.0,121927000.0,0.0,0.0,0.093,357174000.0,190978000.0,518817000.0,0.0,5.252,26.55,26.481,558496000.0,0.0,41.31,2.497,2.501,0.0,1878397000.0,1305155000.0,1305155000.0,0.0,,,,,18951000.0,357174000.0,1.0,300930744.0,301409000,307557000.0,4.33,3219400000.0,0.0,73940000.0,27259000.0,10.681,1423177000.0
68,BBBY,MRQ,2004-09-30,2004-08-28,2004-08-28,2021-09-30,0.0,3122849000.0,,2113104000.0,1009745000.0,,7.339,-42175000.0,846350000.0,846350000.0,743131000.0,120008000.0,2.627,0.415,0.0,0.0,0.0,0.0,0.0,24056000.0,0.0,0.0,0.0,192784000.0,216840000.0,0.17,216840000.0,192784000.0,192784000.0,0.4,0.39,0.4,2207530000.0,,2207530000.0,10504379764.0,15.0,12.909,141359000.0,0.47,1.0,530829000.0,0.417,147559000.0,0.0,1324498000.0,,1052813000.0,411330000.0,105498000.0,305832000.0,915319000.0,804442000.0,110877000.0,11262480764.0,34355000.0,0.0,4688000.0,0.0,0.0,-1979000.0,-147200000.0,-105025000.0,183534000.0,0.0,120008000.0,120008000.0,120008000.0,0.0,0.0,0.094,341721000.0,189108000.0,428393000.0,0.0,5.102,25.206,24.98,534795000.0,0.0,37.47,2.323,2.325,0.0,1756470000.0,1273960000.0,1273960000.0,0.0,,,,,3240000.0,341721000.0,1.0,300573279.0,300778000,306495000.0,4.236,2975290000.0,0.0,72776000.0,50469000.0,9.892,1308662000.0
69,BBBY,MRQ,2004-06-30,2004-05-29,2004-05-29,2021-09-30,0.0,2975940000.0,,1986793000.0,989147000.0,,6.922,-22618000.0,758101000.0,758101000.0,644143000.0,82049000.0,2.532,0.431,0.0,0.0,0.0,0.0,0.0,22697000.0,0.0,0.0,0.0,131805000.0,154502000.0,0.14,154502000.0,131805000.0,131805000.0,0.27,0.27,0.27,2079594000.0,,2079594000.0,10370798969.0,15.0,13.375,37484000.0,0.125,1.0,456774000.0,0.415,147269000.0,0.0,1285786000.0,,1065519000.0,360514000.0,56681000.0,303833000.0,896346000.0,784784000.0,111562000.0,11195813969.0,-33780000.0,0.0,4018000.0,0.0,0.0,4018000.0,-97900000.0,-75282000.0,60102000.0,0.0,82049000.0,82049000.0,82049000.0,0.0,0.0,0.075,328067000.0,128707000.0,428294000.0,0.0,5.384,26.405,26.056,516583000.0,0.0,37.26,2.39,2.389,0.0,1636462000.0,1100917000.0,1100917000.0,0.0,,,,,2707000.0,328067000.0,1.0,300478099.0,300417000,306584000.0,3.665,2828671000.0,0.0,49756000.0,32422000.0,9.416,1202009000.0
70,BBBY,MRQ,2004-03-31,2004-02-28,2004-02-28,2021-09-30,0.0,2865023000.0,,1969286000.0,895737000.0,,6.65,-29835000.0,294500000.0,294500000.0,734576000.0,144248000.0,2.559,0.439,0.0,0.0,0.0,0.0,0.0,23959000.0,0.0,0.0,0.0,234550000.0,258509000.0,0.199,258509000.0,234550000.0,234550000.0,0.49,0.47,0.49,1990820000.0,,1990820000.0,11592531850.0,18.0,15.79,213735000.0,0.714,1.0,563352000.0,0.434,147269000.0,0.0,1653720000.0,,1012334000.0,782883000.0,572095000.0,210788000.0,874203000.0,769534000.0,104669000.0,12212862850.0,-190070000.0,0.0,25488000.0,0.0,0.0,25488000.0,-459128000.0,-429293000.0,243570000.0,0.0,144248000.0,144248000.0,144248000.0,0.0,0.0,0.111,331785000.0,231567000.0,398650000.0,0.0,6.135,30.573,30.319,516164000.0,0.0,40.93,2.727,2.713,0.0,1554413000.0,1297928000.0,1297928000.0,0.0,,,,,21141000.0,331785000.0,1.0,298384140.0,299362000,306394000.0,4.336,2717754000.0,0.0,90302000.0,33845000.0,9.078,1199752000.0
71,BBBY,MRQ,2003-12-31,2003-11-29,2003-11-29,2021-09-30,0.0,2779061000.0,,1967023000.0,812038000.0,,6.055,-49042000.0,620331000.0,620331000.0,687753000.0,100506000.0,2.193,0.544,0.0,0.0,0.0,0.0,0.0,20429000.0,0.0,0.0,0.0,163424000.0,183853000.0,0.157,183853000.0,163424000.0,163424000.0,0.34,0.33,0.34,1799943000.0,,1799943000.0,11890385740.0,20.0,17.889,4404000.0,0.015,1.0,486987000.0,0.415,145932000.0,0.0,1115996000.0,,1167808000.0,217935000.0,84059000.0,133876000.0,979118000.0,896802000.0,82316000.0,12507766740.0,2950000.0,0.0,31795000.0,0.0,0.0,31795000.0,-82291000.0,-33249000.0,53446000.0,0.0,100506000.0,100506000.0,100506000.0,0.0,0.0,0.086,325528000.0,161459000.0,529440000.0,0.0,6.949,34.693,34.623,506064000.0,0.0,42.24,2.957,2.969,0.0,1410165000.0,1174740000.0,1174740000.0,0.0,,,,,25057000.0,325528000.0,1.0,296111902.0,297279000,305156000.0,3.952,2633129000.0,0.0,62918000.0,27315000.0,8.857,1070221000.0
72,BBBY,MRQ,2003-09-30,2003-08-30,2003-08-30,2021-09-30,0.0,2488945000.0,,1719838000.0,769107000.0,,5.553,-21369000.0,617381000.0,617381000.0,652300000.0,97208000.0,2.244,0.515,0.0,0.0,0.0,0.0,0.0,20476000.0,0.0,0.0,0.0,158062000.0,178538000.0,0.161,178538000.0,158062000.0,158062000.0,0.33,0.32,0.33,1642585000.0,,1642585000.0,12066988539.0,22.0,19.441,118392000.0,0.4,1.0,459145000.0,0.413,145932000.0,0.0,959264000.0,,958778000.0,185116000.0,65269000.0,119847000.0,846360000.0,766368000.0,79992000.0,12750733539.0,-66364000.0,-175487000.0,5339000.0,-21215000.0,0.0,-15876000.0,-190249000.0,6607000.0,139761000.0,0.0,97208000.0,97208000.0,97208000.0,0.0,0.0,0.087,303278000.0,155867000.0,386335000.0,0.0,7.763,38.046,37.833,477213000.0,0.0,43.13,3.195,3.197,0.0,1309659000.0,1111445000.0,1111445000.0,0.0,,,,,5505000.0,303278000.0,1.0,295634907.0,295811000,304172000.0,3.757,2343013000.0,0.0,60854000.0,55049000.0,7.921,953470000.0
73,BBBY,MRQ,2003-06-30,2003-05-31,2003-05-31,2021-09-30,0.0,2309971000.0,,1733810000.0,576161000.0,,5.202,-8757000.0,683745000.0,683745000.0,526688000.0,57508000.0,2.425,0.505,0.0,0.0,0.0,0.0,0.0,19781000.0,0.0,0.0,0.0,93509000.0,113290000.0,0.127,113290000.0,93509000.0,93509000.0,0.19,0.19,0.19,1534533000.0,,1534533000.0,11823983411.0,23.0,20.144,98912000.0,0.335,1.0,367180000.0,0.411,0.0,0.0,911183000.0,,926906000.0,191438000.0,50682000.0,140756000.0,775438000.0,715043000.0,60395000.0,12339653411.0,168075000.0,0.0,11975000.0,0.0,0.0,11975000.0,48431000.0,57188000.0,107669000.0,0.0,57508000.0,57508000.0,57508000.0,0.0,0.0,0.064,276730000.0,90450000.0,379240000.0,0.0,8.041,39.375,39.056,412883000.0,0.0,41.79,3.263,3.259,0.0,1212451000.0,893868000.0,893868000.0,0.0,,,,,13129000.0,276730000.0,1.0,295277660.0,294963000,303038000.0,3.03,2309971000.0,0.0,36001000.0,68010000.0,7.831,1018767000.0
74,BBBY,MRQ,2003-03-31,2003-03-01,2003-03-01,2021-09-30,0.0,2188842000.0,,1594391000.0,594451000.0,,4.935,-12790000.0,515670000.0,515670000.0,605666000.0,105309000.0,2.344,0.508,0.0,0.0,0.0,0.0,0.0,17759000.0,0.0,0.0,0.0,171235000.0,188994000.0,0.18,188994000.0,171235000.0,171235000.0,0.36,0.35,0.36,1451921000.0,,1451921000.0,9422107032.0,19.0,16.642,170487000.0,0.579,1.0,443626000.0,0.423,15556000.0,0.0,977445000.0,,915671000.0,248932000.0,100927000.0,148005000.0,736921000.0,680171000.0,56750000.0,9715138032.0,86878000.0,0.0,2889000.0,0.0,0.0,2889000.0,-99288000.0,-86498000.0,183277000.0,0.0,105309000.0,105309000.0,105309000.0,0.0,0.0,0.1,275185000.0,168441000.0,362965000.0,0.0,6.691,32.15,32.078,423907000.0,0.0,33.04,2.651,2.641,0.0,1154943000.0,1049292000.0,1049292000.0,0.0,,,,,4231000.0,275185000.0,1.0,294041708.0,294235000,301834000.0,3.566,2173286000.0,0.0,65926000.0,71008000.0,7.386,914220000.0
75,BBBY,MRQ,2002-12-31,2002-11-30,2002-11-30,2021-09-30,0.0,2107537000.0,,1505726000.0,601811000.0,,4.567,-64862000.0,293031000.0,293031000.0,549806000.0,75112000.0,2.094,0.573,0.0,0.0,0.0,0.0,0.0,17747000.0,0.0,0.0,0.0,122133000.0,139880000.0,0.149,139880000.0,122133000.0,122133000.0,0.26,0.25,0.26,1339492000.0,,1339492000.0,9816696446.0,22.0,18.576,20469000.0,0.07,1.0,386224000.0,0.413,0.0,0.0,1095460000.0,,989074000.0,299180000.0,150000000.0,149180000.0,768045000.0,719046000.0,48999000.0,10150322446.0,-40595000.0,0.0,11690000.0,0.0,0.0,11690000.0,-137616000.0,-72754000.0,85331000.0,0.0,75112000.0,75112000.0,75112000.0,0.0,0.0,0.08,266996000.0,119228000.0,427324000.0,0.0,7.578,36.31,35.763,428876000.0,0.0,34.69,2.904,2.911,0.0,1049634000.0,936030000.0,936030000.0,0.0,,,,,14972000.0,266996000.0,1.0,292600820.0,293307000,301345000.0,3.191,2107537000.0,0.0,47021000.0,42329000.0,7.185,786680000.0
76,BBBY,MRQ,2002-09-30,2002-08-31,2002-08-31,2021-09-30,0.0,1879659000.0,,1347528000.0,532131000.0,,4.232,-45971000.0,333626000.0,333626000.0,532709000.0,75459000.0,2.267,0.519,0.0,0.0,0.0,0.0,0.0,22124000.0,0.0,0.0,0.0,122697000.0,144821000.0,0.16,144821000.0,122697000.0,122697000.0,0.26,0.25,0.26,1237718000.0,,1237718000.0,8983258732.0,21.0,18.308,26971000.0,0.092,1.0,370335000.0,0.41,0.0,0.0,951573000.0,,859891000.0,226426000.0,100000000.0,126426000.0,641941000.0,594460000.0,47481000.0,9363693732.0,-46809000.0,0.0,5973000.0,0.0,0.0,5973000.0,-125724000.0,-79753000.0,72942000.0,0.0,75459000.0,75459000.0,75459000.0,0.0,0.0,0.084,250648000.0,119687000.0,311604000.0,0.0,7.565,36.379,36.022,381761000.0,0.0,32.06,2.822,2.825,0.0,974522000.0,903044000.0,903044000.0,0.0,,,,,5026000.0,250648000.0,1.0,292067802.0,292441000,300737000.0,3.088,1879659000.0,0.0,47238000.0,49791000.0,6.427,753068000.0
77,BBBY,MRQ,2002-06-30,2002-06-01,2002-06-01,2021-09-30,0.0,1809949000.0,,1281411000.0,528538000.0,,3.946,-11631000.0,380435000.0,380435000.0,458436000.0,46299000.0,2.089,0.572,0.0,0.0,0.0,0.0,0.0,17195000.0,0.0,0.0,0.0,75283000.0,92478000.0,0.119,92478000.0,75283000.0,75283000.0,0.16,0.15,0.16,1151260000.0,,1151260000.0,9583689726.0,25.0,21.35,66136000.0,0.227,1.0,318362000.0,0.41,0.0,0.0,816057000.0,,850041000.0,146673000.0,0.0,146673000.0,658689000.0,613457000.0,45232000.0,10013185726.0,-49061000.0,-24097000.0,3664000.0,0.0,0.0,3664000.0,-130492000.0,-94764000.0,77767000.0,0.0,46299000.0,46299000.0,46299000.0,0.0,0.0,0.06,245661000.0,72701000.0,329317000.0,0.0,8.698,42.448,41.829,357914000.0,0.0,34.3,3.2,3.198,0.0,899063000.0,776798000.0,776798000.0,0.0,,,,,6947000.0,245661000.0,1.0,291929613.0,291726000,300674000.0,2.663,1809949000.0,0.0,28984000.0,58327000.0,6.204,667954000.0
78,BBBY,MRQ,2002-03-31,2002-03-02,2002-03-02,2021-09-30,0.0,1647517000.0,,1226717000.0,420800000.0,,3.76,-25087000.0,429496000.0,429496000.0,508820000.0,82674000.0,2.399,0.505,0.0,0.0,0.0,0.0,0.0,16860000.0,0.0,0.0,0.0,134430000.0,151290000.0,0.172,151290000.0,134430000.0,134430000.0,0.29,0.28,0.29,1094350000.0,,1094350000.0,9596763027.0,27.0,22.87,151026000.0,0.519,1.0,370235000.0,0.421,0.0,0.0,706743000.0,,753972000.0,51909000.0,0.0,51909000.0,553167000.0,511278000.0,41889000.0,9918095027.0,108164000.0,0.0,9047000.0,0.0,0.0,9047000.0,-76996000.0,-51909000.0,176113000.0,0.0,82674000.0,82674000.0,82674000.0,0.0,0.0,0.094,238158000.0,132077000.0,270917000.0,0.0,9.063,45.165,44.934,361741000.0,0.0,34.15,3.387,3.381,0.0,852764000.0,879055000.0,879055000.0,0.0,,,,,9824000.0,238158000.0,1.0,290427380.0,291062000,300011000.0,3.02,1647517000.0,0.0,51756000.0,49438000.0,5.66,715439000.0
79,BBBY,MRQ,2001-12-31,2001-12-01,2001-12-01,2021-09-30,0.0,1585205000.0,,1223809000.0,361396000.0,,3.421,-46766000.0,321332000.0,321332000.0,448408000.0,52964000.0,2.187,0.597,0.0,0.0,0.0,0.0,0.0,15958000.0,0.0,0.0,0.0,86120000.0,102078000.0,0.134,102078000.0,86120000.0,86120000.0,0.18,0.18,0.18,992805000.0,,992805000.0,9078718759.0,28.0,23.422,-20297000.0,-0.07,1.0,311030000.0,0.41,0.0,0.0,704307000.0,,849238000.0,0.0,0.0,0.0,592400000.0,559566000.0,32834000.0,9417488759.0,-17438000.0,0.0,2859000.0,0.0,0.0,2859000.0,-46766000.0,0.0,26469000.0,0.0,52964000.0,52964000.0,52964000.0,0.0,0.0,0.07,227281000.0,83749000.0,346264000.0,0.0,9.486,46.797,46.386,353514000.0,0.0,32.47,3.369,3.371,0.0,770090000.0,759438000.0,759438000.0,0.0,,,,,3300000.0,227281000.0,1.0,290036611.0,290188000,298365000.0,2.617,1585205000.0,0.0,33156000.0,29143000.0,5.463,664243000.0
80,BBBY,MRQ,2001-09-30,2001-09-01,2001-09-01,2021-09-30,0.0,1448727000.0,,1118330000.0,330397000.0,,3.222,-25358000.0,338770000.0,338770000.0,422294000.0,53954000.0,2.308,0.552,0.0,0.0,0.0,0.0,0.0,15311000.0,0.0,0.0,0.0,87730000.0,103041000.0,0.144,103041000.0,87730000.0,87730000.0,0.19,0.18,0.19,933682000.0,,933682000.0,8073198900.0,26.0,22.16,57812000.0,0.199,1.0,291342000.0,0.408,0.0,0.0,625327000.0,,733157000.0,0.0,0.0,0.0,515045000.0,484630000.0,30415000.0,8349164900.0,62804000.0,0.0,4992000.0,0.0,0.0,4992000.0,-25358000.0,0.0,83170000.0,0.0,53954000.0,53954000.0,53954000.0,0.0,0.0,0.076,206670000.0,84672000.0,296166000.0,0.0,8.942,44.189,43.712,322706000.0,0.0,28.85,3.165,3.17,0.0,717126000.0,713636000.0,713636000.0,0.0,,,,,5743000.0,206670000.0,1.0,289399130.0,289791000,298816000.0,2.463,1448727000.0,0.0,33776000.0,31649000.0,4.999,633700000.0
81,BBBY,MRQ,2001-06-30,2001-06-02,2001-06-02,2021-09-30,0.0,1337790000.0,,1017822000.0,319968000.0,,3.012,-24421000.0,275966000.0,275966000.0,340874000.0,30007000.0,2.309,0.539,0.0,0.0,0.0,0.0,0.0,14418000.0,0.0,0.0,0.0,48792000.0,63210000.0,0.11,63210000.0,48792000.0,48792000.0,0.1,0.1,0.1,868993000.0,,868993000.0,8604436726.0,29.0,25.051,27783000.0,0.096,1.0,234959000.0,0.408,0.0,0.0,621019000.0,,696896000.0,0.0,0.0,0.0,468797000.0,440805000.0,27992000.0,8843764726.0,36638000.0,0.0,8855000.0,0.0,0.0,8855000.0,-24421000.0,0.0,52204000.0,0.0,30007000.0,30007000.0,30007000.0,0.0,0.0,0.052,189357000.0,45602000.0,260121000.0,0.0,10.177,49.527,49.419,312659000.0,0.0,30.64,3.519,3.517,0.0,663172000.0,575833000.0,575833000.0,0.0,,,,,13113000.0,189357000.0,1.0,288634619.0,288467000,297479000.0,1.996,1337790000.0,0.0,18785000.0,35252000.0,4.638,577017000.0
82,BBBY,MRQ,2001-03-31,2001-03-03,2001-03-03,2021-09-30,0.0,1195725000.0,,885713000.0,310012000.0,,2.848,-28360000.0,239328000.0,239328000.0,434305000.0,64315000.0,2.508,0.464,0.0,0.0,0.0,0.0,0.0,13854000.0,0.0,0.0,0.0,105434000.0,119288000.0,0.16,119288000.0,105434000.0,105434000.0,0.23,0.22,0.23,817018000.0,,817018000.0,6914188630.0,25.0,21.048,87190000.0,0.304,1.0,311802000.0,0.418,0.0,0.0,603208000.0,,606704000.0,0.0,0.0,0.0,378707000.0,353189000.0,25518000.0,7055049630.0,98467000.0,0.0,11277000.0,0.0,0.0,11277000.0,-28360000.0,0.0,115550000.0,0.0,64315000.0,64315000.0,64315000.0,0.0,0.0,0.086,209904000.0,101898000.0,192401000.0,0.0,8.635,41.036,40.475,302656000.0,0.0,24.69,2.944,2.925,0.0,633165000.0,746107000.0,746107000.0,0.0,,,,,16348000.0,209904000.0,1.0,285745226.0,286868000,296020000.0,2.601,1195725000.0,0.0,41119000.0,31988000.0,4.168,532524000.0
83,BBBY,MRQ,2000-12-31,2000-11-25,2000-11-25,2021-09-30,0.0,1166480000.0,,866890000.0,299590000.0,,2.551,-54569000.0,140861000.0,140861000.0,355924000.0,40665000.0,2.069,0.609,0.0,0.0,0.0,0.0,0.0,12105000.0,0.0,0.0,0.0,66664000.0,78769000.0,0.131,78769000.0,66664000.0,66664000.0,0.14,0.14,0.14,725078000.0,,725078000.0,5903673136.0,23.0,19.825,-24004000.0,-0.084,1.0,246080000.0,0.409,0.0,0.0,606667000.0,,687143000.0,0.0,0.0,0.0,441402000.0,418952000.0,22450000.0,6051373136.0,-6839000.0,0.0,17165000.0,0.0,0.0,17165000.0,-54569000.0,0.0,30565000.0,0.0,40665000.0,40665000.0,40665000.0,0.0,0.0,0.068,181488000.0,64592000.0,270045000.0,0.0,8.346,38.791,39.593,288150000.0,0.0,21.38,2.745,2.756,0.0,568850000.0,602004000.0,602004000.0,0.0,,,,,18635000.0,181488000.0,1.0,283038968.0,284237000,294164000.0,2.118,1166480000.0,0.0,25999000.0,17509000.0,4.104,447938000.0
84,BBBY,MRQ,2000-09-30,2000-08-26,2000-08-26,2021-09-30,0.0,1037527000.0,,780937000.0,256590000.0,,2.293,-38430000.0,147700000.0,147700000.0,348097000.0,43578000.0,2.126,0.6,0.0,0.0,0.0,0.0,0.0,10763000.0,0.0,0.0,0.0,71440000.0,82203000.0,0.139,82203000.0,71440000.0,71440000.0,0.15,0.15,0.15,648613000.0,,648613000.0,5039306083.0,21.0,18.051,9094000.0,0.032,1.0,241284000.0,0.409,0.0,0.0,522529000.0,,594602000.0,0.0,0.0,0.0,388914000.0,367298000.0,21616000.0,5175693083.0,11313000.0,0.0,2219000.0,0.0,0.0,2219000.0,-38430000.0,0.0,47524000.0,0.0,43578000.0,43578000.0,43578000.0,0.0,0.0,0.074,171275000.0,70009000.0,214250000.0,0.0,7.98,35.199,35.902,245686000.0,0.0,18.31,2.477,2.479,0.0,528185000.0,589381000.0,589381000.0,0.0,,,,,1842000.0,171275000.0,1.0,282670294.0,282872000,291363000.0,2.084,1037527000.0,0.0,27862000.0,32074000.0,3.668,413639000.0
85,BBBY,MRQ,2000-06-30,2000-05-27,2000-05-27,2021-09-30,0.0,954619000.0,,726469000.0,228150000.0,,2.133,-19036000.0,136387000.0,136387000.0,271870000.0,23364000.0,2.183,0.588,0.0,0.0,0.0,0.0,0.0,9928000.0,0.0,0.0,0.0,38301000.0,48229000.0,0.105,48229000.0,38301000.0,38301000.0,0.08,0.08,0.08,600974000.0,,600974000.0,4643260568.0,21.0,17.942,-14739000.0,-0.052,1.0,187293000.0,0.408,0.0,0.0,485375000.0,,548018000.0,0.0,0.0,0.0,353645000.0,332857000.0,20788000.0,4787291568.0,-7644000.0,0.0,7095000.0,0.0,0.0,7095000.0,-19036000.0,0.0,4297000.0,0.0,23364000.0,23364000.0,23364000.0,0.0,0.0,0.051,150954000.0,36339000.0,188218000.0,0.0,7.966,35.018,35.292,218019000.0,0.0,16.94,2.446,2.438,0.0,484607000.0,459163000.0,459163000.0,0.0,,,,,11470000.0,150954000.0,1.0,282602808.0,281718000,289954000.0,1.63,954619000.0,0.0,14937000.0,29666000.0,3.389,393612000.0
86,BBBY,MRQ,2000-03-31,2000-02-26,2000-02-26,2021-09-30,0.0,865800000.0,,647368000.0,218432000.0,,1.991,-15807000.0,144031000.0,144031000.0,315857000.0,48392000.0,2.257,0.549,0.0,0.0,0.0,0.0,0.0,9258000.0,0.0,0.0,0.0,79332000.0,88590000.0,0.16,88590000.0,79332000.0,79332000.0,0.17,0.17,0.17,559045000.0,,559045000.0,3252120448.0,15.0,13.18,35594000.0,0.127,1.0,238233000.0,0.43,0.0,0.0,434986000.0,,470433000.0,0.0,0.0,0.0,306755000.0,286783000.0,19972000.0,3359755448.0,36396000.0,0.0,802000.0,0.0,0.0,802000.0,-15807000.0,0.0,51401000.0,0.0,48392000.0,48392000.0,48392000.0,0.0,0.0,0.087,161095000.0,77138000.0,145114000.0,0.0,6.01,25.602,25.468,208911000.0,0.0,11.97,1.809,1.804,0.0,461243000.0,554090000.0,554090000.0,0.0,,,,,538000.0,161095000.0,1.0,280681324.0,280749000,288183000.0,1.974,865800000.0,0.0,30940000.0,33590000.0,3.084,360585000.0
87,BBBY,MRQ,1999-12-31,1999-11-27,1999-11-27,2021-09-30,0.0,875365000.0,,639817000.0,235548000.0,,1.817,-50074000.0,107635000.0,107635000.0,289673000.0,31707000.0,1.844,0.719,0.0,0.0,0.0,0.0,0.0,8169000.0,0.0,0.0,0.0,51978000.0,60147000.0,0.124,60147000.0,51978000.0,51978000.0,0.11,0.11,0.11,509313000.0,,509313000.0,4317432922.0,22.0,19.492,-26872000.0,-0.096,1.0,196784000.0,0.405,0.0,0.0,420745000.0,,522433000.0,0.0,0.0,0.0,366052000.0,346985000.0,19067000.0,4448277922.0,-23210000.0,0.0,3662000.0,0.0,0.0,3662000.0,-50074000.0,0.0,23202000.0,0.0,31707000.0,31707000.0,31707000.0,0.0,0.0,0.065,146177000.0,50607000.0,201997000.0,0.0,8.734,38.007,38.325,202362000.0,0.0,15.905,2.605,2.611,0.0,412851000.0,486457000.0,486457000.0,0.0,,,,,4709000.0,146177000.0,1.0,279677958.0,280359000,288345000.0,1.735,875365000.0,0.0,20271000.0,20783000.0,3.122,292832000.0
88,BBBY,MRQ,1999-09-30,1999-08-28,1999-08-28,2021-09-30,0.0,770085000.0,,577925000.0,192160000.0,,1.679,-17183000.0,130845000.0,130845000.0,272016000.0,33247000.0,2.045,0.641,0.0,0.0,0.0,0.0,0.0,7317000.0,0.0,0.0,0.0,54503000.0,61820000.0,0.135,61820000.0,54503000.0,54503000.0,0.12,0.12,0.12,469235000.0,,469235000.0,3630742449.0,20.0,17.441,5627000.0,0.02,1.0,185570000.0,0.406,0.0,0.0,356567000.0,,439535000.0,0.0,0.0,0.0,300850000.0,282673000.0,18177000.0,3754500449.0,7087000.0,0.0,1460000.0,0.0,0.0,1460000.0,-17183000.0,0.0,22810000.0,0.0,33247000.0,33247000.0,33247000.0,0.0,0.0,0.073,131990000.0,53580000.0,151558000.0,0.0,8.001,34.138,34.025,160457000.0,0.0,13.44,2.369,2.371,0.0,381145000.0,457586000.0,457586000.0,0.0,,,,,829000.0,131990000.0,1.0,279352712.0,279556000,288334000.0,1.637,770085000.0,0.0,21256000.0,21124000.0,2.755,295252000.0
89,BBBY,MRQ,1999-06-30,1999-05-29,1999-05-29,2021-09-30,0.0,724648000.0,,545226000.0,179422000.0,,1.554,-7034000.0,123758000.0,123758000.0,213158000.0,17883000.0,1.992,0.671,0.0,0.0,0.0,0.0,0.0,6881000.0,0.0,0.0,0.0,29317000.0,36198000.0,0.101,36198000.0,29317000.0,29317000.0,0.065,0.06,0.065,433699000.0,,433699000.0,4684214900.0,28.0,24.124,31489000.0,0.113,1.0,146214000.0,0.407,0.0,0.0,327232000.0,,415076000.0,0.0,0.0,0.0,290949000.0,273658000.0,17291000.0,4774610900.0,33362000.0,0.0,1873000.0,0.0,0.0,1873000.0,-7034000.0,0.0,38523000.0,0.0,17883000.0,17883000.0,17883000.0,0.0,0.0,0.05,118199000.0,28015000.0,150253000.0,0.0,11.009,46.701,46.836,150591000.0,0.0,17.095,3.243,3.24,0.0,347898000.0,359372000.0,359372000.0,0.0,,,,,2856000.0,118199000.0,1.0,279298678.0,279056000,288074000.0,1.288,724648000.0,0.0,11434000.0,22773000.0,2.597,271568000.0
90,BBBY,MRQ,1999-03-31,1999-02-27,1999-02-27,2021-09-30,0.0,633148000.0,,473262000.0,159886000.0,,1.475,-19762000.0,90396000.0,90396000.0,228867000.0,34200000.0,2.301,0.54,0.0,0.0,0.0,0.0,0.0,6575000.0,0.0,0.0,0.0,56762000.0,63337000.0,0.157,63337000.0,56762000.0,56762000.0,0.12,0.12,0.12,411087000.0,,411087000.0,4023531591.0,25.0,21.774,23635000.0,0.085,1.0,175530000.0,0.434,0.0,0.0,337047000.0,,360337000.0,0.0,0.0,0.0,222061000.0,205705000.0,16356000.0,4098081591.0,15846000.0,0.0,-7789000.0,0.0,0.0,-7789000.0,-19762000.0,0.0,43397000.0,0.0,34200000.0,34200000.0,34200000.0,0.0,0.0,0.085,120136000.0,55394000.0,99370000.0,0.0,9.969,42.098,42.057,150438000.0,0.0,14.72,2.965,2.957,0.0,330014000.0,404397000.0,404397000.0,0.0,,,,,11546000.0,120136000.0,1.0,278402282.0,278731252,288358748.0,1.451,633148000.0,0.0,22562000.0,16610000.0,2.272,267557000.0
91,BBBY,MRQ,1998-12-31,1998-11-28,1998-11-28,2021-09-30,0.0,646868000.0,,483816000.0,163052000.0,,1.342,-17080000.0,74550000.0,74550000.0,214958000.0,24651000.0,1.873,0.734,0.0,0.0,0.0,0.0,0.0,5899000.0,0.0,0.0,0.0,40915000.0,46814000.0,0.129,46814000.0,40915000.0,40915000.0,0.09,0.085,0.09,373130000.0,,373130000.0,4374390702.0,30.0,26.073,10114000.0,0.036,1.0,148473000.0,0.409,0.0,0.0,313947000.0,,401749000.0,0.0,0.0,0.0,273738000.0,258371000.0,15367000.0,4433298702.0,15642000.0,0.0,5528000.0,0.0,0.0,5528000.0,-17080000.0,0.0,27194000.0,0.0,24651000.0,24651000.0,24651000.0,0.0,0.0,0.068,108319000.0,40154000.0,163354000.0,0.0,11.881,50.384,59.148,137251000.0,0.0,15.97,3.455,3.46,0.0,295815000.0,363431000.0,363431000.0,0.0,,,,,0.0,108319000.0,1.0,277601672.0,277943524,286159704.0,1.308,646868000.0,0.0,16264000.0,9820000.0,2.327,225445000.0
92,BBBY,MRQ,1998-09-30,1998-08-29,1998-08-29,2021-09-30,0.0,557926000.0,,407220000.0,150706000.0,,1.236,-15816000.0,58908000.0,58908000.0,203003000.0,25504000.0,2.03,0.627,0.0,0.0,0.0,0.0,0.0,5491000.0,0.0,0.0,0.0,42331000.0,47822000.0,0.139,47822000.0,42331000.0,42331000.0,0.09,0.09,0.09,342951000.0,,342951000.0,2571070057.0,19.0,16.362,-1619000.0,-0.006,1.0,141943000.0,0.411,0.0,0.0,298423000.0,,342525000.0,0.0,0.0,0.0,214975000.0,200595000.0,14380000.0,2628282057.0,1696000.0,0.0,3315000.0,0.0,0.0,3315000.0,-15816000.0,0.0,14197000.0,0.0,25504000.0,25504000.0,25504000.0,0.0,0.0,0.074,100183000.0,41760000.0,109506000.0,0.0,7.664,31.942,37.88,126070000.0,0.0,9.47,2.189,2.189,0.0,271165000.0,344946000.0,344946000.0,0.0,,,,,0.0,100183000.0,1.0,277537704.0,277480220,285869732.0,1.243,557926000.0,0.0,16827000.0,7979000.0,2.011,206625000.0
93,BBBY,MRQ,1998-06-30,1998-05-30,1998-05-30,2021-09-30,0.0,518029000.0,,379134000.0,138895000.0,,1.136,-9616000.0,57212000.0,57212000.0,159392000.0,12991000.0,1.992,0.649,0.0,0.0,0.0,0.0,0.0,5252000.0,0.0,0.0,0.0,21561000.0,26813000.0,0.099,26813000.0,21561000.0,21561000.0,0.0,0.0,0.0,314132000.0,,314132000.0,3421483164.0,27.0,23.447,-1812000.0,-0.007,1.0,110179000.0,0.409,0.0,0.0,270482000.0,,316546000.0,0.0,0.0,0.0,203897000.0,190335000.0,13562000.0,3474763164.0,3932000.0,0.0,5744000.0,0.0,0.0,5744000.0,-9616000.0,0.0,7804000.0,0.0,12991000.0,12991000.0,12991000.0,0.0,0.0,0.048,89435000.0,20744000.0,103723000.0,,11.061,45.585,54.554,115745000.0,0.0,12.547,3.095,3.092,0.0,245659000.0,269571000.0,269571000.0,0.0,,,,,0.0,89435000.0,1.0,276928724.0,276641008,285499824.0,0.974,518029000.0,0.0,8570000.0,11232000.0,1.873,188799000.0
94,BBBY,MRQ,1998-03-31,1998-02-28,1998-02-28,2021-09-30,0.0,458330000.0,,325960000.0,132370000.0,,1.07,-7081000.0,53280000.0,53280000.0,176341000.0,24845000.0,2.168,0.552,0.0,0.0,0.0,0.0,0.0,5091000.0,0.0,0.0,0.0,41237000.0,46328000.0,0.152,46328000.0,41237000.0,41237000.0,0.09,0.085,0.09,295397000.0,,295397000.0,2937730443.0,24.0,21.038,15299000.0,0.055,1.0,128736000.0,0.422,0.0,0.0,254707000.0,,270357000.0,0.0,0.0,0.0,162933000.0,150343000.0,12590000.0,2978128443.0,12882000.0,0.0,-2417000.0,0.0,0.0,-2417000.0,-7081000.0,0.0,22380000.0,0.0,24845000.0,24845000.0,24845000.0,0.0,0.0,0.081,88128000.0,40608000.0,64718000.0,0.0,10.082,40.717,40.745,111381000.0,0.0,10.797,2.792,2.787,0.0,232668000.0,305077000.0,305077000.0,0.0,,,,,4438000.0,88128000.0,1.0,275816480.0,275969492,286679982.0,1.105,458330000.0,0.0,16392000.0,12015000.0,1.661,175617000.0
95,BBBY,MRQ,1997-12-31,1997-11-29,1997-11-29,2021-09-30,0.0,473102000.0,,346596000.0,126506000.0,,0.974,-14437000.0,40398000.0,40398000.0,165556000.0,18943000.0,1.803,0.762,0.0,0.0,0.0,0.0,0.0,4732000.0,0.0,0.0,0.0,31440000.0,36172000.0,0.129,36172000.0,31440000.0,31440000.0,0.07,0.065,0.07,268531000.0,,268531000.0,2249671467.0,20.0,17.641,-10359000.0,-0.038,1.0,115422000.0,0.411,0.0,0.0,240448000.0,,303921000.0,0.0,0.0,0.0,204571000.0,192256000.0,12315000.0,2298833467.0,-8764000.0,0.0,1595000.0,0.0,0.0,1595000.0,-14437000.0,0.0,4078000.0,0.0,18943000.0,18943000.0,18943000.0,0.0,0.0,0.067,84696000.0,30726000.0,116706000.0,0.0,8.561,34.51,39.738,109391000.0,0.0,8.345,2.283,2.285,0.0,207823000.0,280978000.0,280978000.0,0.0,,,,,0.0,84696000.0,1.0,275474352.0,275627940,284946116.0,1.019,473102000.0,0.0,12497000.0,5707000.0,1.716,154340000.0
96,BBBY,MRQ,1997-09-30,1997-08-30,1997-08-30,2021-09-30,0.0,425021000.0,,309331000.0,115690000.0,,0.901,-9718000.0,49162000.0,49162000.0,157395000.0,19447000.0,1.867,0.714,0.0,0.0,0.0,0.0,0.0,4337000.0,0.0,0.0,0.0,32274000.0,36611000.0,0.137,36611000.0,32274000.0,32274000.0,0.07,0.07,0.07,247993000.0,,247993000.0,2084518202.0,20.0,17.683,1741000.0,0.006,1.0,109500000.0,0.41,0.0,0.0,210201000.0,,257717000.0,0.0,0.0,0.0,177028000.0,165658000.0,11370000.0,2128613202.0,5067000.0,0.0,3326000.0,0.0,0.0,3326000.0,-9718000.0,0.0,11459000.0,0.0,19447000.0,19447000.0,19447000.0,0.0,0.0,0.073,77730000.0,31770000.0,93491000.0,0.0,8.583,34.583,40.789,99686000.0,0.0,7.75,2.263,2.268,0.0,188880000.0,266895000.0,266895000.0,0.0,,,,,0.0,77730000.0,1.0,274659768.0,275208552,284469064.0,0.97,425021000.0,0.0,12827000.0,9743000.0,1.544,143673000.0
97,BBBY,MRQ,1997-06-30,1997-05-31,1997-05-31,2021-09-30,0.0,390557000.0,,281738000.0,108819000.0,,0.82,-10051000.0,44095000.0,44095000.0,126304000.0,9907000.0,1.82,0.734,0.0,0.0,0.0,0.0,0.0,4078000.0,0.0,0.0,0.0,16447000.0,20525000.0,0.096,20525000.0,16447000.0,16447000.0,0.0,0.0,0.0,225220000.0,,225220000.0,1909426643.0,20.0,17.435,4378000.0,0.016,1.0,87358000.0,0.409,0.0,0.0,191643000.0,,234633000.0,0.0,0.0,0.0,165337000.0,154819000.0,10518000.0,1948191643.0,5330000.0,0.0,952000.0,0.0,0.0,952000.0,-10051000.0,0.0,14429000.0,0.0,9907000.0,9907000.0,9907000.0,0.0,0.0,0.046,71548000.0,15810000.0,90423000.0,,8.65,34.055,41.012,94305000.0,0.0,7.095,2.221,2.22,0.0,169433000.0,213662000.0,213662000.0,0.0,,,,,0.0,71548000.0,1.0,274586560.0,274514020,282800844.0,0.778,390557000.0,0.0,6540000.0,11261000.0,1.423,126919000.0
98,BBBY,MRQ,1997-03-31,1997-03-01,1997-03-01,2021-09-30,0.0,329925000.0,,227555000.0,102370000.0,,0.863,-5906000.0,38765000.0,38765000.0,142445000.0,18316000.0,2.149,0.539,0.0,0.0,0.0,0.0,0.0,3815000.0,0.0,0.0,0.0,30400000.0,34215000.0,0.14,34215000.0,30400000.0,30400000.0,0.07,,0.07,214361000.0,,214361000.0,1767512028.0,19.0,16.874,23545000.0,0.095,1.0,102779000.0,0.419,0.0,0.0,185284000.0,,187185000.0,0.0,0.0,0.0,115564000.0,105876000.0,9688000.0,1781158028.0,25119000.0,0.0,1574000.0,0.0,0.0,1574000.0,-5906000.0,0.0,29451000.0,0.0,18316000.0,18316000.0,18316000.0,0.0,0.0,0.075,72679000.0,30100000.0,47821000.0,0.0,8.309,32.376,32.5,88332000.0,0.0,6.5,2.164,2.161,0.0,159526000.0,245224000.0,245224000.0,0.0,,,,,0.0,72679000.0,1.0,274024312.0,248294760,,0.988,329925000.0,0.0,12084000.0,10132000.0,1.329,121679000.0
99,BBBY,MRQ,1996-12-31,1996-11-24,1996-11-24,2021-09-30,0.0,339025000.0,,241098000.0,97927000.0,,0.688,-15292000.0,13646000.0,13646000.0,126129000.0,13880000.0,1.776,0.743,0.0,0.0,0.0,0.0,0.0,3492000.0,0.0,0.0,0.0,23037000.0,26529000.0,0.124,26529000.0,23037000.0,23037000.0,0.05,,0.05,194471000.0,,194471000.0,,,,-1172000.0,-0.004,1.0,88664000.0,0.413,0.0,0.0,189636000.0,,225160000.0,0.0,0.0,0.0,144554000.0,135743000.0,8811000.0,1892137874.0,-113000.0,0.0,1059000.0,0.0,0.0,1059000.0,-15292000.0,0.0,14120000.0,0.0,13880000.0,13880000.0,13880000.0,0.0,0.0,0.065,65852000.0,22812000.0,86545000.0,0.0,9.73,38.212,38.361,86241000.0,0.0,6.905,2.51,2.589,0.0,141210000.0,214793000.0,214793000.0,0.0,,,,,0.0,65852000.0,1.0,274024312.0,282654632,,0.76,339025000.0,0.0,9157000.0,4244000.0,1.199,105355000.0
100,BBBY,MRQ,1996-09-30,1996-08-25,1996-08-25,2021-09-30,,,,,,,,-8831000.0,,,119566000.0,15105000.0,,,,,,,,3175000.0,,0.0,0.0,25071000.0,28246000.0,0.139,28246000.0,25071000.0,25071000.0,0.052,,0.052,,,,,,,3752000.0,0.013,1.0,83937000.0,0.412,,0.0,,,,,,,,,,,4272000.0,0.0,520000.0,0.0,0.0,520000.0,-8831000.0,0.0,12583000.0,0.0,15105000.0,15105000.0,15105000.0,0.0,0.0,0.074,58903000.0,25034000.0,,0.0,,,31.242,,0.0,5.155,,2.072,,,203503000.0,203503000.0,0.0,,,,,0.0,58903000.0,1.0,,281758748,,0.722,,,9966000.0,,,
101,BBBY,MRQ,1996-06-30,1996-05-26,1996-05-26,2021-09-30,,,,,,,,-5107000.0,,,93870000.0,7714000.0,,,,,,,,2957000.0,,0.0,0.0,12803000.0,15760000.0,0.099,15760000.0,12803000.0,12803000.0,0.028,,0.028,,,,,,,-527000.0,-0.002,1.0,65788000.0,0.412,,0.0,,,,,,,,,,,-780000.0,0.0,4747000.0,-5000000.0,0.0,-253000.0,-5107000.0,0.0,4580000.0,0.0,7714000.0,7714000.0,7714000.0,0.0,0.0,0.048,53127000.0,12661000.0,,0.0,,,,,0.0,7.75,,,,,159658000.0,159658000.0,0.0,,,,,0.0,53127000.0,1.0,,281917916,,0.566,,,5089000.0,,,
102,BBBY,MRQ,1996-03-31,1996-02-25,1996-02-25,2021-09-30,0.0,235810000.0,,160280000.0,75530000.0,,0.593,-6101000.0,10267000.0,10267000.0,101897000.0,12818000.0,2.209,0.557,5000000.0,0.0,5000000.0,5000000.0,0.0,2786000.0,0.0,0.0,0.0,21761000.0,24547000.0,0.14,24547000.0,21761000.0,21725000.0,0.05,,0.05,151446000.0,,151446000.0,,,,15748000.0,0.062,1.0,74004000.0,0.421,0.0,36000.0,157990000.0,,148383000.0,0.0,0.0,0.0,84364000.0,72553000.0,11811000.0,,7649000.0,0.0,1151000.0,-9250000.0,0.0,-8099000.0,-6101000.0,0.0,21849000.0,0.0,12818000.0,12818000.0,12818000.0,0.0,0.0,0.073,52243000.0,21761000.0,39025000.0,0.0,,,36.853,66635000.0,0.0,5.344,,2.413,0.0,104511000.0,175901000.0,175901000.0,0.0,,,,,0.0,52243000.0,1.0,,255470352,,0.689,235810000.0,0.0,8907000.0,6581000.0,0.923,87727000.0
103,BBBY,MRQ,1995-12-31,1995-11-26,1995-11-26,2021-09-30,,,,,,,,,,,94845000.0,10006000.0,,,,,,,,,,0.0,0.0,17101000.0,,,,17101000.0,16959000.0,0.035,,0.035,,,,,,,,,1.0,66944000.0,0.414,,142000.0,,,,,,,,,,,,,,,,,,,,,10006000.0,10006000.0,10006000.0,0.0,0.0,0.062,49843000.0,17101000.0,,0.0,,,,,0.0,4.469,,,,,161789000.0,161789000.0,0.0,,,,,,49843000.0,1.0,,278180824,,0.582,,,6953000.0,,,
0,BBBY,MRT,2021-09-30,2021-08-28,2021-08-28,2021-09-30,-53279000.0,6067523000.0,6392338000.0,3101369000.0,2966154000.0,1.435,9.164,-248231000.0,970592000.0,970592000.0,6159303000.0,-190471000.0,1.431,5.495,3139347000.0,349847000.0,2789500000.0,3139347000.0,0.0,310424000.0,0.0,0.0,0.0,-302863000.0,7561000.0,0.001,7561000.0,-302863000.0,-371355000.0,-1.76,-1.76,-1.76,934234000.0,1179480750.0,934234000.0,4922705617.0,-16.0,651.065,-82943000.0,-0.814,1.0,3016818000.0,0.329,0.0,68492000.0,6069512000.0,5958467250.0,1590669000.0,49458000.0,29999000.0,19459000.0,5133289000.0,2166766000.0,2966523000.0,2960868617.0,-456072000.0,289675000.0,-617056000.0,-11355000.0,-778000.0,-632632000.0,11447000.0,-29997000.0,165288000.0,4640000.0,-190471000.0,-190471000.0,-190471000.0,0.0,0.0,-0.021,3125656000.0,-108838000.0,991502000.0,0.0,3.169,-15.545,-16.097,2587083000.0,0.0,28.33,0.323,0.315,0.0,10101522000.0,9176121000.0,9176121000.0,0.0,-0.03,-0.161,-0.051,-0.033,33707000.0,2965472000.0,1.0,104513541.0,101951000,101951000.0,90.005,6067523000.0,0.0,-180884000.0,102192000.0,59.514,934603000.0
1,BBBY,MRT,2021-06-30,2021-05-29,2021-05-29,2021-09-30,-44820000.0,6053289000.0,6735232250.0,3206859000.0,2846430000.0,1.467,10.366,-214247000.0,1097267000.0,1097267000.0,6476107000.0,100644000.0,1.562,4.469,3059104000.0,347365000.0,2711739000.0,3059104000.0,0.0,325589000.0,0.0,0.0,0.0,128943000.0,454532000.0,0.046,454532000.0,128943000.0,53201000.0,0.72,0.71,0.72,1106794000.0,1370174250.0,1106794000.0,4761542920.0,37.0,10.476,419744000.0,3.931,1.0,3403286000.0,0.344,0.0,75742000.0,5961628000.0,6178422750.0,1563602000.0,49455000.0,29997000.0,19458000.0,4946495000.0,2053498000.0,2892997000.0,3054335920.0,-28860000.0,534457000.0,-516237000.0,-466000000.0,-2476000.0,-992403000.0,319713000.0,-497000.0,633991000.0,14654000.0,100644000.0,100644000.0,100644000.0,0.0,0.0,0.01,3347127000.0,56159000.0,889883000.0,0.0,2.76,30.348,38.875,2513479000.0,0.0,27.99,0.309,0.303,0.0,10174656000.0,9879393000.0,9879393000.0,0.0,0.015,0.073,0.021,0.013,31810000.0,3162718000.0,1.0,109122398.0,106772000,106772000.0,92.528,6053289000.0,0.0,-47443000.0,102905000.0,56.694,1153361000.0
2,BBBY,MRT,2021-03-31,2021-02-27,2021-02-27,2021-09-30,-55600000.0,6456930000.0,7145496750.0,3620045000.0,2836885000.0,1.292,10.514,-183077000.0,1352984000.0,1352984000.0,6114947000.0,-150773000.0,1.577,4.057,3060191000.0,360061000.0,2700130000.0,3060191000.0,0.0,340912000.0,0.0,0.006,0.17,-259849000.0,81063000.0,0.009,81063000.0,-259849000.0,-336762000.0,-1.24,-1.24,-1.24,1276936000.0,1458748250.0,1276936000.0,4906185487.0,-19.0,60.523,85031000.0,0.7,1.0,3118081000.0,0.338,0.0,76913000.0,5869216000.0,6731012250.0,1671909000.0,19545000.0,0.0,19545000.0,5179994000.0,2294921000.0,2885073000.0,3255827487.0,378759000.0,534457000.0,-380079000.0,-221427000.0,-23108000.0,-632304000.0,737880000.0,386500000.0,268108000.0,5075000.0,-150773000.0,-150773000.0,-150773000.0,0.0,0.0,-0.016,3454968000.0,-336887000.0,986045000.0,-0.137,2.55,-21.594,-21.661,2505519000.0,0.0,26.86,0.353,0.353,0.0,10225253000.0,9233028000.0,9233028000.0,0.0,-0.021,-0.103,-0.039,-0.028,31594000.0,3224363000.0,1.0,121214724.0,121446000,121446000.0,76.026,6456930000.0,0.0,-185989000.0,102664000.0,53.167,1325124000.0
3,BBBY,MRT,2020-12-31,2020-11-28,2020-11-28,2021-09-30,-64735000.0,6991610000.0,7478893000.0,3964541000.0,3027069000.0,1.3,11.392,-206365000.0,1462612000.0,1462612000.0,6414460000.0,-225246000.0,1.464,3.994,3112970000.0,390875000.0,2722095000.0,3112970000.0,0.0,349974000.0,0.0,0.016,0.34,-317403000.0,32571000.0,0.003,32571000.0,-317403000.0,-391120000.0,-1.83,-1.84,-1.83,1399959000.0,1580748000.0,1399959000.0,4759752174.0,-15.0,146.135,319851000.0,2.603,1.0,3306249000.0,0.34,0.0,73717000.0,5933513000.0,7287167500.0,1780891000.0,19847000.0,0.0,19847000.0,5591651000.0,2708455000.0,2883196000.0,2746979174.0,566005000.0,482709000.0,-227933000.0,-221427000.0,-44205000.0,-501255000.0,543621000.0,267277000.0,526216000.0,2238000.0,-225246000.0,-225246000.0,-225246000.0,0.0,0.0,-0.023,3776309000.0,-470060000.0,865418000.0,-0.186,1.962,-12.195,-11.913,2521220000.0,0.0,21.8,0.283,0.276,0.0,10215743000.0,9720709000.0,9720709000.0,0.0,-0.03,-0.142,-0.044,-0.033,32628000.0,3492156000.0,1.0,126008219.0,122885000,122885000.0,79.104,6991610000.0,0.0,-165874000.0,38034000.0,56.896,1256086000.0
4,BBBY,MRT,2020-09-30,2020-08-29,2020-08-29,2021-09-30,-62099000.0,7439100000.0,7733987500.0,3743558000.0,3695542000.0,1.275,13.669,-231512000.0,1441845000.0,1441845000.0,6598040000.0,-188357000.0,1.496,3.384,3454618000.0,464946000.0,2989672000.0,3454618000.0,0.0,343417000.0,0.0,0.042,0.51,-224312000.0,119105000.0,0.012,119105000.0,-224312000.0,-297403000.0,-1.53,-1.54,-1.53,1697008000.0,1692809500.0,1697008000.0,4468100228.0,-20.0,37.514,252384000.0,2.033,1.0,3263519000.0,0.331,0.0,73091000.0,6949334000.0,7831756500.0,2052041000.0,19893000.0,0.0,19893000.0,5742092000.0,2502539000.0,3239553000.0,1526424228.0,468930000.0,244782000.0,-2431000.0,-221427000.0,-65079000.0,-296627000.0,280547000.0,267277000.0,483896000.0,1114000.0,-188357000.0,-188357000.0,-188357000.0,0.0,0.0,-0.019,3754397000.0,-490878000.0,1028730000.0,-0.333,0.899,-8.104,-7.899,3209686000.0,0.0,12.085,0.155,0.152,0.0,10290896000.0,9861559000.0,9861559000.0,0.0,-0.024,-0.111,-0.029,-0.023,30146000.0,3533230000.0,1.0,126307342.0,124146000,124211000.0,79.435,7439100000.0,0.0,-109046000.0,43660000.0,59.922,1241019000.0
5,BBBY,MRT,2020-06-30,2020-05-30,2020-05-30,2021-09-30,-71817000.0,7694347000.0,7853307000.0,3816234000.0,3878113000.0,1.26,11.812,-251377000.0,1120974000.0,1120974000.0,6890068000.0,-545022000.0,1.549,4.266,4062650000.0,545547000.0,3517103000.0,4062650000.0,0.0,342570000.0,0.0,0.094,0.68,-754151000.0,-411581000.0,-0.042,-411581000.0,-754151000.0,-820213000.0,-4.41,-4.41,-4.41,1461090000.0,1744483250.0,1461090000.0,3689888761.0,-5.0,-8.965,-145147000.0,-1.173,1.0,3002970000.0,0.304,0.0,66062000.0,8171986000.0,8145154750.0,2240449000.0,49413000.0,29485000.0,19928000.0,6233257000.0,2464037000.0,3769220000.0,920040761.0,425500000.0,0.0,-18406000.0,236400000.0,-84780000.0,133214000.0,188400000.0,439777000.0,106230000.0,-2344000.0,-545022000.0,-545022000.0,-545022000.0,0.0,0.0,-0.055,3757121000.0,-754151000.0,954745000.0,-0.154,0.63,-1.688,-1.649,3265490000.0,0.0,7.27,0.093,0.091,0.0,10072535000.0,9893038000.0,9893038000.0,0.0,-0.069,-0.312,-0.093,-0.076,34030000.0,3563901000.0,1.0,126553062.0,123697000,123697000.0,79.978,7694347000.0,0.0,-275191000.0,48119000.0,62.203,1352197000.0
6,BBBY,MRT,2020-03-31,2020-02-29,2020-02-29,2021-09-30,-64909000.0,7790515000.0,7926769000.0,3826285000.0,3964230000.0,1.408,14.193,-277401000.0,1000340000.0,1000340000.0,7616920000.0,-613816000.0,1.551,3.414,3770188000.0,463005000.0,3307183000.0,3770188000.0,0.0,342511000.0,0.0,0.062,0.67,-700064000.0,-357553000.0,-0.032,-357553000.0,-700064000.0,-764853000.0,-4.94,-4.94,-4.94,1764935000.0,1894709250.0,1764935000.0,4170368605.0,-6.0,-11.664,313540000.0,2.521,1.0,3541660000.0,0.317,0.0,64789000.0,8093837000.0,8234726500.0,2093869000.0,406022000.0,385642000.0,20380000.0,6025580000.0,2466526000.0,3559054000.0,1372444605.0,498494000.0,0.0,-97364000.0,0.0,-85482000.0,-182846000.0,91376000.0,368777000.0,590941000.0,-977000.0,-613816000.0,-613816000.0,-613816000.0,0.0,0.0,-0.055,4241724000.0,-700064000.0,944194000.0,-0.136,0.778,-2.236,-2.188,3437570000.0,0.0,10.81,0.123,0.12,0.0,10374826000.0,11158580000.0,11158580000.0,0.0,-0.077,-0.324,-0.085,-0.063,45676000.0,3732498000.0,1.0,126960648.0,124352000,124352000.0,89.734,7790515000.0,0.0,-151037000.0,46945000.0,62.649,1359759000.0
7,BBBY,MRT,2019-12-31,2019-11-30,2019-11-30,2021-09-30,-56368000.0,8011988000.0,7621775500.0,3804440000.0,4207548000.0,1.49,15.014,-257228000.0,900077000.0,900077000.0,7684774000.0,-802195000.0,1.41,3.335,3698001000.0,459364000.0,3238637000.0,3698001000.0,0.0,347464000.0,0.0,0.045,0.66,-915593000.0,-568129000.0,-0.05,-568129000.0,-915593000.0,-980452000.0,-6.22,-6.22,-6.22,1848205000.0,2093558250.0,1848205000.0,4618991849.0,-5.0,-8.13,252742000.0,2.053,1.0,3674865000.0,0.324,0.0,64859000.0,8111869000.0,7481472250.0,2543247000.0,20103000.0,0.0,20103000.0,6163783000.0,2698043000.0,3465740000.0,1845332849.0,139874000.0,0.0,-176747000.0,-4224000.0,-85750000.0,-266721000.0,-103427000.0,153801000.0,509970000.0,52000.0,-802195000.0,-802195000.0,-802195000.0,0.0,0.0,-0.071,4590458000.0,-915593000.0,1210274000.0,-0.106,0.998,-2.3,-2.344,3696551000.0,0.0,14.58,0.162,0.158,0.0,10460810000.0,11359639000.0,11359639000.0,0.0,-0.105,-0.383,-0.122,-0.081,45358000.0,3639148000.0,1.0,126566039.0,123099000,123099000.0,92.281,8011988000.0,0.0,-178257000.0,41856000.0,65.086,1106397000.0
8,BBBY,MRT,2019-09-30,2019-08-31,2019-08-31,2021-09-30,-57921000.0,7916378000.0,7502964500.0,3620151000.0,4296227000.0,1.55,15.433,-257852000.0,983847000.0,983847000.0,7867810000.0,-739289000.0,1.456,3.158,3757506000.0,456324000.0,3301182000.0,3757506000.0,0.0,345129000.0,0.0,0.067,0.65,-836322000.0,-491193000.0,-0.042,-491193000.0,-836322000.0,-906693000.0,-5.73,-5.73,-5.73,1903703000.0,2357325750.0,1903703000.0,4208732317.0,-5.0,-8.568,277313000.0,2.248,1.0,3764738000.0,0.324,0.0,70371000.0,8202927000.0,6671341750.0,2334936000.0,20520000.0,0.0,20520000.0,6012675000.0,2487110000.0,3525565000.0,1235572317.0,116860000.0,0.0,-183300000.0,-4224000.0,-86259000.0,-273783000.0,-141851000.0,116001000.0,535165000.0,-2671000.0,-739289000.0,-739289000.0,-739289000.0,0.0,0.0,-0.064,4601060000.0,-836322000.0,1073895000.0,-0.113,0.649,-1.671,-1.688,3785348000.0,0.0,9.67,0.106,0.103,0.0,10521658000.0,11632548000.0,11632548000.0,0.0,-0.099,-0.314,-0.125,-0.072,52881000.0,3661531000.0,1.0,127773766.0,123349000,123349000.0,94.306,7916378000.0,0.0,-167404000.0,41683000.0,64.179,1133041000.0
9,BBBY,MRT,2019-06-30,2019-06-01,2019-06-01,2021-09-30,-61777000.0,7988195000.0,7353835750.0,3697092000.0,4291103000.0,1.611,16.158,-284745000.0,700389000.0,700389000.0,7821808000.0,-551885000.0,1.521,2.874,3673549000.0,410417000.0,3263132000.0,3673549000.0,0.0,342789000.0,0.0,0.05,0.64,-575206000.0,-232417000.0,-0.02,-232417000.0,-575206000.0,-643846000.0,-4.25,-4.25,-4.25,2061994000.0,2607002000.0,2061994000.0,2655175824.0,-5.0,-11.424,478626000.0,3.751,1.0,4026311000.0,0.34,0.0,68640000.0,8530273000.0,5816254000.0,2540852000.0,222341000.0,201664000.0,20677000.0,5926201000.0,2431082000.0,3495119000.0,1676212824.0,32553000.0,0.0,-207458000.0,-4224000.0,-86767000.0,-298449000.0,-426744000.0,-141999000.0,763371000.0,-5625000.0,-551885000.0,-551885000.0,-551885000.0,0.0,0.0,-0.047,4601517000.0,-575206000.0,1066282000.0,-0.151,0.813,-3.037,-2.986,3813642000.0,0.0,12.69,0.141,0.137,0.0,10679515000.0,11848119000.0,11848119000.0,0.0,-0.075,-0.212,-0.099,-0.049,54290000.0,3690345000.0,1.0,132089269.0,127614000,127614000.0,92.843,7988195000.0,0.0,-91961000.0,68954000.0,62.597,1266010000.0
10,BBBY,MRT,2019-03-31,2019-03-02,2019-03-02,2021-09-30,-58610000.0,6570541000.0,7110223500.0,3909972000.0,2660569000.0,1.692,19.065,-314183000.0,508971000.0,508971000.0,7924817000.0,-137224000.0,1.882,1.566,1487934000.0,0.0,1487934000.0,1487934000.0,0.0,338825000.0,0.0,0.038,0.63,-87135000.0,251690000.0,0.021,251690000.0,-87135000.0,-156609000.0,-1.02,-1.02,-1.02,2560331000.0,2817548250.0,2560331000.0,3024329241.0,-35.0,12.016,604095000.0,4.498,1.0,4103980000.0,0.341,391052000.0,69474000.0,5080820000.0,4929421750.0,2618922000.0,505809000.0,485799000.0,20010000.0,4010210000.0,2077632000.0,1932578000.0,2294415241.0,162831000.0,0.0,-148073000.0,-4224000.0,-86287000.0,-238584000.0,-509682000.0,-195499000.0,918278000.0,-7181000.0,-137224000.0,-137224000.0,-137224000.0,0.0,0.0,-0.011,4191115000.0,-87135000.0,1094078000.0,-0.618,0.896,-16.72,-16.363,1853091000.0,0.0,16.69,0.191,0.186,0.0,11112887000.0,12028797000.0,12028797000.0,0.0,-0.019,-0.049,-0.018,-0.007,58514000.0,3681210000.0,1.0,137472453.0,134292000,134292000.0,89.572,6179489000.0,0.0,-19385000.0,69733000.0,46.015,1832340000.0
11,BBBY,MRT,2018-12-31,2018-12-01,2018-12-01,2021-09-30,-59422000.0,7536744000.0,7227789750.0,4480613000.0,3056131000.0,1.721,21.697,-357137000.0,762513000.0,762513000.0,8146781000.0,310613000.0,1.672,1.596,1492427000.0,0.0,1492427000.0,1492427000.0,0.0,332182000.0,0.0,0.048,0.62,546703000.0,878885000.0,0.071,878885000.0,546703000.0,476375000.0,2.26,2.26,2.26,2903275000.0,2899622500.0,2903275000.0,2401115792.0,4.0,2.732,676145000.0,5.053,1.0,4290399000.0,0.345,716283000.0,70328000.0,4871347000.0,4985410750.0,3005548000.0,258084000.0,238267000.0,19817000.0,4633469000.0,2679028000.0,1954441000.0,1778102792.0,309410000.0,-22000.0,-115462000.0,430000.0,-85696000.0,-201162000.0,-510959000.0,-153800000.0,1033282000.0,-11751000.0,310613000.0,310613000.0,310613000.0,0.0,0.0,0.025,3743696000.0,546703000.0,1554353000.0,0.274,0.612,5.724,5.699,1866086000.0,0.0,12.88,0.143,0.139,0.0,11388910000.0,12437180000.0,12437180000.0,0.0,0.043,0.107,0.11,0.044,66945000.0,3743696000.0,1.0,138051459.0,133811000,133998000.0,92.946,6820461000.0,0.0,165762000.0,54061000.0,50.971,1801585000.0
12,BBBY,MRT,2018-09-30,2018-09-01,2018-09-01,2021-09-30,-53150000.0,7319863000.0,7140823250.0,4276144000.0,3043719000.0,1.731,21.434,-380379000.0,869297000.0,869297000.0,8031738000.0,347560000.0,1.75,1.522,1492310000.0,0.0,1492310000.0,1492310000.0,0.0,326278000.0,0.0,0.034,0.61,605550000.0,931828000.0,0.075,931828000.0,605550000.0,544292000.0,2.52,2.52,2.52,2902408000.0,2861015250.0,2902408000.0,3327498230.0,5.0,3.571,753625000.0,5.566,1.0,4327750000.0,0.35,716283000.0,61258000.0,4782576000.0,5055168250.0,2813588000.0,225658000.0,205916000.0,19742000.0,4417455000.0,2444017000.0,1973438000.0,2513950230.0,405235000.0,-912000.0,-131306000.0,0.0,-85037000.0,-216777000.0,-497291000.0,-116000000.0,1134004000.0,-14701000.0,347560000.0,347560000.0,347560000.0,0.0,0.0,0.028,3722200000.0,605550000.0,1366161000.0,0.242,0.866,7.233,7.119,1881957000.0,0.0,17.94,0.203,0.197,0.0,11386561000.0,12359488000.0,12359488000.0,0.0,0.049,0.121,0.12,0.049,70649000.0,3722200000.0,1.0,140131005.0,135410000,135675000.0,91.275,6603580000.0,0.0,196732000.0,54010000.0,48.767,1832127000.0
13,BBBY,MRT,2018-06-30,2018-06-02,2018-06-02,2021-09-30,-51975000.0,7013746000.0,7006522250.0,3956381000.0,3057365000.0,1.764,21.356,-392846000.0,678646000.0,678646000.0,7953079000.0,393151000.0,1.859,1.415,1492194000.0,0.0,1492194000.0,1492194000.0,0.0,317773000.0,0.0,0.034,0.6,695539000.0,1013312000.0,0.082,1013312000.0,695539000.0,629726000.0,2.83,2.83,2.83,2904179000.0,2815837750.0,2904179000.0,3647688426.0,5.0,3.6,507203000.0,3.73,1.0,4407748000.0,0.357,716283000.0,65813000.0,4982944000.0,5138095750.0,2646263000.0,168270000.0,148313000.0,19957000.0,4109567000.0,2128067000.0,1981500000.0,2501750426.0,209326000.0,-1775000.0,-147067000.0,0.0,-84130000.0,-231631000.0,-454621000.0,-60000000.0,900049000.0,-4471000.0,393151000.0,393151000.0,393151000.0,0.0,0.0,0.032,3712209000.0,695539000.0,1082943000.0,0.212,0.861,6.363,6.3,1893230000.0,0.0,17.83,0.202,0.196,0.0,11360572000.0,12360827000.0,12360827000.0,0.0,0.056,0.14,0.135,0.056,72592000.0,3712209000.0,1.0,140311297.0,135987000,136601000.0,90.897,6297463000.0,0.0,236575000.0,57507000.0,46.309,1828314000.0
14,BBBY,MRT,2018-03-31,2018-03-03,2018-03-03,2021-09-30,-48296000.0,7040806000.0,6972036000.0,3971078000.0,3069728000.0,1.771,20.746,-375793000.0,346140000.0,346140000.0,7906286000.0,424858000.0,1.834,1.437,1492078000.0,0.0,1492078000.0,1492078000.0,0.0,313107000.0,0.0,0.026,0.575,761321000.0,1074428000.0,0.087,1074428000.0,761321000.0,695660000.0,3.05,3.04,3.05,2888628000.0,2757941000.0,2888628000.0,4147719966.0,5.0,3.86,483896000.0,3.475,1.0,4443015000.0,0.36,716283000.0,65661000.0,5304776000.0,5158744250.0,2730874000.0,397556000.0,378039000.0,19517000.0,4152178000.0,2165685000.0,1986493000.0,3108870966.0,-142189000.0,-6119000.0,-242120000.0,0.0,-80877000.0,-323431000.0,-674412000.0,-292500000.0,859689000.0,-4035000.0,424858000.0,424858000.0,424858000.0,0.0,0.0,0.034,3681694000.0,761321000.0,1197504000.0,0.189,1.076,7.317,7.157,1909289000.0,0.0,21.83,0.252,0.246,0.0,11343503000.0,12349301000.0,12349301000.0,0.0,0.061,0.154,0.148,0.062,70510000.0,3681694000.0,1.0,142412779.0,139238000,139739000.0,88.692,6324523000.0,0.0,270802000.0,62823000.0,45.422,1805393000.0
15,BBBY,MRT,2017-12-31,2017-11-25,2017-11-25,2021-09-30,-41255000.0,7188878000.0,6917498250.0,3940491000.0,3248387000.0,1.759,19.859,-361101000.0,453103000.0,453103000.0,7714165000.0,499544000.0,1.669,1.615,1491952000.0,0.0,1491952000.0,1491952000.0,0.0,303157000.0,0.0,0.027,0.55,854146000.0,1157303000.0,0.095,1157303000.0,854146000.0,787992000.0,3.47,3.46,3.47,2748846000.0,2715603250.0,2748846000.0,3987144919.0,5.0,3.445,429832000.0,3.105,1.0,4452826000.0,0.366,716283000.0,66154000.0,5150377000.0,5106636000.0,3199669000.0,107709000.0,0.0,107709000.0,4440032000.0,2361067000.0,2078965000.0,2959370919.0,-19903000.0,-6897000.0,-368431000.0,-430000.0,-78312000.0,-447173000.0,-367998000.0,0.0,790933000.0,4335000.0,499544000.0,499544000.0,499544000.0,0.0,0.0,0.041,3598680000.0,854146000.0,1455355000.0,0.159,1.077,5.924,5.954,1840959000.0,0.0,20.66,0.243,0.235,0.0,11170287000.0,12166991000.0,12166991000.0,0.0,0.072,0.184,0.167,0.07,70446000.0,3598680000.0,1.0,143241574.0,138418000,138790000.0,87.9,6472595000.0,0.0,288448000.0,66061000.0,46.761,1579424000.0
16,BBBY,MRT,2017-09-30,2017-08-26,2017-08-26,2021-09-30,-35638000.0,6782659000.0,6928479000.0,3530364000.0,3252295000.0,1.756,19.459,-365740000.0,464062000.0,464062000.0,7663397000.0,564667000.0,1.775,1.492,1491836000.0,0.0,1491836000.0,1491836000.0,0.0,298118000.0,0.0,0.019,0.525,957069000.0,1255187000.0,0.103,1255187000.0,957069000.0,886282000.0,3.89,3.87,3.89,2721698000.0,2682137500.0,2721698000.0,5066154502.0,5.0,4.036,572535000.0,4.093,1.0,4504539000.0,0.37,707127000.0,70787000.0,5114286000.0,5077664500.0,2878638000.0,99157000.0,0.0,99157000.0,4060961000.0,1989020000.0,2071941000.0,4043755502.0,-113782000.0,-194707000.0,-420924000.0,0.0,-76026000.0,-496950000.0,-560447000.0,0.0,938275000.0,5340000.0,564667000.0,564667000.0,564667000.0,0.0,0.0,0.046,3547470000.0,957069000.0,1168092000.0,0.135,1.486,7.161,7.183,1834470000.0,0.0,27.94,0.332,0.321,0.0,11130348000.0,12167936000.0,12167936000.0,0.0,0.081,0.211,0.188,0.079,71252000.0,3547470000.0,1.0,144729975.0,139868000,140211000.0,86.996,6075532000.0,0.0,321615000.0,81005000.0,43.438,1541344000.0
17,BBBY,MRT,2017-06-30,2017-05-27,2017-05-27,2021-09-30,-52723000.0,6875801000.0,6900158000.0,3650173000.0,3225628000.0,1.771,18.91,-364879000.0,469320000.0,469320000.0,7666941000.0,637772000.0,1.718,1.573,1491719000.0,0.0,1491719000.0,1491719000.0,0.0,295381000.0,0.0,0.014,0.5,1069195000.0,1364576000.0,0.112,1364576000.0,1069195000.0,999375000.0,4.34,4.31,4.34,2672592000.0,2645211750.0,2672592000.0,6061881665.0,6.0,4.442,673858000.0,4.768,1.0,4552873000.0,0.373,707643000.0,69820000.0,5065538000.0,5065342500.0,2962936000.0,96121000.0,0.0,96121000.0,4203209000.0,2125019000.0,2078190000.0,5058607665.0,-74949000.0,-208939000.0,-484883000.0,0.0,-73773000.0,-558656000.0,-551320000.0,22498000.0,1038737000.0,-3710000.0,637772000.0,637772000.0,637772000.0,0.0,0.0,0.052,3483678000.0,1069195000.0,1178811000.0,0.115,1.893,7.932,8.03,1817594000.0,0.0,34.85,0.414,0.403,0.0,11057826000.0,12219814000.0,12219814000.0,0.0,0.092,0.241,0.211,0.087,72653000.0,3483678000.0,1.0,145153735.0,141331000,142141000.0,86.462,6168158000.0,0.0,361603000.0,183642000.0,43.643,1525154000.0
18,BBBY,MRT,2017-03-31,2017-02-25,2017-02-25,2021-09-30,-47250000.0,6822655000.0,6825952000.0,3591901000.0,3230754000.0,1.79,18.301,-373574000.0,488329000.0,488329000.0,7639407000.0,685108000.0,1.767,1.509,1491603000.0,0.0,1491603000.0,1491603000.0,0.0,290914000.0,0.0,0.009,0.375,1135210000.0,1426124000.0,0.117,1426124000.0,1135210000.0,1065655000.0,4.61,4.58,4.61,2719277000.0,2609335500.0,2719277000.0,7187417095.0,6.0,5.04,669697000.0,4.507,1.0,4576350000.0,0.375,697085000.0,69555000.0,5096343000.0,5064369500.0,2905660000.0,89592000.0,0.0,89592000.0,4103378000.0,2032501000.0,2070877000.0,6168936095.0,-27244000.0,-204595000.0,-526598000.0,0.0,-55612000.0,-582210000.0,-491929000.0,86240000.0,1043271000.0,3624000.0,685108000.0,685108000.0,685108000.0,0.0,0.0,0.056,3441140000.0,1135210000.0,1179088000.0,0.081,2.269,9.004,8.902,1837129000.0,0.0,41.04,0.505,0.499,0.0,11003890000.0,12215757000.0,12215757000.0,0.0,0.1,0.263,0.224,0.093,71911000.0,3441140000.0,1.0,150315207.0,148590000,149708000.0,82.211,6125570000.0,0.0,380547000.0,127792000.0,41.225,1559400000.0
19,BBBY,MRT,2016-12-31,2016-11-26,2016-11-26,2021-09-30,-54749000.0,7232801000.0,6742807500.0,4270122000.0,2962679000.0,1.794,17.712,-360576000.0,473006000.0,473006000.0,7546520000.0,719922000.0,1.703,1.766,1491487000.0,0.0,1491487000.0,1491487000.0,0.0,295478000.0,0.0,0.005,0.25,1203864000.0,1499342000.0,0.124,1499342000.0,1203864000.0,1126644000.0,4.68,4.64,4.68,2614983000.0,2569401250.0,2614983000.0,7836395233.0,7.0,5.227,916226000.0,6.206,1.0,4553175000.0,0.376,709400000.0,77220000.0,5034491000.0,5068095500.0,3268569000.0,86404000.0,0.0,86404000.0,4617818000.0,2507391000.0,2110427000.0,6922869233.0,-17731000.0,-203795000.0,-681120000.0,0.0,-37358000.0,-728858000.0,-564275000.0,96000.0,1276802000.0,-1400000.0,719922000.0,719922000.0,719922000.0,0.0,0.0,0.059,3349311000.0,1203864000.0,1621432000.0,0.053,2.647,9.616,9.726,1769061000.0,0.0,45.52,0.572,0.555,0.0,10753801000.0,12099695000.0,12099695000.0,0.0,0.107,0.28,0.238,0.099,81795000.0,3349311000.0,1.0,152084122.0,147643000,148583000.0,81.952,6523401000.0,0.0,406722000.0,76316000.0,44.184,1762731000.0
20,BBBY,MRT,2016-09-30,2016-08-27,2016-08-27,2021-09-30,-46900000.0,6669375000.0,6645605250.0,3928504000.0,2740871000.0,1.82,17.191,-352379000.0,577844000.0,577844000.0,7520530000.0,771314000.0,1.967,1.591,1491370000.0,0.0,1491370000.0,1491370000.0,0.0,288127000.0,0.0,0.003,0.125,1285439000.0,1573566000.0,0.13,1573566000.0,1285439000.0,1208421000.0,4.92,4.88,4.92,2573995000.0,2557094000.0,2573995000.0,7967292263.0,6.0,5.063,730539000.0,4.879,1.0,4575712000.0,0.378,520226000.0,77018000.0,5064998000.0,5102900250.0,2903647000.0,82740000.0,0.0,82740000.0,4095380000.0,1997677000.0,2097703000.0,7020307263.0,-89719000.0,-15095000.0,-799287000.0,0.0,-18827000.0,-836091000.0,-338473000.0,29001000.0,1082918000.0,1927000.0,771314000.0,771314000.0,771314000.0,0.0,0.0,0.064,3290273000.0,1285439000.0,1192574000.0,0.025,2.727,9.102,9.238,1739952000.0,0.0,45.45,0.58,0.563,0.0,10646033000.0,12096242000.0,12096242000.0,0.0,0.116,0.302,0.252,0.106,81000000.0,3290273000.0,1.0,154462206.0,149725000,150515000.0,80.79,6149149000.0,0.0,437107000.0,100283000.0,41.07,1930827000.0
21,BBBY,MRT,2016-06-30,2016-05-28,2016-05-28,2021-09-30,-47670000.0,6578977000.0,6641088000.0,3898031000.0,2680946000.0,1.823,16.622,-345486000.0,544269000.0,544269000.0,7503707000.0,805657000.0,1.972,1.601,1491254000.0,0.0,1491254000.0,1491254000.0,0.0,281775000.0,0.0,0.0,0.0,1354660000.0,1636435000.0,0.135,1636435000.0,1354660000.0,1270788000.0,5.02,4.98,5.02,2529087000.0,2555662250.0,2529087000.0,7923628810.0,6.0,4.842,739328000.0,4.859,1.0,4599769000.0,0.38,487169000.0,83872000.0,5061646000.0,5085002000.0,2923043000.0,100844000.0,22495000.0,78349000.0,4049890000.0,1977147000.0,2072743000.0,6939201810.0,-70961000.0,0.0,-872541000.0,0.0,0.0,-889522000.0,-262108000.0,83378000.0,1084814000.0,-4145000.0,805657000.0,805657000.0,805657000.0,0.0,0.0,0.067,3245109000.0,1354660000.0,1145055000.0,0.0,2.744,8.613,8.871,1723429000.0,0.0,44.53,0.573,0.56,0.0,10498036000.0,12103476000.0,12103476000.0,0.0,0.121,0.315,0.266,0.112,79308000.0,3245109000.0,1.0,155832064.0,152157000,153752000.0,79.546,6091808000.0,0.0,465131000.0,129910000.0,40.036,1920884000.0
22,BBBY,MRT,2016-03-31,2016-02-27,2016-02-27,2021-09-30,-54998000.0,6490077000.0,6646113000.0,3825962000.0,2664115000.0,1.821,15.678,-328395000.0,515573000.0,515573000.0,7483577000.0,841489000.0,2.049,1.536,1491137000.0,0.0,1491137000.0,1491137000.0,0.0,273947000.0,0.0,0.0,0.0,1414903000.0,1688850000.0,0.14,1688850000.0,1414903000.0,1327445000.0,5.15,5.1,5.15,2559540000.0,2561439500.0,2559540000.0,9023412322.0,6.0,5.343,694159000.0,4.252,1.0,4620310000.0,0.382,487169000.0,87458000.0,5111247000.0,5075694250.0,2848119000.0,157486000.0,86197000.0,71289000.0,3930537000.0,1867225000.0,2063312000.0,8014149322.0,-360001000.0,0.0,-1091476000.0,0.0,0.0,-1099122000.0,-275632000.0,52763000.0,1022554000.0,-7801000.0,841489000.0,841489000.0,841489000.0,0.0,0.0,0.07,3205407000.0,1414903000.0,1100958000.0,0.0,3.131,9.524,9.513,1725043000.0,0.0,48.99,0.662,0.661,0.0,10394865000.0,12103887000.0,12103887000.0,0.0,0.127,0.329,0.279,0.117,66965000.0,3205407000.0,1.0,163587453.0,163257000,165016000.0,74.14,6002908000.0,0.0,485956000.0,131699000.0,36.77,1958737000.0
23,BBBY,MRT,2015-12-31,2015-11-28,2015-11-28,2021-09-30,-53564000.0,6843992000.0,6713342000.0,4190536000.0,2653456000.0,1.791,15.837,-342234000.0,490737000.0,490737000.0,7396319000.0,859006000.0,1.911,1.667,1500000000.0,0.0,1500000000.0,1500000000.0,0.0,253360000.0,0.0,0.0,0.0,1448489000.0,1701849000.0,0.142,1701849000.0,1448489000.0,1366216000.0,5.05,4.99,5.05,2565754000.0,2607352000.0,2565754000.0,10083244929.0,7.0,5.925,824010000.0,5.086,1.0,4626269000.0,0.385,487166000.0,82273000.0,5173710000.0,5036497250.0,3219667000.0,74666000.0,0.0,74666000.0,4278238000.0,2192379000.0,2085859000.0,9250807929.0,-553101000.0,0.0,-1530878000.0,0.0,0.0,-1524710000.0,-178318000.0,163916000.0,1166244000.0,-16317000.0,859006000.0,859006000.0,859006000.0,0.0,0.0,0.071,3177780000.0,1448489000.0,1402968000.0,0.0,3.605,10.769,10.976,1686632000.0,0.0,55.43,0.769,0.747,0.0,10091321000.0,12022588000.0,12022588000.0,0.0,0.128,0.329,0.288,0.12,53289000.0,3177780000.0,1.0,166891718.0,162005000,163582000.0,74.211,6356826000.0,0.0,507210000.0,85717000.0,39.238,1998157000.0
24,BBBY,MRT,2015-09-30,2015-08-29,2015-08-29,2021-09-30,-51062000.0,6651306000.0,6836302750.0,3997892000.0,2653414000.0,1.757,15.563,-336142000.0,667563000.0,667563000.0,7373605000.0,906598000.0,1.996,1.59,1500000000.0,0.0,1500000000.0,1500000000.0,0.0,248835000.0,0.0,0.0,0.0,1508314000.0,1757149000.0,0.146,1757149000.0,1508314000.0,1424524000.0,5.19,5.13,5.19,2568268000.0,2763240250.0,2568268000.0,11454018022.0,8.0,6.519,706700000.0,4.282,1.0,4639932000.0,0.386,487139000.0,83790000.0,4993405000.0,5049845500.0,2875417000.0,99406000.0,28905000.0,70501000.0,4083038000.0,2003199000.0,2079839000.0,10569248022.0,-559064000.0,0.0,-1322261000.0,65000.0,0.0,-1305385000.0,-276117000.0,60025000.0,1042842000.0,-20404000.0,906598000.0,906598000.0,906598000.0,0.0,0.0,0.075,3131618000.0,1508314000.0,1196798000.0,0.0,4.115,11.658,12.008,1669951000.0,0.0,62.32,0.88,0.856,0.0,9913505000.0,12013537000.0,12013537000.0,0.0,0.133,0.328,0.299,0.126,49827000.0,3131618000.0,1.0,169596406.0,165024000,166633000.0,72.799,6164167000.0,0.0,517926000.0,147749000.0,37.353,1994693000.0
25,BBBY,MRT,2015-06-30,2015-05-30,2015-05-30,2021-09-30,-41381000.0,6599077000.0,6932041250.0,3930701000.0,2668376000.0,1.726,15.122,-336069000.0,615230000.0,615230000.0,7329946000.0,928873000.0,1.992,1.586,1500000000.0,0.0,1500000000.0,1500000000.0,0.0,243846000.0,0.0,0.0,0.0,1526861000.0,1770707000.0,0.148,1770707000.0,1526861000.0,1458596000.0,5.15,5.09,5.15,2552196000.0,2855968000.0,2552196000.0,12975768879.0,8.0,7.328,805360000.0,4.772,1.0,4633027000.0,0.387,486279000.0,68265000.0,5024415000.0,5005108250.0,2844361000.0,177335000.0,76872000.0,100463000.0,4046881000.0,1973153000.0,2073728000.0,12351342879.0,78662000.0,0.0,-2324035000.0,1489908000.0,0.0,-811318000.0,-236667000.0,99402000.0,1141429000.0,-14782000.0,928873000.0,928873000.0,928873000.0,0.0,0.0,0.078,3106166000.0,1526861000.0,1133673000.0,0.0,4.839,13.297,13.849,1657119000.0,0.0,71.32,1.032,1.006,0.0,9711827000.0,11962973000.0,11962973000.0,0.0,0.134,0.325,0.305,0.128,36308000.0,3106166000.0,1.0,173182037.0,168772000,171133000.0,70.882,6112798000.0,0.0,529723000.0,172998000.0,36.219,1957548000.0
26,BBBY,MRT,2015-03-31,2015-02-28,2015-02-28,2021-09-30,-42313000.0,6758993000.0,6872854000.0,4083603000.0,2675390000.0,1.729,14.696,-330637000.0,875574000.0,875574000.0,7261397000.0,957474000.0,2.102,1.464,1500000000.0,0.0,1500000000.0,1500000000.0,0.0,239193000.0,0.0,0.0,0.0,1554293000.0,1793486000.0,0.151,1793486000.0,1554293000.0,1503835000.0,5.13,5.07,5.13,2743190000.0,3191505750.0,2743190000.0,14313163271.0,9.0,7.981,847852000.0,4.542,1.0,4619779000.0,0.389,486279000.0,50458000.0,4954459000.0,4611979250.0,2731881000.0,207152000.0,109992000.0,97160000.0,4015803000.0,1942681000.0,2073122000.0,13857001271.0,509058000.0,0.0,-2209400000.0,1489908000.0,0.0,-704931000.0,48769000.0,379406000.0,1178489000.0,-13269000.0,957474000.0,957474000.0,957474000.0,0.0,0.0,0.081,3065486000.0,1554293000.0,1156368000.0,0.0,5.051,14.472,14.554,1676700000.0,0.0,74.66,1.166,1.173,0.0,9553376000.0,11881176000.0,11881176000.0,0.0,0.139,0.3,0.337,0.131,51978000.0,3065486000.0,1.0,185601410.0,186659000,188880000.0,63.652,6272714000.0,0.0,546361000.0,156591000.0,33.605,2140922000.0
27,BBBY,MRT,2014-12-31,2014-11-29,2014-11-29,2021-09-30,-19151000.0,7335835000.0,6772114000.0,4755833000.0,2580002000.0,1.735,17.559,-324542000.0,1043838000.0,1043838000.0,7156556000.0,969712000.0,2.288,1.3,1500000000.0,0.0,1500000000.0,1500000000.0,0.0,238910000.0,0.0,0.0,0.0,1549198000.0,1788108000.0,0.152,1788108000.0,1549198000.0,1517453000.0,4.97,4.92,4.97,3189307000.0,3491030000.0,3189307000.0,13864343389.0,9.0,7.754,957425000.0,5.271,1.0,4591341000.0,0.391,486279000.0,31745000.0,5227103000.0,4290390000.0,3065774000.0,229869000.0,134993000.0,94876000.0,4146528000.0,2078615000.0,2067913000.0,13590970389.0,572774000.0,0.0,-1975533000.0,1489908000.0,0.0,-462665000.0,-236315000.0,88227000.0,1281967000.0,-10213000.0,969712000.0,969712000.0,969712000.0,0.0,0.0,0.083,3042143000.0,1549198000.0,1309002000.0,0.0,4.261,14.015,14.763,1601208000.0,0.0,73.37,1.157,1.134,0.0,9232315000.0,11747897000.0,11747897000.0,0.0,0.143,0.278,0.361,0.132,20521000.0,3042143000.0,1.0,185238795.0,181629000,183794000.0,64.681,6849556000.0,0.0,547741000.0,94474000.0,37.712,2677218000.0
28,BBBY,MRT,2014-09-30,2014-08-30,2014-08-30,2021-09-30,-10618000.0,7034260000.0,6574277500.0,4479768000.0,2554492000.0,1.775,15.5,-345790000.0,1226627000.0,1226627000.0,7085697000.0,981501000.0,2.232,1.393,1500000000.0,0.0,1500000000.0,1500000000.0,0.0,232427000.0,0.0,0.0,0.0,1571162000.0,1803589000.0,0.155,1803589000.0,1571162000.0,1560300000.0,4.86,4.81,4.86,2939179000.0,3726160250.0,2939179000.0,12440990835.0,8.0,6.898,1085321000.0,5.724,1.0,4584057000.0,0.393,486279000.0,10862000.0,4814456000.0,3922060750.0,2758726000.0,152382000.0,59999000.0,92383000.0,4095081000.0,2006898000.0,2088183000.0,12977558835.0,843291000.0,-3436000.0,-2142705000.0,1489843000.0,0.0,-629245000.0,46490000.0,395716000.0,1431111000.0,-5065000.0,981501000.0,981501000.0,981501000.0,0.0,0.0,0.084,3012895000.0,1571162000.0,1258568000.0,0.0,4.415,13.222,13.222,1576912000.0,0.0,64.26,1.112,1.044,0.0,9006907000.0,11669754000.0,11669754000.0,0.0,0.149,0.263,0.401,0.135,22322000.0,3012895000.0,1.0,201953919.0,189625000,191496000.0,61.541,6547981000.0,0.0,578799000.0,147252000.0,34.531,2472870000.0
29,BBBY,MRT,2014-06-30,2014-05-31,2014-05-31,2021-09-30,-10266000.0,6362328000.0,6392705750.0,3835249000.0,2527079000.0,1.807,19.509,-322778000.0,536568000.0,536568000.0,6985025000.0,1006852000.0,2.032,0.634,0.0,0.0,0.0,0.0,0.0,225383000.0,0.0,0.0,0.0,1592187000.0,1817570000.0,0.157,1817570000.0,1592187000.0,1589178000.0,4.86,4.8,4.86,3894347000.0,3998043500.0,3894347000.0,12047876159.0,8.0,6.629,970420000.0,4.861,1.0,4563496000.0,0.395,486279000.0,3009000.0,3451899000.0,3651462500.0,2699722000.0,265988000.0,176242000.0,89746000.0,2467981000.0,1887582000.0,580399000.0,12414392159.0,96718000.0,-3436000.0,-1190391000.0,0.0,0.0,-1171262000.0,-20449000.0,305765000.0,1293198000.0,-4769000.0,1006852000.0,1006852000.0,1006852000.0,0.0,0.0,0.087,2971309000.0,1592187000.0,1108449000.0,0.0,3.188,12.33,12.521,1559880000.0,0.0,60.85,1.075,1.052,0.0,8782954000.0,11548521000.0,11548521000.0,0.0,0.158,0.252,0.436,0.138,36177000.0,2971309000.0,1.0,204016305.0,199619000,202096000.0,57.853,5876049000.0,0.0,582326000.0,211104000.0,29.436,1947667000.0
30,BBBY,MRT,2014-03-31,2014-03-01,2014-03-01,2021-09-30,-13847000.0,6356033000.0,6380285750.0,3788987000.0,2567046000.0,1.803,18.705,-320812000.0,366516000.0,366516000.0,6938381000.0,1022290000.0,2.065,0.613,0.0,0.0,0.0,0.0,0.0,220116000.0,0.0,0.0,0.0,1614587000.0,1834703000.0,0.159,1834703000.0,1614587000.0,1613447000.0,4.85,4.79,4.85,3941287000.0,4025719500.0,3941287000.0,13969661756.0,9.0,7.614,1060914000.0,5.035,1.0,4565582000.0,0.397,486279000.0,1140000.0,3668102000.0,3701590500.0,2578956000.0,576724000.0,489331000.0,87393000.0,2414746000.0,1835136000.0,579610000.0,14440725756.0,-198455000.0,-3436000.0,-1229180000.0,0.0,0.0,-1210054000.0,-363382000.0,-39134000.0,1381726000.0,-6745000.0,1022290000.0,1022290000.0,1022290000.0,0.0,0.0,0.089,2950995000.0,1614587000.0,1104668000.0,0.0,3.664,14.126,13.984,1579804000.0,0.0,67.82,1.255,1.242,0.0,8595902000.0,11503963000.0,11503963000.0,0.0,0.16,0.254,0.436,0.14,37118000.0,2950995000.0,1.0,212927245.0,210710000,213363000.0,54.596,5869754000.0,0.0,591157000.0,152912000.0,27.857,1953851000.0
31,BBBY,MRT,2013-12-31,2013-11-30,2013-11-30,2021-09-30,-8627000.0,6544489000.0,6361265500.0,4054604000.0,2489885000.0,1.84,19.694,-306460000.0,471064000.0,471064000.0,7039104000.0,1062863000.0,2.212,0.585,0.0,0.0,0.0,0.0,0.0,216378000.0,0.0,0.0,0.0,1685548000.0,1901926000.0,0.163,1901926000.0,1685548000.0,1684712000.0,4.94,4.88,4.94,4129828000.0,4060330250.0,4129828000.0,16373255287.0,10.0,8.609,884285000.0,4.217,1.0,4663022000.0,0.398,486279000.0,836000.0,3753786000.0,3683628250.0,2881561000.0,310135000.0,223114000.0,87021000.0,2414661000.0,1833360000.0,581301000.0,16756591287.0,-201198000.0,-3436000.0,-978134000.0,0.0,0.0,-969705000.0,-420258000.0,-110362000.0,1190745000.0,-1980000.0,1062863000.0,1062863000.0,1062863000.0,0.0,0.0,0.091,2977474000.0,1685548000.0,1145281000.0,0.0,4.057,15.766,15.796,1523253000.0,0.0,78.03,1.432,1.398,0.0,8262603000.0,11702126000.0,11702126000.0,0.0,0.167,0.262,0.458,0.144,67487000.0,2977474000.0,1.0,214745499.0,209704000,212315000.0,55.803,6058210000.0,0.0,621849000.0,91130000.0,28.889,2221244000.0
32,BBBY,MRT,2013-09-30,2013-08-31,2013-08-31,2021-09-30,-8918000.0,6307973000.0,6321852250.0,3864461000.0,2443512000.0,1.825,18.982,-288195000.0,383336000.0,383336000.0,6923748000.0,1058416000.0,2.265,0.567,0.0,0.0,0.0,0.0,0.0,209791000.0,0.0,0.0,0.0,1672550000.0,1882341000.0,0.163,1882341000.0,1672550000.0,1667278000.0,4.85,4.79,4.85,4026712000.0,4022153750.0,4026712000.0,15618185344.0,9.0,8.297,931502000.0,4.391,1.0,4615342000.0,0.4,486279000.0,5272000.0,3732063000.0,3714597000.0,2591247000.0,537131000.0,455579000.0,81552000.0,2281261000.0,1706295000.0,574966000.0,16058035344.0,-361129000.0,171000.0,-1013534000.0,0.0,0.0,-1008699000.0,-570147000.0,-282123000.0,1219697000.0,-1980000.0,1058416000.0,1058416000.0,1058416000.0,0.0,0.0,0.092,2942792000.0,1672550000.0,1033709000.0,0.0,3.988,15.172,15.204,1477336000.0,0.0,73.74,1.392,1.356,0.0,8025406000.0,11539090000.0,11539090000.0,0.0,0.167,0.263,0.45,0.145,64334000.0,2942792000.0,1.0,217765600.0,212134000,214697000.0,54.395,5821694000.0,0.0,608862000.0,100383000.0,27.443,2158166000.0
33,BBBY,MRT,2013-06-30,2013-06-01,2013-06-01,2021-09-30,-6008000.0,6312648000.0,6271729500.0,3875149000.0,2437499000.0,1.803,18.589,-310115000.0,439850000.0,439850000.0,6773906000.0,1033442000.0,2.235,0.576,0.0,0.0,0.0,0.0,0.0,204404000.0,0.0,0.0,0.0,1647921000.0,1852325000.0,0.164,1852325000.0,1647921000.0,1644593000.0,4.66,4.61,4.66,4005051000.0,3995499750.0,4005051000.0,14453071448.0,9.0,7.803,886244000.0,4.113,1.0,4534527000.0,0.401,486279000.0,3328000.0,3652411000.0,3721934750.0,2540723000.0,562672000.0,481804000.0,80868000.0,2307597000.0,1734108000.0,573489000.0,15018042448.0,-635334000.0,-643098000.0,-966734000.0,-25511000.0,0.0,-989500000.0,-840213000.0,153000000.0,1196359000.0,-1980000.0,1033442000.0,1033442000.0,1033442000.0,0.0,0.0,0.091,2886606000.0,1647921000.0,977297000.0,0.0,3.75,14.532,14.646,1469757000.0,0.0,68.25,1.328,1.3,0.0,7776102000.0,11308433000.0,11308433000.0,0.0,0.165,0.259,0.443,0.146,61122000.0,2886606000.0,1.0,220044578.0,215451000,218335000.0,52.487,5826369000.0,0.0,611151000.0,206565000.0,27.043,2141041000.0
34,BBBY,MRT,2013-03-31,2013-03-02,2013-03-02,2021-09-30,-4320000.0,6279952000.0,6149650500.0,3867485000.0,2412467000.0,1.775,18.163,-315937000.0,564971000.0,564971000.0,6525830000.0,1037788000.0,2.365,0.539,0.0,0.0,0.0,0.0,0.0,195117000.0,0.0,0.0,0.0,1638218000.0,1833335000.0,0.168,1833335000.0,1638218000.0,1634059000.0,4.62,4.56,4.62,4079730000.0,3962879250.0,4079730000.0,12201637708.0,7.0,6.655,880288000.0,3.919,1.0,4388755000.0,0.402,483518000.0,4159000.0,3596253000.0,3618000500.0,2466214000.0,527258000.0,449933000.0,77325000.0,2200222000.0,1635210000.0,565012000.0,12873899708.0,-438195000.0,-643098000.0,-944903000.0,-25511000.0,0.0,-965393000.0,-667047000.0,331988000.0,1196225000.0,-1980000.0,1037788000.0,1037788000.0,1037788000.0,0.0,0.0,0.095,2750537000.0,1638218000.0,913365000.0,0.0,3.156,12.405,12.323,1466667000.0,0.0,56.93,1.18,1.172,0.0,7573612000.0,10914585000.0,10914585000.0,0.0,0.169,0.262,0.453,0.15,60380000.0,2750537000.0,1.0,226135600.0,224623000,227723000.0,48.591,5796434000.0,0.0,596271000.0,157414000.0,25.805,2232275000.0
35,BBBY,MRT,2012-12-31,2012-11-24,2012-11-24,2021-09-30,858000.0,6386836000.0,6010799000.0,3967853000.0,2418983000.0,1.705,17.78,-322535000.0,672262000.0,672262000.0,6087875000.0,1014959000.0,2.16,0.606,0.0,0.0,0.0,0.0,0.0,191295000.0,0.0,0.0,0.0,1590949000.0,1782244000.0,0.174,1782244000.0,1590949000.0,1590081000.0,4.41,4.36,4.41,3977122000.0,3923578750.0,3977122000.0,13044020925.0,8.0,7.319,941675000.0,4.21,1.0,4157547000.0,0.406,0.0,868000.0,3877661000.0,3514812500.0,2763907000.0,187118000.0,112450000.0,74668000.0,2409714000.0,1836913000.0,572801000.0,13788485925.0,-93488000.0,-643098000.0,-1013864000.0,-25511000.0,0.0,-1034965000.0,-322733000.0,682900000.0,1264210000.0,0.0,1014959000.0,1014959000.0,1014959000.0,0.0,0.0,0.099,2566598000.0,1590949000.0,1088651000.0,0.0,3.467,13.585,13.642,1433592000.0,0.0,60.16,1.346,1.313,0.0,7199740000.0,10245422000.0,10245422000.0,0.0,0.169,0.259,0.453,0.155,58681000.0,2566598000.0,1.0,229196907.0,223687000,226661000.0,45.802,6386836000.0,0.0,575122000.0,182908000.0,28.553,2130940000.0
36,BBBY,MRT,2012-09-30,2012-08-25,2012-08-25,2021-09-30,-33000.0,6107482000.0,5877869000.0,3721043000.0,2386439000.0,1.682,17.322,-311840000.0,744465000.0,744465000.0,5844952000.0,1010753000.0,2.323,0.558,0.0,0.0,0.0,0.0,0.0,186249000.0,0.0,0.0,0.0,1586320000.0,1772569000.0,0.179,1772569000.0,1586320000.0,1587972000.0,4.33,4.28,4.33,3920096000.0,3906926250.0,3920096000.0,14339799370.0,9.0,8.09,899414000.0,3.974,1.0,4042230000.0,0.409,0.0,-1652000.0,3761414000.0,3442356750.0,2430907000.0,246724000.0,164261000.0,82463000.0,2187386000.0,1601603000.0,585783000.0,15414983370.0,-273525000.0,-643269000.0,-1069405000.0,-25511000.0,0.0,-1086900000.0,-397879000.0,597230000.0,1211254000.0,0.0,1010753000.0,1010753000.0,1010753000.0,0.0,0.0,0.102,2455910000.0,1586320000.0,940958000.0,0.0,3.932,15.251,15.335,1403520000.0,0.0,66.4,1.559,1.52,0.0,6966990000.0,9887182000.0,9887182000.0,0.0,0.172,0.259,0.461,0.16,60275000.0,2455910000.0,1.0,232153364.0,226313000,229308000.0,43.688,6107482000.0,0.0,577219000.0,104749000.0,26.987,2119440000.0
37,BBBY,MRT,2012-06-30,2012-05-26,2012-05-26,2021-09-30,-4481000.0,5824332000.0,5788117500.0,4199833000.0,1624499000.0,1.66,16.913,-281020000.0,1075184000.0,1075184000.0,5647671000.0,1015795000.0,2.777,0.503,0.0,0.0,0.0,0.0,0.0,183062000.0,0.0,0.0,0.0,1592819000.0,1775881000.0,0.185,1775881000.0,1592819000.0,1592330000.0,4.28,4.23,4.28,3874569000.0,3904663750.0,3874569000.0,15922035400.0,10.0,8.966,958292000.0,4.183,1.0,3960560000.0,0.412,0.0,489000.0,3236674000.0,3336700750.0,2202846000.0,706086000.0,611325000.0,94761000.0,1949763000.0,1512474000.0,437289000.0,16925201400.0,-153789000.0,0.0,-1139765000.0,0.0,0.0,-1131491000.0,-261610000.0,19410000.0,1239312000.0,0.0,1015795000.0,1015795000.0,1015795000.0,0.0,0.0,0.106,2367741000.0,1592819000.0,866253000.0,0.0,4.368,16.662,16.916,1220245000.0,0.0,72.4,1.762,1.726,0.0,6742660000.0,9608231000.0,9608231000.0,0.0,0.175,0.26,0.477,0.166,59740000.0,2367741000.0,1.0,233773500.0,229086000,232683000.0,41.942,5824332000.0,0.0,576535000.0,199258000.0,25.424,2687359000.0
38,BBBY,MRT,2012-03-31,2012-02-25,2012-02-25,2021-09-30,-1879000.0,5724546000.0,5786417750.0,4142939000.0,1581607000.0,1.642,16.343,-243374000.0,1003166000.0,1003166000.0,5568957000.0,989537000.0,3.094,0.459,0.0,0.0,0.0,0.0,0.0,183873000.0,0.0,0.0,0.0,1568369000.0,1752242000.0,0.184,1752242000.0,1568369000.0,1569488000.0,4.12,4.06,4.12,3922528000.0,3919965750.0,3922528000.0,13793437470.0,9.0,7.872,981910000.0,4.091,1.0,3930933000.0,0.414,198749000.0,-1119000.0,3183501000.0,3312324250.0,2071890000.0,852174000.0,756389000.0,95785000.0,1802018000.0,1339130000.0,462888000.0,14559187470.0,-180421000.0,0.0,-1046868000.0,0.0,0.0,-1041705000.0,-364000000.0,-120626000.0,1225284000.0,0.0,989537000.0,989537000.0,989537000.0,0.0,0.0,0.104,2362564000.0,1568369000.0,752064000.0,0.0,3.712,14.713,14.648,1198255000.0,0.0,60.35,1.533,1.525,0.0,6535824000.0,9499890000.0,9499890000.0,0.0,0.171,0.252,0.473,0.165,45286000.0,2362564000.0,1.0,241245857.0,240016000,243890000.0,39.58,5525797000.0,0.0,579951000.0,171868000.0,23.023,2803809000.0
39,BBBY,MRT,2011-12-31,2011-11-26,2011-11-26,2021-09-30,-267000.0,5855116000.0,5766829500.0,4290884000.0,1564232000.0,1.608,16.444,-200532000.0,765750000.0,765750000.0,5428812000.0,921945000.0,2.858,0.497,0.0,0.0,0.0,0.0,0.0,180592000.0,0.0,0.0,0.0,1478656000.0,1659248000.0,0.179,1659248000.0,1478656000.0,1478415000.0,3.77,3.72,3.77,3910512000.0,3922248500.0,3910512000.0,13146917807.0,9.0,7.923,907298000.0,3.815,1.0,3843731000.0,0.415,0.0,241000.0,3587838000.0,3301490500.0,2357254000.0,863794000.0,761930000.0,101864000.0,1944604000.0,1501528000.0,443076000.0,14164907807.0,-74583000.0,0.0,-861501000.0,0.0,0.0,-856414000.0,-325999000.0,-125467000.0,1107830000.0,0.0,921945000.0,921945000.0,921945000.0,0.0,0.0,0.099,2365075000.0,1478656000.0,954281000.0,0.0,3.622,15.364,15.358,1160994000.0,0.0,57.9,1.528,1.485,0.0,6184781000.0,9272543000.0,9272543000.0,0.0,0.16,0.235,0.448,0.159,44348000.0,2365075000.0,1.0,244644349.0,237802000,241718000.0,38.993,5855116000.0,0.0,556470000.0,126706000.0,24.622,2789356000.0
40,BBBY,MRT,2011-09-30,2011-08-27,2011-08-27,2021-09-30,5285000.0,5748476000.0,5693087250.0,4194576000.0,1553900000.0,1.602,16.111,-189498000.0,1017990000.0,1017990000.0,5341191000.0,881975000.0,3.014,0.47,0.0,0.0,0.0,0.0,0.0,182048000.0,0.0,0.0,0.0,1426746000.0,1608794000.0,0.176,1608794000.0,1426746000.0,1429103000.0,3.56,3.51,3.56,3911046000.0,3894348500.0,3911046000.0,12455539348.0,9.0,7.742,879960000.0,3.625,1.0,3781546000.0,0.415,0.0,-2357000.0,3338790000.0,3241991000.0,2117414000.0,838616000.0,724911000.0,113705000.0,1837430000.0,1391696000.0,445734000.0,13684512348.0,-22514000.0,0.0,-807486000.0,0.0,0.0,-804657000.0,-287315000.0,-97817000.0,1069458000.0,0.0,881975000.0,881975000.0,881975000.0,0.0,0.0,0.097,2354800000.0,1426746000.0,848063000.0,0.0,3.499,15.516,15.421,1128998000.0,0.0,54.9,1.5,1.461,0.0,5956237000.0,9122737000.0,9122737000.0,0.0,0.155,0.226,0.44,0.156,42379000.0,2354800000.0,1.0,249262520.0,242751000,246539000.0,37.581,5748476000.0,0.0,547128000.0,152415000.0,23.681,2802880000.0
41,BBBY,MRT,2011-06-30,2011-05-28,2011-05-28,2021-09-30,5471000.0,5817533000.0,5615971250.0,4279547000.0,1537986000.0,1.593,16.029,-177584000.0,1228973000.0,1228973000.0,5239938000.0,834358000.0,2.953,0.478,0.0,0.0,0.0,0.0,0.0,183028000.0,0.0,0.0,0.0,1352012000.0,1535040000.0,0.172,1535040000.0,1352012000.0,1356568000.0,3.33,3.28,3.33,3935777000.0,3862772250.0,3935777000.0,12184790924.0,9.0,7.938,895874000.0,3.648,1.0,3705465000.0,0.414,0.0,-4556000.0,3139168000.0,3186562750.0,2083008000.0,722244000.0,603901000.0,118343000.0,1881756000.0,1449392000.0,432364000.0,13368377924.0,144988000.0,0.0,-732306000.0,0.0,0.0,-730075000.0,-198395000.0,-20811000.0,1073458000.0,0.0,834358000.0,834358000.0,834358000.0,0.0,0.0,0.093,2353453000.0,1352012000.0,844247000.0,0.0,3.397,16.022,16.054,1108621000.0,0.0,53.46,1.494,1.467,0.0,5726865000.0,8945403000.0,8945403000.0,0.0,0.149,0.216,0.424,0.151,41486000.0,2353453000.0,1.0,250063186.0,245546000,249799000.0,36.431,5817533000.0,0.0,522210000.0,239317000.0,23.692,2830155000.0
42,BBBY,MRT,2011-03-31,2011-02-26,2011-02-26,2021-09-30,5100000.0,5646193000.0,5501844500.0,4073838000.0,1572355000.0,1.592,15.461,-183474000.0,1183587000.0,1183587000.0,5135574000.0,791333000.0,3.081,0.436,0.0,0.0,0.0,0.0,0.0,183820000.0,0.0,0.0,0.0,1288458000.0,1472278000.0,0.168,1472278000.0,1288458000.0,1292978000.0,3.11,3.07,3.11,3931659000.0,3824632750.0,3931659000.0,11348585783.0,9.0,7.708,803933000.0,3.161,1.0,3622929000.0,0.414,0.0,-4520000.0,3140166000.0,3167360500.0,1968907000.0,727054000.0,605608000.0,121446000.0,1714534000.0,1322440000.0,392094000.0,12188918783.0,87487000.0,0.0,-561905000.0,0.0,0.0,-558961000.0,-340959000.0,-157485000.0,987407000.0,0.0,791333000.0,791333000.0,791333000.0,0.0,0.0,0.09,2334471000.0,1288458000.0,709550000.0,0.0,3.1,15.403,15.386,1116297000.0,0.0,47.85,1.392,1.389,0.0,5546287000.0,8758503000.0,8758503000.0,0.0,0.144,0.207,0.407,0.147,40823000.0,2334471000.0,1.0,254731845.0,254297000,258079000.0,34.442,5646193000.0,0.0,501645000.0,212712000.0,22.203,2751398000.0
43,BBBY,MRT,2010-12-31,2010-11-27,2010-11-27,2021-09-30,2729000.0,5560147000.0,5378328750.0,3949015000.0,1611132000.0,1.58,15.061,-187247000.0,840333000.0,840333000.0,4995657000.0,733924000.0,2.883,0.464,0.0,0.0,0.0,0.0,0.0,182415000.0,0.0,0.0,0.0,1199251000.0,1381666000.0,0.163,1381666000.0,1199251000.0,1201574000.0,2.87,2.82,2.87,3798912000.0,3754944000.0,3798912000.0,10360373356.0,9.0,7.498,774131000.0,3.069,1.0,3501958000.0,0.412,0.0,-2323000.0,3349840000.0,3108938000.0,2171783000.0,734468000.0,599805000.0,134663000.0,1761235000.0,1369974000.0,391261000.0,11400877356.0,-14308000.0,0.0,-379672000.0,0.0,0.0,-373899000.0,-601787000.0,-414540000.0,961378000.0,0.0,733924000.0,733924000.0,733924000.0,0.0,0.0,0.086,2303811000.0,1198147000.0,856646000.0,0.0,3.001,15.534,15.331,1124704000.0,0.0,44.0,1.342,1.306,0.0,5262836000.0,8497615000.0,8497615000.0,0.0,0.136,0.195,0.386,0.141,37972000.0,2303811000.0,1.0,259110849.0,252233000,255936000.0,33.69,5560147000.0,0.0,467650000.0,124925000.0,22.044,2579041000.0
44,BBBY,MRT,2010-09-30,2010-08-28,2010-08-28,2021-09-30,-60000.0,5440012000.0,5220233500.0,3852394000.0,1587618000.0,1.586,14.726,-169623000.0,1040504000.0,1040504000.0,4861463000.0,696638000.0,3.004,0.437,0.0,0.0,0.0,0.0,0.0,184368000.0,0.0,0.0,0.0,1140489000.0,1324857000.0,0.16,1324857000.0,1140489000.0,1140816000.0,2.71,2.66,2.71,3784741000.0,3654824250.0,3784741000.0,8679791376.0,8.0,6.551,747480000.0,2.908,1.0,3417862000.0,0.413,0.0,-327000.0,3117077000.0,2992881000.0,1903096000.0,734465000.0,602223000.0,132242000.0,1655271000.0,1282431000.0,372840000.0,9763776376.0,4903000.0,0.0,-216006000.0,0.0,0.0,-211440000.0,-700760000.0,-531137000.0,917103000.0,0.0,696638000.0,696638000.0,696638000.0,0.0,0.0,0.084,2279214000.0,1138648000.0,771752000.0,0.0,2.58,14.016,13.653,1105297000.0,0.0,37.0,1.179,1.149,0.0,5074262000.0,8279325000.0,8279325000.0,0.0,0.133,0.191,0.381,0.138,37052000.0,2279214000.0,1.0,263885848.0,257013000,259928000.0,32.214,5440012000.0,0.0,444178000.0,135886000.0,21.166,2569963000.0
45,BBBY,MRT,2010-06-30,2010-05-29,2010-05-29,2021-09-30,-71000.0,5361026000.0,5044090000.0,3782353000.0,1578673000.0,1.597,14.584,-166124000.0,1083985000.0,1083985000.0,4741167000.0,650414000.0,3.114,0.417,0.0,0.0,0.0,0.0,0.0,184466000.0,0.0,0.0,0.0,1067094000.0,1251560000.0,0.155,1251560000.0,1067094000.0,1067094000.0,2.53,2.48,2.53,3783219000.0,3523865000.0,3783219000.0,10716393744.0,10.0,8.562,717257000.0,2.765,1.0,3316337000.0,0.412,0.0,0.0,3062359000.0,2853696250.0,1846140000.0,694009000.0,560174000.0,133835000.0,1577807000.0,1214682000.0,363125000.0,11812493744.0,228551000.0,0.0,-22160000.0,0.0,0.0,-16604000.0,-638226000.0,-472102000.0,883381000.0,0.0,650414000.0,650414000.0,650414000.0,0.0,0.0,0.081,2252560000.0,1063777000.0,678685000.0,0.0,3.122,18.161,17.735,1103367000.0,0.0,44.87,1.466,1.445,0.0,4892507000.0,8057504000.0,8057504000.0,0.0,0.129,0.185,0.374,0.132,36451000.0,2252560000.0,1.0,263260391.0,259400000,263638000.0,31.062,5361026000.0,0.0,416680000.0,195213000.0,20.667,2567671000.0
46,BBBY,MRT,2010-03-31,2010-02-27,2010-02-27,2021-09-30,728000.0,5152130000.0,4830347000.0,3563345000.0,1588785000.0,1.621,14.172,-153680000.0,1096100000.0,1096100000.0,4620674000.0,600033000.0,3.1,0.41,0.0,0.0,0.0,0.0,0.0,184232000.0,0.0,0.0,0.0,985255000.0,1169487000.0,0.149,1169487000.0,985255000.0,985255000.0,2.33,2.3,2.33,3652904000.0,3355648250.0,3652904000.0,10047366037.0,10.0,8.591,751727000.0,2.916,1.0,3208119000.0,0.41,0.0,0.0,2906476000.0,2734099500.0,1759703000.0,564336000.0,431476000.0,132860000.0,1499226000.0,1149554000.0,349672000.0,10902007037.0,427891000.0,0.0,4870000.0,0.0,0.0,11176000.0,-488692000.0,-335012000.0,905407000.0,0.0,600033000.0,600033000.0,600033000.0,0.0,0.0,0.077,2227432000.0,980687000.0,611163000.0,0.0,2.984,18.169,17.858,1119292000.0,0.0,41.61,1.393,1.37,0.0,4754954000.0,7828793000.0,7828793000.0,0.0,0.124,0.179,0.36,0.126,38249000.0,2227432000.0,1.0,262004495.0,257755000,260375000.0,30.373,5152130000.0,0.0,385222000.0,187256000.0,19.988,2413791000.0
47,BBBY,MRT,2009-12-31,2009-11-28,2009-11-28,2021-09-30,1426000.0,4927766000.0,4609525250.0,3325989000.0,1601777000.0,1.629,13.168,-161492000.0,854641000.0,854641000.0,4470307000.0,515369000.0,2.801,0.45,0.0,0.0,0.0,0.0,0.0,181891000.0,0.0,0.0,0.0,845748000.0,1027639000.0,0.137,1027639000.0,845748000.0,845748000.0,2.01,1.98,2.01,3398433000.0,3192535750.0,3398433000.0,8681143413.0,10.0,8.448,707545000.0,2.742,1.0,3037681000.0,0.405,0.0,0.0,2885612000.0,2669397000.0,1954995000.0,315182000.0,162934000.0,152248000.0,1529333000.0,1187513000.0,341820000.0,9716744413.0,621285000.0,0.0,-14984000.0,0.0,0.0,-11926000.0,-235826000.0,-74334000.0,869037000.0,0.0,515369000.0,515369000.0,515369000.0,0.0,0.0,0.069,2196453000.0,841228000.0,718921000.0,0.0,2.859,18.854,18.403,1118272000.0,0.0,36.99,1.294,1.271,0.0,4528912000.0,7507988000.0,7507988000.0,0.0,0.112,0.161,0.317,0.113,42067000.0,2196453000.0,1.0,262685710.0,258074000,260913000.0,29.092,4927766000.0,0.0,330379000.0,127376000.0,19.094,2138476000.0
48,BBBY,MRT,2009-09-30,2009-08-29,2009-08-29,2021-09-30,-468000.0,4735438000.0,4426431250.0,3123204000.0,1612234000.0,1.653,12.648,-176779000.0,1035601000.0,1035601000.0,4397080000.0,451781000.0,2.741,0.452,0.0,0.0,0.0,0.0,0.0,178209000.0,0.0,0.0,0.0,737170000.0,915379000.0,0.125,915379000.0,737170000.0,737170000.0,1.76,1.74,1.76,3260904000.0,3056327250.0,3260904000.0,8871267489.0,12.0,9.691,631548000.0,2.45,1.0,2918126000.0,0.399,0.0,0.0,2560338000.0,2674830250.0,1755377000.0,200318000.0,43125000.0,157193000.0,1474534000.0,1139499000.0,335035000.0,9726701489.0,747045000.0,0.0,10038000.0,0.0,0.0,12074000.0,-73356000.0,103423000.0,808327000.0,0.0,451781000.0,451781000.0,451781000.0,0.0,0.0,0.062,2186135000.0,731991000.0,682936000.0,0.0,2.983,21.53,21.102,1111971000.0,0.0,37.14,1.33,1.309,0.0,4377624000.0,7315206000.0,7315206000.0,0.0,0.102,0.148,0.276,0.101,41828000.0,2186135000.0,1.0,261892878.0,257814000,259940000.0,28.374,4735438000.0,0.0,285389000.0,128087000.0,18.368,1983705000.0
49,BBBY,MRT,2009-06-30,2009-05-30,2009-05-30,2021-09-30,-1500000.0,4506054000.0,4275657000.0,2833934000.0,1672120000.0,1.697,12.105,-190774000.0,855434000.0,855434000.0,4370135000.0,435518000.0,2.657,0.449,0.0,0.0,0.0,0.0,0.0,176761000.0,0.0,0.0,0.0,704030000.0,880791000.0,0.121,880791000.0,704030000.0,704030000.0,1.69,1.68,1.69,3110352000.0,2930535750.0,3110352000.0,6630953602.0,9.0,7.528,521705000.0,2.03,1.0,2884054000.0,0.398,0.0,0.0,2583972000.0,2722814500.0,1703819000.0,218196000.0,2000000.0,216196000.0,1395702000.0,1066648000.0,329054000.0,7299162602.0,615179000.0,0.0,-17773000.0,0.0,0.0,-16724000.0,-80576000.0,110198000.0,712479000.0,0.0,435518000.0,435518000.0,435518000.0,0.0,0.0,0.06,2186673000.0,697381000.0,603402000.0,0.0,2.347,16.76,16.633,1120393000.0,0.0,28.11,1.006,0.996,0.0,4242093000.0,7254189000.0,7254189000.0,0.0,0.102,0.149,0.259,0.097,40431000.0,2186673000.0,1.0,259664269.0,256942000,258764000.0,28.233,4506054000.0,0.0,268512000.0,151625000.0,17.537,1767286000.0
50,BBBY,MRT,2009-03-31,2009-02-28,2009-02-28,2021-09-30,-4540000.0,4268843000.0,4145687000.0,2562799000.0,1706044000.0,1.739,11.702,-215859000.0,668209000.0,668209000.0,4335104000.0,425123000.0,2.689,0.423,0.0,0.0,0.0,0.0,0.0,175601000.0,0.0,0.0,0.0,683308000.0,858909000.0,0.119,858909000.0,683308000.0,683308000.0,1.66,1.64,1.66,3000454000.0,2816391000.0,3000454000.0,5298794296.0,8.0,6.169,368111000.0,1.436,1.0,2873236000.0,0.399,0.0,0.0,2647666000.0,2748515000.0,1642339000.0,223134000.0,2000000.0,221134000.0,1268389000.0,952968000.0,315421000.0,5532150296.0,444125000.0,0.0,-30402000.0,0.0,0.0,-26750000.0,-113095000.0,102764000.0,583970000.0,0.0,425123000.0,425123000.0,425123000.0,0.0,0.0,0.059,2199340000.0,673896000.0,514734000.0,0.0,1.844,13.013,12.831,1148435000.0,0.0,21.3,0.767,0.758,0.0,4154921000.0,7208340000.0,7208340000.0,0.0,0.103,0.151,0.249,0.095,42525000.0,2199340000.0,1.0,259725366.0,256410000,258619000.0,28.113,4268843000.0,0.0,258185000.0,113317000.0,16.649,1609831000.0
51,BBBY,MRT,2008-12-31,2008-11-29,2008-11-29,2021-09-30,-129000.0,4195390000.0,4039499500.0,2490158000.0,1705232000.0,1.787,11.14,-264142000.0,233356000.0,233356000.0,4330976000.0,456666000.0,2.361,0.47,0.0,0.0,0.0,0.0,0.0,172230000.0,0.0,0.0,0.0,716563000.0,888793000.0,0.123,888793000.0,716563000.0,716563000.0,1.77,1.76,1.77,2853599000.0,2706734500.0,2853599000.0,4980716745.0,7.0,5.604,217486000.0,0.849,1.0,2887276000.0,0.4,0.0,0.0,2907345000.0,2738072750.0,1920481000.0,234910000.0,4000000.0,230910000.0,1341791000.0,1054689000.0,287102000.0,5269272745.0,42923000.0,0.0,-124428000.0,0.0,0.0,-118925000.0,-319780000.0,-55638000.0,481628000.0,0.0,456666000.0,456666000.0,456666000.0,0.0,0.0,0.063,2185220000.0,702056000.0,613217000.0,0.0,1.847,11.539,11.463,1134802000.0,0.0,20.29,0.73,0.72,0.0,4013511000.0,7218252000.0,7218252000.0,0.0,0.113,0.169,0.262,0.099,45340000.0,2185220000.0,1.0,259698016.0,256150000,258174000.0,28.18,4195390000.0,0.0,259897000.0,88390000.0,16.379,1435469000.0
52,BBBY,MRT,2008-09-30,2008-08-30,2008-08-30,2021-09-30,-176000.0,4132341000.0,3956625000.0,2391640000.0,1740701000.0,1.827,10.742,-311625000.0,288556000.0,288556000.0,4288031000.0,507198000.0,2.191,0.498,0.0,0.0,0.0,0.0,0.0,169731000.0,0.0,0.0,0.0,786913000.0,956644000.0,0.132,956644000.0,786913000.0,786913000.0,1.96,1.94,1.96,2757738000.0,2611718500.0,2757738000.0,7743986762.0,10.0,8.095,193054000.0,0.752,1.0,2942285000.0,0.407,0.0,0.0,2752275000.0,2650500250.0,1810313000.0,296946000.0,10000000.0,286946000.0,1374603000.0,1091510000.0,283093000.0,7984241762.0,165593000.0,0.0,-221617000.0,0.0,0.0,-214204000.0,-124882000.0,186743000.0,504679000.0,0.0,507198000.0,507198000.0,507198000.0,0.0,0.0,0.07,2173451000.0,768834000.0,654626000.0,0.0,2.895,15.742,15.643,1123651000.0,0.0,30.66,1.104,1.089,0.0,3925811000.0,7230316000.0,7230316000.0,0.0,0.128,0.194,0.297,0.109,47312000.0,2173451000.0,1.0,260412321.0,256726000,258979000.0,28.164,4132341000.0,0.0,279715000.0,88580000.0,16.096,1300130000.0
53,BBBY,MRT,2008-06-30,2008-05-31,2008-05-31,2021-09-30,-1071000.0,3986174000.0,3877972500.0,2241320000.0,1744854000.0,1.842,10.341,-333360000.0,240255000.0,240255000.0,4209018000.0,534938000.0,2.116,0.502,0.0,0.0,0.0,0.0,0.0,164050000.0,0.0,0.0,0.0,824300000.0,988350000.0,0.138,988350000.0,824300000.0,824300000.0,2.05,2.03,2.05,2653773000.0,2527450750.0,2653773000.0,8025216257.0,10.0,8.12,229359000.0,0.894,1.0,2935122000.0,0.411,0.0,0.0,2686774000.0,2609615750.0,1726148000.0,322734000.0,15000000.0,307734000.0,1332401000.0,1059145000.0,273256000.0,8249300257.0,57124000.0,0.0,-434463000.0,0.0,0.0,-426841000.0,-78754000.0,254606000.0,562719000.0,0.0,534938000.0,534938000.0,534938000.0,0.0,0.0,0.075,2132672000.0,802450000.0,597011000.0,0.0,3.109,15.421,15.541,1112116000.0,0.0,31.86,1.155,1.144,0.0,3806543000.0,7144140000.0,7144140000.0,0.0,0.138,0.212,0.316,0.115,48956000.0,2132672000.0,1.0,258923423.0,256634000,259263000.0,27.838,3986174000.0,0.0,289362000.0,107988000.0,15.533,1182175000.0
54,BBBY,MRT,2008-03-31,2008-03-01,2008-03-01,2021-09-30,-1038000.0,3844093000.0,3848589000.0,2079711000.0,1764382000.0,1.832,9.674,-358210000.0,224084000.0,224084000.0,4123711000.0,562808000.0,2.051,0.501,0.0,0.0,0.0,0.0,0.0,157770000.0,0.0,0.0,0.0,865232000.0,1023002000.0,0.145,1023002000.0,865232000.0,865232000.0,2.13,2.1,2.13,2561828000.0,2489231000.0,2561828000.0,7233306631.0,8.0,7.071,256326000.0,0.968,1.0,2925231000.0,0.415,0.0,0.0,2605897000.0,2591047750.0,1616981000.0,326004000.0,0.0,326004000.0,1282265000.0,1014112000.0,268153000.0,7423739631.0,10703000.0,-85893000.0,-711521000.0,0.0,0.0,-705531000.0,101698000.0,545801000.0,614536000.0,0.0,562808000.0,562808000.0,562808000.0,0.0,0.0,0.08,2087209000.0,838022000.0,570605000.0,0.0,2.898,13.191,13.305,1121906000.0,0.0,28.34,1.053,1.065,0.0,3729766000.0,7048942000.0,7048942000.0,0.0,0.146,0.226,0.334,0.123,46474000.0,2087209000.0,1.0,261952704.0,264824000,268409000.0,26.617,3844093000.0,0.0,302424000.0,88641000.0,14.516,1065599000.0
55,BBBY,MRT,2007-12-31,2007-12-01,2007-12-01,2021-09-30,4067000.0,3863892000.0,3877391750.0,2489814000.0,1374078000.0,1.834,9.456,-339368000.0,190433000.0,190433000.0,4121628000.0,595729000.0,2.23,0.562,0.0,0.0,0.0,0.0,0.0,153605000.0,0.0,0.0,0.0,923298000.0,1076903000.0,0.151,1076903000.0,923298000.0,923298000.0,2.2,2.18,2.2,2473535000.0,2511061750.0,2473535000.0,8205666036.0,9.0,7.62,296486000.0,1.133,1.0,2989115000.0,0.42,0.0,0.0,2557055000.0,2589786000.0,1797784000.0,186925000.0,186797000.0,128000.0,1390357000.0,1116404000.0,273953000.0,8328629036.0,-109891000.0,-85893000.0,-896276000.0,0.0,0.0,-884773000.0,139028000.0,564289000.0,635854000.0,0.0,595729000.0,595729000.0,595729000.0,0.0,0.0,0.084,2100640000.0,888475000.0,680716000.0,0.0,3.367,13.981,14.295,1064081000.0,0.0,31.45,1.171,1.157,0.0,3556845000.0,7110743000.0,7110743000.0,0.0,0.154,0.237,0.357,0.13,45025000.0,2100640000.0,1.0,264821273.0,261588000,265006000.0,27.183,3863892000.0,0.0,327569000.0,102033000.0,14.771,1373410000.0
56,BBBY,MRT,2007-09-30,2007-09-01,2007-09-01,2021-09-30,4244000.0,3817731000.0,3904648000.0,2475032000.0,1342699000.0,1.776,9.098,-335037000.0,122963000.0,122963000.0,3989914000.0,599933000.0,2.238,0.577,0.0,0.0,0.0,0.0,0.0,145529000.0,0.0,0.0,0.0,936955000.0,1082484000.0,0.156,1082484000.0,936955000.0,936955000.0,2.18,2.16,2.18,2420667000.0,2574754250.0,2420667000.0,9216313977.0,10.0,8.514,322778000.0,1.213,1.0,2945322000.0,0.425,0.0,0.0,2588737000.0,2595554500.0,1602677000.0,492923000.0,460771000.0,32152000.0,1397064000.0,1106031000.0,291033000.0,9399444977.0,-45031000.0,-85893000.0,-784729000.0,0.0,0.0,-772261000.0,69415000.0,490345000.0,657815000.0,0.0,599933000.0,599933000.0,599933000.0,0.0,0.0,0.087,2048865000.0,896457000.0,649052000.0,0.0,3.883,15.667,15.89,994344000.0,0.0,34.64,1.355,1.329,0.0,3418613000.0,6935236000.0,6935236000.0,0.0,0.154,0.233,0.361,0.135,54257000.0,2048865000.0,1.0,271346564.0,266069000,269531000.0,26.066,3817731000.0,0.0,337022000.0,165444000.0,14.349,1369001000.0
57,BBBY,MRT,2007-06-30,2007-06-02,2007-06-02,2021-09-30,4314000.0,3868640000.0,3877907500.0,2528426000.0,1340214000.0,1.747,9.142,-315302000.0,183131000.0,183131000.0,3883346000.0,598460000.0,2.356,0.547,0.0,0.0,0.0,0.0,0.0,139519000.0,0.0,0.0,0.0,938751000.0,1078270000.0,0.159,1078270000.0,938751000.0,938751000.0,2.15,2.12,2.15,2500894000.0,2606892500.0,2500894000.0,11010189560.0,12.0,10.211,333903000.0,1.221,1.0,2891413000.0,0.427,0.0,0.0,2612502000.0,2580031500.0,1558478000.0,586959000.0,512022000.0,74937000.0,1367746000.0,1073007000.0,294739000.0,11223570560.0,95336000.0,-85893000.0,-542576000.0,0.0,0.0,-534067000.0,-19802000.0,381393000.0,649205000.0,0.0,598460000.0,598460000.0,598460000.0,0.0,0.0,0.088,1996371000.0,895042000.0,608982000.0,0.0,4.488,18.754,18.837,954620000.0,0.0,40.5,1.657,1.635,0.0,3271605000.0,6774759000.0,6774759000.0,0.0,0.154,0.23,0.364,0.139,55673000.0,1996371000.0,1.0,277125199.0,273564000,278249000.0,24.765,3868640000.0,0.0,340291000.0,192331000.0,14.142,1455419000.0
58,BBBY,MRT,2007-03-31,2007-03-03,2007-03-03,2021-09-30,4385000.0,3959304000.0,3793937250.0,2698614000.0,1260690000.0,1.744,9.455,-317501000.0,213381000.0,213381000.0,3782027000.0,594244000.0,2.357,0.495,0.0,0.0,0.0,0.0,0.0,132955000.0,0.0,0.0,0.0,932879000.0,1065834000.0,0.161,1065834000.0,932879000.0,932879000.0,2.12,2.09,2.12,2649151000.0,2577786750.0,2649151000.0,10907287923.0,12.0,10.234,296131000.0,1.057,1.0,2835402000.0,0.428,0.0,0.0,2600850000.0,2535506750.0,1505800000.0,877573000.0,774881000.0,102692000.0,1310153000.0,1145073000.0,165080000.0,11207611923.0,-34316000.0,0.0,-257609000.0,0.0,0.0,-250275000.0,-397673000.0,-80172000.0,613632000.0,0.0,594244000.0,594244000.0,594244000.0,0.0,0.0,0.09,1946001000.0,889401000.0,615156000.0,0.0,4.231,18.86,18.656,929507000.0,0.0,39.55,1.694,1.675,0.0,3153856000.0,6617429000.0,6617429000.0,0.0,0.157,0.231,0.368,0.141,59287000.0,1946001000.0,1.0,283378304.0,280199000,284956000.0,23.617,3959304000.0,0.0,338635000.0,140913000.0,14.13,1553541000.0
59,BBBY,MRT,2006-12-31,2006-11-25,2006-11-25,2021-09-30,0.0,3972917000.0,3649646250.0,2660491000.0,1312426000.0,1.728,9.706,-303336000.0,300324000.0,300324000.0,3587481000.0,586324000.0,2.435,0.456,0.0,0.0,0.0,0.0,0.0,126305000.0,0.0,0.0,0.0,925905000.0,1052210000.0,0.167,1052210000.0,925905000.0,925905000.0,2.07,2.03,2.07,2728305000.0,2481111500.0,2728305000.0,10927091399.0,12.0,10.385,277385000.0,0.987,1.0,2720240000.0,0.431,0.0,0.0,2580129000.0,2421518500.0,1639355000.0,750050000.0,517230000.0,232820000.0,1244612000.0,1092464000.0,152148000.0,11095085399.0,-68288000.0,0.0,-572995000.0,0.0,0.0,-572598000.0,-76411000.0,226925000.0,580721000.0,0.0,586324000.0,586324000.0,586324000.0,0.0,0.0,0.093,1835817000.0,884423000.0,668727000.0,0.0,4.067,18.923,18.961,878006000.0,0.0,39.25,1.759,1.749,0.0,3020626000.0,6307721000.0,6307721000.0,0.0,0.161,0.236,0.382,0.147,59060000.0,1835817000.0,1.0,282677335.0,281097000,285664000.0,22.44,3972917000.0,0.0,339581000.0,35888000.0,14.134,1568027000.0
60,BBBY,MRT,2006-09-30,2006-08-26,2006-08-26,2021-09-30,0.0,3710769000.0,3602610500.0,2383023000.0,1327746000.0,1.704,9.086,-267893000.0,167994000.0,167994000.0,3505631000.0,578508000.0,2.345,0.456,0.0,0.0,0.0,0.0,0.0,121411000.0,0.0,0.0,0.0,919176000.0,1040587000.0,0.17,1040587000.0,919176000.0,919176000.0,2.01,1.98,2.01,2549220000.0,2460929500.0,2549220000.0,9228487538.0,10.0,8.869,379548000.0,1.353,1.0,2631530000.0,0.429,0.0,0.0,2526645000.0,2342981750.0,1421922000.0,982233000.0,649253000.0,332980000.0,1161549000.0,1016130000.0,145419000.0,9316282538.0,-128483000.0,0.0,-581325000.0,0.0,0.0,-580806000.0,-195118000.0,72775000.0,647441000.0,0.0,578508000.0,578508000.0,578508000.0,0.0,0.0,0.094,1752748000.0,878782000.0,592210000.0,0.0,3.655,16.104,16.423,801438000.0,0.0,33.01,1.518,1.509,0.0,2878190000.0,6137161000.0,6137161000.0,0.0,0.161,0.235,0.392,0.15,53989000.0,1752748000.0,1.0,282226069.0,280567000,284654000.0,21.874,3710769000.0,0.0,340668000.0,57923000.0,13.226,1366893000.0
61,BBBY,MRT,2006-06-30,2006-05-27,2006-05-27,2021-09-30,0.0,3532759000.0,3555237750.0,2168617000.0,1364142000.0,1.677,8.51,-256718000.0,87795000.0,87795000.0,3406039000.0,574375000.0,2.146,0.482,0.0,0.0,0.0,0.0,0.0,116126000.0,0.0,0.0,0.0,915508000.0,1031634000.0,0.173,1031634000.0,915508000.0,915508000.0,1.97,1.94,1.97,2384471000.0,2446872250.0,2384471000.0,9692549718.0,11.0,9.395,388050000.0,1.385,1.0,2555065000.0,0.429,0.0,0.0,2434403000.0,2256484500.0,1391048000.0,967896000.0,554472000.0,413424000.0,1148288000.0,1010561000.0,137727000.0,9940246718.0,-136733000.0,0.0,-566622000.0,0.0,0.0,-569099000.0,-212402000.0,44316000.0,644768000.0,0.0,574375000.0,574375000.0,574375000.0,0.0,0.0,0.096,1678028000.0,877037000.0,551244000.0,0.0,4.169,17.306,17.878,765101000.0,0.0,35.22,1.668,1.656,0.0,2732655000.0,5961104000.0,5961104000.0,0.0,0.162,0.235,0.406,0.154,52758000.0,1678028000.0,1.0,282233013.0,280202000,285153000.0,21.274,3532759000.0,0.0,341133000.0,98690000.0,12.608,1158056000.0
62,BBBY,MRT,2006-03-31,2006-02-25,2006-02-25,2021-09-30,0.0,3382140000.0,3515133500.0,2071945000.0,1310195000.0,1.653,7.698,-220394000.0,247697000.0,247697000.0,3323814000.0,572847000.0,2.094,0.495,0.0,0.0,0.0,0.0,0.0,111111000.0,0.0,0.0,0.0,915091000.0,1026202000.0,0.177,1026202000.0,915091000.0,915091000.0,1.95,1.92,1.95,2262450000.0,2430830250.0,2262450000.0,10249187898.0,11.0,9.987,440041000.0,1.497,1.0,2485748000.0,0.428,0.0,0.0,2144897000.0,2167949250.0,1301720000.0,797975000.0,404113000.0,393862000.0,1119690000.0,989546000.0,130144000.0,10617799898.0,25589000.0,0.0,-563291000.0,0.0,0.0,-567276000.0,-67570000.0,152824000.0,660435000.0,0.0,572847000.0,572847000.0,572847000.0,0.0,0.0,0.099,1606577000.0,879171000.0,534910000.0,0.0,4.693,18.535,18.318,738742000.0,0.0,35.72,1.828,1.807,0.0,2632224000.0,5809562000.0,5809562000.0,0.0,0.163,0.236,0.422,0.158,46450000.0,1606577000.0,1.0,297250837.0,293899000,298973000.0,19.767,3382140000.0,0.0,342244000.0,92030000.0,11.508,1082399000.0
63,BBBY,MRT,2005-12-31,2005-11-26,2005-11-26,2021-09-30,0.0,3784774000.0,3469593250.0,2513339000.0,1271435000.0,1.612,8.943,-221441000.0,368612000.0,368612000.0,3203455000.0,555905000.0,2.507,0.43,0.0,0.0,0.0,0.0,0.0,107974000.0,0.0,0.0,0.0,889653000.0,997627000.0,0.178,997627000.0,889653000.0,889653000.0,1.87,1.84,1.87,2647577000.0,2416158250.0,2647577000.0,12521846647.0,14.0,12.552,367726000.0,1.242,1.0,2388474000.0,0.427,147559000.0,0.0,2265982000.0,2157794500.0,1424730000.0,977938000.0,572420000.0,405518000.0,1137197000.0,1002621000.0,134576000.0,12818323647.0,23455000.0,0.0,-314132000.0,0.0,0.0,-318574000.0,-247138000.0,-25697000.0,589167000.0,0.0,555905000.0,555905000.0,555905000.0,0.0,0.0,0.099,1530599000.0,857875000.0,604716000.0,0.0,4.842,23.058,23.091,696683000.0,0.0,43.18,2.292,2.286,0.0,2434302000.0,5591929000.0,5591929000.0,0.0,0.16,0.23,0.412,0.159,36399000.0,1530599000.0,1.0,296857889.0,296041000,301075000.0,18.889,3637215000.0,0.0,333748000.0,33511000.0,12.286,1510718000.0
64,BBBY,MRT,2005-09-30,2005-08-27,2005-08-27,2021-09-30,0.0,3521278000.0,3365139500.0,2352920000.0,1168358000.0,1.619,8.438,-204831000.0,296477000.0,296477000.0,3127141000.0,543212000.0,2.624,0.412,0.0,0.0,0.0,0.0,0.0,103041000.0,0.0,0.0,0.0,870472000.0,973513000.0,0.179,973513000.0,870472000.0,870472000.0,1.82,1.79,1.82,2492991000.0,2346059000.0,2492991000.0,11980561844.0,14.0,12.307,405281000.0,1.372,1.0,2321263000.0,0.426,147559000.0,0.0,2180656000.0,1979412750.0,1238875000.0,1056911000.0,703395000.0,353516000.0,1028287000.0,896586000.0,131701000.0,12205089844.0,1402000.0,0.0,-300373000.0,0.0,0.0,-307040000.0,-301670000.0,-96839000.0,610112000.0,0.0,543212000.0,543212000.0,543212000.0,0.0,0.0,0.1,1477903000.0,843360000.0,503056000.0,0.0,4.896,22.468,22.676,645574000.0,0.0,41.27,2.24,2.238,0.0,2299682000.0,5448404000.0,5448404000.0,0.0,0.161,0.232,0.44,0.16,39625000.0,1477903000.0,1.0,295737578.0,295458000,301362000.0,18.441,3373719000.0,0.0,327260000.0,50255000.0,11.419,1456334000.0
65,BBBY,MRT,2005-06-30,2005-05-28,2005-05-28,2021-09-30,0.0,3372342000.0,3265532250.0,2224430000.0,1147912000.0,1.62,7.881,-201143000.0,224528000.0,224528000.0,3040874000.0,521818000.0,2.418,0.453,0.0,0.0,0.0,0.0,0.0,100554000.0,0.0,0.0,0.0,837374000.0,937928000.0,0.177,937928000.0,837374000.0,837374000.0,1.74,1.71,1.74,2320303000.0,2274693750.0,2320303000.0,11665665938.0,14.0,12.438,443497000.0,1.506,1.0,2250308000.0,0.425,147559000.0,0.0,2080262000.0,1765373250.0,1238976000.0,1014419000.0,651983000.0,362436000.0,1052039000.0,919993000.0,132046000.0,11887773938.0,-36192000.0,0.0,-314286000.0,0.0,0.0,-320953000.0,-359879000.0,-158736000.0,644640000.0,0.0,521818000.0,521818000.0,521818000.0,0.0,0.0,0.099,1435717000.0,814591000.0,481949000.0,0.0,5.123,22.781,23.23,616315000.0,0.0,40.42,2.247,2.249,0.0,2158280000.0,5291182000.0,5291182000.0,0.0,0.16,0.229,0.474,0.158,32215000.0,1435717000.0,1.0,294106233.0,294413000,299055000.0,17.972,3224783000.0,0.0,315556000.0,89955000.0,10.953,1304437000.0
66,BBBY,MRT,2005-03-31,2005-02-26,2005-02-26,2021-09-30,0.0,3199979000.0,3166431750.0,2097002000.0,1102977000.0,1.626,7.328,-181363000.0,222108000.0,222108000.0,2961377000.0,504964000.0,2.4,0.452,0.0,0.0,0.0,0.0,0.0,97491000.0,0.0,0.0,0.0,811187000.0,908678000.0,0.177,908678000.0,811187000.0,811187000.0,1.68,1.65,1.68,2203762000.0,2214516500.0,2203762000.0,10535532788.0,13.0,11.594,425668000.0,1.415,1.0,2186301000.0,0.425,0.0,0.0,2104278000.0,1566754250.0,1152028000.0,953548000.0,629339000.0,324209000.0,996217000.0,873593000.0,122624000.0,11317454788.0,-72392000.0,0.0,-319071000.0,0.0,0.0,-325738000.0,-353685000.0,-172322000.0,607031000.0,0.0,504964000.0,504964000.0,504964000.0,0.0,0.0,0.098,1393887000.0,792414000.0,450525000.0,0.0,5.136,22.412,22.262,609631000.0,0.0,37.4,2.199,2.185,0.0,2059377000.0,5147678000.0,5147678000.0,0.0,0.159,0.228,0.518,0.158,27049000.0,1393887000.0,1.0,302605743.0,300743000,306642000.0,17.117,3199979000.0,0.0,306223000.0,81364000.0,10.64,1223409000.0
67,BBBY,MRT,2004-12-31,2004-11-27,2004-11-27,2021-09-30,0.0,3366959000.0,3082692750.0,2308200000.0,1058759000.0,1.615,7.854,-142002000.0,781922000.0,781922000.0,2878853000.0,468232000.0,2.608,0.422,0.0,0.0,0.0,0.0,0.0,93916000.0,0.0,0.0,0.0,755006000.0,848922000.0,0.171,848922000.0,755006000.0,755006000.0,1.56,1.53,1.56,2367180000.0,2161281000.0,2367180000.0,11585099035.0,15.0,13.647,416861000.0,1.383,1.0,2099107000.0,0.422,147559000.0,0.0,1552455000.0,1454114750.0,1213785000.0,518410000.0,186854000.0,331556000.0,999779000.0,885023000.0,114756000.0,12431449035.0,-139413000.0,0.0,52966000.0,0.0,0.0,46299000.0,-744575000.0,-602573000.0,558863000.0,0.0,468232000.0,468232000.0,468232000.0,0.0,0.0,0.094,1358747000.0,740360000.0,518817000.0,0.0,5.252,26.55,26.481,558496000.0,0.0,41.31,2.497,2.501,0.0,1878397000.0,4977960000.0,4977960000.0,0.0,0.152,0.217,0.519,0.152,46039000.0,1358747000.0,1.0,300930744.0,301409000,307557000.0,16.516,3219400000.0,0.0,286774000.0,27259000.0,10.681,1423177000.0
68,BBBY,MRT,2004-09-30,2004-08-28,2004-08-28,2021-09-30,0.0,3122849000.0,2935718250.0,2113104000.0,1009745000.0,1.651,7.339,-143670000.0,846350000.0,846350000.0,2809603000.0,446811000.0,2.627,0.415,0.0,0.0,0.0,0.0,0.0,91141000.0,0.0,0.0,0.0,722563000.0,813704000.0,0.168,813704000.0,722563000.0,722563000.0,1.5,1.46,1.5,2207530000.0,2019471750.0,2207530000.0,10504379764.0,15.0,12.909,396982000.0,1.32,1.0,2037942000.0,0.42,147559000.0,0.0,1324498000.0,1345000000.0,1052813000.0,411330000.0,105498000.0,305832000.0,915319000.0,804442000.0,110877000.0,11262480764.0,-186545000.0,0.0,65989000.0,0.0,0.0,59322000.0,-786519000.0,-642849000.0,540652000.0,0.0,446811000.0,446811000.0,446811000.0,0.0,0.0,0.092,1327101000.0,710841000.0,428393000.0,0.0,5.102,25.206,24.98,534795000.0,0.0,37.47,2.323,2.325,0.0,1756470000.0,4847545000.0,4847545000.0,0.0,0.152,0.221,0.537,0.149,52145000.0,1327101000.0,1.0,300573279.0,300778000,306495000.0,16.117,2975290000.0,0.0,275752000.0,50469000.0,9.892,1308662000.0
69,BBBY,MRT,2004-06-30,2004-05-29,2004-05-29,2021-09-30,0.0,2975940000.0,2777242250.0,1986793000.0,989147000.0,1.687,6.922,-122864000.0,758101000.0,758101000.0,2718772000.0,424011000.0,2.532,0.431,0.0,0.0,0.0,0.0,0.0,87561000.0,0.0,0.0,0.0,687841000.0,775402000.0,0.166,775402000.0,687841000.0,687841000.0,1.43,1.39,1.43,2079594000.0,1878235500.0,2079594000.0,10370798969.0,15.0,13.375,374015000.0,1.245,1.0,1966258000.0,0.42,147269000.0,0.0,1285786000.0,1253691500.0,1065519000.0,360514000.0,56681000.0,303833000.0,896346000.0,784784000.0,111562000.0,11195813969.0,-287264000.0,-175487000.0,66640000.0,-21215000.0,0.0,45425000.0,-829568000.0,-531217000.0,496879000.0,0.0,424011000.0,424011000.0,424011000.0,0.0,0.0,0.091,1288658000.0,677600000.0,428294000.0,0.0,5.384,26.405,26.056,516583000.0,0.0,37.26,2.39,2.389,0.0,1636462000.0,4685030000.0,4685030000.0,0.0,0.153,0.226,0.549,0.147,54410000.0,1288658000.0,1.0,300478099.0,300417000,306584000.0,15.595,2828671000.0,0.0,263830000.0,32422000.0,9.416,1202009000.0
70,BBBY,MRT,2004-03-31,2004-02-28,2004-02-28,2021-09-30,0.0,2865023000.0,2610750000.0,1969286000.0,895737000.0,1.715,6.706,-109003000.0,294500000.0,294500000.0,2601317000.0,399470000.0,2.559,0.439,0.0,0.0,0.0,0.0,0.0,84645000.0,0.0,0.0,0.0,649545000.0,734190000.0,0.164,734190000.0,649545000.0,649545000.0,1.35,1.31,1.35,1990820000.0,1741970250.0,1990820000.0,11592531850.0,18.0,15.79,435443000.0,1.467,1.0,1876664000.0,0.419,147269000.0,0.0,1653720000.0,1160040750.0,1012334000.0,782883000.0,572095000.0,210788000.0,874203000.0,769534000.0,104669000.0,12212862850.0,-85409000.0,-175487000.0,74597000.0,-21215000.0,0.0,53382000.0,-683237000.0,-398747000.0,544446000.0,0.0,399470000.0,399470000.0,399470000.0,0.0,0.0,0.089,1237321000.0,639343000.0,398650000.0,0.0,6.135,30.573,30.319,516164000.0,0.0,40.93,2.727,2.713,0.0,1554413000.0,4477981000.0,4477981000.0,0.0,0.153,0.229,0.56,0.145,64832000.0,1237321000.0,1.0,298384140.0,296854000,304690000.0,15.085,2717754000.0,0.0,250075000.0,33845000.0,9.155,1199752000.0
71,BBBY,MRT,2003-12-31,2003-11-29,2003-11-29,2021-09-30,0.0,2779061000.0,2441704750.0,1967023000.0,812038000.0,1.732,6.055,-91958000.0,620331000.0,620331000.0,2472407000.0,360531000.0,2.193,0.544,0.0,0.0,0.0,0.0,0.0,78445000.0,0.0,0.0,0.0,586230000.0,664675000.0,0.157,664675000.0,586230000.0,586230000.0,1.22,1.19,1.22,1799943000.0,1607245500.0,1799943000.0,11890385740.0,20.0,17.889,392195000.0,1.319,1.0,1756938000.0,0.415,145932000.0,0.0,1115996000.0,990972000.0,1167808000.0,217935000.0,84059000.0,133876000.0,979118000.0,896802000.0,82316000.0,12507766740.0,191539000.0,-175487000.0,51998000.0,-21215000.0,0.0,30783000.0,-323397000.0,-55952000.0,484153000.0,0.0,360531000.0,360531000.0,360531000.0,0.0,0.0,0.085,1180721000.0,576217000.0,529440000.0,0.0,6.949,34.693,34.623,506064000.0,0.0,42.24,2.957,2.969,0.0,1410165000.0,4229345000.0,4229345000.0,0.0,0.148,0.224,0.592,0.139,47922000.0,1180721000.0,1.0,296111902.0,297279000,305156000.0,14.227,2633129000.0,0.0,225699000.0,27315000.0,8.857,1070221000.0
72,BBBY,MRT,2003-09-30,2003-08-30,2003-08-30,2021-09-30,0.0,2488945000.0,2273823750.0,1719838000.0,769107000.0,1.755,5.553,-107778000.0,617381000.0,617381000.0,2334460000.0,335137000.0,2.244,0.515,0.0,0.0,0.0,0.0,0.0,75763000.0,0.0,0.0,0.0,544939000.0,620702000.0,0.156,620702000.0,544939000.0,544939000.0,1.14,1.11,1.14,1642585000.0,1492132750.0,1642585000.0,12066988539.0,22.0,19.441,408260000.0,1.38,1.0,1656175000.0,0.415,145932000.0,0.0,959264000.0,985838000.0,958778000.0,185116000.0,65269000.0,119847000.0,846360000.0,766368000.0,79992000.0,12750733539.0,147994000.0,-175487000.0,31893000.0,-21215000.0,0.0,10678000.0,-378722000.0,-95457000.0,516038000.0,0.0,335137000.0,335137000.0,335137000.0,0.0,0.0,0.084,1122189000.0,533986000.0,386335000.0,0.0,7.763,38.046,37.833,477213000.0,0.0,43.13,3.195,3.197,0.0,1309659000.0,3990635000.0,3990635000.0,0.0,0.147,0.225,0.553,0.137,37837000.0,1122189000.0,1.0,295634907.0,295811000,304172000.0,13.49,2343013000.0,0.0,209802000.0,55049000.0,7.921,953470000.0
73,BBBY,MRT,2003-06-30,2003-05-31,2003-05-31,2021-09-30,0.0,2309971000.0,2121502250.0,1733810000.0,576161000.0,1.783,5.202,-132380000.0,683745000.0,683745000.0,2214869000.0,313388000.0,2.425,0.505,0.0,0.0,0.0,0.0,0.0,77411000.0,0.0,0.0,0.0,509574000.0,586985000.0,0.155,586985000.0,509574000.0,509574000.0,1.07,1.04,1.07,1534533000.0,1390916000.0,1534533000.0,11823983411.0,23.0,20.144,316839000.0,1.074,1.0,1567365000.0,0.414,0.0,0.0,911183000.0,983915250.0,926906000.0,191438000.0,50682000.0,140756000.0,775438000.0,715043000.0,60395000.0,12339653411.0,167549000.0,0.0,32527000.0,0.0,0.0,32527000.0,-314197000.0,-181817000.0,449219000.0,0.0,313388000.0,313388000.0,313388000.0,0.0,0.0,0.083,1069559000.0,497806000.0,379240000.0,0.0,8.041,39.375,39.056,412883000.0,0.0,41.79,3.263,3.259,0.0,1212451000.0,3782234000.0,3782234000.0,0.0,0.148,0.225,0.518,0.135,37358000.0,1069559000.0,1.0,295277660.0,294963000,303038000.0,12.823,2309971000.0,0.0,196186000.0,68010000.0,7.831,1018767000.0
74,BBBY,MRT,2003-03-31,2003-03-01,2003-03-01,2021-09-30,0.0,2188842000.0,1996496750.0,1594391000.0,594451000.0,1.836,4.957,-135254000.0,515670000.0,515670000.0,2146617000.0,302179000.0,2.344,0.508,0.0,0.0,0.0,0.0,0.0,74825000.0,0.0,0.0,0.0,491348000.0,566173000.0,0.154,566173000.0,491348000.0,491348000.0,1.03,1.0,1.03,1451921000.0,1295097750.0,1451921000.0,9422107032.0,19.0,16.642,284063000.0,0.97,1.0,1518547000.0,0.414,15556000.0,0.0,977445000.0,960133750.0,915671000.0,248932000.0,100927000.0,148005000.0,736921000.0,680171000.0,56750000.0,9715138032.0,-49587000.0,-24097000.0,24216000.0,0.0,0.0,24216000.0,-493120000.0,-333769000.0,419317000.0,0.0,302179000.0,302179000.0,302179000.0,0.0,0.0,0.082,1038490000.0,480057000.0,362965000.0,0.0,6.691,32.15,32.078,423907000.0,0.0,33.04,2.651,2.641,0.0,1154943000.0,3665164000.0,3665164000.0,0.0,0.151,0.233,0.512,0.134,31176000.0,1038490000.0,1.0,294041708.0,292927000,301147000.0,12.512,2173286000.0,0.0,189169000.0,71008000.0,7.419,914220000.0
75,BBBY,MRT,2002-12-31,2002-11-30,2002-11-30,2021-09-30,0.0,2107537000.0,1861165500.0,1505726000.0,601811000.0,1.878,4.567,-147551000.0,293031000.0,293031000.0,2049771000.0,279544000.0,2.094,0.573,0.0,0.0,0.0,0.0,0.0,73926000.0,0.0,0.0,0.0,454543000.0,528469000.0,0.151,528469000.0,454543000.0,454543000.0,0.97,0.93,0.97,1339492000.0,1205705000.0,1339492000.0,9816696446.0,22.0,18.576,264602000.0,0.902,1.0,1445156000.0,0.414,0.0,0.0,1095460000.0,892458250.0,989074000.0,299180000.0,150000000.0,149180000.0,768045000.0,719046000.0,48999000.0,10150322446.0,-28301000.0,-24097000.0,30374000.0,0.0,0.0,30374000.0,-470828000.0,-299180000.0,412153000.0,0.0,279544000.0,279544000.0,279544000.0,0.0,0.0,0.08,1001463000.0,443693000.0,427324000.0,0.0,7.578,36.31,35.763,428876000.0,0.0,34.69,2.904,2.911,0.0,1049634000.0,3494927000.0,3494927000.0,0.0,0.15,0.232,0.509,0.13,36769000.0,1001463000.0,1.0,292600820.0,293307000,301345000.0,11.916,2107537000.0,0.0,174999000.0,42329000.0,7.185,786680000.0
76,BBBY,MRT,2002-09-30,2002-08-31,2002-08-31,2021-09-30,0.0,1879659000.0,1730582500.0,1347528000.0,532131000.0,1.917,4.232,-129455000.0,333626000.0,333626000.0,1948373000.0,257396000.0,2.267,0.519,0.0,0.0,0.0,0.0,0.0,72137000.0,0.0,0.0,0.0,418530000.0,490667000.0,0.148,490667000.0,418530000.0,418530000.0,0.89,0.86,0.89,1237718000.0,1119033250.0,1237718000.0,8983258732.0,21.0,18.308,223836000.0,0.765,1.0,1369962000.0,0.413,0.0,0.0,951573000.0,794670000.0,859891000.0,226426000.0,100000000.0,126426000.0,641941000.0,594460000.0,47481000.0,9363693732.0,-5144000.0,-24097000.0,21543000.0,0.0,0.0,21543000.0,-379978000.0,-226426000.0,353291000.0,0.0,257396000.0,257396000.0,257396000.0,0.0,0.0,0.078,961748000.0,408214000.0,311604000.0,0.0,7.565,36.379,36.022,381761000.0,0.0,32.06,2.822,2.825,0.0,974522000.0,3318335000.0,3318335000.0,0.0,0.149,0.23,0.527,0.126,25097000.0,961748000.0,1.0,292067802.0,292441000,300737000.0,11.347,1879659000.0,0.0,161134000.0,49791000.0,6.427,753068000.0
77,BBBY,MRT,2002-06-30,2002-06-01,2002-06-01,2021-09-30,0.0,1809949000.0,1622849500.0,1281411000.0,528538000.0,1.928,3.946,-108842000.0,380435000.0,380435000.0,1837958000.0,235891000.0,2.089,0.572,0.0,0.0,0.0,0.0,0.0,65324000.0,0.0,0.0,0.0,383563000.0,448887000.0,0.143,448887000.0,383563000.0,383563000.0,0.82,0.79,0.82,1151260000.0,1043024250.0,1151260000.0,9583689726.0,25.0,21.35,254677000.0,0.873,1.0,1290969000.0,0.413,0.0,0.0,816057000.0,713108500.0,850041000.0,146673000.0,0.0,146673000.0,658689000.0,613457000.0,45232000.0,10013185726.0,104469000.0,-24097000.0,20562000.0,0.0,0.0,20562000.0,-279612000.0,-146673000.0,363519000.0,0.0,235891000.0,235891000.0,235891000.0,0.0,0.0,0.075,917770000.0,373199000.0,329317000.0,0.0,8.698,42.448,41.829,357914000.0,0.0,34.3,3.2,3.198,0.0,899063000.0,3128927000.0,3128927000.0,0.0,0.145,0.226,0.538,0.123,25814000.0,917770000.0,1.0,291929613.0,291726000,300674000.0,10.726,1809949000.0,0.0,147672000.0,58327000.0,6.204,667954000.0
78,BBBY,MRT,2002-03-31,2002-03-02,2002-03-02,2021-09-30,0.0,1647517000.0,1504809750.0,1226717000.0,420800000.0,1.946,3.775,-121632000.0,429496000.0,429496000.0,1720396000.0,219599000.0,2.399,0.505,0.0,0.0,0.0,0.0,0.0,62547000.0,0.0,0.0,0.0,357072000.0,419619000.0,0.143,419619000.0,357072000.0,357072000.0,0.76,0.74,0.76,1094350000.0,972457500.0,1094350000.0,9596763027.0,27.0,22.87,216324000.0,0.746,1.0,1207566000.0,0.412,0.0,0.0,706743000.0,664349000.0,753972000.0,51909000.0,0.0,51909000.0,553167000.0,511278000.0,41889000.0,9918095027.0,190168000.0,0.0,25753000.0,0.0,0.0,25753000.0,-173541000.0,-51909000.0,337956000.0,0.0,219599000.0,219599000.0,219599000.0,0.0,0.0,0.075,861466000.0,346100000.0,270917000.0,0.0,9.063,45.165,44.934,361741000.0,0.0,34.15,3.387,3.381,0.0,852764000.0,2927962000.0,2927962000.0,0.0,0.146,0.226,0.537,0.122,31980000.0,861466000.0,1.0,290427380.0,289877000,298667000.0,10.101,1647517000.0,0.0,137473000.0,49438000.0,5.684,715439000.0
79,BBBY,MRT,2001-12-31,2001-12-01,2001-12-01,2021-09-30,0.0,1585205000.0,1391861750.0,1223809000.0,361396000.0,2.008,3.421,-124905000.0,321332000.0,321332000.0,1645881000.0,201240000.0,2.187,0.597,0.0,0.0,0.0,0.0,0.0,59541000.0,0.0,0.0,0.0,328076000.0,387617000.0,0.139,387617000.0,328076000.0,328076000.0,0.7,0.68,0.7,992805000.0,903124500.0,992805000.0,9078718759.0,28.0,23.422,152488000.0,0.525,1.0,1149133000.0,0.411,0.0,0.0,704307000.0,638465250.0,849238000.0,0.0,0.0,0.0,592400000.0,559566000.0,32834000.0,9417488759.0,180471000.0,0.0,27983000.0,0.0,0.0,27983000.0,-124905000.0,0.0,277393000.0,0.0,201240000.0,201240000.0,201240000.0,0.0,0.0,0.072,833212000.0,315921000.0,346264000.0,0.0,9.486,46.797,46.386,353514000.0,0.0,32.47,3.369,3.371,0.0,770090000.0,2795014000.0,2795014000.0,0.0,0.145,0.223,0.514,0.117,38504000.0,833212000.0,1.0,290036611.0,290188000,298365000.0,9.632,1585205000.0,0.0,126836000.0,29143000.0,5.463,664243000.0
80,BBBY,MRT,2001-09-30,2001-09-01,2001-09-01,2021-09-30,0.0,1448727000.0,1287180500.0,1118330000.0,330397000.0,2.049,3.222,-132708000.0,338770000.0,338770000.0,1553397000.0,188941000.0,2.308,0.552,0.0,0.0,0.0,0.0,0.0,55688000.0,0.0,0.0,0.0,308620000.0,364308000.0,0.138,364308000.0,308620000.0,308620000.0,0.66,0.64,0.66,933682000.0,836192750.0,933682000.0,8073198900.0,26.0,22.16,148781000.0,0.513,1.0,1084183000.0,0.411,0.0,0.0,625327000.0,614055250.0,733157000.0,0.0,0.0,0.0,515045000.0,484630000.0,30415000.0,8349164900.0,191070000.0,0.0,42289000.0,0.0,0.0,42289000.0,-132708000.0,0.0,281489000.0,0.0,188941000.0,188941000.0,188941000.0,0.0,0.0,0.072,787419000.0,296764000.0,296166000.0,0.0,8.942,44.189,43.712,322706000.0,0.0,28.85,3.165,3.17,0.0,717126000.0,2637580000.0,2637580000.0,0.0,0.147,0.226,0.503,0.117,53839000.0,787419000.0,1.0,289399130.0,289791000,298816000.0,9.102,1448727000.0,0.0,119679000.0,31649000.0,4.999,633700000.0
81,BBBY,MRT,2001-06-30,2001-06-02,2001-06-02,2021-09-30,0.0,1337790000.0,1184380500.0,1017822000.0,319968000.0,2.122,3.012,-145780000.0,275966000.0,275966000.0,1479200000.0,178565000.0,2.309,0.539,0.0,0.0,0.0,0.0,0.0,51140000.0,0.0,0.0,0.0,292330000.0,343470000.0,0.137,343470000.0,292330000.0,292330000.0,0.62,0.61,0.62,868993000.0,764925500.0,868993000.0,8604436726.0,29.0,25.051,100063000.0,0.347,1.0,1034125000.0,0.411,0.0,0.0,621019000.0,588355750.0,696896000.0,0.0,0.0,0.0,468797000.0,440805000.0,27992000.0,8843764726.0,139579000.0,0.0,39516000.0,0.0,0.0,39516000.0,-145780000.0,0.0,245843000.0,0.0,178565000.0,178565000.0,178565000.0,0.0,0.0,0.071,752024000.0,282101000.0,260121000.0,0.0,10.177,49.527,49.419,312659000.0,0.0,30.64,3.519,3.517,0.0,663172000.0,2513325000.0,2513325000.0,0.0,0.151,0.233,0.497,0.116,49938000.0,752024000.0,1.0,288634619.0,288467000,297479000.0,8.713,1337790000.0,0.0,113765000.0,35252000.0,4.638,577017000.0
82,BBBY,MRT,2001-03-31,2001-03-03,2001-03-03,2021-09-30,0.0,1195725000.0,1088587750.0,885713000.0,310012000.0,2.202,2.878,-140395000.0,239328000.0,239328000.0,1410196000.0,171922000.0,2.508,0.464,0.0,0.0,0.0,0.0,0.0,46650000.0,0.0,0.0,0.0,281839000.0,328489000.0,0.137,328489000.0,281839000.0,281839000.0,0.61,0.59,0.61,817018000.0,697920750.0,817018000.0,6914188630.0,25.0,21.048,57541000.0,0.203,1.0,986459000.0,0.412,0.0,0.0,603208000.0,554444750.0,606704000.0,0.0,0.0,0.0,378707000.0,353189000.0,25518000.0,7055049630.0,95297000.0,0.0,37756000.0,0.0,0.0,37756000.0,-140395000.0,0.0,197936000.0,0.0,171922000.0,171922000.0,171922000.0,0.0,0.0,0.072,713621000.0,272838000.0,192401000.0,0.0,8.635,41.036,40.475,302656000.0,0.0,24.69,2.944,2.925,0.0,633165000.0,2396655000.0,2396655000.0,0.0,0.158,0.246,0.508,0.118,48295000.0,713621000.0,1.0,285745226.0,283925000,292876000.0,8.441,1195725000.0,0.0,109917000.0,31988000.0,4.211,532524000.0
83,BBBY,MRT,2000-12-31,2000-11-25,2000-11-25,2021-09-30,0.0,1166480000.0,1006106500.0,866890000.0,299590000.0,2.191,2.551,-127842000.0,140861000.0,140861000.0,1291748000.0,155999000.0,2.069,0.609,0.0,0.0,0.0,0.0,0.0,42054000.0,0.0,0.0,0.0,255737000.0,297791000.0,0.135,297791000.0,255737000.0,255737000.0,0.54,0.54,0.54,725078000.0,633427500.0,725078000.0,5903673136.0,23.0,19.825,5945000.0,0.021,1.0,912890000.0,0.414,0.0,0.0,606667000.0,512389250.0,687143000.0,0.0,0.0,0.0,441402000.0,418952000.0,22450000.0,6051373136.0,33226000.0,0.0,27281000.0,0.0,0.0,27281000.0,-127842000.0,0.0,133787000.0,0.0,155999000.0,155999000.0,155999000.0,0.0,0.0,0.071,664812000.0,248078000.0,270045000.0,0.0,8.346,38.791,39.593,288150000.0,0.0,21.38,2.745,2.756,0.0,568850000.0,2204638000.0,2204638000.0,0.0,0.155,0.246,0.499,0.116,32485000.0,664812000.0,1.0,283038968.0,284237000,294164000.0,7.756,1166480000.0,0.0,99738000.0,17509000.0,4.104,447938000.0
84,BBBY,MRT,2000-09-30,2000-08-26,2000-08-26,2021-09-30,0.0,1037527000.0,933327750.0,780937000.0,256590000.0,2.238,2.293,-123347000.0,147700000.0,147700000.0,1225497000.0,147041000.0,2.126,0.6,0.0,0.0,0.0,0.0,0.0,38118000.0,0.0,0.0,0.0,241051000.0,279169000.0,0.134,279169000.0,241051000.0,241051000.0,0.51,0.51,0.51,648613000.0,579486250.0,648613000.0,5039306083.0,21.0,18.051,3077000.0,0.011,1.0,863594000.0,0.413,0.0,0.0,522529000.0,465908750.0,594602000.0,0.0,0.0,0.0,388914000.0,367298000.0,21616000.0,5175693083.0,16855000.0,0.0,13778000.0,0.0,0.0,13778000.0,-123347000.0,0.0,126424000.0,0.0,147041000.0,147041000.0,147041000.0,0.0,0.0,0.07,629501000.0,234093000.0,214250000.0,0.0,7.98,35.199,35.902,245686000.0,0.0,18.31,2.477,2.479,0.0,528185000.0,2089091000.0,2089091000.0,0.0,0.158,0.254,0.517,0.115,18559000.0,629501000.0,1.0,282670294.0,282872000,291363000.0,7.385,1037527000.0,0.0,94010000.0,32074000.0,3.668,413639000.0
85,BBBY,MRT,2000-06-30,2000-05-27,2000-05-27,2021-09-30,0.0,954619000.0,866467250.0,726469000.0,228150000.0,2.259,2.133,-102100000.0,136387000.0,136387000.0,1149416000.0,136710000.0,2.183,0.588,0.0,0.0,0.0,0.0,0.0,34672000.0,0.0,0.0,0.0,224114000.0,258786000.0,0.132,258786000.0,224114000.0,224114000.0,0.48,0.48,0.48,600974000.0,534641750.0,600974000.0,4643260568.0,21.0,17.942,-390000.0,-0.001,1.0,807880000.0,0.413,0.0,0.0,485375000.0,424418250.0,548018000.0,0.0,0.0,0.0,353645000.0,332857000.0,20788000.0,4787291568.0,12629000.0,0.0,13019000.0,0.0,0.0,13019000.0,-102100000.0,0.0,101710000.0,0.0,136710000.0,136710000.0,136710000.0,0.0,0.0,0.07,590216000.0,217664000.0,188218000.0,0.0,7.966,35.018,35.292,218019000.0,0.0,16.94,2.446,2.438,0.0,484607000.0,1957296000.0,1957296000.0,0.0,0.158,0.256,0.528,0.115,17546000.0,590216000.0,1.0,282602808.0,281718000,289954000.0,6.948,954619000.0,0.0,87404000.0,29666000.0,3.389,393612000.0
86,BBBY,MRT,2000-03-31,2000-02-26,2000-02-26,2021-09-30,0.0,865800000.0,808974500.0,647368000.0,218432000.0,2.296,1.997,-90098000.0,144031000.0,144031000.0,1090704000.0,131229000.0,2.257,0.549,0.0,0.0,0.0,0.0,0.0,31625000.0,0.0,0.0,0.0,215130000.0,246755000.0,0.133,246755000.0,215130000.0,215130000.0,0.47,0.46,0.47,559045000.0,492823000.0,559045000.0,3252120448.0,15.0,13.18,45838000.0,0.164,1.0,766801000.0,0.413,0.0,0.0,434986000.0,384882500.0,470433000.0,0.0,0.0,0.0,306755000.0,286783000.0,19972000.0,3359755448.0,53635000.0,0.0,7797000.0,0.0,0.0,7797000.0,-90098000.0,0.0,135936000.0,0.0,131229000.0,131229000.0,131229000.0,0.0,0.0,0.071,557461000.0,209340000.0,145114000.0,0.0,6.01,25.602,25.468,208911000.0,0.0,11.97,1.809,1.804,0.0,461243000.0,1857505000.0,1857505000.0,0.0,0.162,0.266,0.559,0.116,8932000.0,557461000.0,1.0,280681324.0,279930000,288234000.0,6.636,865800000.0,0.0,83901000.0,33590000.0,3.093,360585000.0
87,BBBY,MRT,1999-12-31,1999-11-27,1999-11-27,2021-09-30,0.0,875365000.0,750811500.0,639817000.0,235548000.0,2.275,1.817,-94053000.0,107635000.0,107635000.0,1003714000.0,117037000.0,1.844,0.719,0.0,0.0,0.0,0.0,0.0,28942000.0,0.0,0.0,0.0,192560000.0,221502000.0,0.13,221502000.0,192560000.0,192560000.0,0.415,0.41,0.415,509313000.0,455833500.0,509313000.0,4317432922.0,22.0,19.492,33879000.0,0.121,1.0,704098000.0,0.412,0.0,0.0,420745000.0,360397750.0,522433000.0,0.0,0.0,0.0,366052000.0,346985000.0,19067000.0,4448277922.0,33085000.0,0.0,-794000.0,0.0,0.0,-794000.0,-94053000.0,0.0,127932000.0,0.0,117037000.0,117037000.0,117037000.0,0.0,0.0,0.069,516502000.0,187596000.0,201997000.0,0.0,8.734,38.007,38.325,202362000.0,0.0,15.905,2.605,2.611,0.0,412851000.0,1707812000.0,1707812000.0,0.0,0.156,0.257,0.534,0.113,19940000.0,516502000.0,1.0,279677958.0,280359000,288345000.0,6.092,875365000.0,0.0,75523000.0,20783000.0,3.122,292832000.0
88,BBBY,MRT,1999-09-30,1999-08-28,1999-08-28,2021-09-30,0.0,770085000.0,693687250.0,577925000.0,192160000.0,2.285,1.679,-61059000.0,130845000.0,130845000.0,928999000.0,109981000.0,2.045,0.641,0.0,0.0,0.0,0.0,0.0,26672000.0,0.0,0.0,0.0,181497000.0,208169000.0,0.131,208169000.0,181497000.0,181497000.0,0.395,0.385,0.395,469235000.0,421787750.0,469235000.0,3630742449.0,20.0,17.441,70865000.0,0.253,1.0,655787000.0,0.414,0.0,0.0,356567000.0,333698250.0,439535000.0,0.0,0.0,0.0,300850000.0,282673000.0,18177000.0,3754500449.0,71937000.0,0.0,1072000.0,0.0,0.0,1072000.0,-61059000.0,0.0,131924000.0,0.0,109981000.0,109981000.0,109981000.0,0.0,0.0,0.069,478644000.0,177143000.0,151558000.0,0.0,8.001,34.138,34.025,160457000.0,0.0,13.44,2.369,2.371,0.0,381145000.0,1584786000.0,1584786000.0,0.0,0.159,0.261,0.544,0.115,15231000.0,478644000.0,1.0,279352712.0,279556000,288334000.0,5.669,770085000.0,0.0,71516000.0,21124000.0,2.755,295252000.0
89,BBBY,MRT,1999-06-30,1999-05-29,1999-05-29,2021-09-30,0.0,724648000.0,640647500.0,545226000.0,179422000.0,2.298,1.554,-59692000.0,123758000.0,123758000.0,859986000.0,102238000.0,1.992,0.671,0.0,0.0,0.0,0.0,0.0,24846000.0,0.0,0.0,0.0,169325000.0,194171000.0,0.132,194171000.0,169325000.0,169325000.0,0.365,0.355,0.365,433699000.0,390216750.0,433699000.0,4684214900.0,28.0,24.124,63619000.0,0.228,1.0,612160000.0,0.416,0.0,0.0,327232000.0,319162250.0,415076000.0,0.0,0.0,0.0,290949000.0,273658000.0,17291000.0,4774610900.0,66546000.0,0.0,2927000.0,0.0,0.0,2927000.0,-59692000.0,0.0,123311000.0,0.0,102238000.0,102238000.0,102238000.0,0.0,0.0,0.069,446837000.0,165323000.0,150253000.0,0.0,11.009,46.701,46.836,150591000.0,0.0,17.095,3.243,3.24,0.0,347898000.0,1472146000.0,1472146000.0,0.0,0.16,0.262,0.531,0.115,14402000.0,446837000.0,1.0,279298678.0,279056000,288074000.0,5.275,724648000.0,0.0,67087000.0,22773000.0,2.597,271568000.0
90,BBBY,MRT,1999-03-31,1999-02-27,1999-02-27,2021-09-30,0.0,633148000.0,588992750.0,473262000.0,159886000.0,2.347,1.48,-62274000.0,90396000.0,90396000.0,806220000.0,97346000.0,2.301,0.54,0.0,0.0,0.0,0.0,0.0,23217000.0,0.0,0.0,0.0,161569000.0,184786000.0,0.134,184786000.0,161569000.0,161569000.0,0.35,0.34,0.35,411087000.0,360325000.0,411087000.0,4023531591.0,25.0,21.774,30318000.0,0.109,1.0,576125000.0,0.417,0.0,0.0,337047000.0,304974750.0,360337000.0,0.0,0.0,0.0,222061000.0,205705000.0,16356000.0,4098081591.0,37116000.0,0.0,6798000.0,0.0,0.0,6798000.0,-62274000.0,0.0,92592000.0,0.0,97346000.0,97346000.0,97346000.0,0.0,0.0,0.07,418073000.0,158052000.0,99370000.0,0.0,9.969,42.098,42.057,150438000.0,0.0,14.72,2.965,2.957,0.0,330014000.0,1382345000.0,1382345000.0,0.0,0.165,0.27,0.53,0.117,11546000.0,418073000.0,1.0,278402282.0,277684000,286472000.0,4.978,633148000.0,0.0,64223000.0,16610000.0,2.28,267557000.0
91,BBBY,MRT,1998-12-31,1998-11-28,1998-11-28,2021-09-30,0.0,646868000.0,545288250.0,483816000.0,163052000.0,2.353,1.342,-49593000.0,74550000.0,74550000.0,753694000.0,87991000.0,1.873,0.734,0.0,0.0,0.0,0.0,0.0,21733000.0,0.0,0.0,0.0,146044000.0,167777000.0,0.131,167777000.0,146044000.0,146044000.0,0.27,0.26,0.27,373130000.0,331402500.0,373130000.0,4374390702.0,30.0,26.073,21982000.0,0.079,1.0,529331000.0,0.413,0.0,0.0,313947000.0,284389750.0,401749000.0,0.0,0.0,0.0,273738000.0,258371000.0,15367000.0,4433298702.0,34152000.0,0.0,12170000.0,0.0,0.0,12170000.0,-49593000.0,0.0,71575000.0,0.0,87991000.0,87991000.0,87991000.0,0.0,0.0,0.069,386065000.0,143266000.0,163354000.0,0.0,11.881,50.384,59.148,137251000.0,0.0,15.97,3.455,3.46,0.0,295815000.0,1283025000.0,1283025000.0,0.0,0.161,0.266,0.514,0.114,4438000.0,386065000.0,1.0,277601672.0,277943524,286159704.0,4.616,646868000.0,0.0,58053000.0,9820000.0,2.327,225445000.0
92,BBBY,MRT,1998-09-30,1998-08-29,1998-08-29,2021-09-30,0.0,557926000.0,501846750.0,407220000.0,150706000.0,2.392,1.236,-46950000.0,58908000.0,58908000.0,704292000.0,82283000.0,2.03,0.627,0.0,0.0,0.0,0.0,0.0,20566000.0,0.0,0.0,0.0,136569000.0,157135000.0,0.131,157135000.0,136569000.0,136569000.0,0.25,0.24,0.25,342951000.0,305252750.0,342951000.0,2571070057.0,19.0,16.362,1509000.0,0.005,1.0,496280000.0,0.413,0.0,0.0,298423000.0,266015000.0,342525000.0,0.0,0.0,0.0,214975000.0,200595000.0,14380000.0,2628282057.0,9746000.0,0.0,8237000.0,0.0,0.0,8237000.0,-46950000.0,0.0,48459000.0,0.0,82283000.0,82283000.0,82283000.0,0.0,0.0,0.069,362442000.0,133838000.0,109506000.0,0.0,7.664,31.942,37.88,126070000.0,0.0,9.47,2.189,2.189,0.0,271165000.0,1200572000.0,1200572000.0,0.0,0.164,0.27,0.513,0.114,4438000.0,362442000.0,1.0,277537704.0,277480220,285869732.0,4.327,557926000.0,0.0,54286000.0,7979000.0,2.011,206625000.0
93,BBBY,MRT,1998-06-30,1998-05-30,1998-05-30,2021-09-30,0.0,518029000.0,468620500.0,379134000.0,138895000.0,2.395,1.136,-40852000.0,57212000.0,57212000.0,658684000.0,76226000.0,1.992,0.649,0.0,0.0,0.0,0.0,0.0,19412000.0,0.0,0.0,0.0,126512000.0,145924000.0,0.13,145924000.0,126512000.0,126512000.0,0.23,0.22,0.23,314132000.0,281513250.0,314132000.0,3421483164.0,27.0,23.447,4869000.0,0.018,1.0,463837000.0,0.413,0.0,0.0,270482000.0,243959500.0,316546000.0,0.0,0.0,0.0,203897000.0,190335000.0,13562000.0,3474763164.0,13117000.0,0.0,8248000.0,0.0,0.0,8248000.0,-40852000.0,0.0,45721000.0,0.0,76226000.0,76226000.0,76226000.0,0.0,0.0,0.068,339989000.0,123848000.0,103723000.0,0.0,11.061,45.585,54.554,115745000.0,0.0,12.547,3.095,3.092,0.0,245659000.0,1122521000.0,1122521000.0,0.0,0.163,0.271,0.519,0.113,4438000.0,339989000.0,1.0,276928724.0,276641008,285499824.0,4.058,518029000.0,0.0,50286000.0,11232000.0,1.873,188799000.0
94,BBBY,MRT,1998-03-31,1998-02-28,1998-02-28,2021-09-30,0.0,458330000.0,436752500.0,325960000.0,132370000.0,2.442,1.073,-41287000.0,53280000.0,53280000.0,625596000.0,73142000.0,2.168,0.552,0.0,0.0,0.0,0.0,0.0,18238000.0,0.0,0.0,0.0,121398000.0,139636000.0,0.131,139636000.0,121398000.0,121398000.0,0.265,0.255,0.265,295397000.0,259285250.0,295397000.0,2937730443.0,24.0,21.038,11059000.0,0.04,1.0,441016000.0,0.413,0.0,0.0,254707000.0,224249750.0,270357000.0,0.0,0.0,0.0,162933000.0,150343000.0,12590000.0,2978128443.0,14515000.0,0.0,3456000.0,0.0,0.0,3456000.0,-41287000.0,0.0,52346000.0,0.0,73142000.0,73142000.0,73142000.0,0.0,0.0,0.069,322102000.0,118914000.0,64718000.0,0.0,10.082,40.717,40.745,111381000.0,0.0,10.797,2.792,2.787,0.0,232668000.0,1066612000.0,1066612000.0,0.0,0.167,0.282,0.541,0.114,4438000.0,322102000.0,1.0,275816480.0,275330000,284724000.0,3.874,458330000.0,0.0,48256000.0,12015000.0,1.665,175617000.0
95,BBBY,MRT,1997-12-31,1997-11-29,1997-11-29,2021-09-30,0.0,473102000.0,404651250.0,346596000.0,126506000.0,2.488,0.974,-40112000.0,40398000.0,40398000.0,591700000.0,66613000.0,1.803,0.762,0.0,0.0,0.0,0.0,0.0,16962000.0,0.0,0.0,0.0,110561000.0,127523000.0,0.127,127523000.0,110561000.0,110561000.0,0.21,,0.21,268531000.0,239026250.0,268531000.0,2249671467.0,20.0,17.641,19305000.0,0.07,1.0,415059000.0,0.412,0.0,0.0,240448000.0,206894000.0,303921000.0,0.0,0.0,0.0,204571000.0,192256000.0,12315000.0,2298833467.0,26752000.0,0.0,7447000.0,0.0,0.0,7447000.0,-40112000.0,0.0,59417000.0,0.0,66613000.0,66613000.0,66613000.0,0.0,0.0,0.066,306653000.0,108406000.0,116706000.0,0.0,8.561,34.51,39.738,109391000.0,0.0,8.345,2.283,2.285,0.0,207823000.0,1006759000.0,1006759000.0,0.0,0.165,0.279,0.534,0.11,0.0,306653000.0,1.0,275474352.0,275627940,,3.653,473102000.0,0.0,43948000.0,5707000.0,1.716,154340000.0
96,BBBY,MRT,1997-09-30,1997-08-30,1997-08-30,2021-09-30,0.0,425021000.0,371132000.0,309331000.0,115690000.0,2.534,0.901,-40967000.0,49162000.0,49162000.0,552273000.0,61550000.0,1.867,0.714,0.0,0.0,0.0,0.0,0.0,15722000.0,0.0,0.0,0.0,102158000.0,117880000.0,0.125,117880000.0,102158000.0,102158000.0,0.19,,0.19,247993000.0,220511250.0,247993000.0,2084518202.0,20.0,17.683,28492000.0,0.104,1.0,388301000.0,0.413,0.0,0.0,210201000.0,194191000.0,257717000.0,0.0,0.0,0.0,177028000.0,165658000.0,11370000.0,2128613202.0,35403000.0,0.0,6911000.0,0.0,0.0,6911000.0,-40967000.0,0.0,69459000.0,0.0,61550000.0,61550000.0,61550000.0,0.0,0.0,0.065,287809000.0,100492000.0,93491000.0,0.0,8.583,34.583,40.789,99686000.0,0.0,7.75,2.263,2.268,0.0,188880000.0,940574000.0,940574000.0,0.0,0.166,0.279,0.526,0.109,0.0,287809000.0,1.0,274659768.0,275208552,,3.418,425021000.0,0.0,40608000.0,9743000.0,1.544,143673000.0
97,BBBY,MRT,1997-06-30,1997-05-31,1997-05-31,2021-09-30,0.0,390557000.0,,281738000.0,108819000.0,,0.82,-40080000.0,44095000.0,44095000.0,514444000.0,57208000.0,1.82,0.734,0.0,0.0,0.0,0.0,0.0,14560000.0,0.0,0.0,0.0,94955000.0,109515000.0,0.125,109515000.0,94955000.0,94955000.0,0.173,,0.173,225220000.0,,225220000.0,1909426643.0,20.0,17.435,30503000.0,0.111,1.0,362738000.0,0.414,0.0,0.0,191643000.0,,234633000.0,0.0,0.0,0.0,165337000.0,154819000.0,10518000.0,1948191643.0,34608000.0,0.0,4105000.0,0.0,0.0,4105000.0,-40080000.0,0.0,70583000.0,0.0,57208000.0,57208000.0,57208000.0,0.0,0.0,0.065,268982000.0,93756000.0,90423000.0,0.0,8.65,34.055,41.012,94305000.0,0.0,7.095,2.221,2.22,0.0,169433000.0,877182000.0,877182000.0,0.0,,,,0.108,0.0,268982000.0,1.0,274586560.0,274514020,,3.195,390557000.0,0.0,37747000.0,11261000.0,1.423,126919000.0
98,BBBY,MRT,1997-03-31,1997-03-01,1997-03-01,2021-09-30,0.0,329925000.0,282867500.0,227555000.0,102370000.0,2.91,0.783,-35136000.0,38765000.0,38765000.0,482010000.0,55015000.0,2.149,0.539,0.0,0.0,0.0,0.0,0.0,13439000.0,0.0,0.0,0.0,91311000.0,104750000.0,0.127,104750000.0,91311000.0,91311000.0,0.2,0.195,0.2,214361000.0,182903500.0,214361000.0,1767512028.0,19.0,16.874,25598000.0,0.094,1.0,341168000.0,0.414,0.0,0.0,185284000.0,171637000.0,187185000.0,0.0,0.0,0.0,115564000.0,105876000.0,9688000.0,1781158028.0,28498000.0,0.0,7900000.0,-5000000.0,0.0,2900000.0,-35136000.0,0.0,60734000.0,0.0,55015000.0,55015000.0,55015000.0,0.0,0.0,0.067,250561000.0,90607000.0,47821000.0,0.0,8.309,32.376,32.5,88332000.0,0.0,6.5,2.164,2.161,0.0,159526000.0,823178000.0,823178000.0,0.0,0.194,0.301,0.532,0.111,0.0,250561000.0,1.0,274024312.0,273634824,282259924.0,3.008,329925000.0,0.0,36296000.0,10132000.0,1.206,121679000.0
99,BBBY,MRT,1996-12-31,1996-11-24,1996-11-24,2021-09-30,0.0,339025000.0,,241098000.0,97927000.0,,0.688,-35331000.0,13646000.0,13646000.0,441462000.0,49517000.0,1.776,0.743,0.0,0.0,0.0,0.0,0.0,12410000.0,0.0,0.0,0.0,82672000.0,95082000.0,0.126,95082000.0,82672000.0,82636000.0,0.18,,0.18,194471000.0,,194471000.0,,,,17801000.0,0.063,1.0,312393000.0,0.414,0.0,36000.0,189636000.0,,225160000.0,0.0,0.0,0.0,144554000.0,135743000.0,8811000.0,1892137874.0,11028000.0,0.0,7477000.0,-14250000.0,0.0,-6773000.0,-35331000.0,0.0,53132000.0,0.0,49517000.0,49517000.0,49517000.0,0.0,0.0,0.066,230125000.0,82268000.0,86545000.0,0.0,9.73,38.212,38.361,86241000.0,0.0,6.905,2.51,2.589,0.0,141210000.0,753855000.0,753855000.0,0.0,,,,0.11,0.0,230125000.0,1.0,274024312.0,282654632,,2.667,339025000.0,0.0,33119000.0,4244000.0,1.199,105355000.0
100,BBBY,MRT,1996-09-30,1996-08-25,1996-08-25,2021-09-30,,,,,,,,,,,410178000.0,45643000.0,,,,,,,,,,0.0,0.0,76736000.0,,,,76736000.0,76558000.0,0.165,,0.165,,,,,,,,,1.0,290673000.0,0.415,,178000.0,,,,,,,,,,,,,,,,,,,,,45643000.0,45643000.0,45643000.0,0.0,0.0,0.065,214116000.0,76557000.0,,0.0,,,31.242,,0.0,5.155,,2.072,,,700851000.0,700851000.0,0.0,,,,0.109,,214116000.0,1.0,,281758748,,2.487,,,30915000.0,,,
101,BBBY,MRT,1996-06-30,1996-05-26,1996-05-26,2021-09-30,,,,,,,,,,,,,,,,,,,,,,0.0,0.0,,,,,,,,,,,,,,,,,,1.0,,,,,,,,,,,,,,,,,,,,,,,,,,,,,,,,,,,,,,,,7.75,,,,,,,,,,,,,,1.0,,281917916,,,,,,,,
102,BBBY,MRT,1996-03-31,1996-02-25,1996-02-25,2021-09-30,0.0,235810000.0,,160280000.0,75530000.0,,0.558,-24528000.0,10267000.0,10267000.0,351216000.0,39459000.0,2.209,0.557,5000000.0,0.0,5000000.0,5000000.0,0.0,9902000.0,0.0,0.0,0.0,67585000.0,77487000.0,0.129,77487000.0,67585000.0,66880000.0,0.145,0.142,0.145,151446000.0,,151446000.0,,,,12556000.0,0.046,1.0,250036000.0,0.416,0.0,705000.0,157990000.0,,148383000.0,0.0,0.0,0.0,84364000.0,72553000.0,11811000.0,,3804000.0,0.0,3048000.0,-11800000.0,0.0,-8752000.0,-24528000.0,0.0,37084000.0,0.0,39459000.0,39459000.0,39459000.0,0.0,0.0,0.066,182451000.0,67585000.0,39025000.0,0.0,,,36.853,66635000.0,0.0,5.344,,2.413,0.0,104511000.0,601252000.0,601252000.0,0.0,,,,0.112,0.0,182451000.0,1.0,,271519116,277549080.0,2.214,235810000.0,0.0,27421000.0,6581000.0,0.868,87727000.0
103,BBBY,MRT,1995-12-31,1995-11-26,1995-11-26,2021-09-30,,,,,,,,,,,,,,,,,,,,,,0.0,0.0,,,,,,,,,,,,,,,,,,1.0,,,,,,,,,,,,,,,,,,,,,,,,,,,,,,,,,,,,,,,,4.469,,,,,,,,,,,,,,1.0,,278180824,,,,,,,,
104,BBBY,MRT,1995-03-31,1995-02-26,1995-02-26,2021-09-30,,,,,,,,-24523000.0,,,256442000.0,30013000.0,,,,,,,,7193000.0,,0.0,0.0,51685000.0,58878000.0,0.134,58878000.0,51685000.0,50869000.0,0.107,,0.107,,,,,,,-1330000.0,-0.005,1.0,183819000.0,0.418,,816000.0,,,,,,,,,,,3791000.0,0.0,1621000.0,3500000.0,0.0,5121000.0,-24523000.0,0.0,23193000.0,0.0,30013000.0,30013000.0,30013000.0,0.0,0.0,0.068,132134000.0,51685000.0,,0.0,,,30.958,,0.0,3.312,,2.081,,,440261000.0,440261000.0,0.0,,,,0.117,0.0,132134000.0,1.0,,276555064,,1.592,,,20856000.0,,,
