None,ticker,dimension,calendardate,datekey,reportperiod,lastupdated,accoci,assets,assetsavg,assetsc,assetsnc,assetturnover,bvps,capex,cashneq,cashnequsd,cor,consolinc,currentratio,de,debt,debtc,debtnc,debtusd,deferredrev,depamor,deposits,divyield,dps,ebit,ebitda,ebitdamargin,ebitdausd,ebitusd,ebt,eps,epsdil,epsusd,equity,equityavg,equityusd,ev,evebit,evebitda,fcf,fcfps,fxusd,gp,grossmargin,intangibles,intexp,invcap,invcapavg,inventory,investments,investmentsc,investmentsnc,liabilities,liabilitiesc,liabilitiesnc,marketcap,ncf,ncfbus,ncfcommon,ncfdebt,ncfdiv,ncff,ncfi,ncfinv,ncfo,ncfx,netinc,netinccmn,netinccmnusd,netincdis,netincnci,netmargin,opex,opinc,payables,payoutratio,pb,pe,pe1,ppnenet,prefdivis,price,ps,ps1,receivables,retearn,revenue,revenueusd,rnd,roa,roe,roic,ros,sbcomp,sgna,sharefactor,sharesbas,shareswa,shareswadil,sps,tangibles,taxassets,taxexp,taxliabilities,tbvps,workingcapital
0,AGN,MRY,2019-12-31,2019-12-31,2019-12-31,2020-05-07,1207200000.0,94699100000.0,95656250000.0,11126700000.0,83572400000.0,0.168,176.819,-351500000.0,2503300000.0,2503300000.0,2493100000.0,-5265100000.0,1.005,0.627,23219500000.0,4656900000.0,18562600000.0,23219500000.0,0.0,6192000000.0,0.0,0.015,2.96,-4341600000.0,1850400000.0,0.115,1850400000.0,-4341600000.0,-5124600000.0,-16.02,-16.02,-16.02,58173600000.0,59466375000.0,58173600000.0,84600278323.0,-19.0,45.72,6887200000.0,20.934,1.0,13595800000.0,0.845,80138900000.0,783000000.0,24205700000.0,25319150000.0,1133100000.0,3819600000.0,3411600000.0,408000000.0,36502700000.0,11070700000.0,25432000000.0,62756778323.0,1622900000.0,-138900000.0,-749400000.0,-1042300000.0,-974400000.0,-2766100000.0,-2858800000.0,-2368400000.0,7238700000.0,9100000.0,-5271000000.0,-5271000000.0,-5271000000.0,0.0,5900000.0,-0.328,18041100000.0,-4445300000.0,6348700000.0,-0.185,1.079,-11.906,-11.933,2416900000.0,0.0,191.17,3.901,3.909,0.0,991500000.0,16088900000.0,16088900000.0,1812000000.0,-0.055,-0.089,-0.171,-0.27,214300000.0,5943500000.0,1.0,328277336.0,329000000,329000000.0,48.902,14560200000.0,576900000.0,146400000.0,6133600000.0,44.256,56000000.0
1,AGN,MRY,2018-12-31,2018-12-31,2018-12-31,2020-05-07,1345200000.0,101787600000.0,107302550000.0,6475400000.0,95312200000.0,0.147,193.217,-223100000.0,880400000.0,880400000.0,2191400000.0,-5086200000.0,1.131,0.563,23797700000.0,868300000.0,22929400000.0,23797700000.0,0.0,6748600000.0,0.0,0.022,2.88,-5955900000.0,792700000.0,0.05,792700000.0,-5955900000.0,-6867100000.0,-15.26,-15.26,-15.26,65114100000.0,69798325000.0,65114100000.0,67477140344.0,-11.0,85.123,5417000000.0,16.074,1.0,13596000000.0,0.861,89608700000.0,911200000.0,29368300000.0,27607875000.0,846900000.0,2997500000.0,1026900000.0,1970600000.0,36656600000.0,5727900000.0,30928700000.0,45081640344.0,-936800000.0,0.0,-2673000000.0,-6178400000.0,-1049800000.0,-9680100000.0,3098500000.0,3321600000.0,5640100000.0,4700000.0,-5096400000.0,-5142800000.0,-5142800000.0,0.0,10200000.0,-0.326,19843600000.0,-6247600000.0,4787200000.0,-0.189,0.692,-8.766,-8.759,1787000000.0,46400000.0,133.66,2.856,2.853,2868100000.0,7258900000.0,15787400000.0,15787400000.0,2266200000.0,-0.048,-0.074,-0.216,-0.377,239800000.0,4521800000.0,1.0,337285952.0,337000000,337000000.0,46.847,12178900000.0,1063700000.0,-1770700000.0,7189700000.0,36.139,747500000.0
2,AGN,MRY,2017-12-31,2017-12-31,2017-12-31,2020-05-07,1920700000.0,118341900000.0,122226600000.0,11376700000.0,106965200000.0,0.13,221.154,-342800000.0,1817200000.0,1817200000.0,2168000000.0,-4118900000.0,1.155,0.603,30075300000.0,4231800000.0,25843500000.0,30075300000.0,0.0,7368600000.0,0.0,0.017,2.8,-9700300000.0,-2331700000.0,-0.146,-2331700000.0,-9700300000.0,-10795900000.0,-13.19,-13.19,-13.19,73821100000.0,73847325000.0,73821100000.0,83127343007.0,-9.0,-35.651,5736200000.0,17.185,1.0,13772700000.0,0.864,104511200000.0,1095600000.0,32240700000.0,33650950000.0,904500000.0,4900000000.0,4632100000.0,267900000.0,44504800000.0,9848100000.0,34656700000.0,54403943007.0,93200000.0,-5904700000.0,-309600000.0,-3580800000.0,-1218200000.0,-5129200000.0,-878000000.0,5369500000.0,6079000000.0,21400000.0,-4125500000.0,-4403900000.0,-4403900000.0,402900000.0,6600000.0,-0.276,19693900000.0,-5921200000.0,5541400000.0,-0.212,0.737,-12.354,-12.402,1785400000.0,278400000.0,163.58,3.413,3.425,2899000000.0,12957200000.0,15940700000.0,15940700000.0,2100100000.0,-0.036,-0.06,-0.288,-0.609,293300000.0,5016700000.0,1.0,332583097.0,333800000,333800000.0,47.755,13830700000.0,319100000.0,-6670400000.0,8001200000.0,41.434,1528600000.0
3,AGN,MRY,2016-12-31,2016-12-31,2016-12-31,2020-05-07,-1038400000.0,128986300000.0,135321700000.0,17857900000.0,111128400000.0,0.108,197.955,-298100000.0,1724000000.0,1724000000.0,1860800000.0,14979500000.0,2.268,0.693,32768700000.0,2797900000.0,29970800000.0,32768700000.0,0.0,6631000000.0,0.0,0.0,0.0,14372000000.0,21003000000.0,1.441,21003000000.0,14372000000.0,13076400000.0,38.18,38.18,38.18,76192700000.0,80003125000.0,76192700000.0,103985884822.0,7.0,4.951,1147600000.0,2.982,1.0,12709800000.0,0.872,108974700000.0,1295600000.0,43181600000.0,49780750000.0,718000000.0,11783600000.0,11501500000.0,282100000.0,52785800000.0,7874700000.0,44911100000.0,78770584822.0,628000000.0,32603300000.0,-14904300000.0,-9959800000.0,-278400000.0,-25142500000.0,24333300000.0,-7971900000.0,1445700000.0,-8500000.0,14973400000.0,14695000000.0,14695000000.0,-15914500000.0,6100000.0,1.009,14535300000.0,-1825500000.0,5019000000.0,0.0,1.034,5.36,5.501,1611300000.0,278400000.0,210.01,5.406,5.548,2531000000.0,18342500000.0,14570600000.0,14570600000.0,2575700000.0,0.109,0.184,0.289,0.986,334500000.0,4740300000.0,1.0,375080162.0,384900000,384900000.0,37.856,20011600000.0,233300000.0,-1897000000.0,13913100000.0,51.992,9983200000.0
4,AGN,MRY,2015-12-31,2015-12-31,2015-12-31,2020-05-07,-494100000.0,135583300000.0,139067850000.0,8579100000.0,127004200000.0,0.091,208.242,-314800000.0,1096000000.0,1096000000.0,2751800000.0,3919400000.0,1.035,0.77,42530400000.0,2396500000.0,40133900000.0,42530400000.0,0.0,5995300000.0,0.0,0.0,0.1,3502600000.0,9497900000.0,0.749,9497900000.0,3502600000.0,2309300000.0,10.01,10.01,10.01,76591400000.0,74384750000.0,76591400000.0,163783515625.0,47.0,17.244,4291300000.0,11.667,1.0,9936300000.0,0.783,114301400000.0,1193300000.0,54424300000.0,53239700000.0,757500000.0,418000000.0,9300000.0,408700000.0,58994000000.0,8292000000.0,50702000000.0,123163915625.0,846000000.0,-37664800000.0,4183100000.0,25003500000.0,-208100000.0,33367300000.0,-37120900000.0,858700000.0,4606100000.0,-6500000.0,3915200000.0,3683200000.0,3683200000.0,-6861000000.0,4200000.0,0.29,13067300000.0,-3131000000.0,4148600000.0,0.01,1.608,33.439,31.219,1531300000.0,232000000.0,312.5,9.707,9.059,2125400000.0,3647500000.0,12688100000.0,12688100000.0,2358500000.0,0.026,0.05,0.066,0.276,690400000.0,4481500000.0,1.0,394124530.0,367800000,367800000.0,34.497,21281900000.0,49500000.0,-1605900000.0,8824400000.0,57.863,287100000.0
5,AGN,MRY,2014-12-31,2014-12-31,2014-12-31,2020-05-07,-465400000.0,52758000000.0,38604675000.0,7110600000.0,45647400000.0,0.121,128.954,-224900000.0,250000000.0,250000000.0,1704800000.0,-1630500000.0,1.355,0.862,15531100000.0,693400000.0,14837700000.0,15531100000.0,0.0,2828400000.0,0.0,0.001,0.2,-1732300000.0,1096100000.0,0.234,1096100000.0,-1732300000.0,-2144100000.0,-7.42,-7.42,-7.42,28331100000.0,19193975000.0,28331100000.0,83427081612.0,-48.0,76.113,2018100000.0,9.186,1.0,2971700000.0,0.635,36988300000.0,411800000.0,25803300000.0,17635125000.0,984600000.0,154300000.0,1000000.0,153300000.0,24422500000.0,5247500000.0,19175000000.0,68229381612.0,-79000000.0,-5598400000.0,-24200000.0,3229200000.0,0.0,3017500000.0,-5370600000.0,452700000.0,2243000000.0,-5900000.0,-1630500000.0,-1630500000.0,-1630500000.0,-854100000.0,0.0,-0.349,5538900000.0,-2567200000.0,3030100000.0,-0.027,2.408,-41.846,-34.691,283400000.0,0.0,257.41,14.59,12.093,1112300000.0,-198200000.0,4676500000.0,4676500000.0,605700000.0,-0.042,-0.085,-0.098,-0.37,316900000.0,2267400000.0,1.0,265061115.0,219700000,219700000.0,21.286,15769700000.0,511700000.0,-513600000.0,3618200000.0,71.778,1863100000.0
6,AGN,MRY,2013-12-31,2013-12-31,2013-12-31,2020-05-07,90500000.0,22725900000.0,16025900000.0,4434700000.0,18291200000.0,0.162,66.986,-170800000.0,329000000.0,329000000.0,1644700000.0,-750400000.0,1.346,1.384,9052000000.0,534600000.0,8517400000.0,9052000000.0,78900000.0,1044700000.0,0.0,0.001,0.1,-665900000.0,378800000.0,0.146,378800000.0,-665900000.0,-905700000.0,-5.27,-5.27,-5.27,9532100000.0,5104000000.0,9532100000.0,35182456104.0,-53.0,92.879,1042700000.0,7.327,1.0,957800000.0,0.368,16432100000.0,239800000.0,11721900000.0,9616275000.0,1786300000.0,140000000.0,2500000.0,137500000.0,13188800000.0,3294900000.0,9893900000.0,29240056104.0,10000000.0,-145100000.0,-132400000.0,-792200000.0,0.0,-867300000.0,-275300000.0,40600000.0,1213500000.0,-23900000.0,-750400000.0,-750400000.0,-750400000.0,282900000.0,0.0,-0.288,1327000000.0,-369200000.0,2343200000.0,-0.019,3.068,-38.966,-31.879,1616800000.0,0.0,168.0,11.235,9.186,1404900000.0,1432300000.0,2602500000.0,2602500000.0,191300000.0,-0.047,-0.147,-0.069,-0.256,64600000.0,830900000.0,1.0,174047953.0,142300000,142300000.0,18.289,6293800000.0,336600000.0,-155300000.0,1141900000.0,44.229,1139800000.0
7,AGN,MRY,2012-12-31,2012-12-31,2012-12-31,2020-05-07,36800000.0,14114800000.0,8517650000.0,3838300000.0,10276500000.0,0.694,30.475,-129500000.0,319000000.0,319000000.0,3394300000.0,98300000.0,1.396,2.676,6433300000.0,176200000.0,6257100000.0,6433300000.0,43600000.0,578600000.0,0.0,0.0,0.0,355700000.0,934300000.0,0.158,934300000.0,355700000.0,244100000.0,0.77,0.76,0.77,3833800000.0,3686450000.0,3833800000.0,11985682822.0,34.0,12.829,536300000.0,4.263,1.0,2520600000.0,0.426,8638500000.0,111600000.0,8841300000.0,4264225000.0,1546500000.0,100200000.0,9000000.0,91200000.0,10258400000.0,2749300000.0,7509100000.0,10987082822.0,109700000.0,-5751800000.0,2700000.0,5360800000.0,0.0,5189600000.0,-5749000000.0,-103000000.0,665800000.0,3300000.0,97300000.0,97300000.0,97300000.0,0.0,1000000.0,0.016,2204900000.0,315700000.0,2467900000.0,0.0,2.866,112.92,111.688,1485000000.0,0.0,86.0,1.858,1.829,1330900000.0,2182700000.0,5914900000.0,5914900000.0,402500000.0,0.011,0.026,0.083,0.06,35100000.0,1171800000.0,1.0,127756777.0,125800000,128400000.0,47.018,5476300000.0,371100000.0,146800000.0,1151000000.0,43.532,1089000000.0
8,AGN,MRY,2011-12-31,2011-12-31,2011-12-31,2020-05-07,-76500000.0,6698300000.0,6407625000.0,2569700000.0,4128600000.0,0.715,28.623,-120000000.0,209300000.0,209300000.0,2566500000.0,259100000.0,1.397,0.88,1033000000.0,184500000.0,848500000.0,1033000000.0,29800000.0,447900000.0,0.0,0.0,0.0,526800000.0,974700000.0,0.213,974700000.0,526800000.0,457800000.0,2.1,2.06,2.1,3563600000.0,3473500000.0,3563600000.0,8663037615.0,16.0,8.888,512000000.0,4.112,1.0,2017900000.0,0.44,3321900000.0,69000000.0,2360600000.0,2549025000.0,889400000.0,86200000.0,14900000.0,71300000.0,3135800000.0,1839500000.0,1296300000.0,7672737615.0,-73500000.0,-593800000.0,40700000.0,-28800000.0,0.0,16400000.0,-719000000.0,-7500000.0,632000000.0,-2900000.0,260900000.0,260900000.0,260900000.0,0.0,-1800000.0,0.057,1494500000.0,523400000.0,1535400000.0,0.0,2.153,29.409,28.733,713700000.0,0.0,60.34,1.674,1.639,1165700000.0,2085400000.0,4584400000.0,4584400000.0,306600000.0,0.041,0.075,0.207,0.115,25200000.0,754900000.0,1.0,127158396.0,124500000,126500000.0,36.822,3376400000.0,189800000.0,196900000.0,464900000.0,27.12,730200000.0
9,AGN,MRY,2010-12-31,2010-12-31,2010-12-31,2020-05-07,-2500000.0,5686600000.0,5784325000.0,1786700000.0,3899900000.0,0.617,26.811,-53900000.0,282800000.0,282800000.0,1998500000.0,183300000.0,2.211,0.733,1016100000.0,0.0,1016100000.0,1016100000.0,37100000.0,281900000.0,0.0,0.0,0.0,335800000.0,617700000.0,0.173,617700000.0,335800000.0,251700000.0,1.51,1.48,1.51,3281700000.0,3182075000.0,3281700000.0,7413709850.0,22.0,12.002,517100000.0,4.225,1.0,1568400000.0,0.44,3160100000.0,84100000.0,2451800000.0,2711950000.0,631000000.0,95600000.0,11100000.0,84500000.0,2404000000.0,808000000.0,1596000000.0,6472209850.0,81400000.0,-78400000.0,48400000.0,-459700000.0,0.0,-411300000.0,-74100000.0,55700000.0,571000000.0,-4200000.0,184400000.0,184400000.0,184400000.0,0.0,-1100000.0,0.052,1263000000.0,305400000.0,741100000.0,0.0,1.972,35.099,34.205,642300000.0,0.0,51.65,1.815,1.772,560900000.0,1824500000.0,3566900000.0,3566900000.0,296100000.0,0.032,0.058,0.124,0.094,23500000.0,756100000.0,1.0,125309000.0,122400000,124200000.0,29.141,2526500000.0,179700000.0,67300000.0,426600000.0,20.641,978700000.0
10,AGN,MRY,2009-12-31,2009-12-31,2009-12-31,2020-05-07,1900000.0,5903500000.0,4382650000.0,1769500000.0,4134000000.0,0.637,28.791,-52400000.0,201400000.0,201400000.0,1596800000.0,222000000.0,1.689,0.953,1457800000.0,307600000.0,1150200000.0,1457800000.0,48200000.0,189000000.0,0.0,0.0,0.0,396800000.0,585800000.0,0.21,585800000.0,396800000.0,362600000.0,2.11,1.96,2.11,3023100000.0,2432350000.0,3023100000.0,4390305400.0,11.0,7.495,324400000.0,3.09,1.0,1196200000.0,0.428,3214500000.0,34200000.0,2897500000.0,2075425000.0,692300000.0,128100000.0,13600000.0,114500000.0,2880400000.0,1047900000.0,1832500000.0,4204205400.0,-306200000.0,-984700000.0,29800000.0,323300000.0,0.0,353100000.0,-1036100000.0,1000000.0,376800000.0,0.0,222000000.0,222000000.0,222000000.0,0.0,0.0,0.079,812300000.0,383900000.0,614300000.0,0.0,1.391,18.938,18.773,694200000.0,0.0,39.61,1.505,1.489,517400000.0,1640100000.0,2793000000.0,2793000000.0,197300000.0,0.051,0.091,0.191,0.142,19100000.0,520200000.0,1.0,106140000.0,105000000,116400000.0,26.6,2689000000.0,241700000.0,140600000.0,641400000.0,25.61,721600000.0
11,AGN,MRY,2008-12-31,2008-12-31,2008-12-31,2020-05-07,-3200000.0,3677900000.0,3538171250.0,1458400000.0,2219500000.0,0.717,20.512,-63500000.0,507600000.0,507600000.0,1502800000.0,238400000.0,3.026,0.744,877900000.0,53200000.0,824700000.0,877900000.0,46200000.0,170700000.0,0.0,0.0,0.0,386500000.0,557200000.0,0.22,557200000.0,386500000.0,358300000.0,2.32,2.09,2.32,2108600000.0,2008171000.0,2108600000.0,3267906560.0,8.0,5.865,353100000.0,3.435,1.0,1032700000.0,0.407,1428100000.0,28200000.0,2138100000.0,2186360250.0,473100000.0,93800000.0,13200000.0,80600000.0,1569300000.0,482000000.0,1087300000.0,2779434560.0,303000000.0,-37000000.0,7500000.0,-27700000.0,0.0,-20200000.0,-93400000.0,6700000.0,416600000.0,0.0,238400000.0,238400000.0,238400000.0,0.0,0.0,0.094,674500000.0,358200000.0,381300000.0,0.0,1.318,11.659,11.453,658500000.0,0.0,26.57,1.096,1.077,305000000.0,1418100000.0,2535500000.0,2535500000.0,170100000.0,0.067,0.119,0.177,0.152,18500000.0,423400000.0,1.0,104608000.0,102800000,117700000.0,24.664,2249800000.0,163300000.0,119900000.0,259000000.0,21.885,976400000.0
12,AGN,MRY,2007-12-31,2007-12-31,2007-12-31,2020-05-07,2392000.0,3472027000.0,3490565750.0,1173776000.0,2298251000.0,0.715,18.079,-60700000.0,204554000.0,204554000.0,1504800000.0,141000000.0,2.638,0.877,905649000.0,6241000.0,899408000.0,905649000.0,61289000.0,253600000.0,0.0,0.0,0.0,268700000.0,522300000.0,0.209,522300000.0,268700000.0,224200000.0,1.38,1.27,1.38,1849465000.0,1783808250.0,1849465000.0,3660072060.0,14.0,7.008,366500000.0,3.583,1.0,991900000.0,0.397,1480146000.0,44500000.0,2248049000.0,2372421250.0,490601000.0,79833000.0,11799000.0,68034000.0,1622562000.0,444927000.0,1177635000.0,2812491060.0,50400000.0,-800000.0,14400000.0,-326900000.0,0.0,-312500000.0,-64300000.0,-4300000.0,427200000.0,0.0,141000000.0,141000000.0,141000000.0,0.0,0.0,0.056,736200000.0,255700000.0,398154000.0,0.0,1.521,19.947,19.667,688185000.0,0.0,27.14,1.126,1.112,267117000.0,1179737000.0,2496700000.0,2496700000.0,144800000.0,0.04,0.079,0.113,0.108,15200000.0,421100000.0,1.0,103629000.0,102300000,117000000.0,24.406,1991881000.0,175519000.0,83200000.0,250137000.0,19.471,728849000.0
13,AGN,MRY,2006-12-31,2006-12-31,2006-12-31,2020-05-07,1073000.0,3760577000.0,3326977250.0,1261676000.0,2498901000.0,0.595,16.513,-8876000.0,154171000.0,154171000.0,1233483000.0,-445005000.0,1.829,1.238,1231204000.0,107059000.0,1124145000.0,1231204000.0,77308000.0,218346000.0,0.0,0.0,0.0,-388867000.0,-170521000.0,-0.086,-170521000.0,-388867000.0,-410949000.0,-4.37,-4.37,-4.37,1680388000.0,2030473000.0,1680388000.0,2516434040.0,-6.0,-14.757,462489000.0,4.545,1.0,745761000.0,0.377,1669761000.0,22082000.0,2477920000.0,1888094000.0,517236000.0,83026000.0,6649000.0,76377000.0,2080189000.0,689929000.0,1390260000.0,2667242040.0,-313280000.0,-1558919000.0,8137000.0,626637000.0,0.0,634774000.0,-1419419000.0,148376000.0,471365000.0,0.0,-445005000.0,-445005000.0,-445005000.0,0.0,0.0,-0.225,1167857000.0,-422096000.0,516875000.0,0.0,1.587,-5.994,-5.957,697415000.0,0.0,26.03,1.348,1.338,384692000.0,1041638000.0,1979244000.0,1979244000.0,131023000.0,-0.134,-0.219,-0.206,-0.196,14290000.0,305060000.0,1.0,102468000.0,101761000,101761000.0,19.45,2090816000.0,168161000.0,34056000.0,250633000.0,20.546,571747000.0
14,AGN,MRY,2005-12-31,2005-12-31,2005-12-31,2020-05-07,-834000.0,3077187000.0,3117671500.0,1353543000.0,1723644000.0,0.528,20.014,-78833000.0,467451000.0,467451000.0,852414000.0,138557000.0,5.51,0.465,587935000.0,0.0,587935000.0,587935000.0,19612000.0,206726000.0,0.0,0.0,0.0,234458000.0,441184000.0,0.268,441184000.0,234458000.0,219934000.0,1.32,1.22,1.32,2100469000.0,2139777500.0,2100469000.0,3718235650.0,16.0,8.428,246670000.0,2.35,1.0,793789000.0,0.482,1207403000.0,14524000.0,1744598000.0,1754806000.0,278062000.0,206826000.0,152467000.0,54359000.0,976718000.0,245670000.0,731048000.0,3602595650.0,168798000.0,-3001000.0,-271576000.0,-1484000.0,0.0,-273060000.0,116355000.0,198189000.0,325503000.0,0.0,138557000.0,138557000.0,138557000.0,0.0,0.0,0.084,575277000.0,218512000.0,211160000.0,0.0,1.715,26.001,24.629,436149000.0,0.0,32.51,2.188,2.073,333832000.0,1486643000.0,1646203000.0,1646203000.0,125263000.0,0.044,0.065,0.134,0.142,5673000.0,260999000.0,1.0,110815000.0,104949000,120021000.0,15.686,1869784000.0,116450000.0,81377000.0,155507000.0,17.816,1107873000.0
15,AGN,MRY,2004-12-31,2004-12-31,2004-12-31,2020-05-07,9518000.0,3237483000.0,3189157500.0,1370186000.0,1867297000.0,0.514,20.49,-38730000.0,298653000.0,298653000.0,820794000.0,150018000.0,5.36,0.447,587653000.0,0.0,587653000.0,587653000.0,16634000.0,106666000.0,0.0,0.0,0.0,248893000.0,355559000.0,0.217,355559000.0,248893000.0,235563000.0,1.37,1.26,1.37,2236949000.0,2176298750.0,2236949000.0,3585136432.0,14.0,10.083,269539000.0,2.469,1.0,819757000.0,0.5,1368341000.0,13330000.0,1902513000.0,1675316250.0,321299000.0,422978000.0,381679000.0,41299000.0,1000534000.0,255629000.0,744905000.0,3592772432.0,-19390000.0,-29838000.0,32255000.0,-152985000.0,0.0,-120730000.0,-206929000.0,-138770000.0,308269000.0,0.0,150018000.0,150018000.0,150018000.0,0.0,0.0,0.091,553817000.0,265940000.0,192701000.0,0.0,1.606,23.949,23.949,427377000.0,0.0,32.81,2.19,2.183,251459000.0,1346867000.0,1640551000.0,1640551000.0,134221000.0,0.047,0.069,0.149,0.152,6430000.0,301209000.0,1.0,109502360.0,109174000,124727000.0,15.027,1869142000.0,120482000.0,85545000.0,198810000.0,17.121,1114557000.0
16,AGN,MRY,2003-12-31,2003-12-31,2003-12-31,2020-05-07,14268000.0,3282600000.0,3169815750.0,1323489000.0,1959111000.0,0.46,19.14,-151359000.0,318043000.0,318043000.0,624651000.0,202079000.0,3.908,0.596,722535000.0,0.0,722535000.0,722535000.0,22082000.0,100352000.0,0.0,0.0,0.0,343135000.0,443487000.0,0.304,443487000.0,343135000.0,317327000.0,1.88,1.74,1.88,2057346000.0,1959379750.0,2057346000.0,5078281040.0,15.0,11.451,111158000.0,1.034,1.0,833071000.0,0.571,1456890000.0,25808000.0,1891517000.0,1623206750.0,393393000.0,305774000.0,255678000.0,50096000.0,1225254000.0,338685000.0,886569000.0,4965872040.0,117484000.0,-178340000.0,36964000.0,293667000.0,0.0,330631000.0,-475664000.0,-149444000.0,262517000.0,0.0,202079000.0,202079000.0,202079000.0,0.0,0.0,0.139,494158000.0,338913000.0,215388000.0,0.0,2.414,24.574,24.468,424995000.0,0.0,46.0,3.407,3.392,211174000.0,1201714000.0,1457722000.0,1457722000.0,102083000.0,0.064,0.103,0.211,0.235,6950000.0,320201000.0,1.0,107953740.0,107488000,120727000.0,13.562,1825710000.0,133770000.0,115248000.0,255608000.0,16.985,984804000.0
17,AGN,MRY,2002-12-31,2002-12-31,2002-12-31,2020-05-07,1984000.0,2663464000.0,2597200750.0,913451000.0,1750013000.0,0.471,16.858,-211873000.0,230155000.0,230155000.0,571882000.0,175796000.0,2.433,0.481,415237000.0,83360000.0,331877000.0,415237000.0,8177000.0,86576000.0,0.0,0.0,0.0,301171000.0,387747000.0,0.317,387747000.0,301171000.0,279090000.0,1.65,1.64,1.65,1798284000.0,1740459000.0,1798284000.0,3207310477.0,11.0,8.272,92116000.0,0.864,1.0,651316000.0,0.532,1335315000.0,22081000.0,1137766000.0,1139235750.0,348773000.0,118084000.0,42649000.0,75435000.0,865180000.0,375465000.0,489715000.0,3021297477.0,6828000.0,-5500000.0,5117000.0,-75476000.0,0.0,-70359000.0,-226802000.0,-12768000.0,303989000.0,0.0,175796000.0,175796000.0,175796000.0,0.0,0.0,0.144,381952000.0,269364000.0,172363000.0,0.0,1.68,17.186,17.133,304667000.0,0.0,28.27,2.47,2.465,178563000.0,998850000.0,1223198000.0,1223198000.0,82178000.0,0.068,0.101,0.264,0.246,1201000.0,238458000.0,1.0,106872921.0,106675000,107367000.0,11.467,1328149000.0,112012000.0,103294000.0,263455000.0,12.45,537986000.0
18,AGN,MRY,2001-12-31,2001-12-31,2001-12-31,2020-05-07,57903000.0,2528334000.0,2552898250.0,889738000.0,1638596000.0,0.455,15.755,-101766000.0,193731000.0,193731000.0,512209000.0,116361000.0,3.63,0.512,483805000.0,68102000.0,415703000.0,483805000.0,0.0,101225000.0,0.0,0.0,0.0,226764000.0,327989000.0,0.283,327989000.0,226764000.0,198952000.0,1.1,1.07,1.1,1672050000.0,1644973500.0,1672050000.0,3710181520.0,16.0,11.312,110259000.0,1.039,1.0,648467000.0,0.559,1268924000.0,27812000.0,1304359000.0,1337985000.0,252325000.0,248774000.0,135688000.0,113086000.0,856284000.0,245125000.0,611159000.0,3342030520.0,127537000.0,0.0,22410000.0,-53690000.0,0.0,-31280000.0,-53208000.0,57786000.0,212025000.0,0.0,116361000.0,116361000.0,116361000.0,0.0,0.0,0.1,547148000.0,101319000.0,159809000.0,0.0,1.999,28.721,28.536,234911000.0,0.0,31.39,2.879,2.87,173085000.0,823054000.0,1160676000.0,1160676000.0,64141000.0,0.046,0.071,0.169,0.195,9575000.0,214190000.0,1.0,106468000.0,106130000,108340000.0,10.936,1259410000.0,78378000.0,82591000.0,196911000.0,11.867,644613000.0
19,AGN,MRY,2000-12-31,2000-12-31,2000-12-31,2020-05-07,82168000.0,2579898000.0,2193313750.0,831345000.0,1748553000.0,0.37,15.261,-54149000.0,66194000.0,66194000.0,371781000.0,157495000.0,2.964,0.667,536154000.0,52882000.0,483272000.0,536154000.0,0.0,71409000.0,0.0,0.0,0.0,366457000.0,437866000.0,0.54,437866000.0,366457000.0,342173000.0,1.55,1.52,1.55,1547969000.0,1453456250.0,1547969000.0,5694339194.0,16.0,13.005,-94720000.0,-0.934,1.0,439743000.0,0.542,1444545000.0,24284000.0,1324873000.0,1133759500.0,248945000.0,247586000.0,171452000.0,76134000.0,1031929000.0,280440000.0,751489000.0,5260727194.0,-41978000.0,-542106000.0,109727000.0,135051000.0,-2430000.0,227348000.0,-228755000.0,378736000.0,-40571000.0,0.0,157495000.0,157495000.0,157495000.0,0.0,0.0,0.194,431511000.0,8232000.0,200965000.0,0.0,3.398,33.403,33.026,194487000.0,0.0,51.19,6.483,6.398,85703000.0,706693000.0,811524000.0,811524000.0,67294000.0,0.072,0.108,0.323,0.452,28556000.0,161652000.0,1.0,102768650.0,101430000,103575000.0,8.001,1135353000.0,120287000.0,184678000.0,274903000.0,11.193,550905000.0
20,AGN,MRY,1999-12-31,1999-12-31,1999-12-31,2020-05-07,107530000.0,1465581000.0,1427675250.0,459918000.0,1005663000.0,0.494,10.75,-135531000.0,108172000.0,108172000.0,234340000.0,182661000.0,3.05,0.384,152479000.0,2114000.0,150365000.0,152479000.0,0.0,44278000.0,0.0,0.0,0.0,287604000.0,331882000.0,0.471,331882000.0,287604000.0,276412000.0,1.85,1.82,1.85,1058908000.0,1024834750.0,1058908000.0,3503090800.0,12.0,10.555,-7176000.0,-0.073,1.0,470550000.0,0.668,574418000.0,11192000.0,784689000.0,873598750.0,109077000.0,305507000.0,13865000.0,291642000.0,406673000.0,150781000.0,255892000.0,3437043800.0,44596000.0,0.0,16808000.0,-882000.0,-3177000.0,-17631000.0,-66128000.0,67057000.0,128355000.0,0.0,182661000.0,182661000.0,182661000.0,0.0,0.0,0.259,229475000.0,241075000.0,77659000.0,0.0,3.246,18.817,19.357,139603000.0,0.0,35.81,4.876,5.004,198963000.0,551628000.0,704890000.0,704890000.0,51158000.0,0.128,0.178,0.329,0.408,12125000.0,127864000.0,1.0,95980000.0,98500000,100520000.0,7.156,891163000.0,19815000.0,93751000.0,120610000.0,9.047,309137000.0
21,AGN,MRY,1998-12-31,1998-12-31,1998-12-31,2020-05-07,60144000.0,1131343000.0,972364750.0,322794000.0,808549000.0,0.624,8.202,-204781000.0,59663000.0,59663000.0,212041000.0,121774000.0,3.135,0.415,152926000.0,1843000.0,151083000.0,152926000.0,0.0,35366000.0,0.0,0.0,0.0,208277000.0,243643000.0,0.401,243643000.0,208277000.0,200022000.0,1.25,1.22,1.25,799355000.0,681054750.0,799355000.0,5580560080.0,27.0,22.905,-82764000.0,-0.849,1.0,395144000.0,0.651,481551000.0,8255000.0,640102000.0,461762250.0,81907000.0,233983000.0,32903000.0,201080000.0,331588000.0,102953000.0,228635000.0,5625622080.0,-35091000.0,-71559000.0,26933000.0,141124000.0,0.0,123057000.0,-280165000.0,6382000.0,122017000.0,0.0,121774000.0,121774000.0,121774000.0,0.0,0.0,0.201,201890000.0,193254000.0,70730000.0,0.0,7.038,46.197,50.304,125918000.0,0.0,62.88,9.265,10.093,91329000.0,370119000.0,607185000.0,607185000.0,53077000.0,0.125,0.179,0.451,0.343,13593000.0,113344000.0,1.0,89466000.0,97460000,100140000.0,6.23,649792000.0,29634000.0,78248000.0,54512000.0,6.667,219841000.0
22,AGN,MRY,1997-12-31,1997-12-31,1997-12-31,2020-05-07,33025000.0,755005000.0,613929500.0,246789000.0,508216000.0,0.59,6.107,-162905000.0,82837000.0,82837000.0,131037000.0,95650000.0,2.472,0.335,3249000.0,864000.0,2385000.0,3249000.0,0.0,17651000.0,0.0,0.0,0.0,151733000.0,169384000.0,0.468,169384000.0,151733000.0,150449000.0,1.03,1.01,1.03,565034000.0,494071000.0,565034000.0,,,,-58691000.0,-0.634,1.0,231184000.0,0.638,289129000.0,1284000.0,286448000.0,285272000.0,46967000.0,163185000.0,32102000.0,131083000.0,189112000.0,99840000.0,89272000.0,2863581310.0,-79521000.0,-21111000.0,16396000.0,-3566000.0,0.0,-42170000.0,-141565000.0,42451000.0,104214000.0,0.0,95650000.0,95650000.0,95650000.0,0.0,0.0,0.264,103656000.0,127528000.0,44423000.0,0.0,5.068,29.938,31.495,88004000.0,0.0,32.44,7.906,8.286,65068000.0,275037000.0,362221000.0,362221000.0,35007000.0,0.156,0.194,0.532,0.419,10882000.0,60967000.0,1.0,88273160.0,92525000,95115000.0,3.915,465876000.0,19399000.0,54799000.0,46440000.0,5.035,146949000.0
23,AGN,MRY,1996-12-31,1996-12-31,1996-12-31,2020-05-07,7189000.0,472854000.0,,326203000.0,146651000.0,,4.976,-12375000.0,158221000.0,158221000.0,101921000.0,78562000.0,9.809,0.117,4889000.0,1025000.0,3864000.0,4889000.0,0.0,8625000.0,0.0,0.0,0.0,114899000.0,123524000.0,0.552,123524000.0,114899000.0,114478000.0,0.92,0.89,0.92,423108000.0,,423108000.0,,,,94527000.0,1.112,1.0,121718000.0,0.544,2171000.0,421000.0,284096000.0,,32429000.0,147017000.0,80966000.0,66051000.0,49345000.0,33255000.0,16090000.0,,60714000.0,-3090000.0,9210000.0,-143000.0,0.0,9067000.0,-55255000.0,-39790000.0,106902000.0,0.0,78562000.0,78562000.0,78562000.0,0.0,0.0,0.351,35010000.0,86708000.0,31758000.0,0.0,,,24.424,78429000.0,0.0,22.47,,8.543,38399000.0,184853000.0,223639000.0,223639000.0,22895000.0,,,,0.514,7752000.0,38891000.0,1.0,,85028000,88081000.0,2.63,470683000.0,9807000.0,35916000.0,12698000.0,5.536,292948000.0
24,AGN,MRY,1995-12-31,1995-12-31,1995-12-31,2020-05-07,,,,,,,,-24414000.0,,,81417000.0,48181000.0,,,,,,,,7366000.0,,0.0,0.0,73048000.0,80414000.0,0.418,80414000.0,73048000.0,73048000.0,0.58,0.56,0.58,,,,,,,8765000.0,0.105,1.0,111057000.0,0.577,,0.0,,,,,,,,,,,19566000.0,-15645000.0,12204000.0,-1390000.0,0.0,10814000.0,-24427000.0,16450000.0,33179000.0,0.0,48181000.0,48181000.0,48181000.0,0.0,0.0,0.25,73680000.0,37377000.0,,0.0,,,42.241,,0.0,24.5,,10.605,,,192474000.0,192474000.0,24562000.0,,,,0.38,6808000.0,34873000.0,1.0,,83317000,85515000.0,2.31,,,24867000.0,,,
0,AGN,MRQ,2020-03-31,2020-03-31,2020-03-31,2020-05-07,1079000000.0,88426200000.0,,7474100000.0,80952100000.0,,176.231,-58300000.0,999500000.0,999500000.0,623100000.0,379000000.0,1.005,0.524,20107800000.0,2070500000.0,18037300000.0,20107800000.0,0.0,1509100000.0,0.0,0.017,0.74,-1304300000.0,204800000.0,0.057,204800000.0,-1304300000.0,-1488800000.0,1.15,1.14,1.15,57997700000.0,,57997700000.0,78982456857.0,-23.0,27.684,58200000.0,0.177,1.0,2981300000.0,0.827,77495400000.0,184500000.0,22605700000.0,,1199900000.0,2049500000.0,1618800000.0,430700000.0,30404700000.0,7433400000.0,22971300000.0,58266256857.0,-1503800000.0,-57600000.0,9700000.0,-3034600000.0,-243500000.0,-3268400000.0,1679100000.0,1795000000.0,116500000.0,-31000000.0,378000000.0,378000000.0,378000000.0,0.0,1000000.0,0.105,4280900000.0,-1299600000.0,5289500000.0,0.643,1.005,-23.447,-23.303,2396400000.0,0.0,177.1,3.62,3.621,0.0,882500000.0,3604400000.0,3604400000.0,430000000.0,,,,,51600000.0,1373400000.0,1.0,329002015.0,329100000,331900000.0,10.952,10930800000.0,597900000.0,-1866800000.0,4220000000.0,33.214,40700000.0
1,AGN,MRQ,2019-12-31,2019-12-31,2019-12-31,2020-05-07,1207200000.0,94699100000.0,,11126700000.0,83572400000.0,,177.304,-116700000.0,2503300000.0,2503300000.0,704000000.0,-317300000.0,1.005,0.627,23219500000.0,4656900000.0,18562600000.0,23219500000.0,0.0,1608800000.0,0.0,0.015,0.74,-230000000.0,1378800000.0,0.317,1378800000.0,-230000000.0,-421900000.0,-0.98,-0.98,-0.98,58173600000.0,,58173600000.0,84600278323.0,-19.0,45.72,1553600000.0,4.735,1.0,3647000000.0,0.838,80138900000.0,191900000.0,24205700000.0,,1133100000.0,3819600000.0,3411600000.0,408000000.0,36502700000.0,11070700000.0,25432000000.0,62756778323.0,1265800000.0,-12300000.0,39900000.0,5600000.0,-243000000.0,-197500000.0,-226100000.0,-97100000.0,1670300000.0,19100000.0,-317200000.0,-317200000.0,-317200000.0,0.0,-100000.0,-0.073,3923600000.0,-276600000.0,6348700000.0,-0.755,1.079,-11.906,-11.933,2416900000.0,0.0,191.17,3.901,3.909,0.0,991500000.0,4351000000.0,4351000000.0,452500000.0,,,,,52600000.0,1639600000.0,1.0,328277336.0,328100000,328100000.0,13.261,14560200000.0,576900000.0,-104700000.0,6133600000.0,44.377,56000000.0
2,AGN,MRQ,2019-09-30,2019-09-30,2019-09-30,2020-05-07,1041100000.0,94408900000.0,,9593600000.0,84815300000.0,,178.278,-100200000.0,1237500000.0,1237500000.0,639000000.0,-785600000.0,0.995,0.614,23081000000.0,3857600000.0,19223400000.0,23081000000.0,0.0,1617600000.0,0.0,0.017,0.74,-574800000.0,1042800000.0,0.257,1042800000.0,-574800000.0,-768700000.0,-2.4,-2.4,-2.4,58475200000.0,,58475200000.0,76794725607.0,-8.0,-23.277,2823900000.0,8.609,1.0,3411700000.0,0.842,81592300000.0,193900000.0,25021400000.0,,1083100000.0,3686300000.0,3318400000.0,367900000.0,35910700000.0,9638700000.0,26272000000.0,55204625607.0,-413900000.0,0.0,20600000.0,-8000000.0,-242600000.0,-230000000.0,-3095300000.0,-2995100000.0,2924100000.0,-12700000.0,-786800000.0,-786800000.0,-786800000.0,0.0,1200000.0,-0.194,4008300000.0,-596600000.0,5692200000.0,-0.308,0.944,-5.966,-6.058,2335200000.0,0.0,168.29,3.49,3.49,3012300000.0,1551700000.0,4050700000.0,4050700000.0,474500000.0,,,,,49900000.0,1994100000.0,1.0,328032715.0,328000000,328000000.0,12.35,12816600000.0,487400000.0,18100000.0,6326600000.0,39.075,-45100000.0
3,AGN,MRQ,2019-06-30,2019-06-30,2019-06-30,2020-05-07,1281700000.0,95480700000.0,,8572800000.0,86907900000.0,,182.046,-87000000.0,1651400000.0,1651400000.0,652300000.0,-1754900000.0,1.032,0.6,23241500000.0,3217400000.0,20024100000.0,23241500000.0,0.0,1488600000.0,0.0,0.017,0.74,-1262000000.0,226600000.0,0.055,226600000.0,-1262000000.0,-1457400000.0,-5.37,-5.37,-5.37,59674700000.0,,59674700000.0,78152572954.0,-9.0,-33.788,1323300000.0,4.037,1.0,3437800000.0,0.841,83572200000.0,195400000.0,25194900000.0,,1004500000.0,657500000.0,322300000.0,335200000.0,35784600000.0,8303700000.0,27480900000.0,54883872954.0,862900000.0,-38500000.0,9600000.0,-878500000.0,-242700000.0,-1111600000.0,567400000.0,692900000.0,1410300000.0,-3200000.0,-1759000000.0,-1759000000.0,-1759000000.0,0.0,4100000.0,-0.43,4700700000.0,-1262900000.0,4995300000.0,-0.138,0.92,-6.453,-6.568,2278900000.0,0.0,167.43,3.501,3.501,3086300000.0,2581100000.0,4090100000.0,4090100000.0,450000000.0,,,,,59500000.0,1197500000.0,1.0,327801905.0,327800000,327800000.0,12.477,11908500000.0,689100000.0,301600000.0,6726400000.0,36.329,269100000.0
4,AGN,MRQ,2019-03-31,2019-03-31,2019-03-31,2020-05-07,1216400000.0,98036300000.0,,6289300000.0,91747000000.0,,185.367,-47600000.0,788500000.0,788500000.0,497800000.0,-2407300000.0,0.711,0.593,24057200000.0,4087900000.0,19969300000.0,24057200000.0,0.0,1477000000.0,0.0,0.02,0.74,-2274800000.0,-797800000.0,-0.222,-797800000.0,-2274800000.0,-2476600000.0,-7.25,-7.25,-7.25,61542000000.0,,61542000000.0,71615385138.0,-10.0,-68.788,1186400000.0,3.573,1.0,3099300000.0,0.862,85601200000.0,201800000.0,26854600000.0,,943200000.0,2974700000.0,995200000.0,1979500000.0,36476700000.0,8849200000.0,27627500000.0,48698085138.0,-91900000.0,-88100000.0,-819500000.0,-161400000.0,-246100000.0,-1227000000.0,-104800000.0,30900000.0,1234000000.0,5900000.0,-2408000000.0,-2408000000.0,-2408000000.0,0.0,700000.0,-0.669,5408500000.0,-2309200000.0,4634400000.0,-0.102,0.791,-6.746,-6.807,2236500000.0,0.0,146.41,3.099,3.094,2731200000.0,4582800000.0,3597100000.0,3597100000.0,435000000.0,,,,,52300000.0,1112300000.0,1.0,332614474.0,332000000,332000000.0,10.835,12435100000.0,1032600000.0,-68600000.0,6980700000.0,37.455,-2559900000.0
5,AGN,MRQ,2018-12-31,2018-12-31,2018-12-31,2020-05-07,1345200000.0,101787600000.0,,6475400000.0,95312200000.0,,194.254,-82600000.0,880400000.0,880400000.0,590000000.0,-4295900000.0,1.131,0.563,23797700000.0,868300000.0,22929400000.0,23797700000.0,0.0,1615700000.0,0.0,0.022,0.72,-5386400000.0,-3770700000.0,-0.924,-3770700000.0,-5386400000.0,-5596600000.0,-12.76,-12.76,-12.76,65114100000.0,,65114100000.0,67477140344.0,-11.0,85.123,1416000000.0,4.224,1.0,3489700000.0,0.855,89608700000.0,210200000.0,29368300000.0,,846900000.0,2997500000.0,1026900000.0,1970600000.0,36656600000.0,5727900000.0,30928700000.0,45081640344.0,-307500000.0,0.0,-747700000.0,242000000.0,-241700000.0,-757800000.0,-1039900000.0,-957300000.0,1498600000.0,-8400000.0,-4299900000.0,-4299900000.0,-4299900000.0,0.0,4000000.0,-1.054,8873800000.0,-5384100000.0,4787200000.0,-0.056,0.692,-8.766,-8.759,1787000000.0,0.0,133.66,2.856,2.853,2868100000.0,7258900000.0,4079700000.0,4079700000.0,678100000.0,,,,,54600000.0,1193600000.0,1.0,337285952.0,335200000,335200000.0,12.171,12178900000.0,1063700000.0,-1296700000.0,7189700000.0,36.333,747500000.0
6,AGN,MRQ,2018-09-30,2018-09-30,2018-09-30,2020-05-07,1504200000.0,106542500000.0,,5740200000.0,100802300000.0,,207.988,-45500000.0,1187900000.0,1187900000.0,596800000.0,-36300000.0,0.921,0.511,23583400000.0,1351600000.0,22231800000.0,23583400000.0,0.0,1633000000.0,0.0,0.015,0.72,395900000.0,2028900000.0,0.519,2028900000.0,395900000.0,175500000.0,-0.11,-0.11,-0.11,70507800000.0,,70507800000.0,88333173503.0,-80.0,14.722,1397500000.0,4.122,1.0,3314600000.0,0.847,97583800000.0,220400000.0,25122300000.0,,894600000.0,324800000.0,22000000.0,302800000.0,36021600000.0,6231900000.0,29789700000.0,64657373503.0,-486800000.0,0.0,-422400000.0,-1765100000.0,-244400000.0,-2431900000.0,504000000.0,549500000.0,1443000000.0,-1900000.0,-37900000.0,-37900000.0,-37900000.0,0.0,1600000.0,-0.01,3057100000.0,257500000.0,4695600000.0,-6.545,0.917,29.273,28.861,1756600000.0,0.0,190.48,4.033,4.027,2826900000.0,11800600000.0,3911400000.0,3911400000.0,424200000.0,,,,,57800000.0,1044800000.0,1.0,339444422.0,339000000,339000000.0,11.538,8958700000.0,989400000.0,213400000.0,6990500000.0,26.427,-491700000.0
7,AGN,MRQ,2018-06-30,2018-06-30,2018-06-30,2020-05-07,1592900000.0,108858800000.0,,6103700000.0,102755100000.0,,210.096,-59700000.0,1674700000.0,1674700000.0,481800000.0,-470100000.0,0.996,0.528,25350500000.0,1348500000.0,24002000000.0,25350500000.0,0.0,1746200000.0,0.0,0.017,0.72,-247700000.0,1498500000.0,0.363,1498500000.0,-247700000.0,-477700000.0,-1.39,-1.39,-1.39,71243500000.0,,71243500000.0,82096487893.0,-12.0,176.552,1180500000.0,3.481,1.0,3642400000.0,0.883,99615500000.0,230000000.0,26793800000.0,,922500000.0,319400000.0,21500000.0,297900000.0,37594800000.0,6125300000.0,31469500000.0,56528687893.0,679900000.0,0.0,-98800000.0,-1032900000.0,-244200000.0,-1282700000.0,702100000.0,761800000.0,1240200000.0,20300000.0,-472500000.0,-472500000.0,-472500000.0,0.0,2400000.0,-0.115,4109400000.0,-467000000.0,4683800000.0,-0.518,0.793,-31.783,-31.104,1761400000.0,0.0,166.72,3.499,3.499,2760800000.0,12082900000.0,4124200000.0,4124200000.0,689200000.0,,,,,54900000.0,1187500000.0,1.0,339063627.0,339100000,339100000.0,12.162,9243300000.0,899900000.0,-5200000.0,6807100000.0,27.258,-21600000.0
8,AGN,MRQ,2018-03-31,2018-03-31,2018-03-31,2020-05-07,2041500000.0,112021300000.0,,6393300000.0,105628000000.0,,216.162,-35300000.0,994800000.0,994800000.0,522800000.0,-283900000.0,1.099,0.549,26562600000.0,626200000.0,25936400000.0,26562600000.0,0.0,1753700000.0,0.0,0.017,0.72,-717700000.0,1036000000.0,0.282,1036000000.0,-717700000.0,-968300000.0,-0.99,-0.99,-0.99,72327900000.0,,72327900000.0,83847723482.0,-11.0,-315.573,1423000000.0,4.253,1.0,3149300000.0,0.858,102626000000.0,250600000.0,29147100000.0,,948400000.0,1304500000.0,1037400000.0,267100000.0,39675300000.0,5816000000.0,33859300000.0,55589623482.0,-822400000.0,0.0,-1404100000.0,-3622400000.0,-319500000.0,-5207700000.0,2932300000.0,2967600000.0,1458300000.0,-5300000.0,-286100000.0,-332500000.0,-332500000.0,0.0,2200000.0,-0.091,3803300000.0,-654000000.0,5072300000.0,-0.727,0.769,-26.451,-26.544,1769500000.0,46400000.0,168.29,3.466,3.511,2639200000.0,12799500000.0,3672100000.0,3672100000.0,474700000.0,,,,,72500000.0,1095900000.0,1.0,330320420.0,334600000,334600000.0,10.975,9395300000.0,893600000.0,-682200000.0,7213600000.0,28.079,577300000.0
9,AGN,MRQ,2017-12-31,2017-12-31,2017-12-31,2020-05-07,1920700000.0,118341900000.0,,11376700000.0,106965200000.0,,222.755,-114600000.0,1817200000.0,1817200000.0,580900000.0,3123200000.0,1.155,0.603,30075300000.0,4231800000.0,25843500000.0,30075300000.0,0.0,1970500000.0,0.0,0.017,0.7,-533700000.0,1436800000.0,0.332,1436800000.0,-533700000.0,-797000000.0,9.09,9.09,9.09,73821100000.0,,73821100000.0,83127343007.0,-9.0,-35.651,1968900000.0,5.941,1.0,3745200000.0,0.866,104511200000.0,263300000.0,32240700000.0,,904500000.0,4900000000.0,4632100000.0,267900000.0,44504800000.0,9848100000.0,34656700000.0,54403943007.0,204500000.0,-10000000.0,-440400000.0,-340900000.0,-301200000.0,-1085600000.0,-795700000.0,-671100000.0,2083500000.0,2300000.0,3121300000.0,3051700000.0,3051700000.0,385300000.0,1900000.0,0.705,3835700000.0,-90500000.0,5541400000.0,0.077,0.737,-12.354,-12.402,1785400000.0,69600000.0,163.58,3.413,3.425,2899000000.0,12957200000.0,4326100000.0,4326100000.0,408200000.0,,,,,72500000.0,1266800000.0,1.0,332583097.0,331400000,331400000.0,13.054,13830700000.0,319100000.0,-3918300000.0,8001200000.0,41.734,1528600000.0
10,AGN,MRQ,2017-09-30,2017-09-30,2017-09-30,2020-05-07,1711200000.0,118992800000.0,,10112800000.0,108880000000.0,,213.372,-95300000.0,1612700000.0,1612700000.0,586500000.0,-3954000000.0,1.181,0.672,30336100000.0,3797000000.0,26539100000.0,30336100000.0,0.0,1823000000.0,0.0,0.01,0.7,-5329300000.0,-3506300000.0,-0.869,-3506300000.0,-5329300000.0,-5594500000.0,-12.07,-12.07,-12.07,71159400000.0,,71159400000.0,97867453436.0,-10.0,-34.089,1377100000.0,4.129,1.0,3447800000.0,0.855,106469800000.0,265200000.0,32686600000.0,,899800000.0,4099000000.0,3829100000.0,269900000.0,47819300000.0,8559800000.0,39259500000.0,68516053436.0,725800000.0,-18000000.0,41300000.0,-8100000.0,-305100000.0,-271900000.0,-482300000.0,-369000000.0,1472400000.0,7600000.0,-3955700000.0,-4025300000.0,-4025300000.0,6100000.0,1700000.0,-0.998,7470100000.0,-4022300000.0,4541700000.0,-0.058,0.963,-9.104,-9.506,1802200000.0,69600000.0,204.95,4.426,4.416,2808600000.0,10137200000.0,4034300000.0,4034300000.0,442600000.0,,,,,72300000.0,1169700000.0,1.0,334306189.0,333500000,333500000.0,12.097,12523000000.0,327000000.0,-1638800000.0,11934500000.0,37.55,1553000000.0
11,AGN,MRQ,2017-06-30,2017-06-30,2017-06-30,2020-05-07,1625000000.0,124734800000.0,,10433200000.0,114301600000.0,,224.405,-100400000.0,886900000.0,886900000.0,550200000.0,-723900000.0,1.208,0.658,30238300000.0,3795000000.0,26443300000.0,30238300000.0,0.0,1797500000.0,0.0,0.006,0.7,-1029700000.0,767800000.0,0.192,767800000.0,-1029700000.0,-1307100000.0,-2.37,-2.37,-2.37,75220400000.0,,75220400000.0,112302415593.0,10.0,6.355,1699400000.0,5.07,1.0,3457200000.0,0.863,111961900000.0,277400000.0,33486000000.0,,935900000.0,5229200000.0,4939000000.0,290200000.0,49502000000.0,8638300000.0,40863700000.0,81645915593.0,-206000000.0,-2656000000.0,66400000.0,-2215900000.0,-306100000.0,-2396800000.0,385800000.0,3142200000.0,1799800000.0,5200000.0,-725900000.0,-795500000.0,-795500000.0,8400000.0,2000000.0,-0.199,4359600000.0,-902400000.0,4684600000.0,-0.295,1.085,7.008,8.356,1750100000.0,69600000.0,243.09,5.419,5.408,2795900000.0,14397900000.0,4007400000.0,4007400000.0,489400000.0,,,,,85800000.0,1395000000.0,1.0,335867027.0,335200000,335200000.0,11.955,12772900000.0,288300000.0,-581200000.0,13540800000.0,38.105,1794900000.0
12,AGN,MRQ,2017-03-31,2017-03-31,2017-03-31,2020-05-07,721700000.0,126836900000.0,,13700700000.0,113136200000.0,,224.376,-32500000.0,1092900000.0,1092900000.0,450400000.0,-2564200000.0,1.318,0.687,31749400000.0,5526400000.0,26223000000.0,31749400000.0,0.0,1777600000.0,0.0,0.003,0.7,-2807600000.0,-1030000000.0,-0.288,-1030000000.0,-2807600000.0,-3097300000.0,-7.86,-7.86,-7.86,75188400000.0,,75188400000.0,111136588430.0,10.0,6.12,690800000.0,2.061,1.0,3122500000.0,0.874,110911300000.0,289700000.0,36190500000.0,,904700000.0,8141400000.0,7858200000.0,283200000.0,51638100000.0,10391600000.0,41246500000.0,80091888430.0,-631100000.0,-3220700000.0,23100000.0,-1015900000.0,-305800000.0,-1374900000.0,14200000.0,3267400000.0,723300000.0,6300000.0,-2565200000.0,-2634800000.0,-2634800000.0,3100000.0,1000000.0,-0.737,4028500000.0,-906000000.0,4795400000.0,-0.089,1.065,6.745,7.959,1659300000.0,69600000.0,238.92,5.432,5.43,2542000000.0,15429900000.0,3572900000.0,3572900000.0,759900000.0,,,,,62700000.0,1185200000.0,1.0,335224713.0,335100000,335100000.0,10.662,15925600000.0,255400000.0,-532100000.0,14032800000.0,47.525,3309100000.0
13,AGN,MRQ,2016-12-31,2016-12-31,2016-12-31,2020-05-07,-1038400000.0,128986300000.0,,17857900000.0,111128400000.0,,213.784,-80900000.0,1724000000.0,1724000000.0,479700000.0,1200000.0,2.268,0.693,32768700000.0,2797900000.0,29970800000.0,32768700000.0,0.0,1676700000.0,0.0,0.0,0.0,-779100000.0,897600000.0,0.232,897600000.0,-779100000.0,-1071800000.0,0.74,0.74,0.74,76192700000.0,,76192700000.0,103985884822.0,7.0,4.951,-170400000.0,-0.478,1.0,3384600000.0,0.876,108974700000.0,292700000.0,43181600000.0,,718000000.0,11783600000.0,11501500000.0,282100000.0,52785800000.0,7874700000.0,44911100000.0,78770584822.0,-5830700000.0,-626700000.0,-12283700000.0,-101100000.0,-69600000.0,-12454400000.0,6726000000.0,7433600000.0,-89500000.0,-12800000.0,-600000.0,-70200000.0,-70200000.0,-41300000.0,1800000.0,-0.018,4284600000.0,-900000000.0,5019000000.0,0.0,1.034,5.36,5.501,1611300000.0,69600000.0,210.01,5.406,5.548,2531000000.0,18342500000.0,3864300000.0,3864300000.0,913300000.0,,,,,64600000.0,1276800000.0,1.0,375080162.0,356400000,356400000.0,10.843,20011600000.0,233300000.0,-1071200000.0,13913100000.0,56.149,9983200000.0
14,AGN,MRQ,2016-09-30,2016-09-30,2016-09-30,2020-05-07,599300000.0,143607700000.0,,31723900000.0,111883800000.0,,228.485,-48900000.0,7554700000.0,7554700000.0,462200000.0,15221800000.0,3.953,0.6,32770000000.0,1591800000.0,31178200000.0,32770000000.0,0.0,1649800000.0,0.0,0.0,0.0,15385400000.0,17035200000.0,4.703,17035200000.0,15385400000.0,15061100000.0,38.58,38.58,38.58,89725900000.0,,89725900000.0,130283950952.0,9.0,6.111,-1146600000.0,-2.92,1.0,3160000000.0,0.872,109648500000.0,324300000.0,51149000000.0,,705500000.0,20178700000.0,19837600000.0,341100000.0,53877300000.0,8025500000.0,45851800000.0,91191750952.0,7065200000.0,33230000000.0,-2660600000.0,-6859300000.0,-69600000.0,-9589500000.0,17750100000.0,-15431000000.0,-1097700000.0,2300000.0,15220000000.0,15150400000.0,15150400000.0,-15601900000.0,1800000.0,4.183,3426400000.0,-266400000.0,5425400000.0,0.0,1.016,6.484,6.504,1566300000.0,69600000.0,230.31,6.371,6.319,2398500000.0,18412700000.0,3622200000.0,3622200000.0,622800000.0,,,,,81100000.0,1157200000.0,1.0,395952199.0,392700000,392700000.0,9.224,33959200000.0,120700000.0,-158900000.0,14411700000.0,86.476,23698400000.0
15,AGN,MRQ,2016-06-30,2016-06-30,2016-06-30,2020-05-07,-317100000.0,132619100000.0,,8755200000.0,123863900000.0,,193.741,-95500000.0,489500000.0,489500000.0,441500000.0,-499900000.0,0.987,0.73,39581700000.0,2506600000.0,37075100000.0,39581700000.0,0.0,1670300000.0,0.0,0.0,0.0,-414100000.0,1256200000.0,0.341,1256200000.0,-414100000.0,-759900000.0,-1.44,-1.44,-1.44,76643900000.0,,76643900000.0,131715945870.0,32.0,12.273,1284300000.0,3.246,1.0,3243300000.0,0.88,110976600000.0,345800000.0,51867300000.0,,726800000.0,369700000.0,17100000.0,352600000.0,55978300000.0,8867400000.0,47110900000.0,91409245870.0,-1771300000.0,0.0,23600000.0,-3045200000.0,-69600000.0,-3058900000.0,-89000000.0,6500000.0,1379800000.0,-3200000.0,-501700000.0,-571300000.0,-571300000.0,77300000.0,1800000.0,-0.155,3730900000.0,-487600000.0,4490100000.0,0.0,1.193,22.048,22.835,1557200000.0,69600000.0,231.09,6.455,6.456,2490500000.0,3262300000.0,3684800000.0,3684800000.0,636500000.0,,,,,89800000.0,1210000000.0,1.0,395556908.0,395600000,395600000.0,9.314,21642500000.0,179500000.0,-258200000.0,8612300000.0,54.708,-112200000.0
16,AGN,MRQ,2016-03-31,2016-03-31,2016-03-31,2020-05-07,28400000.0,136073700000.0,,10091500000.0,125982200000.0,,196.175,-72800000.0,2260800000.0,2260800000.0,477400000.0,256400000.0,0.99,0.757,42567500000.0,4015700000.0,38551800000.0,42567500000.0,0.0,1634200000.0,0.0,0.0,0.0,179800000.0,1814000000.0,0.534,1814000000.0,179800000.0,-153000000.0,0.47,0.47,0.47,77450000000.0,,77450000000.0,147418259534.0,34.0,13.476,1180300000.0,2.99,1.0,2921900000.0,0.86,113259800000.0,332800000.0,52925100000.0,,1022200000.0,418500000.0,13000000.0,405500000.0,58625000000.0,10195500000.0,48429500000.0,105788059534.0,1164800000.0,0.0,16400000.0,45800000.0,-69600000.0,-39700000.0,-53800000.0,19000000.0,1253100000.0,5200000.0,255700000.0,186100000.0,186100000.0,-348600000.0,700000.0,0.055,3093400000.0,-171500000.0,4701100000.0,0.0,1.366,24.018,24.91,1602400000.0,69600000.0,268.03,7.5,7.502,2652800000.0,3833600000.0,3399300000.0,3399300000.0,403100000.0,,,,,99000000.0,1096300000.0,1.0,394687384.0,394800000,394800000.0,8.61,22813900000.0,77700000.0,-408700000.0,8409800000.0,57.786,-104000000.0
17,AGN,MRQ,2015-12-31,2015-12-31,2015-12-31,2020-05-07,-494100000.0,135583300000.0,,8579100000.0,127004200000.0,,194.148,-97700000.0,1096000000.0,1096000000.0,601800000.0,-629300000.0,1.035,0.77,42530400000.0,2396500000.0,40133900000.0,42530400000.0,0.0,1618600000.0,0.0,0.0,0.0,-404500000.0,1214100000.0,0.337,1214100000.0,-404500000.0,-745800000.0,-2.2,-2.2,-2.2,76591400000.0,,76591400000.0,163783515625.0,47.0,17.244,1533900000.0,3.888,1.0,3005100000.0,0.833,114301400000.0,341300000.0,54424300000.0,,757500000.0,418000000.0,9300000.0,408700000.0,58994000000.0,8292000000.0,50702000000.0,123163915625.0,-967900000.0,-2331000000.0,24400000.0,-8200000.0,-69700000.0,-199300000.0,-2398800000.0,29900000.0,1631600000.0,-1400000.0,-630900000.0,-700500000.0,-700500000.0,-159300000.0,1600000.0,-0.194,3574600000.0,-569500000.0,4148600000.0,0.0,1.608,33.439,31.219,1531300000.0,69600000.0,312.5,9.707,9.059,2125400000.0,3647500000.0,3606900000.0,3606900000.0,430600000.0,,,,,233900000.0,1276300000.0,1.0,394124530.0,394500000,394500000.0,9.143,21281900000.0,49500000.0,-114900000.0,8824400000.0,53.947,287100000.0
18,AGN,MRQ,2015-09-30,2015-09-30,2015-09-30,2020-05-07,-45300000.0,142816300000.0,,16658700000.0,126157600000.0,,196.834,-50400000.0,2063900000.0,2063900000.0,710300000.0,5302600000.0,2.048,0.843,42683500000.0,2035400000.0,40648100000.0,42683500000.0,59700000.0,1645300000.0,0.0,0.001,0.0,4802500000.0,6447800000.0,1.858,6447800000.0,4802500000.0,4462300000.0,13.29,13.29,13.29,77473700000.0,,77473700000.0,148346502493.0,48.0,17.616,997800000.0,2.535,1.0,2759200000.0,0.795,113448500000.0,340200000.0,61854400000.0,,1285400000.0,505300000.0,7000000.0,498300000.0,65336200000.0,8133000000.0,57203200000.0,106994102493.0,546000000.0,-195400000.0,80400000.0,-230500000.0,-69700000.0,-248400000.0,-251800000.0,-6000000.0,1048200000.0,-2000000.0,5301200000.0,5231600000.0,5231600000.0,-6177600000.0,1400000.0,1.508,4136600000.0,-1377400000.0,4513500000.0,0.0,1.381,29.307,35.717,1569900000.0,69600000.0,271.81,10.684,10.683,2143200000.0,4347900000.0,3469500000.0,3469500000.0,1260500000.0,,,,,92100000.0,1022700000.0,1.0,393635637.0,393600000,393600000.0,8.815,29367800000.0,6675700000.0,-838900000.0,14855000000.0,74.613,8525700000.0
19,AGN,MRQ,2015-06-30,2015-06-30,2015-06-30,2020-05-07,-10400000.0,138411100000.0,,10486900000.0,127924200000.0,,183.569,-105000000.0,1517900000.0,1517900000.0,917800000.0,-241600000.0,1.371,0.92,42870300000.0,1550900000.0,41319400000.0,42870300000.0,82100000.0,1748800000.0,0.0,0.001,0.0,-285100000.0,1463700000.0,0.403,1463700000.0,-285100000.0,-625000000.0,-0.8,-0.8,-0.8,72069100000.0,,72069100000.0,161300949847.0,-57.0,90.639,1296300000.0,3.302,1.0,2710900000.0,0.747,124421300000.0,339900000.0,47692700000.0,,2786000000.0,538800000.0,8500000.0,530300000.0,66336600000.0,7649500000.0,58687100000.0,119091249847.0,-597000000.0,-483700000.0,28700000.0,-1363400000.0,-68700000.0,-1470600000.0,-529400000.0,59300000.0,1401300000.0,1700000.0,-243100000.0,-312700000.0,-312700000.0,-230300000.0,1500000.0,-0.086,3187000000.0,-476100000.0,5945000000.0,0.0,1.652,-45.392,-31.512,2859000000.0,69600000.0,303.46,13.696,13.701,4420100000.0,-953300000.0,3628700000.0,3628700000.0,349700000.0,,,,,175000000.0,1121100000.0,1.0,392444638.0,392600000,392600000.0,9.243,13989800000.0,825200000.0,-381900000.0,16271700000.0,35.634,2837400000.0
20,AGN,MRQ,2015-03-31,2015-03-31,2015-03-31,2020-05-07,-783300000.0,139460700000.0,,11017200000.0,128443500000.0,,246.649,-61700000.0,2114900000.0,2114900000.0,1020100000.0,-512300000.0,1.439,0.953,44324600000.0,1624100000.0,42700500000.0,44324600000.0,80600000.0,982600000.0,0.0,0.001,0.1,-599100000.0,383500000.0,0.15,383500000.0,-599100000.0,-771000000.0,-1.85,-1.85,-1.85,71404800000.0,,71404800000.0,94535708038.0,-40.0,98.505,463300000.0,1.6,1.0,1542500000.0,0.602,125027500000.0,171900000.0,48987400000.0,,3125100000.0,534300000.0,16000000.0,518300000.0,68051200000.0,7655500000.0,60395700000.0,79242008038.0,1864900000.0,-34654700000.0,4049600000.0,26605600000.0,0.0,35285600000.0,-33940900000.0,775500000.0,525000000.0,-4800000.0,-512000000.0,-535200000.0,-535200000.0,-274400000.0,-300000.0,-0.209,2220200000.0,-677700000.0,5820100000.0,-0.054,1.11,-35.029,-34.809,2797900000.0,23200000.0,297.62,10.246,11.141,3992800000.0,-710900000.0,2562600000.0,2562600000.0,317700000.0,,,,,189400000.0,1110100000.0,1.0,266252295.0,289500000,289500000.0,8.852,14433200000.0,700600000.0,-259000000.0,16590400000.0,49.856,3361700000.0
21,AGN,MRQ,2014-12-31,2014-12-31,2014-12-31,2020-05-07,-465400000.0,52758000000.0,,7110600000.0,45647400000.0,,128.954,-62800000.0,250000000.0,250000000.0,-666600000.0,-733200000.0,1.355,0.862,15531100000.0,693400000.0,14837700000.0,15531100000.0,0.0,938000000.0,0.0,0.001,0.05,-812100000.0,125900000.0,0.356,125900000.0,-812100000.0,-939900000.0,-3.03,-3.03,-3.03,28331100000.0,,28331100000.0,83427081612.0,-48.0,76.113,748800000.0,3.408,1.0,1019800000.0,2.887,36988300000.0,127800000.0,25803300000.0,,984600000.0,154300000.0,1000000.0,153300000.0,24422500000.0,5247500000.0,19175000000.0,68229381612.0,-89400000.0,-675700000.0,32200000.0,-51500000.0,0.0,-158700000.0,-738500000.0,0.0,811600000.0,-3800000.0,-732900000.0,-732900000.0,-732900000.0,-329800000.0,-300000.0,-2.075,2123700000.0,-1103900000.0,3030100000.0,-0.017,2.408,-41.846,-34.691,283400000.0,0.0,257.41,14.59,12.093,1112300000.0,-198200000.0,353200000.0,353200000.0,237100000.0,,,,,80200000.0,727700000.0,1.0,265061115.0,219700000,219700000.0,1.608,15769700000.0,511700000.0,-207000000.0,3618200000.0,71.778,1863100000.0
22,AGN,MRQ,2014-09-30,2014-09-30,2014-09-30,2020-05-07,-220300000.0,53467400000.0,,6252300000.0,47215100000.0,,110.255,-85500000.0,339400000.0,339400000.0,1183100000.0,-1042800000.0,1.395,0.835,15537100000.0,443300000.0,15093800000.0,15537100000.0,76900000.0,938200000.0,0.0,0.001,0.05,-1131700000.0,-193500000.0,-0.09,-193500000.0,-1131700000.0,-1263800000.0,-3.95,-3.95,-3.95,29140400000.0,,29140400000.0,71798624833.0,-66.0,57.462,436800000.0,1.653,1.0,967700000.0,0.45,45134000000.0,132100000.0,19049800000.0,,2627300000.0,234300000.0,1000000.0,233300000.0,24322400000.0,4481300000.0,19841100000.0,63760824833.0,-3954200000.0,-4803500000.0,-5100000.0,-7700000.0,0.0,-23900000.0,-4454300000.0,434700000.0,522300000.0,1700000.0,-1042800000.0,-1042800000.0,-1042800000.0,-119300000.0,0.0,-0.485,2249700000.0,-1282000000.0,3937500000.0,-0.013,2.188,-60.957,-63.328,1704300000.0,0.0,241.28,15.264,15.266,2229300000.0,534700000.0,2150800000.0,2150800000.0,276600000.0,,,,,228200000.0,963100000.0,1.0,264260713.0,264300000,264300000.0,8.138,8333400000.0,422000000.0,-221000000.0,4323000000.0,31.53,1771000000.0
23,AGN,MRQ,2014-06-30,2014-06-30,2014-06-30,2020-05-07,90300000.0,25789400000.0,,8272900000.0,17516500000.0,,55.567,-37500000.0,4293600000.0,4293600000.0,1296500000.0,48800000.0,1.978,1.664,12331400000.0,1588800000.0,10742600000.0,12331400000.0,80100000.0,472400000.0,0.0,0.001,0.05,171400000.0,643800000.0,0.241,643800000.0,171400000.0,92300000.0,0.28,0.28,0.28,9679700000.0,,9679700000.0,47293121937.0,239.0,26.431,432000000.0,2.48,1.0,1370700000.0,0.514,15709400000.0,79100000.0,13934400000.0,,1633300000.0,167100000.0,2500000.0,164600000.0,16104700000.0,4183400000.0,11921300000.0,38910321937.0,3955900000.0,-119200000.0,-700000.0,3614500000.0,0.0,3568100000.0,-153700000.0,18000000.0,469500000.0,-1900000.0,48700000.0,48700000.0,48700000.0,0.0,100000.0,0.018,1164600000.0,206100000.0,2443100000.0,0.179,4.02,623.563,348.516,1532900000.0,0.0,223.05,9.632,9.619,1567700000.0,1577500000.0,2667200000.0,2667200000.0,158000000.0,,,,,28600000.0,561600000.0,1.0,174446635.0,174200000,175000000.0,15.311,10080000000.0,313000000.0,43600000.0,989000000.0,57.865,4089500000.0
24,AGN,MRQ,2014-03-31,2014-03-31,2014-03-31,2020-05-07,83700000.0,22403900000.0,,4540700000.0,17863200000.0,,55.378,-39100000.0,337700000.0,337700000.0,1293000000.0,96700000.0,1.513,1.327,8720500000.0,268300000.0,8452200000.0,8720500000.0,73700000.0,479800000.0,0.0,0.001,0.05,213700000.0,693500000.0,0.261,693500000.0,213700000.0,140900000.0,0.56,0.55,0.56,9624700000.0,,9624700000.0,44582017302.0,-103.0,50.262,400500000.0,2.304,1.0,1362100000.0,0.513,16031600000.0,72800000.0,11753000000.0,,1726300000.0,147700000.0,2500000.0,145200000.0,12775300000.0,3002100000.0,9773200000.0,35859017302.0,8700000.0,0.0,-50600000.0,-326100000.0,0.0,-368000000.0,-24100000.0,0.0,439600000.0,-1900000.0,96500000.0,96500000.0,96500000.0,0.0,200000.0,0.036,1154200000.0,207900000.0,2323800000.0,0.089,3.726,-65.068,-52.647,1581300000.0,0.0,205.85,10.666,10.641,1508700000.0,1528800000.0,2655100000.0,2655100000.0,171500000.0,,,,,-20100000.0,558900000.0,1.0,174199744.0,173800000,174900000.0,15.277,6372300000.0,382300000.0,44400000.0,1106600000.0,36.665,1538600000.0
25,AGN,MRQ,2013-12-31,2013-12-31,2013-12-31,2020-05-07,90500000.0,22725900000.0,,4434700000.0,18291200000.0,,66.986,-59300000.0,329000000.0,329000000.0,-1575400000.0,-147800000.0,1.346,1.384,9052000000.0,534600000.0,8517400000.0,9052000000.0,78900000.0,442700000.0,0.0,0.001,0.05,-337000000.0,105700000.0,-0.032,105700000.0,-337000000.0,-414700000.0,-0.7,-0.7,-0.7,9532100000.0,,9532100000.0,35182456104.0,-53.0,92.879,592400000.0,4.163,1.0,-1720400000.0,0.522,16432100000.0,77700000.0,11721900000.0,,1786300000.0,140000000.0,2500000.0,137500000.0,13188800000.0,3294900000.0,9893900000.0,29240056104.0,-39000000.0,54500000.0,-11000000.0,-656600000.0,0.0,-665500000.0,10800000.0,40600000.0,651700000.0,1000000.0,-148400000.0,-148400000.0,-148400000.0,282900000.0,600000.0,0.045,-1706400000.0,-14000000.0,2343200000.0,-0.071,3.068,-38.966,-31.879,1616800000.0,0.0,168.0,11.235,9.186,1404900000.0,1432300000.0,-3295800000.0,-3295800000.0,-240800000.0,,,,,58000000.0,-499200000.0,1.0,174047953.0,142300000,142300000.0,-23.161,6293800000.0,336600000.0,-266300000.0,1141900000.0,44.229,1139800000.0
26,AGN,MRQ,2013-09-30,2013-09-30,2013-09-30,2020-05-07,43500000.0,13644100000.0,,4073400000.0,9570700000.0,,28.249,-43600000.0,368000000.0,368000000.0,1083200000.0,65500000.0,1.451,2.644,6310400000.0,627100000.0,5683300000.0,6310400000.0,65100000.0,196400000.0,0.0,0.0,0.05,149900000.0,346300000.0,0.172,346300000.0,149900000.0,97000000.0,0.5,0.49,0.5,3743000000.0,,3743000000.0,25298143296.0,-155.0,40.561,227200000.0,1.715,1.0,929800000.0,0.462,7978200000.0,52900000.0,8801100000.0,,1658900000.0,101200000.0,5500000.0,95700000.0,9896100000.0,2807200000.0,7088900000.0,19173943296.0,141100000.0,-2600000.0,-104400000.0,-43900000.0,0.0,-94700000.0,-33100000.0,0.0,270800000.0,-1900000.0,65600000.0,65600000.0,65600000.0,0.0,-100000.0,0.033,779300000.0,150500000.0,2131400000.0,0.1,5.123,-33.404,-33.18,1415500000.0,0.0,144.0,2.507,2.495,1366200000.0,1580700000.0,2013000000.0,2013000000.0,163700000.0,,,,,-5500000.0,455700000.0,1.0,133152384.0,132500000,134400000.0,15.192,5665900000.0,373800000.0,31400000.0,1046900000.0,42.762,1266200000.0
27,AGN,MRQ,2013-06-30,2013-06-30,2013-06-30,2020-05-07,-84300000.0,13560600000.0,,3916000000.0,9644600000.0,,26.748,-39800000.0,226900000.0,226900000.0,1050300000.0,-564600000.0,1.639,2.834,6351100000.0,177200000.0,6173900000.0,6351100000.0,62900000.0,199800000.0,0.0,0.0,0.0,-458300000.0,-258500000.0,-0.13,-258500000.0,-458300000.0,-513400000.0,-4.27,-4.27,-4.27,3536100000.0,,3536100000.0,22217197596.0,-122.0,42.399,32600000.0,0.247,1.0,939500000.0,0.472,8049100000.0,55100000.0,9246700000.0,,1601900000.0,106400000.0,8000000.0,98400000.0,10019600000.0,2389000000.0,7630600000.0,16124097596.0,-101500000.0,-53500000.0,1700000.0,-69600000.0,0.0,-64600000.0,-81400000.0,0.0,72400000.0,-27900000.0,-564800000.0,-564800000.0,-564800000.0,0.0,200000.0,-0.284,1402600000.0,-463100000.0,2104500000.0,0.0,4.56,-28.645,-29.839,1417700000.0,0.0,126.22,2.33,2.411,1372300000.0,1515100000.0,1989800000.0,1989800000.0,136300000.0,,,,,11500000.0,461400000.0,1.0,127745980.0,132200000,132200000.0,15.051,5511500000.0,420400000.0,51400000.0,1146100000.0,41.691,1527000000.0
28,AGN,MRQ,2013-03-31,2013-03-31,2013-03-31,2020-05-07,-91700000.0,14173000000.0,,3835800000.0,10337200000.0,,27.687,-28100000.0,328400000.0,328400000.0,1086600000.0,-103500000.0,1.307,2.927,6421500000.0,178300000.0,6243200000.0,6421500000.0,71400000.0,205800000.0,0.0,0.0,0.0,-20500000.0,185300000.0,0.098,185300000.0,-20500000.0,-74600000.0,-0.79,-0.79,-0.79,3604800000.0,,3604800000.0,17888927719.0,83.0,21.083,190500000.0,1.463,1.0,808900000.0,0.427,8635800000.0,54100000.0,8695400000.0,,1544300000.0,111000000.0,9000000.0,102000000.0,10550700000.0,2934900000.0,7615800000.0,11774627719.0,9400000.0,-143500000.0,-18700000.0,-22100000.0,0.0,-42500000.0,-171600000.0,0.0,218600000.0,4900000.0,-102800000.0,-102800000.0,-102800000.0,0.0,-700000.0,-0.054,851500000.0,-42600000.0,2517900000.0,0.0,3.266,-195.267,-204.689,1450400000.0,0.0,92.11,1.873,1.908,1275500000.0,2079900000.0,1895500000.0,1895500000.0,132100000.0,,,,,600000.0,413000000.0,1.0,127832241.0,130200000,130200000.0,14.558,5537200000.0,504700000.0,28200000.0,1339900000.0,42.528,900900000.0
29,AGN,MRQ,2012-12-31,2012-12-31,2012-12-31,2020-05-07,36800000.0,14114800000.0,,3838300000.0,10276500000.0,,30.403,-43900000.0,319000000.0,319000000.0,1011900000.0,29000000.0,1.396,2.676,6433300000.0,176200000.0,6257100000.0,6433300000.0,43600000.0,184900000.0,0.0,0.0,0.0,165700000.0,350600000.0,0.2,350600000.0,165700000.0,116200000.0,0.22,0.22,0.22,3833800000.0,,3833800000.0,11985682822.0,34.0,12.829,175900000.0,1.395,1.0,738300000.0,0.422,8638500000.0,49500000.0,8841300000.0,,1546500000.0,100200000.0,9000000.0,91200000.0,10258400000.0,2749300000.0,7509100000.0,10987082822.0,97000000.0,-5362400000.0,1000000.0,5221600000.0,0.0,5147800000.0,-5277500000.0,-106500000.0,219800000.0,6900000.0,28000000.0,28000000.0,28000000.0,0.0,1000000.0,0.016,724700000.0,13600000.0,2467900000.0,0.0,2.866,112.92,111.688,1485000000.0,0.0,86.0,1.858,1.829,1330900000.0,2182700000.0,1750200000.0,1750200000.0,121800000.0,,,,,13100000.0,424800000.0,1.0,127756777.0,126100000,130800000.0,13.879,5476300000.0,371100000.0,88200000.0,1151000000.0,43.428,1089000000.0
30,AGN,MRQ,2012-09-30,2012-09-30,2012-09-30,2020-05-07,-62300000.0,6566000000.0,,2441500000.0,4124500000.0,,29.29,-39700000.0,222000000.0,222000000.0,724100000.0,76700000.0,1.569,0.779,1220600000.0,196800000.0,1023800000.0,1220600000.0,22000000.0,115500000.0,0.0,0.0,0.0,131100000.0,246600000.0,0.192,246600000.0,131100000.0,111700000.0,0.61,0.6,0.61,3690600000.0,,3690600000.0,11944789503.0,35.0,13.063,106200000.0,0.843,1.0,561100000.0,0.437,3316800000.0,19400000.0,2692200000.0,,885100000.0,83300000.0,12400000.0,70900000.0,2876100000.0,1555600000.0,1320500000.0,10870289503.0,4400000.0,-2300000.0,4500000.0,-85000000.0,0.0,-94700000.0,-47200000.0,-5200000.0,145900000.0,400000.0,76700000.0,76700000.0,76700000.0,0.0,0.0,0.06,472100000.0,89000000.0,1343200000.0,0.0,2.945,66.242,64.515,708000000.0,0.0,85.16,1.904,1.879,924800000.0,2154700000.0,1285200000.0,1285200000.0,112500000.0,,,,,8000000.0,224800000.0,1.0,127645485.0,126000000,128000000.0,10.2,3249200000.0,218000000.0,35000000.0,252800000.0,25.787,885900000.0
31,AGN,MRQ,2012-06-30,2012-06-30,2012-06-30,2020-05-07,-98100000.0,6527100000.0,,2319900000.0,4207200000.0,,28.306,-25000000.0,217600000.0,217600000.0,754000000.0,-62200000.0,1.516,0.833,1292100000.0,193400000.0,1098700000.0,1292100000.0,24200000.0,125900000.0,0.0,0.0,0.0,-59900000.0,66000000.0,0.049,66000000.0,-59900000.0,-80900000.0,-0.49,-0.49,-0.49,3560900000.0,,3560900000.0,10611104044.0,30.0,11.729,174700000.0,1.389,1.0,601200000.0,0.444,3380200000.0,21000000.0,2690700000.0,,870400000.0,79100000.0,7400000.0,71700000.0,2966900000.0,1530700000.0,1436200000.0,9427004044.0,48900000.0,-1200000.0,4800000.0,-90800000.0,0.0,-129600000.0,-20000000.0,6200000.0,199700000.0,-1200000.0,-62200000.0,-62200000.0,-62200000.0,0.0,0.0,-0.046,505000000.0,96200000.0,1307300000.0,0.0,2.647,60.624,58.722,727800000.0,0.0,73.99,1.712,1.691,876000000.0,2078000000.0,1355200000.0,1355200000.0,79700000.0,,,,,9900000.0,239700000.0,1.0,127409164.0,125800000,125800000.0,10.773,3146900000.0,212100000.0,-18700000.0,306000000.0,25.015,789200000.0
32,AGN,MRQ,2012-03-31,2012-03-31,2012-03-31,2020-05-07,-39000000.0,6862700000.0,,2408600000.0,4454100000.0,,29.214,-20900000.0,168700000.0,168700000.0,904300000.0,54800000.0,1.526,0.875,1352800000.0,189000000.0,1163800000.0,1352800000.0,27400000.0,152300000.0,0.0,0.0,0.0,118800000.0,271100000.0,0.178,271100000.0,118800000.0,97100000.0,0.44,0.43,0.44,3660500000.0,,3660500000.0,9351408103.0,17.0,8.84,79500000.0,0.634,1.0,620000000.0,0.407,3635500000.0,21700000.0,2832700000.0,,904600000.0,79900000.0,13500000.0,66400000.0,3202900000.0,1578600000.0,1624300000.0,8527708103.0,-40600000.0,-385900000.0,-7600000.0,315000000.0,0.0,266100000.0,-404300000.0,2500000.0,100400000.0,-2800000.0,54800000.0,54800000.0,54800000.0,0.0,0.0,0.036,503100000.0,116900000.0,1301300000.0,0.0,2.33,31.537,30.903,733700000.0,0.0,67.06,1.63,1.606,1030800000.0,2140200000.0,1524300000.0,1524300000.0,88500000.0,,,,,4100000.0,282500000.0,1.0,127165346.0,125300000,127700000.0,12.165,3227200000.0,183000000.0,42300000.0,455900000.0,25.756,830000000.0
33,AGN,MRQ,2011-12-31,2011-12-31,2011-12-31,2020-05-07,-76500000.0,6698300000.0,,2569700000.0,4128600000.0,,28.554,-38500000.0,209300000.0,209300000.0,894300000.0,94200000.0,1.397,0.88,1033000000.0,184500000.0,848500000.0,1033000000.0,29800000.0,174500000.0,0.0,0.0,0.0,156200000.0,330700000.0,0.214,330700000.0,156200000.0,156300000.0,0.76,0.75,0.76,3563600000.0,,3563600000.0,8663037615.0,16.0,8.888,183300000.0,1.469,1.0,650300000.0,0.421,3321900000.0,-100000.0,2360600000.0,,889400000.0,86200000.0,14900000.0,71300000.0,3135800000.0,1839500000.0,1296300000.0,7672737615.0,46000000.0,-4500000.0,700000.0,-125000000.0,0.0,-123500000.0,-50100000.0,-8800000.0,221800000.0,-2200000.0,94800000.0,94800000.0,94800000.0,0.0,-600000.0,0.061,495800000.0,154500000.0,1535400000.0,0.0,2.153,29.409,28.733,713700000.0,0.0,60.34,1.674,1.639,1165700000.0,2085400000.0,1544600000.0,1544600000.0,78400000.0,,,,,13300000.0,213000000.0,1.0,127158396.0,124800000,126800000.0,12.377,3376400000.0,189800000.0,61500000.0,464900000.0,27.054,730200000.0
34,AGN,MRQ,2011-09-30,2011-09-30,2011-09-30,2020-05-07,-41400000.0,6363500000.0,,1840300000.0,4523200000.0,,27.928,-40800000.0,163300000.0,163300000.0,603200000.0,67700000.0,1.809,0.824,1153600000.0,1300000.0,1152300000.0,1153600000.0,31600000.0,93500000.0,0.0,0.0,0.0,143400000.0,236900000.0,0.219,236900000.0,143400000.0,119000000.0,0.55,0.54,0.55,3488200000.0,,3488200000.0,10203709847.0,24.0,13.13,77600000.0,0.621,1.0,478400000.0,0.442,3576800000.0,24400000.0,2759600000.0,,679400000.0,79000000.0,9200000.0,69800000.0,2875700000.0,1017400000.0,1858300000.0,9154309847.0,-61800000.0,-18000000.0,8500000.0,-125000000.0,0.0,-117200000.0,-59700000.0,-900000.0,118400000.0,-3300000.0,68100000.0,68100000.0,68100000.0,0.0,-400000.0,0.063,338600000.0,139800000.0,975500000.0,0.0,2.624,49.644,45.805,703200000.0,0.0,68.25,2.293,2.135,700500000.0,1990600000.0,1081600000.0,1081600000.0,73400000.0,,,,,5600000.0,189600000.0,1.0,134129082.0,124900000,126900000.0,8.66,2786700000.0,339300000.0,50900000.0,593500000.0,22.311,822900000.0
35,AGN,MRQ,2011-06-30,2011-06-30,2011-06-30,2020-05-07,32900000.0,6639600000.0,,2005400000.0,4634200000.0,,27.893,-21400000.0,225100000.0,225100000.0,613400000.0,52400000.0,1.468,0.912,1274500000.0,250000000.0,1024500000.0,1274500000.0,33000000.0,100300000.0,0.0,0.0,0.0,118800000.0,219100000.0,0.203,219100000.0,118800000.0,95900000.0,0.42,0.42,0.42,3472700000.0,,3472700000.0,9208729368.0,29.0,14.253,38400000.0,0.308,1.0,468300000.0,0.433,3694600000.0,22900000.0,2627900000.0,,627800000.0,81000000.0,8900000.0,72100000.0,3166200000.0,1366500000.0,1799700000.0,8692929368.0,-279400000.0,-570300000.0,21500000.0,221200000.0,0.0,245900000.0,-589700000.0,1400000.0,59800000.0,4600000.0,52700000.0,52700000.0,52700000.0,0.0,-300000.0,0.049,350000000.0,118300000.0,1066400000.0,0.0,2.503,61.218,59.765,690000000.0,0.0,68.73,2.292,2.256,824300000.0,1922500000.0,1081700000.0,1081700000.0,80500000.0,,,,,4600000.0,187500000.0,1.0,126479403.0,124500000,126400000.0,8.688,2945000000.0,358700000.0,43200000.0,637500000.0,23.655,638900000.0
36,AGN,MRQ,2011-03-31,2011-03-31,2011-03-31,2020-05-07,14900000.0,5929100000.0,,1936800000.0,3992300000.0,,27.239,-19300000.0,504500000.0,504500000.0,455600000.0,44800000.0,2.262,0.759,1020300000.0,0.0,1020300000.0,1020300000.0,35600000.0,79600000.0,0.0,0.0,0.0,108400000.0,188000000.0,0.214,188000000.0,108400000.0,86600000.0,0.37,0.36,0.37,3369500000.0,,3369500000.0,7780891498.0,25.0,12.648,212700000.0,1.719,1.0,420900000.0,0.48,3140600000.0,21800000.0,2448000000.0,,592300000.0,84300000.0,10300000.0,74000000.0,2558700000.0,856300000.0,1702400000.0,7047591498.0,221700000.0,-1000000.0,10000000.0,0.0,0.0,11200000.0,-19500000.0,800000.0,232000000.0,-2000000.0,45300000.0,45300000.0,45300000.0,0.0,-500000.0,0.052,310100000.0,110800000.0,752100000.0,0.0,2.092,44.075,42.756,626700000.0,0.0,56.01,1.965,1.932,532700000.0,1869800000.0,876500000.0,876500000.0,74300000.0,,,,,1700000.0,164800000.0,1.0,125827379.0,123700000,125700000.0,7.086,2788500000.0,326200000.0,41300000.0,598000000.0,22.542,1080500000.0
37,AGN,MRQ,2010-12-31,2010-12-31,2010-12-31,2020-05-07,-2500000.0,5686600000.0,,1786700000.0,3899900000.0,,26.68,-15200000.0,282800000.0,282800000.0,511200000.0,17200000.0,2.211,0.733,1016100000.0,0.0,1016100000.0,1016100000.0,37100000.0,77500000.0,0.0,0.0,0.0,55600000.0,133100000.0,0.14,133100000.0,55600000.0,33200000.0,0.15,0.14,0.15,3281700000.0,,3281700000.0,7413709850.0,22.0,12.002,233200000.0,1.896,1.0,441500000.0,0.463,3160100000.0,22400000.0,2451800000.0,,631000000.0,95600000.0,11100000.0,84500000.0,2404000000.0,808000000.0,1596000000.0,6472209850.0,27200000.0,-11000000.0,21600000.0,-185100000.0,0.0,-163500000.0,-54000000.0,-29300000.0,248400000.0,-3700000.0,18300000.0,18300000.0,18300000.0,0.0,-1100000.0,0.019,386500000.0,55000000.0,741100000.0,0.0,1.972,35.099,34.205,642300000.0,0.0,51.65,1.815,1.772,560900000.0,1824500000.0,952700000.0,952700000.0,99000000.0,,,,,6100000.0,205900000.0,1.0,125309000.0,123000000,125100000.0,7.746,2526500000.0,179700000.0,14900000.0,426600000.0,20.541,978700000.0
38,AGN,MRQ,2010-09-30,2010-09-30,2010-09-30,2020-05-07,-16100000.0,5847700000.0,,1764200000.0,4083500000.0,,26.248,-17400000.0,255600000.0,255600000.0,484600000.0,25700000.0,2.341,0.817,1197100000.0,35000000.0,1162100000.0,1197100000.0,43900000.0,71000000.0,0.0,0.0,0.0,34900000.0,105900000.0,0.12,105900000.0,34900000.0,13500000.0,0.21,0.21,0.21,3218000000.0,,3218000000.0,6302203560.0,16.0,9.823,119100000.0,0.971,1.0,397800000.0,0.451,3218400000.0,21400000.0,2817100000.0,,673100000.0,58200000.0,10300000.0,47900000.0,2628100000.0,753700000.0,1874400000.0,5283503560.0,30800000.0,-50600000.0,5900000.0,-50300000.0,0.0,-44400000.0,-63500000.0,4500000.0,136500000.0,2200000.0,25700000.0,25700000.0,25700000.0,0.0,0.0,0.029,363400000.0,34400000.0,625000000.0,0.0,1.642,23.693,22.626,648900000.0,0.0,42.31,1.554,1.526,523100000.0,1806200000.0,882400000.0,882400000.0,75800000.0,,,,,6400000.0,241600000.0,1.0,124876000.0,122600000,124300000.0,7.197,2629300000.0,310500000.0,-12200000.0,586200000.0,21.446,1010500000.0
39,AGN,MRQ,2010-06-30,2010-06-30,2010-06-30,2020-05-07,-60000000.0,5712800000.0,,1757100000.0,3955700000.0,,25.635,-13400000.0,224800000.0,224800000.0,498000000.0,70600000.0,2.33,0.822,1243500000.0,85000000.0,1158500000.0,1243500000.0,45700000.0,69700000.0,0.0,0.0,0.0,118500000.0,188200000.0,0.215,188200000.0,118500000.0,98500000.0,0.58,0.57,0.58,3135200000.0,,3135200000.0,6124942620.0,13.0,8.833,60400000.0,0.494,1.0,377300000.0,0.431,3124000000.0,20000000.0,2853300000.0,,699300000.0,66200000.0,11300000.0,54900000.0,2577600000.0,754200000.0,1823400000.0,5053642620.0,55600000.0,0.0,10400000.0,-900000.0,0.0,9500000.0,-25000000.0,-13600000.0,73800000.0,-2700000.0,70600000.0,70600000.0,70600000.0,0.0,0.0,0.081,261600000.0,115700000.0,592700000.0,0.0,1.612,19.415,17.872,652200000.0,0.0,40.57,1.589,1.56,502100000.0,1780600000.0,875300000.0,875300000.0,61800000.0,,,,,6100000.0,156600000.0,1.0,124566000.0,122300000,124000000.0,7.157,2588800000.0,260400000.0,27900000.0,573600000.0,21.168,1002900000.0
40,AGN,MRQ,2010-03-31,2010-03-31,2010-03-31,2020-05-07,-13500000.0,5890200000.0,,1769700000.0,4120500000.0,,25.418,-7900000.0,169200000.0,169200000.0,504700000.0,69800000.0,2.01,0.904,1240500000.0,85000000.0,1155500000.0,1240500000.0,53000000.0,63700000.0,0.0,0.0,0.0,126800000.0,190500000.0,0.222,190500000.0,126800000.0,106500000.0,0.57,0.57,0.57,3093400000.0,,3093400000.0,6415672468.0,15.0,9.922,104400000.0,0.858,1.0,351800000.0,0.411,3355400000.0,20300000.0,2725600000.0,,710700000.0,49200000.0,13100000.0,36100000.0,2796800000.0,880500000.0,1916300000.0,5159272468.0,-32200000.0,-16800000.0,10500000.0,-223400000.0,0.0,-212900000.0,68400000.0,94100000.0,112300000.0,0.0,69800000.0,69800000.0,69800000.0,0.0,0.0,0.081,251500000.0,100300000.0,621100000.0,0.0,1.668,21.258,18.986,678100000.0,0.0,41.77,1.73,1.705,543800000.0,1709900000.0,856500000.0,856500000.0,59500000.0,,,,,4900000.0,152000000.0,1.0,123516219.0,121700000,123400000.0,7.038,2534800000.0,179400000.0,36700000.0,763000000.0,20.828,889200000.0
41,AGN,MRQ,2009-12-31,2009-12-31,2009-12-31,2020-05-07,1900000.0,5903500000.0,,1769500000.0,4134000000.0,,27.533,4100000.0,201400000.0,201400000.0,461300000.0,56900000.0,1.689,0.953,1457800000.0,307600000.0,1150200000.0,1457800000.0,48200000.0,51400000.0,0.0,0.0,0.0,105600000.0,157000000.0,0.2,157000000.0,105600000.0,89700000.0,0.51,0.51,0.51,3023100000.0,,3023100000.0,4390305400.0,11.0,7.495,145300000.0,1.323,1.0,324400000.0,0.413,3214500000.0,15900000.0,2897500000.0,,692300000.0,128100000.0,13600000.0,114500000.0,2880400000.0,1047900000.0,1832500000.0,4204205400.0,-611500000.0,-984700000.0,11500000.0,216900000.0,0.0,228400000.0,-981100000.0,-500000.0,141200000.0,0.0,56900000.0,56900000.0,56900000.0,0.0,0.0,0.072,224200000.0,100200000.0,614300000.0,0.0,1.391,18.938,18.773,694200000.0,0.0,39.61,1.505,1.489,517400000.0,1640100000.0,785700000.0,785700000.0,60500000.0,,,,,4700000.0,137200000.0,1.0,106140000.0,109800000,111300000.0,7.156,2689000000.0,241700000.0,32800000.0,641400000.0,24.49,721600000.0
42,AGN,MRQ,2009-09-30,2009-09-30,2009-09-30,2020-05-07,-200000.0,4025800000.0,,1885300000.0,2140500000.0,,22.26,-18000000.0,812900000.0,812900000.0,353700000.0,63000000.0,4.286,0.742,999000000.0,1600000.0,997400000.0,999000000.0,55100000.0,46400000.0,0.0,0.0,0.0,111300000.0,157700000.0,0.238,157700000.0,111300000.0,102300000.0,0.61,0.55,0.61,2310600000.0,,2310600000.0,4112810560.0,11.0,7.272,56400000.0,0.543,1.0,308400000.0,0.466,1378300000.0,9000000.0,2393700000.0,,505700000.0,109300000.0,13100000.0,96200000.0,1715200000.0,439900000.0,1275300000.0,3873910560.0,175400000.0,0.0,10400000.0,108000000.0,0.0,118400000.0,-17400000.0,600000.0,74400000.0,0.0,63000000.0,63000000.0,63000000.0,0.0,0.0,0.095,197700000.0,110700000.0,399100000.0,0.0,1.677,17.489,17.042,625100000.0,0.0,36.64,1.46,1.434,377100000.0,1583200000.0,662100000.0,662100000.0,51900000.0,,,,,4800000.0,120100000.0,1.0,105729000.0,103800000,117100000.0,6.379,2647500000.0,157400000.0,39300000.0,256700000.0,25.506,1445400000.0
43,AGN,MRQ,2009-06-30,2009-06-30,2009-06-30,2020-05-07,300000.0,3850400000.0,,1688500000.0,2161900000.0,,21.587,-18400000.0,637500000.0,637500000.0,393100000.0,53000000.0,1.418,0.725,876400000.0,726400000.0,150000000.0,876400000.0,59700000.0,46200000.0,0.0,0.0,0.0,95200000.0,141400000.0,0.209,141400000.0,95200000.0,90600000.0,0.51,0.46,0.51,2232100000.0,,2232100000.0,3868730280.0,10.0,7.002,73300000.0,0.709,1.0,284700000.0,0.42,1399800000.0,4600000.0,1498900000.0,,499300000.0,99400000.0,13400000.0,86000000.0,1618300000.0,1190600000.0,427700000.0,3551330280.0,78500000.0,0.0,6500000.0,0.0,0.0,6500000.0,-19700000.0,-1300000.0,91700000.0,0.0,53000000.0,53000000.0,53000000.0,0.0,0.0,0.078,193200000.0,91500000.0,427100000.0,0.0,1.591,15.467,15.108,635400000.0,0.0,33.69,1.35,1.324,356600000.0,1520200000.0,677800000.0,677800000.0,42600000.0,,,,,5100000.0,128300000.0,1.0,105412000.0,103400000,118800000.0,6.555,2450600000.0,161700000.0,37600000.0,249900000.0,23.7,497900000.0
44,AGN,MRQ,2009-03-31,2009-03-31,2009-03-31,2020-05-07,-3300000.0,3750900000.0,,1563800000.0,2187100000.0,,20.985,-20100000.0,559000000.0,559000000.0,388700000.0,49100000.0,1.369,0.734,876400000.0,626400000.0,250000000.0,876400000.0,53100000.0,45000000.0,0.0,0.0,0.0,84700000.0,129700000.0,0.194,129700000.0,84700000.0,80000000.0,0.48,0.43,0.48,2163600000.0,,2163600000.0,3625271143.0,9.0,6.517,49400000.0,0.479,1.0,278700000.0,0.418,1414100000.0,4700000.0,1511600000.0,,476200000.0,93000000.0,11800000.0,81200000.0,1587300000.0,1142600000.0,444700000.0,3254956143.0,51400000.0,0.0,1400000.0,-1600000.0,0.0,-200000.0,-17900000.0,2200000.0,69500000.0,0.0,49100000.0,49100000.0,49100000.0,0.0,0.0,0.074,197200000.0,81500000.0,382800000.0,0.0,1.504,13.74,13.468,649000000.0,0.0,31.11,1.264,1.245,353600000.0,1467200000.0,667400000.0,667400000.0,42300000.0,,,,,4500000.0,134600000.0,1.0,104627327.0,103100000,118200000.0,6.473,2336800000.0,156700000.0,30900000.0,270000000.0,22.665,421200000.0
45,AGN,MRQ,2008-12-31,2008-12-31,2008-12-31,2020-05-07,-3200000.0,3677900000.0,,1458400000.0,2219500000.0,,20.452,-21000000.0,507600000.0,507600000.0,376100000.0,56400000.0,3.026,0.744,877900000.0,53200000.0,824700000.0,877900000.0,46200000.0,42700000.0,0.0,0.0,0.0,94100000.0,136800000.0,0.212,136800000.0,94100000.0,86600000.0,0.55,0.49,0.55,2108600000.0,,2108600000.0,3267906560.0,8.0,5.865,155400000.0,1.507,1.0,269100000.0,0.417,1428100000.0,7500000.0,2138100000.0,,473100000.0,93800000.0,13200000.0,80600000.0,1569300000.0,482000000.0,1087300000.0,2779434560.0,168200000.0,-37000000.0,-100000.0,50000000.0,0.0,49900000.0,-58100000.0,-900000.0,176400000.0,0.0,56400000.0,56400000.0,56400000.0,0.0,0.0,0.087,178900000.0,90200000.0,381300000.0,0.0,1.318,11.659,11.453,658500000.0,0.0,26.57,1.096,1.077,305000000.0,1418100000.0,645200000.0,645200000.0,47600000.0,,,,,4500000.0,111200000.0,1.0,104608000.0,103100000,117700000.0,6.258,2249800000.0,163300000.0,30200000.0,259000000.0,21.822,976400000.0
46,AGN,MRQ,2008-09-30,2008-09-30,2008-09-30,2020-05-07,-619000.0,3545354000.0,,1323265000.0,2222089000.0,,19.925,-13000000.0,339354000.0,339354000.0,386700000.0,71100000.0,3.324,0.729,827826000.0,3217000.0,824609000.0,827826000.0,50067000.0,43500000.0,0.0,0.0,0.0,101100000.0,144600000.0,0.226,144600000.0,101100000.0,94100000.0,0.69,0.62,0.69,2050283000.0,,2050283000.0,3539272500.0,10.0,6.394,61000000.0,0.593,1.0,254000000.0,0.396,1411976000.0,7000000.0,2223750000.0,,481559000.0,85887000.0,12683000.0,73204000.0,1495071000.0,398100000.0,1096971000.0,2977252500.0,73900000.0,0.0,5500000.0,300000.0,0.0,5800000.0,-5900000.0,7500000.0,74000000.0,0.0,71100000.0,71100000.0,71100000.0,0.0,0.0,0.111,167000000.0,87000000.0,353745000.0,0.0,1.452,13.51,13.256,660549000.0,0.0,28.5,1.183,1.165,314475000.0,1361730000.0,640700000.0,640700000.0,45300000.0,,,,,4700000.0,101200000.0,1.0,104465000.0,102900000,118000000.0,6.226,2133378000.0,182671000.0,23000000.0,258585000.0,20.733,925165000.0
47,AGN,MRQ,2008-06-30,2008-06-30,2008-06-30,2020-05-07,1010000.0,3489787000.0,,1245359000.0,2244428000.0,,19.186,-11000000.0,265469000.0,265469000.0,359900000.0,60300000.0,2.931,0.771,827489000.0,2949000.0,824540000.0,827489000.0,48269000.0,42500000.0,0.0,0.0,0.0,102700000.0,145200000.0,0.233,145200000.0,102700000.0,95800000.0,0.59,0.53,0.59,1970434000.0,,1970434000.0,3490987970.0,11.0,6.488,88600000.0,0.863,1.0,262800000.0,0.422,1440373000.0,6900000.0,2186567000.0,,490701000.0,84206000.0,12718000.0,71488000.0,1519353000.0,424867000.0,1094486000.0,2837661970.0,91500000.0,0.0,2100000.0,1000000.0,0.0,3100000.0,-11200000.0,-200000.0,99600000.0,0.0,60300000.0,60300000.0,60300000.0,0.0,0.0,0.097,163800000.0,99000000.0,382050000.0,0.0,1.44,15.432,15.094,672670000.0,0.0,27.17,1.148,1.129,297171000.0,1290669000.0,622700000.0,622700000.0,39200000.0,,,,,5000000.0,104400000.0,1.0,104441000.0,102700000,117700000.0,6.063,2049414000.0,165096000.0,35500000.0,256852000.0,19.955,820492000.0
48,AGN,MRQ,2008-03-31,2008-03-31,2008-03-31,2020-05-07,1352000.0,3439644000.0,,1163627000.0,2276017000.0,,18.551,-18500000.0,173998000.0,173998000.0,380100000.0,50600000.0,2.671,0.807,827324000.0,2851000.0,824473000.0,827324000.0,52727000.0,42000000.0,0.0,0.0,0.0,88600000.0,130600000.0,0.208,130600000.0,88600000.0,81800000.0,0.49,0.45,0.49,1903367000.0,,1903367000.0,3740336389.0,13.0,7.119,48100000.0,0.469,1.0,246800000.0,0.394,1460225000.0,6800000.0,2197024000.0,,521322000.0,83223000.0,12711000.0,70512000.0,1536277000.0,435721000.0,1100556000.0,3039241389.0,-30600000.0,0.0,0.0,-79000000.0,0.0,-79000000.0,-18200000.0,300000.0,66600000.0,0.0,50600000.0,50600000.0,50600000.0,0.0,0.0,0.081,164800000.0,82000000.0,376545000.0,0.0,1.597,18.997,18.675,684507000.0,0.0,29.32,1.239,1.227,273305000.0,1230366000.0,626900000.0,626900000.0,38000000.0,,,,,4300000.0,106600000.0,1.0,103657619.0,102600000,117400000.0,6.11,1979419000.0,174025000.0,31200000.0,274239000.0,19.293,727906000.0
49,AGN,MRQ,2007-12-31,2007-12-31,2007-12-31,2020-05-07,2392000.0,3472027000.0,,1173776000.0,2298251000.0,,18.061,-24781000.0,204554000.0,204554000.0,373222000.0,38373000.0,2.638,0.877,905649000.0,6241000.0,899408000.0,905649000.0,61289000.0,64415000.0,0.0,0.0,0.0,68758000.0,133173000.0,0.212,133173000.0,68758000.0,59734000.0,0.38,0.34,0.38,1849465000.0,,1849465000.0,3660072060.0,14.0,7.008,146694000.0,1.433,1.0,254162000.0,0.405,1480146000.0,9024000.0,2248049000.0,,490601000.0,79833000.0,11799000.0,68034000.0,1622562000.0,444927000.0,1177635000.0,2812491060.0,71223000.0,-1515000.0,936000.0,-75645000.0,0.0,-74709000.0,-25543000.0,-747000.0,171475000.0,0.0,38373000.0,38373000.0,38373000.0,0.0,0.0,0.061,188232000.0,65930000.0,398154000.0,0.0,1.521,19.947,19.667,688185000.0,0.0,27.14,1.126,1.112,267117000.0,1179737000.0,627384000.0,627384000.0,35832000.0,,,,,4863000.0,108233000.0,1.0,103629000.0,102402000,116874000.0,6.127,1991881000.0,175519000.0,21361000.0,250137000.0,19.452,728849000.0
50,AGN,MRQ,2007-09-30,2007-09-30,2007-09-30,2020-05-07,3190000.0,3455275000.0,,1124001000.0,2331274000.0,,17.637,-86000.0,133348000.0,133348000.0,346420000.0,34606000.0,2.846,0.912,980929000.0,6587000.0,974342000.0,980929000.0,63287000.0,63572000.0,0.0,0.0,0.0,65510000.0,129082000.0,0.217,129082000.0,65510000.0,55385000.0,0.34,0.31,0.34,1806996000.0,,1806996000.0,4257745600.0,-16.0,-205.648,56397000.0,0.55,1.0,248286000.0,0.417,1522969000.0,10125000.0,2384944000.0,,524107000.0,81982000.0,11721000.0,70261000.0,1648279000.0,394943000.0,1253336000.0,3352719600.0,58496000.0,715000.0,2292000.0,626000.0,0.0,2918000.0,-905000.0,-727000.0,56483000.0,0.0,34606000.0,34606000.0,34606000.0,0.0,0.0,0.058,186189000.0,62097000.0,371431000.0,0.0,1.855,-8.678,-8.549,683441000.0,0.0,32.4,1.346,1.333,275840000.0,1141334000.0,594706000.0,594706000.0,35657000.0,,,,,2660000.0,112491000.0,1.0,103479000.0,102453000,117421000.0,5.805,1932306000.0,151829000.0,20779000.0,224525000.0,18.86,729058000.0
51,AGN,MRQ,2007-06-30,2007-06-30,2007-06-30,2020-05-07,1642000.0,3489379000.0,,1094570000.0,2394809000.0,,17.287,-18936000.0,74852000.0,74852000.0,360438000.0,36409000.0,2.38,0.977,979878000.0,5602000.0,974276000.0,979878000.0,68302000.0,63651000.0,0.0,0.0,0.0,68903000.0,132554000.0,0.22,132554000.0,68903000.0,57428000.0,0.36,0.33,0.36,1764896000.0,,1764896000.0,4341439900.0,-16.0,-110.556,92067000.0,0.902,1.0,242567000.0,0.402,1567003000.0,11475000.0,2367556000.0,,553869000.0,80528000.0,10513000.0,70015000.0,1724483000.0,459846000.0,1264637000.0,3335300900.0,1302000.0,0.0,10045000.0,-100220000.0,0.0,-90175000.0,-19526000.0,-1282000.0,111003000.0,0.0,36409000.0,36409000.0,36409000.0,0.0,0.0,0.06,176820000.0,65747000.0,436776000.0,0.0,1.89,-8.628,-8.583,694440000.0,0.0,32.53,1.428,1.422,301602000.0,1106728000.0,603005000.0,603005000.0,35503000.0,,,,,4275000.0,97158000.0,1.0,102530000.0,102093000,117080000.0,5.906,1922376000.0,163345000.0,21019000.0,231479000.0,18.83,634724000.0
52,AGN,MRQ,2007-03-31,2007-03-31,2007-03-31,2020-05-07,1287000.0,3545582000.0,,1101669000.0,2443913000.0,,16.815,-16897000.0,73550000.0,73550000.0,424720000.0,31612000.0,2.439,1.069,1079689000.0,5479000.0,1074210000.0,1079689000.0,74257000.0,61962000.0,0.0,0.0,0.0,65529000.0,127491000.0,0.19,127491000.0,65529000.0,51653000.0,0.31,0.29,0.31,1713876000.0,,1713876000.0,3786120924.0,-10.0,-27.035,71342000.0,0.7,1.0,246885000.0,0.368,1610946000.0,13876000.0,2489136000.0,,492345000.0,82478000.0,8981000.0,73497000.0,1831706000.0,451639000.0,1380067000.0,2709087924.0,-80621000.0,0.0,1127000.0,-151661000.0,0.0,-150534000.0,-18326000.0,-1544000.0,88239000.0,0.0,31612000.0,31612000.0,31612000.0,0.0,0.0,0.047,184959000.0,61926000.0,429112000.0,0.0,1.581,-6.177,-6.147,696119000.0,0.0,26.43,1.207,1.201,375608000.0,1070317000.0,671605000.0,671605000.0,37808000.0,,,,,3402000.0,103218000.0,1.0,102500489.0,101927000,116612000.0,6.589,1934636000.0,151406000.0,20041000.0,240290000.0,18.981,650030000.0
53,AGN,MRQ,2006-12-31,2006-12-31,2006-12-31,2020-05-07,1073000.0,3760577000.0,,1261676000.0,2498901000.0,,16.513,17032000.0,154171000.0,154171000.0,409973000.0,-488961000.0,1.829,1.238,1231204000.0,107059000.0,1124145000.0,1231204000.0,77308000.0,59726000.0,0.0,0.0,0.0,-469557000.0,-409831000.0,-0.66,-409831000.0,-469557000.0,-481202000.0,-4.8,-4.8,-4.8,1680388000.0,,1680388000.0,2516434040.0,-6.0,-14.757,150630000.0,1.48,1.0,211189000.0,0.34,1669761000.0,11645000.0,2477920000.0,,517236000.0,83026000.0,6649000.0,76377000.0,2080189000.0,689929000.0,1390260000.0,2667242040.0,-581051000.0,-1535287000.0,209000.0,645563000.0,0.0,645772000.0,-1360421000.0,157834000.0,133598000.0,0.0,-488961000.0,-488961000.0,-488961000.0,0.0,0.0,-0.787,686883000.0,-475694000.0,516875000.0,0.0,1.587,-5.994,-5.957,697415000.0,0.0,26.03,1.348,1.338,384692000.0,1041638000.0,621162000.0,621162000.0,40614000.0,,,,,3627000.0,103069000.0,1.0,102468000.0,101764000,101761000.0,6.104,2090816000.0,168161000.0,7759000.0,250633000.0,20.546,571747000.0
54,AGN,MRQ,2006-09-30,2006-09-30,2006-09-30,2020-05-07,8071000.0,3199033000.0,,1622457000.0,1576576000.0,,21.307,-7427000.0,735222000.0,735222000.0,257896000.0,34393000.0,4.639,0.474,584414000.0,10336000.0,574078000.0,584414000.0,27418000.0,51850000.0,0.0,0.0,0.0,58667000.0,110517000.0,0.251,110517000.0,58667000.0,54853000.0,0.34,0.31,0.34,2170417000.0,,2170417000.0,2659065230.0,23.0,8.133,134115000.0,1.317,1.0,182597000.0,0.415,1041335000.0,3814000.0,1657112000.0,,318166000.0,237571000.0,171545000.0,66026000.0,1028616000.0,349778000.0,678838000.0,2675071230.0,134811000.0,90000.0,645000.0,-127000.0,0.0,518000.0,-7249000.0,88000.0,141542000.0,0.0,34393000.0,34393000.0,34393000.0,0.0,0.0,0.078,133306000.0,49291000.0,253864000.0,0.0,1.233,41.561,40.262,444043000.0,0.0,26.17,1.505,1.5,264264000.0,1529095000.0,440493000.0,440493000.0,29447000.0,,,,,3225000.0,64467000.0,1.0,102219000.0,101865000,116353000.0,4.324,2157698000.0,123414000.0,20460000.0,161067000.0,21.182,1272679000.0
55,AGN,MRQ,2006-06-30,2006-06-30,2006-06-30,2020-05-07,7195000.0,3190937000.0,,1572057000.0,1618880000.0,,20.964,-8716000.0,600411000.0,600411000.0,330860000.0,-15611000.0,4.125,0.497,584405000.0,10392000.0,574013000.0,584405000.0,22151000.0,53596000.0,0.0,0.0,0.0,-21816000.0,31780000.0,0.062,31780000.0,-21816000.0,-25138000.0,-0.15,-0.15,-0.15,2131290000.0,,2131290000.0,2637770800.0,21.0,7.856,51799000.0,0.51,1.0,179496000.0,0.352,1080607000.0,3322000.0,1713216000.0,,310421000.0,232385000.0,169037000.0,63348000.0,1059647000.0,381108000.0,678539000.0,2593624800.0,40677000.0,5856000.0,3538000.0,-18796000.0,0.0,-15258000.0,-4580000.0,-1736000.0,60515000.0,0.0,-15611000.0,-15611000.0,-15611000.0,0.0,0.0,-0.031,209981000.0,-30485000.0,298639000.0,0.0,1.217,37.557,33.739,449375000.0,0.0,23.28,1.485,1.355,347813000.0,1494713000.0,510356000.0,510356000.0,31125000.0,,,,,4403000.0,70774000.0,1.0,111410000.0,101666000,101666000.0,5.02,2110330000.0,136500000.0,-9527000.0,152680000.0,20.757,1190949000.0
56,AGN,MRQ,2006-03-31,2006-03-31,2006-03-31,2020-05-07,8025000.0,3157362000.0,,1427604000.0,1729758000.0,,21.058,-9765000.0,559734000.0,559734000.0,234754000.0,25174000.0,4.655,0.476,603880000.0,29933000.0,573947000.0,603880000.0,18359000.0,53174000.0,0.0,0.0,0.0,43839000.0,97013000.0,0.238,97013000.0,43839000.0,40538000.0,0.25,0.23,0.25,2139797000.0,,2139797000.0,3311478182.0,16.0,7.82,125945000.0,1.239,1.0,172479000.0,0.424,1190731000.0,3301000.0,1704128000.0,,300794000.0,230609000.0,168127000.0,62482000.0,1017565000.0,306649000.0,710916000.0,3190994182.0,92283000.0,-29578000.0,3745000.0,-3000.0,0.0,3742000.0,-47169000.0,-7810000.0,135710000.0,0.0,25174000.0,25174000.0,25174000.0,0.0,0.0,0.062,137687000.0,34792000.0,209690000.0,0.0,1.491,25.504,23.557,451190000.0,0.0,28.74,1.931,1.767,269755000.0,1510331000.0,407233000.0,407233000.0,29837000.0,,,,,3035000.0,66750000.0,1.0,111029721.0,101615000,116541000.0,4.008,1966631000.0,123598000.0,15364000.0,183584000.0,19.354,1120955000.0
57,AGN,MRQ,2005-12-31,2005-12-31,2005-12-31,2020-05-07,-834000.0,3077187000.0,,1353543000.0,1723644000.0,,20.714,-29999000.0,467451000.0,467451000.0,223442000.0,20409000.0,5.51,0.465,587935000.0,0.0,587935000.0,587935000.0,19612000.0,53030000.0,0.0,0.0,0.0,34588000.0,87618000.0,0.209,87618000.0,34588000.0,31668000.0,0.21,0.2,0.21,2100469000.0,,2100469000.0,3718235650.0,16.0,8.428,16023000.0,0.158,1.0,195371000.0,0.466,1207403000.0,2920000.0,1744598000.0,,278062000.0,206826000.0,152467000.0,54359000.0,976718000.0,245670000.0,731048000.0,3602595650.0,-4773000.0,-5792000.0,3058000.0,-1477000.0,0.0,1581000.0,-52376000.0,-16585000.0,46022000.0,0.0,20409000.0,20409000.0,20409000.0,0.0,0.0,0.049,165323000.0,30048000.0,211160000.0,0.0,1.715,26.001,24.629,436149000.0,0.0,32.51,2.188,2.073,333832000.0,1486643000.0,418813000.0,418813000.0,35099000.0,,,,,1387000.0,64048000.0,1.0,110815000.0,101403000,116616000.0,4.13,1869784000.0,116450000.0,11259000.0,155507000.0,18.439,1107873000.0
58,AGN,MRQ,2005-09-30,2005-09-30,2005-09-30,2020-05-07,4500000.0,3070316000.0,,1307780000.0,1762536000.0,,20.27,-10304000.0,472224000.0,472224000.0,210809000.0,39086000.0,5.305,0.471,587864000.0,0.0,587864000.0,587864000.0,22357000.0,52318000.0,0.0,0.0,0.0,67040000.0,119358000.0,0.291,119358000.0,67040000.0,62350000.0,0.38,0.35,0.38,2087154000.0,,2087154000.0,3914919300.0,14.0,8.305,90233000.0,0.876,1.0,199487000.0,0.486,1246043000.0,4690000.0,1693378000.0,,271745000.0,204875000.0,162368000.0,42507000.0,983162000.0,246535000.0,736627000.0,3815860300.0,-16511000.0,291000.0,-103224000.0,-2000.0,0.0,-103226000.0,-13822000.0,-3809000.0,100537000.0,0.0,39086000.0,39086000.0,39086000.0,0.0,0.0,0.095,136115000.0,63372000.0,194407000.0,0.0,1.828,22.193,22.881,443206000.0,0.0,36.61,2.311,2.283,290648000.0,1472438000.0,410296000.0,410296000.0,29840000.0,,,,,2680000.0,65175000.0,1.0,104230000.0,102966000,118158000.0,3.985,1824273000.0,120382000.0,23264000.0,173786000.0,17.717,1061245000.0
59,AGN,MRQ,2005-06-30,2005-06-30,2005-06-30,2020-05-07,6219000.0,3124907000.0,,1321073000.0,1803834000.0,,20.217,-28211000.0,488735000.0,488735000.0,211213000.0,40449000.0,5.501,0.453,587794000.0,0.0,587794000.0,587794000.0,20492000.0,51375000.0,0.0,0.0,0.0,68075000.0,119450000.0,0.287,119450000.0,68075000.0,64451000.0,0.38,0.35,0.38,2150232000.0,,2150232000.0,3510916017.0,14.0,8.65,45366000.0,0.427,1.0,205053000.0,0.493,1287029000.0,3624000.0,1696795000.0,,289308000.0,203110000.0,161049000.0,42061000.0,974675000.0,240142000.0,734533000.0,3256577017.0,155350000.0,2500000.0,-111096000.0,-3000.0,0.0,-111099000.0,192872000.0,218583000.0,73577000.0,0.0,40449000.0,40449000.0,40449000.0,0.0,0.0,0.097,140712000.0,64341000.0,186808000.0,0.0,1.515,22.079,21.896,445221000.0,0.0,29.56,1.975,1.907,271258000.0,1432826000.0,416266000.0,416266000.0,31486000.0,,,,,116000.0,68125000.0,1.0,110168370.0,106359000,121253000.0,3.914,1837878000.0,119704000.0,24002000.0,175686000.0,17.28,1080931000.0
60,AGN,MRQ,2005-03-31,2005-03-31,2005-03-31,2020-05-07,7344000.0,3198276000.0,,1367744000.0,1830532000.0,,20.353,-10319000.0,333385000.0,333385000.0,206950000.0,38613000.0,5.689,0.44,587724000.0,0.0,587724000.0,587724000.0,15196000.0,50003000.0,0.0,0.0,0.0,64755000.0,114758000.0,0.286,114758000.0,64755000.0,61465000.0,0.35,0.32,0.35,2221255000.0,,2221255000.0,3669640027.0,15.0,9.953,95048000.0,0.871,1.0,193878000.0,0.484,1327728000.0,3290000.0,1884453000.0,,314778000.0,427960000.0,383142000.0,44818000.0,977021000.0,240434000.0,736587000.0,3380640027.0,34732000.0,0.0,-60314000.0,-2000.0,0.0,-60316000.0,-10319000.0,0.0,105367000.0,0.0,38613000.0,38613000.0,38613000.0,0.0,0.0,0.096,133127000.0,60751000.0,181475000.0,0.0,1.522,23.812,23.822,428084000.0,0.0,30.73,2.072,2.055,230024000.0,1391958000.0,400828000.0,400828000.0,28838000.0,,,,,1490000.0,63651000.0,1.0,110011065.0,109136000,124104000.0,3.673,1870548000.0,114088000.0,22852000.0,188459000.0,17.14,1127310000.0
61,AGN,MRQ,2004-12-31,2004-12-31,2004-12-31,2020-05-07,9518000.0,3237483000.0,,1370186000.0,1867297000.0,,20.415,3843000.0,298653000.0,298653000.0,222951000.0,53791000.0,5.36,0.447,587653000.0,0.0,587653000.0,587653000.0,16634000.0,28354000.0,0.0,0.0,0.0,89452000.0,117806000.0,0.278,117806000.0,89452000.0,85193000.0,0.49,0.45,0.49,2236949000.0,,2236949000.0,3585136432.0,14.0,10.083,106094000.0,0.968,1.0,200556000.0,0.474,1368341000.0,4259000.0,1902513000.0,,321299000.0,422978000.0,381679000.0,41299000.0,1000534000.0,255629000.0,744905000.0,3592772432.0,-81614000.0,-35219000.0,6045000.0,-1000.0,0.0,6044000.0,-189909000.0,-156933000.0,102251000.0,0.0,53791000.0,53791000.0,53791000.0,0.0,0.0,0.127,110133000.0,90423000.0,192701000.0,0.0,1.606,23.949,23.949,427377000.0,0.0,32.81,2.19,2.183,251459000.0,1346867000.0,423507000.0,423507000.0,27750000.0,,,,,360000.0,64051000.0,1.0,109502360.0,109573000,125051000.0,3.865,1869142000.0,120482000.0,31402000.0,198810000.0,17.058,1114557000.0
62,AGN,MRQ,2004-09-30,2004-09-30,2004-09-30,2020-05-07,10655000.0,3170687000.0,,1305077000.0,1865610000.0,,19.94,6148000.0,595219000.0,595219000.0,202508000.0,14641000.0,5.237,0.453,587583000.0,0.0,587583000.0,587583000.0,19089000.0,27322000.0,0.0,0.0,0.0,26557000.0,53879000.0,0.132,53879000.0,26557000.0,22876000.0,0.13,0.13,0.13,2182240000.0,,2182240000.0,3338569688.0,13.0,9.481,115620000.0,1.056,1.0,205510000.0,0.504,1364184000.0,3681000.0,1549643000.0,,340147000.0,59931000.0,13578000.0,46353000.0,988447000.0,249224000.0,739223000.0,3224457688.0,121238000.0,0.0,3547000.0,-2000.0,0.0,3545000.0,8221000.0,2047000.0,109472000.0,0.0,14641000.0,14641000.0,14641000.0,0.0,0.0,0.036,178979000.0,26531000.0,179705000.0,0.0,1.478,21.742,21.662,433031000.0,0.0,29.46,1.986,1.986,230102000.0,1297941000.0,408018000.0,408018000.0,34261000.0,,,,,216000.0,80578000.0,1.0,109452060.0,109442000,124096000.0,3.728,1806503000.0,118779000.0,8235000.0,196255000.0,16.506,1055853000.0
63,AGN,MRQ,2004-06-30,2004-06-30,2004-06-30,2020-05-07,13068000.0,3181809000.0,,1229819000.0,1951990000.0,,19.865,-25394000.0,473399000.0,473399000.0,198854000.0,34927000.0,4.707,0.469,587511000.0,0.0,587511000.0,587511000.0,15649000.0,26032000.0,0.0,0.0,0.0,56226000.0,82258000.0,0.206,82258000.0,56226000.0,54579000.0,0.32,0.29,0.32,2166245000.0,,2166245000.0,3099665293.0,10.0,7.565,61127000.0,0.561,1.0,200514000.0,0.502,1426602000.0,1647000.0,1608046000.0,,385119000.0,70664000.0,19475000.0,51189000.0,1015564000.0,261273000.0,754291000.0,2928575293.0,44934000.0,0.0,9556000.0,-37359000.0,0.0,-27803000.0,-13784000.0,11410000.0,86521000.0,0.0,34927000.0,34927000.0,34927000.0,0.0,0.0,0.087,139681000.0,60833000.0,210673000.0,0.0,1.352,15.82,15.731,447820000.0,0.0,26.9,1.861,1.864,210619000.0,1283296000.0,399368000.0,399368000.0,42529000.0,,,,,2444000.0,79169000.0,1.0,108868970.0,109049000,124682000.0,3.662,1755207000.0,123670000.0,19652000.0,195244000.0,16.096,968546000.0
64,AGN,MRQ,2004-03-31,2004-03-31,2004-03-31,2020-05-07,13507000.0,3166651000.0,,1220796000.0,1945855000.0,,19.523,-23327000.0,449937000.0,449937000.0,196481000.0,46659000.0,4.74,0.494,621027000.0,0.0,621027000.0,621027000.0,17438000.0,24958000.0,0.0,0.0,0.0,76658000.0,101616000.0,0.248,101616000.0,76658000.0,72915000.0,0.43,0.39,0.43,2119761000.0,,2119761000.0,4820414221.0,14.0,10.972,-13302000.0,-0.123,1.0,213177000.0,0.52,1439116000.0,3743000.0,1641063000.0,,395788000.0,62994000.0,18966000.0,44028000.0,1046890000.0,257562000.0,789328000.0,4651232221.0,-103948000.0,5381000.0,13107000.0,-115623000.0,0.0,-102516000.0,-11457000.0,4706000.0,10025000.0,0.0,46659000.0,46659000.0,46659000.0,0.0,0.0,0.114,125024000.0,88153000.0,209576000.0,0.0,2.194,23.151,23.005,435943000.0,0.0,42.79,3.039,3.036,214176000.0,1248373000.0,409658000.0,409658000.0,29681000.0,,,,,3410000.0,77411000.0,1.0,108699047.0,108580000,125137000.0,3.773,1727535000.0,131939000.0,26256000.0,189433000.0,15.91,963234000.0
65,AGN,MRQ,2003-12-31,2003-12-31,2003-12-31,2020-05-07,14268000.0,3282600000.0,,1323489000.0,1959111000.0,,19.031,132486000.0,318043000.0,318043000.0,178343000.0,52076000.0,3.908,0.596,722535000.0,0.0,722535000.0,722535000.0,22082000.0,25629000.0,0.0,0.0,0.0,88751000.0,114380000.0,0.282,114380000.0,88751000.0,81844000.0,0.48,0.36,0.48,2057346000.0,,2057346000.0,5078281040.0,15.0,11.451,97076000.0,0.898,1.0,227821000.0,0.561,1456890000.0,6907000.0,1891517000.0,,393393000.0,305774000.0,255678000.0,50096000.0,1225254000.0,338685000.0,886569000.0,4965872040.0,-262379000.0,-194708000.0,10790000.0,-6000.0,0.0,10784000.0,-237753000.0,-175066000.0,-35410000.0,0.0,52076000.0,52076000.0,52076000.0,0.0,0.0,0.128,138085000.0,89736000.0,215388000.0,0.0,2.414,24.574,24.468,424995000.0,0.0,46.0,3.407,3.392,211174000.0,1201714000.0,406164000.0,406164000.0,27470000.0,,,,,2200000.0,92781000.0,1.0,107953740.0,108106000,120727000.0,3.757,1825710000.0,133770000.0,29768000.0,255608000.0,16.888,984804000.0
66,AGN,MRQ,2003-09-30,2003-09-30,2003-09-30,2020-05-07,18580000.0,3240808000.0,,1291740000.0,1949068000.0,,18.521,-51681000.0,610018000.0,610018000.0,142331000.0,51459000.0,3.67,0.624,722427000.0,0.0,722427000.0,722427000.0,26182000.0,24736000.0,0.0,0.0,0.0,86763000.0,111499000.0,0.311,111499000.0,86763000.0,80783000.0,0.48,0.47,0.48,1995807000.0,,1995807000.0,4677925845.0,14.0,10.966,43824000.0,0.407,1.0,216425000.0,0.603,1460347000.0,5980000.0,1540945000.0,,399588000.0,113276000.0,40653000.0,72623000.0,1245001000.0,351925000.0,893076000.0,4491447845.0,74176000.0,0.0,12012000.0,0.0,0.0,12012000.0,-33341000.0,18234000.0,95505000.0,0.0,51459000.0,51459000.0,51459000.0,0.0,0.0,0.143,131795000.0,84630000.0,209703000.0,0.0,2.25,23.26,23.033,384620000.0,0.0,41.69,3.252,3.253,122255000.0,1148853000.0,358756000.0,358756000.0,26428000.0,,,,,1700000.0,87547000.0,1.0,107734417.0,107762000,109658000.0,3.329,1780461000.0,120737000.0,29324000.0,276751000.0,16.522,939815000.0
67,AGN,MRQ,2003-06-30,2003-06-30,2003-06-30,2020-05-07,18191000.0,3143580000.0,,1206726000.0,1936854000.0,,18.017,-32346000.0,535842000.0,535842000.0,154376000.0,50715000.0,3.649,0.629,722320000.0,0.0,722320000.0,722320000.0,0.0,24626000.0,0.0,0.0,0.0,87197000.0,111823000.0,0.314,111823000.0,87197000.0,79617000.0,0.47,0.47,0.47,1930247000.0,,1930247000.0,4628621591.0,15.0,11.354,101792000.0,0.95,1.0,201504000.0,0.566,1477334000.0,7580000.0,1522055000.0,,375798000.0,131927000.0,46746000.0,85181000.0,1213333000.0,330669000.0,882664000.0,4321871591.0,120166000.0,0.0,12192000.0,-3000.0,0.0,12189000.0,-26161000.0,3559000.0,134138000.0,0.0,50715000.0,50715000.0,50715000.0,0.0,0.0,0.143,115700000.0,85804000.0,209391000.0,0.0,2.239,23.708,23.608,340776000.0,0.0,40.37,3.249,3.251,130668000.0,1097394000.0,355880000.0,355880000.0,25701000.0,,,,,3000000.0,72214000.0,1.0,107056517.0,107134000,108334000.0,3.322,1666246000.0,129637000.0,28902000.0,270023000.0,15.553,876057000.0
68,AGN,MRQ,2003-03-31,2003-03-31,2003-03-31,2020-05-07,8020000.0,3012275000.0,,1081896000.0,1930379000.0,,17.338,-199818000.0,415676000.0,415676000.0,149601000.0,47829000.0,3.788,0.625,722426000.0,0.0,722426000.0,722426000.0,0.0,25361000.0,0.0,0.0,0.0,80424000.0,105785000.0,0.314,105785000.0,80424000.0,75083000.0,0.45,0.44,0.45,1854119000.0,,1854119000.0,3261773793.0,10.0,7.809,-131534000.0,-1.23,1.0,187321000.0,0.556,1495118000.0,5341000.0,1538310000.0,,364740000.0,118121000.0,34659000.0,83462000.0,1158156000.0,285597000.0,872559000.0,3076691793.0,185521000.0,16368000.0,1970000.0,293676000.0,0.0,295646000.0,-178409000.0,3829000.0,68284000.0,0.0,47829000.0,47829000.0,47829000.0,0.0,0.0,0.142,108578000.0,78743000.0,200457000.0,0.0,1.659,16.063,15.983,317880000.0,0.0,28.77,2.414,2.414,157075000.0,1046679000.0,336922000.0,336922000.0,22484000.0,,,,,50000.0,67659000.0,1.0,106940973.0,106942000,107622000.0,3.151,1517157000.0,115878000.0,27254000.0,225673000.0,14.187,796299000.0
69,AGN,MRQ,2002-12-31,2002-12-31,2002-12-31,2020-05-07,1984000.0,2663464000.0,,913451000.0,1750013000.0,,16.817,-34501000.0,230155000.0,230155000.0,154184000.0,43098000.0,2.433,0.481,415237000.0,83360000.0,331877000.0,415237000.0,8177000.0,23664000.0,0.0,0.0,0.0,73800000.0,97464000.0,0.296,97464000.0,73800000.0,68409000.0,0.41,0.4,0.41,1798284000.0,,1798284000.0,3207310477.0,11.0,8.272,-12744000.0,-0.119,1.0,175390000.0,0.532,1335315000.0,5391000.0,1137766000.0,,348773000.0,118084000.0,42649000.0,75435000.0,865180000.0,375465000.0,489715000.0,3021297477.0,-48476000.0,-5500000.0,314000.0,-19825000.0,0.0,-19511000.0,-50722000.0,-12768000.0,21757000.0,0.0,43098000.0,43098000.0,43098000.0,0.0,0.0,0.131,99219000.0,76171000.0,172363000.0,0.0,1.68,17.186,17.133,304667000.0,0.0,28.27,2.47,2.465,178563000.0,998850000.0,329574000.0,329574000.0,21503000.0,,,,,-39000.0,60412000.0,1.0,106872921.0,106930000,107616000.0,3.082,1328149000.0,112012000.0,25311000.0,263455000.0,12.421,537986000.0
70,AGN,MRQ,2002-09-30,2002-09-30,2002-09-30,2020-05-07,7474000.0,2636043000.0,,899389000.0,1736654000.0,,16.485,-71081000.0,249035000.0,249035000.0,143925000.0,40657000.0,2.48,0.497,435048000.0,79392000.0,355656000.0,435048000.0,0.0,22677000.0,0.0,0.0,0.0,69923000.0,92600000.0,0.301,92600000.0,69923000.0,64176000.0,0.38,0.38,0.38,1760361000.0,,1760361000.0,2801261955.0,9.0,7.021,12904000.0,0.121,1.0,163935000.0,0.532,1346064000.0,5747000.0,1113385000.0,,315788000.0,153714000.0,58277000.0,95437000.0,875682000.0,362607000.0,513075000.0,2618816955.0,-37998000.0,0.0,3027000.0,-55651000.0,0.0,-52624000.0,-69359000.0,0.0,83985000.0,0.0,40657000.0,40657000.0,40657000.0,0.0,0.0,0.132,94712000.0,69223000.0,172541000.0,0.0,1.488,14.631,14.589,273478000.0,0.0,24.51,2.205,2.204,181180000.0,955752000.0,307860000.0,307860000.0,22387000.0,,,,,0.0,56149000.0,1.0,106846877.0,106784000,107199000.0,2.883,1289979000.0,81278000.0,23519000.0,259403000.0,12.08,536782000.0
71,AGN,MRQ,2002-06-30,2002-06-30,2002-06-30,2020-05-07,17295000.0,2591363000.0,,914910000.0,1676453000.0,,16.209,-21337000.0,268444000.0,268444000.0,138085000.0,59956000.0,2.711,0.501,450889000.0,76103000.0,374786000.0,450889000.0,0.0,20915000.0,0.0,0.0,0.0,100952000.0,121867000.0,0.406,121867000.0,100952000.0,95169000.0,0.56,0.56,0.56,1726499000.0,,1726499000.0,2972711483.0,19.0,12.106,85039000.0,0.798,1.0,161989000.0,0.54,1311600000.0,5783000.0,1124764000.0,,278491000.0,153843000.0,69385000.0,84458000.0,864864000.0,337444000.0,527420000.0,2691171483.0,116542000.0,0.0,1389000.0,31604000.0,0.0,32993000.0,-22827000.0,0.0,106376000.0,0.0,59956000.0,59956000.0,59956000.0,0.0,0.0,0.2,93946000.0,68043000.0,166713000.0,0.0,1.559,33.766,33.693,258720000.0,0.0,25.27,2.339,2.339,177948000.0,915095000.0,300074000.0,300074000.0,19769000.0,,,,,1100000.0,59635000.0,1.0,106496695.0,106515000,107229000.0,2.817,1279763000.0,70512000.0,35213000.0,235762000.0,12.015,577466000.0
72,AGN,MRQ,2002-03-31,2002-03-31,2002-03-31,2020-05-07,29933000.0,2497933000.0,,799467000.0,1698466000.0,,15.748,-84954000.0,170491000.0,170491000.0,135687000.0,32085000.0,2.933,0.49,452031000.0,56102000.0,395929000.0,452031000.0,0.0,19320000.0,0.0,0.0,0.0,56496000.0,75816000.0,0.265,75816000.0,56496000.0,51336000.0,0.3,0.3,0.3,1676692000.0,,1676692000.0,3252369120.0,19.0,12.184,6917000.0,0.065,1.0,150003000.0,0.525,1325834000.0,5160000.0,1181028000.0,,254990000.0,198045000.0,90099000.0,107946000.0,821241000.0,272611000.0,548630000.0,2884218120.0,-23240000.0,0.0,387000.0,-31604000.0,0.0,-31217000.0,-83894000.0,0.0,91871000.0,0.0,32085000.0,32085000.0,32085000.0,0.0,0.0,0.112,94076000.0,55927000.0,153035000.0,0.0,1.72,33.541,33.037,243011000.0,0.0,27.09,2.509,2.509,174420000.0,855139000.0,285690000.0,285690000.0,18519000.0,,,,,140000.0,62263000.0,1.0,106468000.0,106467000,107423000.0,2.683,1172099000.0,58462000.0,19251000.0,200246000.0,11.009,526856000.0
73,AGN,MRQ,2001-12-31,2001-12-31,2001-12-31,2020-05-07,57903000.0,2528334000.0,,889738000.0,1638596000.0,,15.701,-37817000.0,193731000.0,193731000.0,129073000.0,46293000.0,3.63,0.512,483805000.0,68102000.0,415703000.0,483805000.0,0.0,25639000.0,0.0,0.0,0.0,83053000.0,108692000.0,0.37,108692000.0,83053000.0,77122000.0,0.44,0.42,0.44,1672050000.0,,1672050000.0,3710181520.0,16.0,11.312,75014000.0,0.704,1.0,164837000.0,0.561,1268924000.0,5931000.0,1304359000.0,,252325000.0,248774000.0,135688000.0,113086000.0,856284000.0,245125000.0,611159000.0,3342030520.0,62231000.0,0.0,742000.0,-10987000.0,0.0,-10245000.0,-40355000.0,3441000.0,112831000.0,0.0,46293000.0,46293000.0,46293000.0,0.0,0.0,0.158,95053000.0,69784000.0,159809000.0,0.0,1.999,28.721,28.536,234911000.0,0.0,31.39,2.879,2.87,173085000.0,823054000.0,293910000.0,293910000.0,21409000.0,,,,,375000.0,61072000.0,1.0,106468000.0,106496000,108097000.0,2.76,1259410000.0,78378000.0,30829000.0,196911000.0,11.826,644613000.0
74,AGN,MRQ,2001-09-30,2001-09-30,2001-09-30,2020-05-07,56866000.0,2537724000.0,,844040000.0,1693684000.0,,15.268,-19874000.0,131500000.0,131500000.0,140398000.0,-58633000.0,3.098,0.563,499651000.0,64102000.0,435549000.0,499651000.0,0.0,22579000.0,0.0,0.0,0.0,-83395000.0,-60816000.0,-0.224,-60816000.0,-83395000.0,-90598000.0,-0.55,-0.55,-0.55,1623603000.0,,1623603000.0,6266278843.0,39.0,24.228,77939000.0,0.733,1.0,130544000.0,0.482,1278189000.0,7203000.0,1355219000.0,,247299000.0,227408000.0,139069000.0,88339000.0,914121000.0,272467000.0,641654000.0,5817494843.0,68755000.0,0.0,4765000.0,-17128000.0,0.0,-12363000.0,-16695000.0,4681000.0,97813000.0,0.0,-58633000.0,-58633000.0,-58633000.0,0.0,0.0,-0.216,278619000.0,-148075000.0,168973000.0,0.0,3.583,85.354,86.841,224733000.0,0.0,54.71,5.187,5.188,211746000.0,776761000.0,270942000.0,270942000.0,14228000.0,,,,,1800000.0,48409000.0,1.0,106333300.0,106343000,106343000.0,2.548,1259535000.0,151204000.0,-31965000.0,233152000.0,11.844,571573000.0
75,AGN,MRQ,2001-06-30,2001-06-30,2001-06-30,2020-05-07,71757000.0,2599366000.0,,842064000.0,1757302000.0,,15.954,-28915000.0,62745000.0,62745000.0,109980000.0,66245000.0,3.55,0.538,511529000.0,56027000.0,455502000.0,511529000.0,0.0,27015000.0,0.0,0.0,0.0,116235000.0,143250000.0,0.479,143250000.0,116235000.0,109275000.0,0.63,0.61,0.63,1690562000.0,,1690562000.0,7020572800.0,32.0,21.999,19147000.0,0.181,1.0,188998000.0,0.632,1441652000.0,6960000.0,1369271000.0,,264788000.0,264570000.0,163046000.0,101524000.0,908804000.0,237227000.0,671577000.0,6525826800.0,34074000.0,0.0,10447000.0,-12838000.0,0.0,-2391000.0,-11597000.0,17065000.0,48062000.0,0.0,66245000.0,66245000.0,66245000.0,0.0,0.0,0.222,89002000.0,99996000.0,174492000.0,0.0,3.86,110.137,118.538,214126000.0,0.0,61.64,6.336,6.342,199258000.0,835394000.0,298978000.0,298978000.0,14159000.0,,,,,5000000.0,54516000.0,1.0,105870000.0,105965000,108367000.0,2.821,1157714000.0,50508000.0,43030000.0,203826000.0,10.925,604837000.0
76,AGN,MRQ,2001-03-31,2001-03-31,2001-03-31,2020-05-07,56566000.0,2546169000.0,,786976000.0,1759193000.0,,15.077,-15160000.0,28671000.0,28671000.0,132758000.0,62456000.0,2.918,0.598,523417000.0,56883000.0,466534000.0,523417000.0,0.0,25992000.0,0.0,0.0,0.0,110871000.0,136863000.0,0.461,136863000.0,110871000.0,103153000.0,0.59,0.58,0.59,1593679000.0,,1593679000.0,6036190257.0,23.0,17.439,-61841000.0,-0.585,1.0,164088000.0,0.553,1448142000.0,7718000.0,1323091000.0,,242223000.0,233914000.0,122335000.0,111579000.0,952490000.0,269682000.0,682808000.0,5566230257.0,-37523000.0,0.0,6456000.0,-12737000.0,0.0,-6281000.0,15439000.0,32599000.0,-46681000.0,0.0,62456000.0,62456000.0,62456000.0,0.0,0.0,0.21,84474000.0,79614000.0,205141000.0,0.0,3.493,61.976,61.163,199472000.0,0.0,52.6,5.978,5.971,193908000.0,769149000.0,296846000.0,296846000.0,14345000.0,,,,,2400000.0,50193000.0,1.0,105821868.0,105702000,108092000.0,2.808,1098027000.0,96791000.0,40697000.0,204025000.0,10.388,517294000.0
77,AGN,MRQ,2000-12-31,2000-12-31,2000-12-31,2020-05-07,82168000.0,2579898000.0,,831345000.0,1748553000.0,,14.673,-25761000.0,66194000.0,66194000.0,140798000.0,-1911000.0,2.964,0.667,536154000.0,52882000.0,483272000.0,536154000.0,0.0,22521000.0,0.0,0.0,0.0,16821000.0,39342000.0,0.154,39342000.0,16821000.0,9179000.0,-0.04,-0.04,-0.04,1547969000.0,,1547969000.0,5694339194.0,16.0,13.005,-59584000.0,-0.565,1.0,113957000.0,0.447,1444545000.0,7642000.0,1324873000.0,,248945000.0,247586000.0,171452000.0,76134000.0,1031929000.0,280440000.0,751489000.0,5260727194.0,-42768000.0,-79000.0,1549000.0,7383000.0,0.0,-6068000.0,-2877000.0,21799000.0,-33823000.0,0.0,-1911000.0,-1911000.0,-1911000.0,0.0,0.0,-0.008,116524000.0,-2567000.0,200965000.0,0.0,3.398,33.403,33.026,194487000.0,0.0,51.19,6.483,6.398,85703000.0,706693000.0,254755000.0,254755000.0,28964000.0,,,,,-284000.0,45641000.0,1.0,102768650.0,105495000,108000000.0,2.415,1135353000.0,120287000.0,11090000.0,274903000.0,10.762,550905000.0
78,AGN,MRQ,2000-09-30,2000-09-30,2000-09-30,2020-05-07,160072000.0,2691657000.0,,712970000.0,1978687000.0,,15.909,-9171000.0,103334000.0,103334000.0,96917000.0,-67538000.0,3.28,0.663,536946000.0,37733000.0,499213000.0,536946000.0,0.0,24691000.0,0.0,0.0,0.0,-25013000.0,-322000.0,-0.002,-322000.0,-25013000.0,-36348000.0,-0.66,-0.66,-0.66,1618487000.0,,1618487000.0,6098110000.0,13.0,11.541,-60517000.0,-0.595,1.0,82414000.0,0.46,1439336000.0,11335000.0,1468583000.0,,257552000.0,378710000.0,23504000.0,355206000.0,1073170000.0,217350000.0,855820000.0,6301373000.0,-248275000.0,-518183000.0,93223000.0,128564000.0,-1625000.0,235162000.0,-432091000.0,98663000.0,-51346000.0,0.0,-67538000.0,-67538000.0,-67538000.0,0.0,0.0,-0.377,204846000.0,-122432000.0,148366000.0,0.0,3.893,26.675,27.542,184145000.0,0.0,65.0,8.281,8.69,85782000.0,733796000.0,179331000.0,179331000.0,12530000.0,,,,,24016000.0,49106000.0,1.0,96944200.0,101735000,101735000.0,1.763,1252321000.0,81920000.0,31190000.0,363112000.0,12.31,495620000.0
79,AGN,MRQ,2000-06-30,2000-06-30,2000-06-30,2020-05-07,150323000.0,1750221000.0,,704925000.0,1045296000.0,,13.645,-12610000.0,353704000.0,353704000.0,72101000.0,96805000.0,6.136,0.29,150441000.0,1280000.0,149161000.0,150441000.0,0.0,12474000.0,0.0,0.0,0.0,157772000.0,170246000.0,0.85,170246000.0,157772000.0,155233000.0,0.97,0.96,0.97,1356595000.0,,1356595000.0,5035267250.0,9.0,8.419,-30869000.0,-0.31,1.0,128103000.0,0.64,563790000.0,2539000.0,868278000.0,,149731000.0,357890000.0,23735000.0,334155000.0,393626000.0,114890000.0,278736000.0,5189788250.0,47718000.0,-214000.0,9512000.0,-516000.0,-375000.0,8621000.0,57356000.0,70180000.0,-18259000.0,0.0,96805000.0,96805000.0,96805000.0,0.0,0.0,0.484,55891000.0,72212000.0,66966000.0,0.0,3.826,15.243,15.809,147351000.0,0.0,53.75,6.894,7.098,134372000.0,788721000.0,200204000.0,200204000.0,12697000.0,,,,,2602000.0,34427000.0,1.0,96554200.0,99420000,101300000.0,2.014,1186431000.0,25827000.0,58428000.0,156462000.0,11.934,590035000.0
80,AGN,MRQ,2000-03-31,2000-03-31,2000-03-31,2020-05-07,191367000.0,1751479000.0,,627508000.0,1123971000.0,,13.03,-6607000.0,305422000.0,305422000.0,61965000.0,130139000.0,4.056,0.357,150901000.0,1555000.0,149346000.0,150901000.0,0.0,11723000.0,0.0,0.0,0.0,216877000.0,228600000.0,1.29,228600000.0,216877000.0,214109000.0,1.31,1.29,1.31,1290774000.0,,1290774000.0,3872800158.0,8.0,7.668,56250000.0,0.568,1.0,115269000.0,0.65,568945000.0,2768000.0,873304000.0,,123387000.0,422640000.0,9670000.0,412970000.0,460705000.0,154709000.0,305996000.0,3823663158.0,201347000.0,-23630000.0,5443000.0,-380000.0,-430000.0,-10367000.0,148857000.0,188094000.0,62857000.0,0.0,130139000.0,130139000.0,130139000.0,0.0,0.0,0.734,54250000.0,61019000.0,55869000.0,0.0,2.962,13.193,13.639,142056000.0,0.0,39.69,5.289,5.439,145254000.0,693720000.0,177234000.0,177234000.0,13103000.0,,,,,2222000.0,32478000.0,1.0,96338200.0,99065000,100680000.0,1.789,1182534000.0,31440000.0,83970000.0,233228000.0,11.937,472799000.0
81,AGN,MRQ,1999-12-31,1999-12-31,1999-12-31,2020-05-07,107530000.0,1465581000.0,,459918000.0,1005663000.0,,9.9,-51754000.0,108172000.0,108172000.0,68189000.0,76822000.0,3.05,0.384,152479000.0,2114000.0,150365000.0,152479000.0,0.0,12542000.0,0.0,0.0,0.0,117316000.0,129858000.0,0.636,129858000.0,117316000.0,114488000.0,0.74,0.74,0.74,1058908000.0,,1058908000.0,3503090800.0,12.0,10.555,-50782000.0,-0.475,1.0,135999000.0,0.666,574418000.0,2828000.0,784689000.0,,109077000.0,305507000.0,13865000.0,291642000.0,406673000.0,150781000.0,255892000.0,3437043800.0,18687000.0,5593000.0,16808000.0,425000.0,-3177000.0,-658000.0,18373000.0,62188000.0,972000.0,0.0,76822000.0,76822000.0,76822000.0,0.0,0.0,0.376,63078000.0,72921000.0,77659000.0,0.0,3.246,18.817,19.357,139603000.0,0.0,35.81,4.876,5.004,198963000.0,551628000.0,204188000.0,204188000.0,15370000.0,,,,,1538000.0,39463000.0,1.0,95980000.0,106960000,108485000.0,1.909,891163000.0,19815000.0,37666000.0,120610000.0,8.332,309137000.0
82,AGN,MRQ,1999-09-30,1999-09-30,1999-09-30,2020-05-07,187315000.0,1453126000.0,,373750000.0,1079376000.0,,11.035,-36122000.0,85572000.0,85572000.0,60727000.0,36702000.0,4.063,0.374,151619000.0,1924000.0,149695000.0,151619000.0,0.0,11190000.0,0.0,0.0,0.0,58189000.0,69379000.0,0.405,69379000.0,58189000.0,55440000.0,0.38,0.38,0.38,1057666000.0,,1057666000.0,3024298080.0,13.0,11.203,23849000.0,0.249,1.0,110490000.0,0.645,520681000.0,2749000.0,906505000.0,,106213000.0,451165000.0,28034000.0,423131000.0,395060000.0,91987000.0,303073000.0,2927816080.0,29754000.0,-2093000.0,0.0,-682000.0,0.0,1856000.0,-32073000.0,6142000.0,59971000.0,0.0,36702000.0,36702000.0,36702000.0,0.0,0.0,0.214,52164000.0,58326000.0,62525000.0,0.0,2.768,21.144,21.674,135564000.0,0.0,30.56,4.409,4.411,125193000.0,475958000.0,171217000.0,171217000.0,12073000.0,,,,,1190000.0,32390000.0,1.0,95805500.0,95850000,97510000.0,1.786,932445000.0,14573000.0,18738000.0,156876000.0,9.728,281763000.0
83,AGN,MRQ,1999-06-30,1999-06-30,1999-06-30,2020-05-07,255474000.0,1524400000.0,,358518000.0,1165882000.0,,11.343,-38992000.0,55818000.0,55818000.0,55427000.0,46166000.0,3.894,0.404,152300000.0,1973000.0,150327000.0,152300000.0,0.0,10585000.0,0.0,0.0,0.0,66634000.0,77219000.0,0.454,77219000.0,66634000.0,63837000.0,0.48,0.47,0.48,1085395000.0,,1085395000.0,3443637602.0,15.0,12.832,4891000.0,0.051,1.0,114815000.0,0.674,495797000.0,2797000.0,1033015000.0,,108623000.0,569918000.0,34098000.0,535820000.0,438605000.0,92070000.0,346535000.0,3353548602.0,-10013000.0,-3350000.0,0.0,-199000.0,0.0,2589000.0,-56485000.0,-14143000.0,43883000.0,0.0,46166000.0,46166000.0,46166000.0,0.0,0.0,0.271,49462000.0,65353000.0,67953000.0,0.0,3.09,24.299,24.865,134265000.0,0.0,35.06,5.146,5.148,129615000.0,439256000.0,170242000.0,170242000.0,13573000.0,,,,,8172000.0,28539000.0,1.0,95651700.0,95690000,97930000.0,1.779,1028603000.0,16183000.0,17671000.0,195312000.0,10.749,266448000.0
84,AGN,MRQ,1999-03-31,1999-03-31,1999-03-31,2020-05-07,124955000.0,1267594000.0,,354745000.0,912849000.0,,9.395,-8663000.0,65831000.0,65831000.0,49997000.0,22971000.0,3.135,0.412,155920000.0,2109000.0,153811000.0,155920000.0,0.0,9961000.0,0.0,0.0,0.0,45465000.0,55426000.0,0.348,55426000.0,45465000.0,42647000.0,0.24,0.23,0.24,897370000.0,,897370000.0,4323625877.0,20.0,16.971,14866000.0,0.156,1.0,109246000.0,0.686,474349000.0,2818000.0,770186000.0,,102646000.0,328953000.0,20838000.0,308115000.0,369824000.0,113148000.0,256676000.0,4218492877.0,6168000.0,-150000.0,0.0,-426000.0,0.0,-21418000.0,4057000.0,12870000.0,23529000.0,0.0,22971000.0,22971000.0,22971000.0,0.0,0.0,0.144,64771000.0,44475000.0,77876000.0,0.0,4.701,33.468,34.209,130385000.0,0.0,44.13,6.653,6.648,118195000.0,393090000.0,159243000.0,159243000.0,10142000.0,,,,,1225000.0,27472000.0,1.0,95592406.0,95520000,98160000.0,1.667,793245000.0,25197000.0,19676000.0,116028000.0,8.304,241597000.0
85,AGN,MRQ,1998-12-31,1998-12-31,1998-12-31,2020-05-07,60144000.0,1131343000.0,,322794000.0,808549000.0,,7.535,-128259000.0,59663000.0,59663000.0,55072000.0,32630000.0,3.135,0.415,152926000.0,1843000.0,151083000.0,152926000.0,0.0,10577000.0,0.0,0.0,0.0,57345000.0,67922000.0,0.416,67922000.0,57345000.0,53684000.0,0.31,0.3,0.31,799355000.0,,799355000.0,5580560080.0,27.0,22.905,-125631000.0,-1.184,1.0,108328000.0,0.663,481551000.0,3661000.0,640102000.0,,81907000.0,233983000.0,32903000.0,201080000.0,331588000.0,102953000.0,228635000.0,5625622080.0,-149675000.0,7765000.0,26933000.0,-499000.0,0.0,3845000.0,-156148000.0,-25447000.0,2628000.0,0.0,32630000.0,32630000.0,32630000.0,0.0,0.0,0.2,54211000.0,54117000.0,70730000.0,0.0,7.038,46.197,50.304,125918000.0,0.0,62.88,9.265,10.093,91329000.0,370119000.0,163400000.0,163400000.0,15775000.0,,,,,257000.0,31609000.0,1.0,89466000.0,106085000,109050000.0,1.54,649792000.0,29634000.0,21054000.0,54512000.0,6.125,219841000.0
86,AGN,MRQ,1998-09-30,1998-09-30,1998-09-30,2020-05-07,37937000.0,1000371000.0,,384376000.0,615995000.0,,7.195,-10567000.0,196126000.0,196126000.0,57194000.0,36247000.0,3.521,0.462,151064000.0,971000.0,150093000.0,151064000.0,0.0,8701000.0,0.0,0.0,0.0,59104000.0,67805000.0,0.427,67805000.0,59104000.0,56284000.0,0.38,0.37,0.38,683482000.0,,683482000.0,4588331485.0,22.0,19.303,15807000.0,0.166,1.0,101571000.0,0.64,357272000.0,2820000.0,488866000.0,,69947000.0,156242000.0,2928000.0,153314000.0,315889000.0,109171000.0,206718000.0,4621107485.0,14196000.0,-4194000.0,0.0,-1074000.0,0.0,1710000.0,-13888000.0,873000.0,26374000.0,0.0,36247000.0,36247000.0,36247000.0,0.0,0.0,0.228,47179000.0,54392000.0,66333000.0,0.0,6.761,37.257,40.748,105409000.0,0.0,51.75,7.809,8.307,75234000.0,353450000.0,158765000.0,158765000.0,13925000.0,,,,,1447000.0,27683000.0,1.0,89296763.0,94995000,97675000.0,1.671,643099000.0,39090000.0,20037000.0,47992000.0,6.77,275205000.0
87,AGN,MRQ,1998-06-30,1998-06-30,1998-06-30,2020-05-07,37674000.0,982087000.0,,375713000.0,606374000.0,,6.812,-28026000.0,184246000.0,184246000.0,54135000.0,34198000.0,2.934,0.519,151470000.0,855000.0,150615000.0,151470000.0,0.0,8497000.0,0.0,0.0,0.0,55115000.0,63612000.0,0.417,63612000.0,55115000.0,53605000.0,0.36,0.35,0.36,645921000.0,,645921000.0,4136022946.0,22.0,19.017,10736000.0,0.113,1.0,98549000.0,0.645,359418000.0,1510000.0,461823000.0,,71502000.0,154288000.0,4361000.0,149927000.0,335144000.0,128070000.0,207074000.0,4162651946.0,150072000.0,-6784000.0,0.0,143272000.0,0.0,144695000.0,-33385000.0,1425000.0,38762000.0,0.0,34198000.0,34198000.0,34198000.0,0.0,0.0,0.224,47434000.0,51115000.0,72798000.0,0.0,6.445,36.077,38.587,97029000.0,0.0,46.69,7.932,8.436,79226000.0,319625000.0,152684000.0,152684000.0,12714000.0,,,,,1389000.0,29266000.0,1.0,89155107.0,94825000,97460000.0,1.61,622669000.0,35258000.0,19407000.0,60376000.0,6.567,247643000.0
88,AGN,MRQ,1998-03-31,1998-03-31,1998-03-31,2020-05-07,23039000.0,775658000.0,,203509000.0,572149000.0,,6.34,-37929000.0,29665000.0,29665000.0,45640000.0,18699000.0,1.563,0.301,3036000.0,859000.0,2177000.0,3036000.0,0.0,7591000.0,0.0,0.0,0.0,36713000.0,44304000.0,0.335,44304000.0,36713000.0,36449000.0,0.2,0.19,0.2,595461000.0,,595461000.0,3098245760.0,19.0,16.505,16324000.0,0.174,1.0,86696000.0,0.655,362575000.0,264000.0,256258000.0,,64515000.0,122008000.0,5547000.0,116461000.0,179175000.0,130196000.0,48979000.0,3177833760.0,-49684000.0,-68346000.0,0.0,-575000.0,0.0,-27193000.0,-76744000.0,29531000.0,54253000.0,0.0,18699000.0,18699000.0,18699000.0,0.0,0.0,0.141,53066000.0,33630000.0,64908000.0,0.0,5.337,31.684,33.645,93113000.0,0.0,36.0,7.291,7.758,73056000.0,286862000.0,132336000.0,132336000.0,10663000.0,,,,,10500000.0,24786000.0,1.0,88273160.0,93922000,96364000.0,1.409,413083000.0,29805000.0,17750000.0,41231000.0,4.398,73313000.0
89,AGN,MRQ,1997-12-31,1997-12-31,1997-12-31,2020-05-07,33025000.0,755005000.0,,246789000.0,508216000.0,,5.138,-105547000.0,82837000.0,82837000.0,44012000.0,34889000.0,2.472,0.335,3249000.0,864000.0,2385000.0,3249000.0,0.0,8386000.0,0.0,0.0,0.0,53592000.0,61978000.0,0.419,61978000.0,53592000.0,52582000.0,0.33,0.33,0.33,565034000.0,,565034000.0,,,,-62828000.0,-0.571,1.0,103958000.0,0.703,289129000.0,1010000.0,286448000.0,,46967000.0,163185000.0,32102000.0,131083000.0,189112000.0,99840000.0,89272000.0,2863581310.0,-21973000.0,-3214000.0,2787000.0,-2137000.0,0.0,650000.0,-65342000.0,43419000.0,42719000.0,0.0,34889000.0,34889000.0,34889000.0,0.0,0.0,0.236,55041000.0,48917000.0,44423000.0,0.0,5.068,29.938,31.495,88004000.0,0.0,32.44,7.906,8.286,65068000.0,275037000.0,147970000.0,147970000.0,21966000.0,,,,,-111000.0,29142000.0,1.0,88273160.0,109964000,113349000.0,1.346,465876000.0,19399000.0,17693000.0,46440000.0,4.237,146949000.0
90,AGN,MRQ,1997-09-30,1997-09-30,1997-09-30,2020-05-07,,,,,,,,-5917000.0,,,34525000.0,27598000.0,,,,,,,,5085000.0,,0.0,0.0,42512000.0,47597000.0,0.518,47597000.0,42512000.0,42435000.0,0.32,0.31,0.32,,,,,,,24562000.0,0.281,1.0,57292000.0,0.624,,77000.0,,,,,,,,,,,-29580000.0,-1682000.0,6479000.0,-205000.0,0.0,-48726000.0,-11333000.0,-3734000.0,30479000.0,0.0,27598000.0,27598000.0,27598000.0,0.0,0.0,0.301,19087000.0,38205000.0,,0.0,,,,,0.0,29.875,,,,,91817000.0,91817000.0,4201000.0,,,,,3651000.0,11606000.0,1.0,,87541000,90013000.0,1.049,,,14837000.0,,,
91,AGN,MRQ,1997-06-30,1997-06-30,1997-06-30,2020-05-07,,,,,,,,-49290000.0,,,26812000.0,19112000.0,,,,,,,,2083000.0,,0.0,0.0,31759000.0,33842000.0,0.531,33842000.0,31759000.0,31670000.0,0.22,0.22,0.22,,,,,,,-27897000.0,-0.322,1.0,36923000.0,0.579,,89000.0,,,,,,,,,,,-20903000.0,-15915000.0,3626000.0,-969000.0,0.0,2657000.0,-44953000.0,20252000.0,21393000.0,0.0,19112000.0,19112000.0,19112000.0,0.0,0.0,0.3,12629000.0,24294000.0,,0.0,,,,,0.0,21.125,,,,,63735000.0,63735000.0,4219000.0,,,,,1259000.0,9797000.0,1.0,,86706000,88704000.0,0.735,,,12558000.0,,,
92,AGN,MRQ,1997-03-31,1997-03-31,1997-03-31,2020-05-07,,,,,,,,-2151000.0,,,25688000.0,14051000.0,,,,,,,,2097000.0,,0.0,0.0,23762000.0,25859000.0,0.441,25859000.0,23762000.0,23762000.0,0.16,0.16,0.16,,,,,,,7472000.0,0.087,1.0,33011000.0,0.562,,0.0,,,,,,,,,,,-7065000.0,-300000.0,3504000.0,-255000.0,0.0,3249000.0,-19937000.0,-17486000.0,9623000.0,0.0,14051000.0,14051000.0,14051000.0,0.0,0.0,0.239,16899000.0,16112000.0,,0.0,,,,,0.0,17.875,,,,,58699000.0,58699000.0,4619000.0,,,,,6083000.0,10424000.0,1.0,,86279000,88377000.0,0.68,,,9711000.0,,,
93,AGN,MRQ,1996-12-31,1996-12-31,1996-12-31,2020-05-07,7189000.0,472854000.0,,326203000.0,146651000.0,,4.976,,158221000.0,158221000.0,,,9.809,0.117,4889000.0,1025000.0,3864000.0,4889000.0,0.0,,0.0,0.0,0.0,,,,,,,,,,423108000.0,,423108000.0,,,,,,1.0,,,2171000.0,,284096000.0,,32429000.0,147017000.0,80966000.0,66051000.0,49345000.0,33255000.0,16090000.0,,,,,,,,,,,,,,,,,,,,31758000.0,,,,24.424,78429000.0,,22.47,,8.543,38399000.0,184853000.0,,,,,,,,,,1.0,,85028000,,,470683000.0,9807000.0,,12698000.0,5.536,292948000.0
0,AGN,MRT,2020-03-31,2020-03-31,2020-03-31,2020-05-07,1079000000.0,88426200000.0,93253725000.0,7474100000.0,80952100000.0,0.173,176.231,-362200000.0,999500000.0,999500000.0,2618400000.0,-2478800000.0,1.005,0.524,20107800000.0,2070500000.0,18037300000.0,20107800000.0,0.0,6224100000.0,0.0,0.017,2.96,-3371100000.0,2853000000.0,0.177,2853000000.0,-3371100000.0,-4136800000.0,-7.6,-7.61,-7.6,57997700000.0,58580300000.0,57997700000.0,78982456857.0,-23.0,27.684,5759000000.0,17.499,1.0,13477800000.0,0.837,77495400000.0,765700000.0,22605700000.0,24256925000.0,1199900000.0,2049500000.0,1618800000.0,430700000.0,30404700000.0,7433400000.0,22971300000.0,58266256857.0,211000000.0,-108400000.0,79800000.0,-3915500000.0,-971800000.0,-4807500000.0,-1074900000.0,-604300000.0,6121200000.0,-27800000.0,-2485000000.0,-2485000000.0,-2485000000.0,0.0,6200000.0,-0.154,16913500000.0,-3435700000.0,5289500000.0,-0.389,1.005,-23.447,-23.303,2396400000.0,0.0,177.1,3.62,3.621,0.0,882500000.0,16096200000.0,16096200000.0,1807000000.0,-0.027,-0.042,-0.139,-0.209,213600000.0,6204600000.0,1.0,329002015.0,329100000,331900000.0,48.91,10930800000.0,597900000.0,-1651800000.0,4220000000.0,33.214,40700000.0
1,AGN,MRT,2019-12-31,2019-12-31,2019-12-31,2020-05-07,1207200000.0,94699100000.0,95656250000.0,11126700000.0,83572400000.0,0.168,176.819,-351500000.0,2503300000.0,2503300000.0,2493100000.0,-5265100000.0,1.005,0.627,23219500000.0,4656900000.0,18562600000.0,23219500000.0,0.0,6192000000.0,0.0,0.015,2.96,-4341600000.0,1850400000.0,0.115,1850400000.0,-4341600000.0,-5124600000.0,-16.02,-16.02,-16.02,58173600000.0,59466375000.0,58173600000.0,84600278323.0,-19.0,45.72,6887200000.0,20.934,1.0,13595800000.0,0.845,80138900000.0,783000000.0,24205700000.0,25319150000.0,1133100000.0,3819600000.0,3411600000.0,408000000.0,36502700000.0,11070700000.0,25432000000.0,62756778323.0,1622900000.0,-138900000.0,-749400000.0,-1042300000.0,-974400000.0,-2766100000.0,-2858800000.0,-2368400000.0,7238700000.0,9100000.0,-5271000000.0,-5271000000.0,-5271000000.0,0.0,5900000.0,-0.328,18041100000.0,-4445300000.0,6348700000.0,-0.185,1.079,-11.906,-11.933,2416900000.0,0.0,191.17,3.901,3.909,0.0,991500000.0,16088900000.0,16088900000.0,1812000000.0,-0.055,-0.089,-0.171,-0.27,214300000.0,5943500000.0,1.0,328277336.0,329000000,329000000.0,48.902,14560200000.0,576900000.0,146400000.0,6133600000.0,44.256,56000000.0
2,AGN,MRT,2019-09-30,2019-09-30,2019-09-30,2020-05-07,1041100000.0,94408900000.0,97428375000.0,9593600000.0,84815300000.0,0.162,178.278,-317400000.0,1237500000.0,1237500000.0,2379100000.0,-9243700000.0,0.995,0.614,23081000000.0,3857600000.0,19223400000.0,23081000000.0,0.0,6198900000.0,0.0,0.017,2.94,-9498000000.0,-3299100000.0,-0.209,-3299100000.0,-9498000000.0,-10299300000.0,-27.78,-27.78,-27.78,58475200000.0,61201500000.0,58475200000.0,76794725607.0,-8.0,-23.277,6749600000.0,20.578,1.0,13438500000.0,0.85,81592300000.0,801300000.0,25021400000.0,26609800000.0,1083100000.0,3686300000.0,3318400000.0,367900000.0,35910700000.0,9638700000.0,26272000000.0,55204625607.0,49600000.0,-126600000.0,-1537000000.0,-805900000.0,-973100000.0,-3326400000.0,-3672600000.0,-3228600000.0,7067000000.0,-18400000.0,-9253700000.0,-9253700000.0,-9253700000.0,0.0,10000000.0,-0.585,22991300000.0,-9552800000.0,5692200000.0,-0.106,0.944,-5.966,-6.058,2335200000.0,0.0,168.29,3.49,3.49,3012300000.0,1551700000.0,15817600000.0,15817600000.0,2037600000.0,-0.095,-0.151,-0.357,-0.6,216300000.0,5497500000.0,1.0,328032715.0,328000000,328000000.0,48.224,12816600000.0,487400000.0,-1045600000.0,6326600000.0,39.075,-45100000.0
3,AGN,MRT,2019-06-30,2019-06-30,2019-06-30,2020-05-07,1281700000.0,95480700000.0,100461775000.0,8572800000.0,86907900000.0,0.156,182.046,-262700000.0,1651400000.0,1651400000.0,2336900000.0,-8494400000.0,1.032,0.6,23241500000.0,3217400000.0,20024100000.0,23241500000.0,0.0,6214300000.0,0.0,0.017,2.92,-8527300000.0,-2313000000.0,-0.148,-2313000000.0,-8527300000.0,-9355100000.0,-25.49,-25.49,-25.49,59674700000.0,64209650000.0,59674700000.0,78152572954.0,-9.0,-33.788,5323200000.0,16.239,1.0,13341400000.0,0.851,83572200000.0,827800000.0,25194900000.0,26635025000.0,1004500000.0,657500000.0,322300000.0,335200000.0,35784600000.0,8303700000.0,27480900000.0,54883872954.0,-23300000.0,-126600000.0,-1980000000.0,-2563000000.0,-974900000.0,-5528300000.0,-73300000.0,316000000.0,5585900000.0,-7600000.0,-8504800000.0,-8504800000.0,-8504800000.0,0.0,10400000.0,-0.542,22040100000.0,-8698700000.0,4995300000.0,-0.115,0.92,-6.453,-6.568,2278900000.0,0.0,167.43,3.501,3.501,3086300000.0,2581100000.0,15678300000.0,15678300000.0,1987300000.0,-0.085,-0.132,-0.32,-0.544,224200000.0,4548200000.0,1.0,327801905.0,327800000,327800000.0,47.829,11908500000.0,689100000.0,-850300000.0,6726400000.0,36.329,269100000.0
4,AGN,MRT,2019-03-31,2019-03-31,2019-03-31,2020-05-07,1216400000.0,98036300000.0,103806300000.0,6289300000.0,91747000000.0,0.151,185.367,-235400000.0,788500000.0,788500000.0,2166400000.0,-7209600000.0,0.711,0.593,24057200000.0,4087900000.0,19969300000.0,24057200000.0,0.0,6471900000.0,0.0,0.02,2.9,-7513000000.0,-1041100000.0,-0.066,-1041100000.0,-7513000000.0,-8375400000.0,-21.51,-21.51,-21.51,61542000000.0,67101850000.0,61542000000.0,71615385138.0,-10.0,-68.788,5180400000.0,15.604,1.0,13546000000.0,0.862,85601200000.0,862400000.0,26854600000.0,27034750000.0,943200000.0,2974700000.0,995200000.0,1979500000.0,36476700000.0,8849200000.0,27627500000.0,48698085138.0,-206300000.0,-88100000.0,-2088400000.0,-2717400000.0,-976400000.0,-5699400000.0,61400000.0,384900000.0,5415800000.0,15900000.0,-7218300000.0,-7218300000.0,-7218300000.0,0.0,8700000.0,-0.459,21448800000.0,-7902800000.0,4634400000.0,-0.135,0.791,-6.746,-6.807,2236500000.0,0.0,146.41,3.099,3.094,2731200000.0,4582800000.0,15712400000.0,15712400000.0,2226500000.0,-0.07,-0.108,-0.278,-0.478,219600000.0,4538200000.0,1.0,332614474.0,332000000,332000000.0,47.327,12435100000.0,1032600000.0,-1157100000.0,6980700000.0,37.455,-2559900000.0
5,AGN,MRT,2018-12-31,2018-12-31,2018-12-31,2020-05-07,1345200000.0,101787600000.0,107302550000.0,6475400000.0,95312200000.0,0.147,193.217,-223100000.0,880400000.0,880400000.0,2191400000.0,-5086200000.0,1.131,0.563,23797700000.0,868300000.0,22929400000.0,23797700000.0,0.0,6748600000.0,0.0,0.022,2.88,-5955900000.0,792700000.0,0.05,792700000.0,-5955900000.0,-6867100000.0,-15.26,-15.26,-15.26,65114100000.0,69798325000.0,65114100000.0,67477140344.0,-11.0,85.123,5417000000.0,16.074,1.0,13596000000.0,0.861,89608700000.0,911200000.0,29368300000.0,27607875000.0,846900000.0,2997500000.0,1026900000.0,1970600000.0,36656600000.0,5727900000.0,30928700000.0,45081640344.0,-936800000.0,0.0,-2673000000.0,-6178400000.0,-1049800000.0,-9680100000.0,3098500000.0,3321600000.0,5640100000.0,4700000.0,-5096400000.0,-5142800000.0,-5142800000.0,0.0,10200000.0,-0.326,19843600000.0,-6247600000.0,4787200000.0,-0.189,0.692,-8.766,-8.759,1787000000.0,46400000.0,133.66,2.856,2.853,2868100000.0,7258900000.0,15787400000.0,15787400000.0,2266200000.0,-0.048,-0.074,-0.216,-0.377,239800000.0,4521800000.0,1.0,337285952.0,337000000,337000000.0,46.847,12178900000.0,1063700000.0,-1770700000.0,7189700000.0,36.139,747500000.0
6,AGN,MRT,2018-09-30,2018-09-30,2018-09-30,2020-05-07,1504200000.0,106542500000.0,111441125000.0,5740200000.0,100802300000.0,0.144,207.988,-255100000.0,1187900000.0,1187900000.0,2182300000.0,2332900000.0,0.921,0.511,23583400000.0,1351600000.0,22231800000.0,23583400000.0,0.0,7103400000.0,0.0,0.015,2.86,-1103200000.0,6000200000.0,0.374,6000200000.0,-1103200000.0,-2067500000.0,6.6,6.6,6.6,70507800000.0,71975075000.0,70507800000.0,88333173503.0,-80.0,14.722,5969900000.0,17.61,1.0,13851500000.0,0.864,97583800000.0,964300000.0,25122300000.0,28325975000.0,894600000.0,324800000.0,22000000.0,302800000.0,36021600000.0,6231900000.0,29789700000.0,64657373503.0,-424800000.0,-10000000.0,-2365700000.0,-6761300000.0,-1109300000.0,-10007900000.0,3342700000.0,3607800000.0,6225000000.0,15400000.0,2324800000.0,2208800000.0,2208800000.0,385300000.0,8100000.0,0.138,14805500000.0,-954000000.0,4695600000.0,0.433,0.917,29.273,28.861,1756600000.0,116000000.0,190.48,4.033,4.027,2826900000.0,11800600000.0,16033800000.0,16033800000.0,1996300000.0,0.02,0.031,-0.039,-0.069,257700000.0,4595000000.0,1.0,339444422.0,339000000,339000000.0,47.297,8958700000.0,989400000.0,-4392300000.0,6990500000.0,26.427,-491700000.0
7,AGN,MRT,2018-06-30,2018-06-30,2018-06-30,2020-05-07,1592900000.0,108858800000.0,114553700000.0,6103700000.0,102755100000.0,0.141,210.096,-304900000.0,1674700000.0,1674700000.0,2172000000.0,-1584800000.0,0.996,0.528,25350500000.0,1348500000.0,24002000000.0,25350500000.0,0.0,7293400000.0,0.0,0.017,2.84,-6828400000.0,465000000.0,0.029,465000000.0,-6828400000.0,-7837500000.0,-5.36,-5.36,-5.36,71243500000.0,72137975000.0,71243500000.0,82096487893.0,-12.0,176.552,5949500000.0,17.545,1.0,13984700000.0,0.866,99615500000.0,1009100000.0,26793800000.0,30217050000.0,922500000.0,319400000.0,21500000.0,297900000.0,37594800000.0,6125300000.0,31469500000.0,56528687893.0,787800000.0,-28000000.0,-1902000000.0,-5004300000.0,-1170000000.0,-7847900000.0,2356400000.0,2689300000.0,6254400000.0,24900000.0,-1593000000.0,-1778600000.0,-1778600000.0,391400000.0,8200000.0,-0.11,19218500000.0,-5233800000.0,4683800000.0,-0.53,0.793,-31.783,-31.104,1761400000.0,185600000.0,166.72,3.499,3.499,2760800000.0,12082900000.0,16156700000.0,16156700000.0,2014700000.0,-0.016,-0.025,-0.226,-0.423,272200000.0,4719900000.0,1.0,339063627.0,339100000,339100000.0,47.646,9243300000.0,899900000.0,-6244500000.0,6807100000.0,27.258,-21600000.0
8,AGN,MRT,2018-03-31,2018-03-31,2018-03-31,2020-05-07,2041500000.0,112021300000.0,118522700000.0,6393300000.0,105628000000.0,0.135,216.162,-345600000.0,994800000.0,994800000.0,2240400000.0,-1838600000.0,1.099,0.549,26562600000.0,626200000.0,25936400000.0,26562600000.0,0.0,7344700000.0,0.0,0.017,2.82,-7610400000.0,-265700000.0,-0.017,-265700000.0,-7610400000.0,-8666900000.0,-6.34,-6.34,-6.34,72327900000.0,73132200000.0,72327900000.0,83847723482.0,-11.0,-315.573,6468400000.0,19.332,1.0,13799500000.0,0.86,102626000000.0,1056500000.0,29147100000.0,31890100000.0,948400000.0,1304500000.0,1037400000.0,267100000.0,39675300000.0,5816000000.0,33859300000.0,55589623482.0,-98100000.0,-2684000000.0,-1736800000.0,-6187300000.0,-1231900000.0,-8962000000.0,2040100000.0,5069700000.0,6814000000.0,9800000.0,-1846400000.0,-2101600000.0,-2101600000.0,399800000.0,7800000.0,-0.131,19468700000.0,-5669200000.0,5072300000.0,-0.445,0.769,-26.451,-26.544,1769500000.0,255200000.0,168.29,3.466,3.511,2639200000.0,12799500000.0,16039900000.0,16039900000.0,1814900000.0,-0.018,-0.029,-0.239,-0.474,303100000.0,4927400000.0,1.0,330320420.0,334600000,334600000.0,47.938,9395300000.0,893600000.0,-6820500000.0,7213600000.0,28.079,577300000.0
9,AGN,MRT,2017-12-31,2017-12-31,2017-12-31,2020-05-07,1920700000.0,118341900000.0,122226600000.0,11376700000.0,106965200000.0,0.13,221.154,-342800000.0,1817200000.0,1817200000.0,2168000000.0,-4118900000.0,1.155,0.603,30075300000.0,4231800000.0,25843500000.0,30075300000.0,0.0,7368600000.0,0.0,0.017,2.8,-9700300000.0,-2331700000.0,-0.146,-2331700000.0,-9700300000.0,-10795900000.0,-13.19,-13.19,-13.19,73821100000.0,73847325000.0,73821100000.0,83127343007.0,-9.0,-35.651,5736200000.0,17.185,1.0,13772700000.0,0.864,104511200000.0,1095600000.0,32240700000.0,33650950000.0,904500000.0,4900000000.0,4632100000.0,267900000.0,44504800000.0,9848100000.0,34656700000.0,54403943007.0,93200000.0,-5904700000.0,-309600000.0,-3580800000.0,-1218200000.0,-5129200000.0,-878000000.0,5369500000.0,6079000000.0,21400000.0,-4125500000.0,-4403900000.0,-4403900000.0,402900000.0,6600000.0,-0.276,19693900000.0,-5921200000.0,5541400000.0,-0.212,0.737,-12.354,-12.402,1785400000.0,278400000.0,163.58,3.413,3.425,2899000000.0,12957200000.0,15940700000.0,15940700000.0,2100100000.0,-0.036,-0.06,-0.288,-0.609,293300000.0,5016700000.0,1.0,332583097.0,333800000,333800000.0,47.755,13830700000.0,319100000.0,-6670400000.0,8001200000.0,41.434,1528600000.0
10,AGN,MRT,2017-09-30,2017-09-30,2017-09-30,2020-05-07,1711200000.0,118992800000.0,124887700000.0,10112800000.0,108880000000.0,0.124,213.372,-309100000.0,1612700000.0,1612700000.0,2066800000.0,-7240900000.0,1.181,0.672,30336100000.0,3797000000.0,26539100000.0,30336100000.0,0.0,7074800000.0,0.0,0.01,2.1,-9945700000.0,-2870900000.0,-0.185,-2870900000.0,-9945700000.0,-11070700000.0,-21.56,-21.56,-21.56,71159400000.0,74440225000.0,71159400000.0,97867453436.0,-10.0,-34.089,3596900000.0,10.785,1.0,13412100000.0,0.866,106469800000.0,1125000000.0,32686600000.0,36386175000.0,899800000.0,4099000000.0,3829100000.0,269900000.0,47819300000.0,8559800000.0,39259500000.0,68516053436.0,-5942000000.0,-6521400000.0,-12152900000.0,-3341000000.0,-986600000.0,-16498000000.0,6643700000.0,13474200000.0,3906000000.0,6300000.0,-7247400000.0,-7525800000.0,-7525800000.0,-23700000.0,6500000.0,-0.486,20142800000.0,-6730700000.0,4541700000.0,-0.097,0.963,-9.104,-9.506,1802200000.0,278400000.0,204.95,4.426,4.416,2808600000.0,10137200000.0,15478900000.0,15478900000.0,2605200000.0,-0.06,-0.101,-0.273,-0.643,285400000.0,5026700000.0,1.0,334306189.0,333500000,333500000.0,46.413,12523000000.0,327000000.0,-3823300000.0,11934500000.0,37.55,1553000000.0
11,AGN,MRT,2017-06-30,2017-06-30,2017-06-30,2020-05-07,1625000000.0,124734800000.0,131041425000.0,10433200000.0,114301600000.0,0.115,224.405,-262700000.0,886900000.0,886900000.0,1942500000.0,11934900000.0,1.208,0.658,30238300000.0,3795000000.0,26443300000.0,30238300000.0,0.0,6901600000.0,0.0,0.006,1.4,10769000000.0,17670600000.0,1.173,17670600000.0,10769000000.0,9584900000.0,29.09,29.09,29.09,75220400000.0,79081850000.0,75220400000.0,112302415593.0,10.0,6.355,1073200000.0,3.202,1.0,13124300000.0,0.871,111961900000.0,1184100000.0,33486000000.0,41001775000.0,935900000.0,5229200000.0,4939000000.0,290200000.0,49502000000.0,8638300000.0,40863700000.0,81645915593.0,397400000.0,26726600000.0,-14854800000.0,-10192200000.0,-751100000.0,-25815600000.0,24876100000.0,-1587800000.0,1335900000.0,1000000.0,11928300000.0,11649900000.0,11649900000.0,-15631700000.0,6600000.0,0.773,16099100000.0,-2974800000.0,4684600000.0,0.048,1.085,7.008,8.356,1750100000.0,278400000.0,243.09,5.419,5.408,2795900000.0,14397900000.0,15066800000.0,15066800000.0,2785400000.0,0.089,0.147,0.263,0.715,294200000.0,5014200000.0,1.0,335867027.0,335200000,335200000.0,44.949,12772900000.0,288300000.0,-2343400000.0,13540800000.0,38.105,1794900000.0
12,AGN,MRT,2017-03-31,2017-03-31,2017-03-31,2020-05-07,721700000.0,126836900000.0,133012500000.0,13700700000.0,113136200000.0,0.111,224.376,-257800000.0,1092900000.0,1092900000.0,1833800000.0,12158900000.0,1.318,0.687,31749400000.0,5526400000.0,26223000000.0,31749400000.0,0.0,6774400000.0,0.0,0.003,0.7,11384600000.0,18159000000.0,1.232,18159000000.0,11384600000.0,10132100000.0,30.02,30.02,30.02,75188400000.0,79437725000.0,75188400000.0,111136588430.0,10.0,6.12,658100000.0,1.964,1.0,12910400000.0,0.876,110911300000.0,1252500000.0,36190500000.0,45597100000.0,904700000.0,8141400000.0,7858200000.0,283200000.0,51638100000.0,10391600000.0,41246500000.0,80091888430.0,-1167900000.0,29382600000.0,-14897600000.0,-11021500000.0,-514600000.0,-26477700000.0,24401300000.0,-4723500000.0,915900000.0,-7400000.0,12152500000.0,11874100000.0,11874100000.0,-15562800000.0,6400000.0,0.805,15470400000.0,-2560000000.0,4795400000.0,0.023,1.065,6.745,7.959,1659300000.0,278400000.0,238.92,5.432,5.43,2542000000.0,15429900000.0,14744200000.0,14744200000.0,2932500000.0,0.089,0.149,0.25,0.772,298200000.0,4829200000.0,1.0,335224713.0,335100000,335100000.0,43.999,15925600000.0,255400000.0,-2020400000.0,14032800000.0,47.525,3309100000.0
13,AGN,MRT,2016-12-31,2016-12-31,2016-12-31,2020-05-07,-1038400000.0,128986300000.0,135321700000.0,17857900000.0,111128400000.0,0.108,197.955,-298100000.0,1724000000.0,1724000000.0,1860800000.0,14979500000.0,2.268,0.693,32768700000.0,2797900000.0,29970800000.0,32768700000.0,0.0,6631000000.0,0.0,0.0,0.0,14372000000.0,21003000000.0,1.441,21003000000.0,14372000000.0,13076400000.0,38.18,38.18,38.18,76192700000.0,80003125000.0,76192700000.0,103985884822.0,7.0,4.951,1147600000.0,2.982,1.0,12709800000.0,0.872,108974700000.0,1295600000.0,43181600000.0,49780750000.0,718000000.0,11783600000.0,11501500000.0,282100000.0,52785800000.0,7874700000.0,44911100000.0,78770584822.0,628000000.0,32603300000.0,-14904300000.0,-9959800000.0,-278400000.0,-25142500000.0,24333300000.0,-7971900000.0,1445700000.0,-8500000.0,14973400000.0,14695000000.0,14695000000.0,-15914500000.0,6100000.0,1.009,14535300000.0,-1825500000.0,5019000000.0,0.0,1.034,5.36,5.501,1611300000.0,278400000.0,210.01,5.406,5.548,2531000000.0,18342500000.0,14570600000.0,14570600000.0,2575700000.0,0.109,0.184,0.289,0.986,334500000.0,4740300000.0,1.0,375080162.0,384900000,384900000.0,37.856,20011600000.0,233300000.0,-1897000000.0,13913100000.0,51.992,9983200000.0
14,AGN,MRT,2016-09-30,2016-09-30,2016-09-30,2020-05-07,599300000.0,143607700000.0,136970950000.0,31723900000.0,111883800000.0,0.104,228.485,-314900000.0,7554700000.0,7554700000.0,1982900000.0,14349000000.0,3.953,0.6,32770000000.0,1591800000.0,31178200000.0,32770000000.0,0.0,6572900000.0,0.0,0.0,0.0,14746600000.0,21319500000.0,1.489,21319500000.0,14746600000.0,13402400000.0,35.41,35.41,35.41,89725900000.0,80102800000.0,89725900000.0,130283950952.0,9.0,6.111,2851900000.0,7.262,1.0,12330300000.0,0.861,109648500000.0,1344200000.0,51149000000.0,52591425000.0,705500000.0,20178700000.0,19837600000.0,341100000.0,53877300000.0,8025500000.0,45851800000.0,91191750952.0,5490800000.0,30899000000.0,-2596200000.0,-9866900000.0,-278500000.0,-12887400000.0,15208500000.0,-15375600000.0,3166800000.0,2900000.0,14343100000.0,14064700000.0,14064700000.0,-16032500000.0,5900000.0,0.983,13825300000.0,-1495000000.0,5425400000.0,0.0,1.016,6.484,6.504,1566300000.0,278400000.0,230.31,6.371,6.319,2398500000.0,18412700000.0,14313200000.0,14313200000.0,2093000000.0,0.103,0.176,0.28,1.03,503800000.0,4739800000.0,1.0,395952199.0,392700000,392700000.0,36.448,33959200000.0,120700000.0,-940700000.0,14411700000.0,86.476,23698400000.0
15,AGN,MRT,2016-06-30,2016-06-30,2016-06-30,2020-05-07,-317100000.0,132619100000.0,136773100000.0,8755200000.0,123863900000.0,0.104,193.741,-316400000.0,489500000.0,489500000.0,2231000000.0,4429800000.0,0.987,0.73,39581700000.0,2506600000.0,37075100000.0,39581700000.0,0.0,6568400000.0,0.0,0.0,0.0,4163700000.0,10732100000.0,0.758,10732100000.0,4163700000.0,2803600000.0,10.12,10.12,10.12,76643900000.0,77039750000.0,76643900000.0,131715945870.0,32.0,12.273,4996300000.0,12.63,1.0,11929500000.0,0.842,110976600000.0,1360100000.0,51867300000.0,55267775000.0,726800000.0,369700000.0,17100000.0,352600000.0,55978300000.0,8867400000.0,47110900000.0,91409245870.0,-1028400000.0,-2526400000.0,144800000.0,-3238100000.0,-278600000.0,-3546300000.0,-2793400000.0,49400000.0,5312700000.0,-1400000.0,4424300000.0,4145900000.0,4145900000.0,-6608200000.0,5500000.0,0.293,14535500000.0,-2606000000.0,4490100000.0,0.0,1.193,22.048,22.835,1557200000.0,278400000.0,231.09,6.455,6.456,2490500000.0,3262300000.0,14160500000.0,14160500000.0,2730700000.0,0.03,0.054,0.075,0.294,514800000.0,4605300000.0,1.0,395556908.0,395600000,395600000.0,35.795,21642500000.0,179500000.0,-1620700000.0,8612300000.0,54.708,-112200000.0
16,AGN,MRT,2016-03-31,2016-03-31,2016-03-31,2020-05-07,28400000.0,136073700000.0,138221100000.0,10091500000.0,125982200000.0,0.102,196.175,-325900000.0,2260800000.0,2260800000.0,2707300000.0,4688100000.0,0.99,0.757,42567500000.0,4015700000.0,38551800000.0,42567500000.0,0.0,6646900000.0,0.0,0.0,0.0,4292700000.0,10939600000.0,0.776,10939600000.0,4292700000.0,2938500000.0,10.76,10.76,10.76,77450000000.0,75896050000.0,77450000000.0,147418259534.0,34.0,13.476,5008300000.0,12.686,1.0,11397100000.0,0.808,113259800000.0,1354200000.0,52925100000.0,54224125000.0,1022200000.0,418500000.0,13000000.0,405500000.0,58625000000.0,10195500000.0,48429500000.0,105788059534.0,145900000.0,-3010100000.0,149900000.0,-1556300000.0,-277700000.0,-1958000000.0,-3233800000.0,102200000.0,5334200000.0,3500000.0,4682900000.0,4404500000.0,4404500000.0,-6915800000.0,5200000.0,0.312,13991600000.0,-2594500000.0,4701100000.0,0.0,1.366,24.018,24.91,1602400000.0,278400000.0,268.03,7.5,7.502,2652800000.0,3833600000.0,14104400000.0,14104400000.0,2443900000.0,0.032,0.058,0.079,0.304,600000000.0,4516400000.0,1.0,394687384.0,394800000,394800000.0,35.725,22813900000.0,77700000.0,-1744400000.0,8409800000.0,57.786,-104000000.0
17,AGN,MRT,2015-12-31,2015-12-31,2015-12-31,2020-05-07,-494100000.0,135583300000.0,139067850000.0,8579100000.0,127004200000.0,0.091,208.242,-314800000.0,1096000000.0,1096000000.0,2751800000.0,3919400000.0,1.035,0.77,42530400000.0,2396500000.0,40133900000.0,42530400000.0,0.0,5995300000.0,0.0,0.0,0.1,3502600000.0,9497900000.0,0.749,9497900000.0,3502600000.0,2309300000.0,10.01,10.01,10.01,76591400000.0,74384750000.0,76591400000.0,163783515625.0,47.0,17.244,4291300000.0,11.667,1.0,9936300000.0,0.783,114301400000.0,1193300000.0,54424300000.0,53239700000.0,757500000.0,418000000.0,9300000.0,408700000.0,58994000000.0,8292000000.0,50702000000.0,123163915625.0,846000000.0,-37664800000.0,4183100000.0,25003500000.0,-208100000.0,33367300000.0,-37120900000.0,858700000.0,4606100000.0,-6500000.0,3915200000.0,3683200000.0,3683200000.0,-6861000000.0,4200000.0,0.29,13067300000.0,-3131000000.0,4148600000.0,0.01,1.608,33.439,31.219,1531300000.0,232000000.0,312.5,9.707,9.059,2125400000.0,3647500000.0,12688100000.0,12688100000.0,2358500000.0,0.026,0.05,0.066,0.276,690400000.0,4481500000.0,1.0,394124530.0,367800000,367800000.0,34.497,21281900000.0,49500000.0,-1605900000.0,8824400000.0,57.863,287100000.0
18,AGN,MRT,2015-09-30,2015-09-30,2015-09-30,2020-05-07,-45300000.0,142816300000.0,118361525000.0,16658700000.0,126157600000.0,0.085,196.834,-279900000.0,2063900000.0,2063900000.0,1981600000.0,3815500000.0,2.048,0.843,42683500000.0,2035400000.0,40648100000.0,42683500000.0,59700000.0,5314700000.0,0.0,0.001,0.15,3106200000.0,8420900000.0,0.841,8420900000.0,3106200000.0,2126400000.0,7.61,7.61,7.61,77473700000.0,62319675000.0,77473700000.0,148346502493.0,48.0,17.616,3506200000.0,8.908,1.0,8032400000.0,0.802,113448500000.0,979800000.0,61854400000.0,46084450000.0,1285400000.0,505300000.0,7000000.0,498300000.0,65336200000.0,8133000000.0,57203200000.0,106994102493.0,1724500000.0,-36009500000.0,4190900000.0,24960200000.0,-138400000.0,33407900000.0,-35460600000.0,828800000.0,3786100000.0,-8900000.0,3813200000.0,3650800000.0,3650800000.0,-7012100000.0,2300000.0,0.365,11667500000.0,-3635100000.0,4513500000.0,0.02,1.381,29.307,35.717,1569900000.0,162400000.0,271.81,10.684,10.683,2143200000.0,4347900000.0,10014000000.0,10014000000.0,2165000000.0,0.031,0.059,0.067,0.31,536700000.0,3981600000.0,1.0,393635637.0,393600000,393600000.0,25.442,29367800000.0,6675700000.0,-1686800000.0,14855000000.0,74.613,8525700000.0
19,AGN,MRT,2015-06-30,2015-06-30,2015-06-30,2020-05-07,-10400000.0,138411100000.0,96024300000.0,10486900000.0,127924200000.0,0.091,183.569,-315000000.0,1517900000.0,1517900000.0,2454400000.0,-2529900000.0,1.371,0.92,42870300000.0,1550900000.0,41319400000.0,42870300000.0,82100000.0,4607600000.0,0.0,0.001,0.2,-2828000000.0,1779600000.0,0.205,1779600000.0,-2828000000.0,-3599700000.0,-9.63,-9.63,-9.63,72069100000.0,50236350000.0,72069100000.0,161300949847.0,-57.0,90.639,2945200000.0,7.502,1.0,6240900000.0,0.718,124421300000.0,771700000.0,47692700000.0,35383300000.0,2786000000.0,538800000.0,8500000.0,530300000.0,66336600000.0,7649500000.0,58687100000.0,119091249847.0,-2775700000.0,-40617600000.0,4105400000.0,25183000000.0,-68700000.0,33632400000.0,-39663100000.0,1269500000.0,3260200000.0,-5200000.0,-2530800000.0,-2623600000.0,-2623600000.0,-953800000.0,900000.0,-0.302,9780600000.0,-3539700000.0,5945000000.0,-0.021,1.652,-45.392,-31.512,2859000000.0,92800000.0,303.46,13.696,13.701,4420100000.0,-953300000.0,8695300000.0,8695300000.0,1181100000.0,-0.027,-0.052,-0.08,-0.325,672800000.0,3922000000.0,1.0,392444638.0,392600000,392600000.0,22.148,13989800000.0,825200000.0,-1068900000.0,16271700000.0,35.634,2837400000.0
20,AGN,MRT,2015-03-31,2015-03-31,2015-03-31,2020-05-07,-783300000.0,139460700000.0,67868875000.0,11017200000.0,128443500000.0,0.114,246.649,-247500000.0,2114900000.0,2114900000.0,2833100000.0,-2239500000.0,1.439,0.953,44324600000.0,1624100000.0,42700500000.0,44324600000.0,80600000.0,3331200000.0,0.0,0.001,0.25,-2371500000.0,959700000.0,0.124,959700000.0,-2371500000.0,-2882400000.0,-8.55,-8.55,-8.55,71404800000.0,34639000000.0,71404800000.0,94535708038.0,-40.0,98.505,2080900000.0,7.188,1.0,4900700000.0,0.634,125027500000.0,510900000.0,48987400000.0,26943725000.0,3125100000.0,534300000.0,16000000.0,518300000.0,68051200000.0,7655500000.0,60395700000.0,79242008038.0,1777200000.0,-40253100000.0,4076000000.0,30160900000.0,0.0,38671100000.0,-39287400000.0,1228200000.0,2328400000.0,-8800000.0,-2239000000.0,-2262200000.0,-2262200000.0,-723500000.0,-500000.0,-0.293,7758200000.0,-2857500000.0,5820100000.0,-0.029,1.11,-35.029,-34.809,2797900000.0,23200000.0,297.62,10.246,11.141,3992800000.0,-710900000.0,7733800000.0,7733800000.0,989400000.0,-0.033,-0.065,-0.088,-0.307,526400000.0,3362500000.0,1.0,266252295.0,289500000,289500000.0,26.714,14433200000.0,700600000.0,-643400000.0,16590400000.0,49.856,3361700000.0
21,AGN,MRT,2014-12-31,2014-12-31,2014-12-31,2020-05-07,-465400000.0,52758000000.0,38604675000.0,7110600000.0,45647400000.0,0.121,128.954,-224900000.0,250000000.0,250000000.0,1704800000.0,-1630500000.0,1.355,0.862,15531100000.0,693400000.0,14837700000.0,15531100000.0,0.0,2828400000.0,0.0,0.001,0.2,-1732300000.0,1096100000.0,0.234,1096100000.0,-1732300000.0,-2144100000.0,-7.42,-7.42,-7.42,28331100000.0,19193975000.0,28331100000.0,83427081612.0,-48.0,76.113,2018100000.0,9.186,1.0,2971700000.0,0.635,36988300000.0,411800000.0,25803300000.0,17635125000.0,984600000.0,154300000.0,1000000.0,153300000.0,24422500000.0,5247500000.0,19175000000.0,68229381612.0,-79000000.0,-5598400000.0,-24200000.0,3229200000.0,0.0,3017500000.0,-5370600000.0,452700000.0,2243000000.0,-5900000.0,-1630500000.0,-1630500000.0,-1630500000.0,-854100000.0,0.0,-0.349,5538900000.0,-2567200000.0,3030100000.0,-0.027,2.408,-41.846,-34.691,283400000.0,0.0,257.41,14.59,12.093,1112300000.0,-198200000.0,4676500000.0,4676500000.0,605700000.0,-0.042,-0.085,-0.098,-0.37,316900000.0,2267400000.0,1.0,265061115.0,219700000,219700000.0,21.286,15769700000.0,511700000.0,-513600000.0,3618200000.0,71.778,1863100000.0
22,AGN,MRT,2014-09-30,2014-09-30,2014-09-30,2020-05-07,-220300000.0,53467400000.0,31096650000.0,6252300000.0,47215100000.0,0.134,110.255,-221400000.0,339400000.0,339400000.0,2197200000.0,-1045100000.0,1.395,0.835,15537100000.0,443300000.0,15093800000.0,15537100000.0,76900000.0,2333100000.0,0.0,0.001,0.2,-1083600000.0,1249500000.0,0.299,1249500000.0,-1083600000.0,-1445300000.0,-3.81,-3.82,-3.81,29140400000.0,14494225000.0,29140400000.0,71798624833.0,-66.0,57.462,1861700000.0,7.044,1.0,1980100000.0,0.474,45134000000.0,361700000.0,19049800000.0,14114775000.0,2627300000.0,234300000.0,1000000.0,233300000.0,24322400000.0,4481300000.0,19841100000.0,63760824833.0,-28600000.0,-4868200000.0,-67400000.0,2624100000.0,0.0,2510700000.0,-4621300000.0,493300000.0,2083100000.0,-1100000.0,-1046000000.0,-1046000000.0,-1046000000.0,163600000.0,900000.0,-0.25,2862100000.0,-882000000.0,3937500000.0,-0.052,2.188,-60.957,-63.328,1704300000.0,0.0,241.28,15.264,15.266,2229300000.0,534700000.0,4177300000.0,4177300000.0,365300000.0,-0.034,-0.072,-0.077,-0.259,294700000.0,1584400000.0,1.0,264260713.0,264300000,264300000.0,15.805,8333400000.0,422000000.0,-399300000.0,4323000000.0,31.53,1771000000.0
23,AGN,MRT,2014-06-30,2014-06-30,2014-06-30,2020-05-07,90300000.0,25789400000.0,21140825000.0,8272900000.0,17516500000.0,0.191,55.567,-179500000.0,4293600000.0,4293600000.0,2097300000.0,63200000.0,1.978,1.664,12331400000.0,1588800000.0,10742600000.0,12331400000.0,80100000.0,1591300000.0,0.0,0.001,0.2,198000000.0,1789300000.0,0.443,1789300000.0,198000000.0,-84500000.0,0.64,0.62,0.64,9679700000.0,8144875000.0,9679700000.0,47293121937.0,239.0,26.431,1652100000.0,9.484,1.0,1942200000.0,0.481,15709400000.0,282500000.0,13934400000.0,11552600000.0,1633300000.0,167100000.0,2500000.0,164600000.0,16104700000.0,4183400000.0,11921300000.0,38910321937.0,4066700000.0,-67300000.0,-166700000.0,2587900000.0,0.0,2439900000.0,-200100000.0,58600000.0,1831600000.0,-4700000.0,62400000.0,62400000.0,62400000.0,282900000.0,800000.0,0.015,1391700000.0,550500000.0,2443100000.0,0.313,4.02,623.563,348.516,1532900000.0,0.0,223.05,9.632,9.619,1567700000.0,1577500000.0,4039500000.0,4039500000.0,252400000.0,0.003,0.008,0.017,0.049,61000000.0,1077000000.0,1.0,174446635.0,174200000,175000000.0,23.189,10080000000.0,313000000.0,-146900000.0,989000000.0,57.865,4089500000.0
24,AGN,MRT,2014-03-31,2014-03-31,2014-03-31,2020-05-07,83700000.0,22403900000.0,18083625000.0,4540700000.0,17863200000.0,0.186,55.378,-181800000.0,337700000.0,337700000.0,1851100000.0,-550200000.0,1.513,1.327,8720500000.0,268300000.0,8452200000.0,8720500000.0,73700000.0,1318700000.0,0.0,0.001,0.15,-431700000.0,887000000.0,0.264,887000000.0,-431700000.0,-690200000.0,-3.91,-3.93,-3.91,9624700000.0,6608975000.0,9624700000.0,44582017302.0,-103.0,50.262,1252700000.0,7.208,1.0,1511000000.0,0.449,16031600000.0,258500000.0,11753000000.0,10380675000.0,1726300000.0,147700000.0,2500000.0,145200000.0,12775300000.0,3002100000.0,9773200000.0,35859017302.0,9300000.0,-1600000.0,-164300000.0,-1096200000.0,0.0,-1192800000.0,-127800000.0,40600000.0,1434500000.0,-30700000.0,-551100000.0,-551100000.0,-551100000.0,282900000.0,900000.0,-0.164,1629700000.0,-118700000.0,2323800000.0,-0.038,3.726,-65.068,-52.647,1581300000.0,0.0,205.85,10.666,10.641,1508700000.0,1528800000.0,3362100000.0,3362100000.0,230700000.0,-0.03,-0.083,-0.042,-0.128,43900000.0,976800000.0,1.0,174199744.0,173800000,174900000.0,19.345,6372300000.0,382300000.0,-139100000.0,1106600000.0,36.665,1538600000.0
25,AGN,MRT,2013-12-31,2013-12-31,2013-12-31,2020-05-07,90500000.0,22725900000.0,16025900000.0,4434700000.0,18291200000.0,0.162,66.986,-170800000.0,329000000.0,329000000.0,1644700000.0,-750400000.0,1.346,1.384,9052000000.0,534600000.0,8517400000.0,9052000000.0,78900000.0,1044700000.0,0.0,0.001,0.1,-665900000.0,378800000.0,0.146,378800000.0,-665900000.0,-905700000.0,-5.27,-5.27,-5.27,9532100000.0,5104000000.0,9532100000.0,35182456104.0,-53.0,92.879,1042700000.0,7.327,1.0,957800000.0,0.368,16432100000.0,239800000.0,11721900000.0,9616275000.0,1786300000.0,140000000.0,2500000.0,137500000.0,13188800000.0,3294900000.0,9893900000.0,29240056104.0,10000000.0,-145100000.0,-132400000.0,-792200000.0,0.0,-867300000.0,-275300000.0,40600000.0,1213500000.0,-23900000.0,-750400000.0,-750400000.0,-750400000.0,282900000.0,0.0,-0.288,1327000000.0,-369200000.0,2343200000.0,-0.019,3.068,-38.966,-31.879,1616800000.0,0.0,168.0,11.235,9.186,1404900000.0,1432300000.0,2602500000.0,2602500000.0,191300000.0,-0.047,-0.147,-0.069,-0.256,64600000.0,830900000.0,1.0,174047953.0,142300000,142300000.0,18.289,6293800000.0,336600000.0,-155300000.0,1141900000.0,44.229,1139800000.0
26,AGN,MRT,2013-09-30,2013-09-30,2013-09-30,2020-05-07,43500000.0,13644100000.0,13873125000.0,4073400000.0,9570700000.0,0.551,28.249,-155400000.0,368000000.0,368000000.0,4232000000.0,-573600000.0,1.451,2.644,6310400000.0,627100000.0,5683300000.0,6310400000.0,65100000.0,786900000.0,0.0,0.0,0.05,-163200000.0,623700000.0,0.082,623700000.0,-163200000.0,-374800000.0,-4.34,-4.35,-4.34,3743000000.0,3679425000.0,3743000000.0,25298143296.0,-155.0,40.561,626200000.0,4.726,1.0,3416500000.0,0.447,7978200000.0,211600000.0,8801100000.0,8896125000.0,1658900000.0,101200000.0,5500000.0,95700000.0,9896100000.0,2807200000.0,7088900000.0,19173943296.0,146000000.0,-5562000000.0,-120400000.0,5086000000.0,0.0,4946000000.0,-5563600000.0,-106500000.0,781600000.0,-18000000.0,-574000000.0,-574000000.0,-574000000.0,0.0,400000.0,-0.075,3758100000.0,-341600000.0,2131400000.0,-0.012,5.123,-33.404,-33.18,1415500000.0,0.0,144.0,2.507,2.495,1366200000.0,1580700000.0,7648500000.0,7648500000.0,553900000.0,-0.041,-0.156,-0.018,-0.021,19700000.0,1754900000.0,1.0,133152384.0,132500000,134400000.0,57.725,5665900000.0,373800000.0,199200000.0,1046900000.0,42.762,1266200000.0
27,AGN,MRT,2013-06-30,2013-06-30,2013-06-30,2020-05-07,-84300000.0,13560600000.0,12103600000.0,3916000000.0,9644600000.0,0.572,26.748,-151500000.0,226900000.0,226900000.0,3872900000.0,-562400000.0,1.639,2.834,6351100000.0,177200000.0,6173900000.0,6351100000.0,62900000.0,706000000.0,0.0,0.0,0.0,-182000000.0,524000000.0,0.076,524000000.0,-182000000.0,-360100000.0,-4.23,-4.24,-4.23,3536100000.0,3666325000.0,3536100000.0,22217197596.0,-122.0,42.399,505200000.0,3.821,1.0,3047800000.0,0.44,8049100000.0,178100000.0,9246700000.0,7368900000.0,1601900000.0,106400000.0,8000000.0,98400000.0,10019600000.0,2389000000.0,7630600000.0,16124097596.0,9300000.0,-5561700000.0,-11500000.0,5044900000.0,0.0,4946000000.0,-5577700000.0,-111700000.0,656700000.0,-15700000.0,-562900000.0,-562900000.0,-562900000.0,0.0,500000.0,-0.081,3450900000.0,-403100000.0,2104500000.0,0.0,4.56,-28.645,-29.839,1417700000.0,0.0,126.22,2.33,2.411,1372300000.0,1515100000.0,6920700000.0,6920700000.0,502700000.0,-0.047,-0.154,-0.025,-0.026,33200000.0,1524000000.0,1.0,127745980.0,132200000,132200000.0,52.35,5511500000.0,420400000.0,202800000.0,1146100000.0,41.691,1527000000.0
28,AGN,MRT,2013-03-31,2013-03-31,2013-03-31,2020-05-07,-91700000.0,14173000000.0,10345225000.0,3835800000.0,10337200000.0,0.608,27.687,-136700000.0,328400000.0,328400000.0,3576600000.0,-60000000.0,1.307,2.927,6421500000.0,178300000.0,6243200000.0,6421500000.0,71400000.0,632100000.0,0.0,0.0,0.0,216400000.0,848500000.0,0.135,848500000.0,216400000.0,72400000.0,-0.45,-0.46,-0.45,3604800000.0,3672525000.0,3604800000.0,17888927719.0,83.0,21.083,647300000.0,4.972,1.0,2709500000.0,0.431,8635800000.0,144000000.0,8695400000.0,5729900000.0,1544300000.0,111000000.0,9000000.0,102000000.0,10550700000.0,2934900000.0,7615800000.0,11774627719.0,159700000.0,-5509400000.0,-8400000.0,5023700000.0,0.0,4881000000.0,-5516300000.0,-105500000.0,784000000.0,11000000.0,-60300000.0,-60300000.0,-60300000.0,0.0,300000.0,-0.01,2553300000.0,156200000.0,2517900000.0,0.0,3.266,-195.267,-204.689,1450400000.0,0.0,92.11,1.873,1.908,1275500000.0,2079900000.0,6286100000.0,6286100000.0,446100000.0,-0.006,-0.016,0.038,0.034,31600000.0,1302300000.0,1.0,127832241.0,130200000,130200000.0,48.28,5537200000.0,504700000.0,132700000.0,1339900000.0,42.528,900900000.0
29,AGN,MRT,2012-12-31,2012-12-31,2012-12-31,2020-05-07,36800000.0,14114800000.0,8517650000.0,3838300000.0,10276500000.0,0.694,30.475,-129500000.0,319000000.0,319000000.0,3394300000.0,98300000.0,1.396,2.676,6433300000.0,176200000.0,6257100000.0,6433300000.0,43600000.0,578600000.0,0.0,0.0,0.0,355700000.0,934300000.0,0.158,934300000.0,355700000.0,244100000.0,0.77,0.76,0.77,3833800000.0,3686450000.0,3833800000.0,11985682822.0,34.0,12.829,536300000.0,4.263,1.0,2520600000.0,0.426,8638500000.0,111600000.0,8841300000.0,4264225000.0,1546500000.0,100200000.0,9000000.0,91200000.0,10258400000.0,2749300000.0,7509100000.0,10987082822.0,109700000.0,-5751800000.0,2700000.0,5360800000.0,0.0,5189600000.0,-5749000000.0,-103000000.0,665800000.0,3300000.0,97300000.0,97300000.0,97300000.0,0.0,1000000.0,0.016,2204900000.0,315700000.0,2467900000.0,0.0,2.866,112.92,111.688,1485000000.0,0.0,86.0,1.858,1.829,1330900000.0,2182700000.0,5914900000.0,5914900000.0,402500000.0,0.011,0.026,0.083,0.06,35100000.0,1171800000.0,1.0,127756777.0,125800000,128400000.0,47.018,5476300000.0,371100000.0,146800000.0,1151000000.0,43.532,1089000000.0
30,AGN,MRT,2012-09-30,2012-09-30,2012-09-30,2020-05-07,-62300000.0,6566000000.0,6663525000.0,2441500000.0,4124500000.0,0.857,29.29,-124100000.0,222000000.0,222000000.0,3276700000.0,163500000.0,1.569,0.779,1220600000.0,196800000.0,1023800000.0,1220600000.0,22000000.0,568200000.0,0.0,0.0,0.0,346200000.0,914400000.0,0.16,914400000.0,346200000.0,284200000.0,1.32,1.29,1.32,3690600000.0,3618900000.0,3690600000.0,11944789503.0,35.0,13.063,543700000.0,4.315,1.0,2432600000.0,0.426,3316800000.0,62000000.0,2692200000.0,2644050000.0,885100000.0,83300000.0,12400000.0,70900000.0,2876100000.0,1555600000.0,1320500000.0,10870289503.0,58700000.0,-393900000.0,2400000.0,14200000.0,0.0,-81700000.0,-521600000.0,-5300000.0,667800000.0,-5800000.0,164100000.0,164100000.0,164100000.0,0.0,-600000.0,0.029,1976000000.0,456600000.0,1343200000.0,0.0,2.945,66.242,64.515,708000000.0,0.0,85.16,1.904,1.879,924800000.0,2154700000.0,5709300000.0,5709300000.0,359100000.0,0.025,0.045,0.131,0.061,35300000.0,960000000.0,1.0,127645485.0,126000000,128000000.0,45.312,3249200000.0,218000000.0,120100000.0,252800000.0,25.787,885900000.0
31,AGN,MRT,2012-06-30,2012-06-30,2012-06-30,2020-05-07,-98100000.0,6527100000.0,6612900000.0,2319900000.0,4207200000.0,0.833,28.306,-125200000.0,217600000.0,217600000.0,3155800000.0,154500000.0,1.516,0.833,1292100000.0,193400000.0,1098700000.0,1292100000.0,24200000.0,546200000.0,0.0,0.0,0.0,358500000.0,904700000.0,0.164,904700000.0,358500000.0,291500000.0,1.26,1.23,1.26,3560900000.0,3568300000.0,3560900000.0,10611104044.0,30.0,11.729,515100000.0,4.095,1.0,2349900000.0,0.427,3380200000.0,67000000.0,2690700000.0,2660900000.0,870400000.0,79100000.0,7400000.0,71700000.0,2966900000.0,1530700000.0,1436200000.0,9427004044.0,-7500000.0,-409600000.0,6400000.0,-25800000.0,0.0,-104200000.0,-534100000.0,-1000000.0,640300000.0,-9500000.0,155500000.0,155500000.0,155500000.0,0.0,-1000000.0,0.028,1842500000.0,507400000.0,1307300000.0,0.0,2.647,60.624,58.722,727800000.0,0.0,73.99,1.712,1.691,876000000.0,2078000000.0,5505700000.0,5505700000.0,320000000.0,0.024,0.044,0.135,0.065,32900000.0,924800000.0,1.0,127409164.0,125800000,125800000.0,43.766,3146900000.0,212100000.0,136000000.0,306000000.0,25.015,789200000.0
32,AGN,MRT,2012-03-31,2012-03-31,2012-03-31,2020-05-07,-39000000.0,6862700000.0,6641025000.0,2408600000.0,4454100000.0,0.788,29.214,-121600000.0,168700000.0,168700000.0,3015200000.0,269100000.0,1.526,0.875,1352800000.0,189000000.0,1163800000.0,1352800000.0,27400000.0,520600000.0,0.0,0.0,0.0,537200000.0,1057800000.0,0.202,1057800000.0,537200000.0,468300000.0,2.17,2.14,2.17,3660500000.0,3546250000.0,3660500000.0,9351408103.0,17.0,8.84,378800000.0,3.023,1.0,2217000000.0,0.424,3635500000.0,68900000.0,2832700000.0,2645200000.0,904600000.0,79900000.0,13500000.0,66400000.0,3202900000.0,1578600000.0,1624300000.0,8527708103.0,-335800000.0,-978700000.0,23100000.0,286200000.0,0.0,271300000.0,-1103800000.0,-5800000.0,500400000.0,-3700000.0,270400000.0,270400000.0,270400000.0,0.0,-1300000.0,0.052,1687500000.0,529500000.0,1301300000.0,0.0,2.33,31.537,30.903,733700000.0,0.0,67.06,1.63,1.606,1030800000.0,2140200000.0,5232200000.0,5232200000.0,320800000.0,0.041,0.076,0.203,0.103,27600000.0,872600000.0,1.0,127165346.0,125300000,127700000.0,41.757,3227200000.0,183000000.0,197900000.0,455900000.0,25.756,830000000.0
33,AGN,MRT,2011-12-31,2011-12-31,2011-12-31,2020-05-07,-76500000.0,6698300000.0,6407625000.0,2569700000.0,4128600000.0,0.715,28.623,-120000000.0,209300000.0,209300000.0,2566500000.0,259100000.0,1.397,0.88,1033000000.0,184500000.0,848500000.0,1033000000.0,29800000.0,447900000.0,0.0,0.0,0.0,526800000.0,974700000.0,0.213,974700000.0,526800000.0,457800000.0,2.1,2.06,2.1,3563600000.0,3473500000.0,3563600000.0,8663037615.0,16.0,8.888,512000000.0,4.112,1.0,2017900000.0,0.44,3321900000.0,69000000.0,2360600000.0,2549025000.0,889400000.0,86200000.0,14900000.0,71300000.0,3135800000.0,1839500000.0,1296300000.0,7672737615.0,-73500000.0,-593800000.0,40700000.0,-28800000.0,0.0,16400000.0,-719000000.0,-7500000.0,632000000.0,-2900000.0,260900000.0,260900000.0,260900000.0,0.0,-1800000.0,0.057,1494500000.0,523400000.0,1535400000.0,0.0,2.153,29.409,28.733,713700000.0,0.0,60.34,1.674,1.639,1165700000.0,2085400000.0,4584400000.0,4584400000.0,306600000.0,0.041,0.075,0.207,0.115,25200000.0,754900000.0,1.0,127158396.0,124500000,126500000.0,36.822,3376400000.0,189800000.0,196900000.0,464900000.0,27.12,730200000.0
34,AGN,MRT,2011-09-30,2011-09-30,2011-09-30,2020-05-07,-41400000.0,6363500000.0,6154700000.0,1840300000.0,4523200000.0,0.649,27.928,-96700000.0,163300000.0,163300000.0,2183400000.0,182100000.0,1.809,0.824,1153600000.0,1300000.0,1152300000.0,1153600000.0,31600000.0,350900000.0,0.0,0.0,0.0,426200000.0,777100000.0,0.195,777100000.0,426200000.0,334700000.0,1.49,1.46,1.49,3488200000.0,3403025000.0,3488200000.0,10203709847.0,24.0,13.13,561900000.0,4.499,1.0,1809100000.0,0.453,3576800000.0,91500000.0,2759600000.0,2571825000.0,679400000.0,79000000.0,9200000.0,69800000.0,2875700000.0,1017400000.0,1858300000.0,9154309847.0,-92300000.0,-600300000.0,61600000.0,-88900000.0,0.0,-23600000.0,-722900000.0,-28000000.0,658600000.0,-4400000.0,184400000.0,184400000.0,184400000.0,0.0,-2300000.0,0.046,1385200000.0,423900000.0,975500000.0,0.0,2.624,49.644,45.805,703200000.0,0.0,68.25,2.293,2.135,700500000.0,1990600000.0,3992500000.0,3992500000.0,327200000.0,0.03,0.054,0.166,0.107,18000000.0,747800000.0,1.0,134129082.0,124900000,126900000.0,31.966,2786700000.0,339300000.0,150300000.0,593500000.0,22.311,822900000.0
35,AGN,MRT,2011-06-30,2011-06-30,2011-06-30,2020-05-07,32900000.0,6639600000.0,6025750000.0,2005400000.0,4634200000.0,0.63,27.893,-73300000.0,225100000.0,225100000.0,2064800000.0,140100000.0,1.468,0.912,1274500000.0,250000000.0,1024500000.0,1274500000.0,33000000.0,328400000.0,0.0,0.0,0.0,317700000.0,646100000.0,0.17,646100000.0,317700000.0,229200000.0,1.15,1.13,1.15,3472700000.0,3335475000.0,3472700000.0,9208729368.0,29.0,14.253,603400000.0,4.847,1.0,1728500000.0,0.456,3694600000.0,88500000.0,2627900000.0,2586200000.0,627800000.0,81000000.0,8900000.0,72100000.0,3166200000.0,1366500000.0,1799700000.0,8692929368.0,300000.0,-632900000.0,59000000.0,-14200000.0,0.0,49200000.0,-726700000.0,-22600000.0,676700000.0,1100000.0,142000000.0,142000000.0,142000000.0,0.0,-1900000.0,0.037,1410000000.0,318500000.0,1066400000.0,0.0,2.503,61.218,59.765,690000000.0,0.0,68.73,2.292,2.256,824300000.0,1922500000.0,3793300000.0,3793300000.0,329600000.0,0.024,0.043,0.123,0.084,18800000.0,799800000.0,1.0,126479403.0,124500000,126400000.0,30.468,2945000000.0,358700000.0,87200000.0,637500000.0,23.655,638900000.0
36,AGN,MRT,2011-03-31,2011-03-31,2011-03-31,2020-05-07,14900000.0,5929100000.0,5794050000.0,1936800000.0,3992300000.0,0.619,27.239,-65300000.0,504500000.0,504500000.0,1949400000.0,158300000.0,2.262,0.759,1020300000.0,0.0,1020300000.0,1020300000.0,35600000.0,297800000.0,0.0,0.0,0.0,317400000.0,615200000.0,0.172,615200000.0,317400000.0,231800000.0,1.31,1.28,1.31,3369500000.0,3251100000.0,3369500000.0,7780891498.0,25.0,12.648,625400000.0,5.056,1.0,1637500000.0,0.457,3140600000.0,85600000.0,2448000000.0,2642550000.0,592300000.0,84300000.0,10300000.0,74000000.0,2558700000.0,856300000.0,1702400000.0,7047591498.0,335300000.0,-62600000.0,47900000.0,-236300000.0,0.0,-187200000.0,-162000000.0,-37600000.0,690700000.0,-6200000.0,159900000.0,159900000.0,159900000.0,0.0,-1600000.0,0.045,1321600000.0,315900000.0,752100000.0,0.0,2.092,44.075,42.756,626700000.0,0.0,56.01,1.965,1.932,532700000.0,1869800000.0,3586900000.0,3586900000.0,310900000.0,0.028,0.049,0.12,0.088,20300000.0,768900000.0,1.0,125827379.0,123700000,125700000.0,28.997,2788500000.0,326200000.0,71900000.0,598000000.0,22.542,1080500000.0
37,AGN,MRT,2010-12-31,2010-12-31,2010-12-31,2020-05-07,-2500000.0,5686600000.0,5784325000.0,1786700000.0,3899900000.0,0.617,26.811,-53900000.0,282800000.0,282800000.0,1998500000.0,183300000.0,2.211,0.733,1016100000.0,0.0,1016100000.0,1016100000.0,37100000.0,281900000.0,0.0,0.0,0.0,335800000.0,617700000.0,0.173,617700000.0,335800000.0,251700000.0,1.51,1.48,1.51,3281700000.0,3182075000.0,3281700000.0,7413709850.0,22.0,12.002,517100000.0,4.225,1.0,1568400000.0,0.44,3160100000.0,84100000.0,2451800000.0,2711950000.0,631000000.0,95600000.0,11100000.0,84500000.0,2404000000.0,808000000.0,1596000000.0,6472209850.0,81400000.0,-78400000.0,48400000.0,-459700000.0,0.0,-411300000.0,-74100000.0,55700000.0,571000000.0,-4200000.0,184400000.0,184400000.0,184400000.0,0.0,-1100000.0,0.052,1263000000.0,305400000.0,741100000.0,0.0,1.972,35.099,34.205,642300000.0,0.0,51.65,1.815,1.772,560900000.0,1824500000.0,3566900000.0,3566900000.0,296100000.0,0.032,0.058,0.124,0.094,23500000.0,756100000.0,1.0,125309000.0,122400000,124200000.0,29.141,2526500000.0,179700000.0,67300000.0,426600000.0,20.641,978700000.0
38,AGN,MRT,2010-09-30,2010-09-30,2010-09-30,2020-05-07,-16100000.0,5847700000.0,5838550000.0,1764200000.0,4083500000.0,0.582,26.248,-34600000.0,255600000.0,255600000.0,1948600000.0,223000000.0,2.341,0.817,1197100000.0,35000000.0,1162100000.0,1197100000.0,43900000.0,255800000.0,0.0,0.0,0.0,385800000.0,641600000.0,0.189,641600000.0,385800000.0,308200000.0,1.87,1.86,1.87,3218000000.0,3117425000.0,3218000000.0,6302203560.0,16.0,9.823,429200000.0,3.501,1.0,1451300000.0,0.427,3218400000.0,77600000.0,2817100000.0,2823375000.0,673100000.0,58200000.0,10300000.0,47900000.0,2628100000.0,753700000.0,1874400000.0,5283503560.0,-557300000.0,-1052100000.0,38300000.0,-57700000.0,0.0,-19400000.0,-1001200000.0,84500000.0,463800000.0,-500000.0,223000000.0,223000000.0,223000000.0,0.0,0.0,0.066,1100700000.0,350600000.0,625000000.0,0.0,1.642,23.693,22.626,648900000.0,0.0,42.31,1.554,1.526,523100000.0,1806200000.0,3399900000.0,3399900000.0,257600000.0,0.038,0.072,0.137,0.113,22100000.0,687400000.0,1.0,124876000.0,122600000,124300000.0,27.732,2629300000.0,310500000.0,85200000.0,586200000.0,21.446,1010500000.0
39,AGN,MRT,2010-06-30,2010-06-30,2010-06-30,2020-05-07,-60000000.0,5712800000.0,5383075000.0,1757100000.0,3955700000.0,0.591,25.635,-35200000.0,224800000.0,224800000.0,1817700000.0,260300000.0,2.33,0.822,1243500000.0,85000000.0,1158500000.0,1243500000.0,45700000.0,231200000.0,0.0,0.0,0.0,462200000.0,693400000.0,0.218,693400000.0,462200000.0,397000000.0,2.27,2.2,2.27,3135200000.0,2890575000.0,3135200000.0,6124942620.0,13.0,8.833,366500000.0,2.997,1.0,1361900000.0,0.428,3124000000.0,65200000.0,2853300000.0,2717525000.0,699300000.0,66200000.0,11300000.0,54900000.0,2577600000.0,754200000.0,1823400000.0,5053642620.0,-412700000.0,-1001500000.0,42800000.0,100600000.0,0.0,143400000.0,-955100000.0,80600000.0,401700000.0,-2700000.0,260300000.0,260300000.0,260300000.0,0.0,0.0,0.082,935000000.0,426900000.0,592700000.0,0.0,1.612,19.415,17.872,652200000.0,0.0,40.57,1.589,1.56,502100000.0,1780600000.0,3179600000.0,3179600000.0,233700000.0,0.048,0.09,0.17,0.145,20500000.0,565900000.0,1.0,124566000.0,122300000,124000000.0,25.998,2588800000.0,260400000.0,136700000.0,573600000.0,21.168,1002900000.0
40,AGN,MRT,2010-03-31,2010-03-31,2010-03-31,2020-05-07,-13500000.0,5890200000.0,4917475000.0,1769700000.0,4120500000.0,0.606,25.418,-40200000.0,169200000.0,169200000.0,1712800000.0,242700000.0,2.01,0.904,1240500000.0,85000000.0,1155500000.0,1240500000.0,53000000.0,207700000.0,0.0,0.0,0.0,438900000.0,646600000.0,0.217,646600000.0,438900000.0,389100000.0,2.2,2.09,2.2,3093400000.0,2664800000.0,3093400000.0,6415672468.0,15.0,9.922,379400000.0,3.118,1.0,1269300000.0,0.426,3355400000.0,49800000.0,2725600000.0,2378925000.0,710700000.0,49200000.0,13100000.0,36100000.0,2796800000.0,880500000.0,1916300000.0,5159272468.0,-389800000.0,-1001500000.0,38900000.0,101500000.0,0.0,140400000.0,-949800000.0,92900000.0,419600000.0,0.0,242700000.0,242700000.0,242700000.0,0.0,0.0,0.081,866600000.0,402700000.0,621100000.0,0.0,1.668,21.258,18.986,678100000.0,0.0,41.77,1.73,1.705,543800000.0,1709900000.0,2982100000.0,2982100000.0,214500000.0,0.049,0.091,0.184,0.147,19500000.0,537600000.0,1.0,123516219.0,121700000,123400000.0,24.504,2534800000.0,179400000.0,146400000.0,763000000.0,20.828,889200000.0
41,AGN,MRT,2009-12-31,2009-12-31,2009-12-31,2020-05-07,1900000.0,5903500000.0,4382650000.0,1769500000.0,4134000000.0,0.637,28.791,-52400000.0,201400000.0,201400000.0,1596800000.0,222000000.0,1.689,0.953,1457800000.0,307600000.0,1150200000.0,1457800000.0,48200000.0,189000000.0,0.0,0.0,0.0,396800000.0,585800000.0,0.21,585800000.0,396800000.0,362600000.0,2.11,1.96,2.11,3023100000.0,2432350000.0,3023100000.0,4390305400.0,11.0,7.495,324400000.0,3.09,1.0,1196200000.0,0.428,3214500000.0,34200000.0,2897500000.0,2075425000.0,692300000.0,128100000.0,13600000.0,114500000.0,2880400000.0,1047900000.0,1832500000.0,4204205400.0,-306200000.0,-984700000.0,29800000.0,323300000.0,0.0,353100000.0,-1036100000.0,1000000.0,376800000.0,0.0,222000000.0,222000000.0,222000000.0,0.0,0.0,0.079,812300000.0,383900000.0,614300000.0,0.0,1.391,18.938,18.773,694200000.0,0.0,39.61,1.505,1.489,517400000.0,1640100000.0,2793000000.0,2793000000.0,197300000.0,0.051,0.091,0.191,0.142,19100000.0,520200000.0,1.0,106140000.0,105000000,116400000.0,26.6,2689000000.0,241700000.0,140600000.0,641400000.0,25.61,721600000.0
42,AGN,MRT,2009-09-30,2009-09-30,2009-09-30,2020-05-07,-200000.0,4025800000.0,3826250000.0,1885300000.0,2140500000.0,0.693,22.26,-77500000.0,812900000.0,812900000.0,1511600000.0,221500000.0,4.286,0.742,999000000.0,1600000.0,997400000.0,999000000.0,55100000.0,180300000.0,0.0,0.0,0.0,385300000.0,565600000.0,0.213,565600000.0,385300000.0,359500000.0,2.15,1.93,2.15,2310600000.0,2203725000.0,2310600000.0,4112810560.0,11.0,7.272,334500000.0,3.223,1.0,1140900000.0,0.43,1378300000.0,25800000.0,2393700000.0,1885575000.0,505700000.0,109300000.0,13100000.0,96200000.0,1715200000.0,439900000.0,1275300000.0,3873910560.0,473500000.0,-37000000.0,18200000.0,156400000.0,0.0,174600000.0,-113100000.0,600000.0,412000000.0,0.0,221500000.0,221500000.0,221500000.0,0.0,0.0,0.084,767000000.0,373900000.0,399100000.0,0.0,1.677,17.489,17.042,625100000.0,0.0,36.64,1.46,1.434,377100000.0,1583200000.0,2652500000.0,2652500000.0,184400000.0,0.058,0.101,0.204,0.145,18900000.0,494200000.0,1.0,105729000.0,103800000,117100000.0,25.554,2647500000.0,157400000.0,138000000.0,256700000.0,25.506,1445400000.0
43,AGN,MRT,2009-06-30,2009-06-30,2009-06-30,2020-05-07,300000.0,3850400000.0,3706138500.0,1688500000.0,2161900000.0,0.71,21.587,-72500000.0,637500000.0,637500000.0,1544600000.0,229600000.0,1.418,0.725,876400000.0,726400000.0,150000000.0,876400000.0,59700000.0,177400000.0,0.0,0.0,0.0,375100000.0,552500000.0,0.21,552500000.0,375100000.0,351300000.0,2.23,2.0,2.23,2232100000.0,2138645750.0,2232100000.0,3868730280.0,10.0,7.002,339100000.0,3.279,1.0,1086500000.0,0.413,1399800000.0,23800000.0,1498900000.0,1843087500.0,499300000.0,99400000.0,13400000.0,86000000.0,1618300000.0,1190600000.0,427700000.0,3551330280.0,372000000.0,-37000000.0,13300000.0,48700000.0,0.0,62000000.0,-101600000.0,7500000.0,411600000.0,0.0,229600000.0,229600000.0,229600000.0,0.0,0.0,0.087,736300000.0,350200000.0,427100000.0,0.0,1.591,15.467,15.108,635400000.0,0.0,33.69,1.35,1.324,356600000.0,1520200000.0,2631100000.0,2631100000.0,177800000.0,0.062,0.107,0.204,0.143,18800000.0,475300000.0,1.0,105412000.0,103400000,118800000.0,25.446,2450600000.0,161700000.0,121700000.0,249900000.0,23.7,497900000.0
44,AGN,MRT,2009-03-31,2009-03-31,2009-03-31,2020-05-07,-3300000.0,3750900000.0,3615985250.0,1563800000.0,2187100000.0,0.712,20.985,-65100000.0,559000000.0,559000000.0,1511400000.0,236900000.0,1.369,0.734,876400000.0,626400000.0,250000000.0,876400000.0,53100000.0,173700000.0,0.0,0.0,0.0,382600000.0,556300000.0,0.216,556300000.0,382600000.0,356500000.0,2.31,2.07,2.31,2163600000.0,2073229250.0,2163600000.0,3625271143.0,9.0,6.517,354400000.0,3.437,1.0,1064600000.0,0.413,1414100000.0,26100000.0,1511600000.0,2015004250.0,476200000.0,93000000.0,11800000.0,81200000.0,1587300000.0,1142600000.0,444700000.0,3254956143.0,385000000.0,-37000000.0,8900000.0,49700000.0,0.0,58600000.0,-93100000.0,8600000.0,419500000.0,0.0,236900000.0,236900000.0,236900000.0,0.0,0.0,0.092,706900000.0,357700000.0,382800000.0,0.0,1.504,13.74,13.468,649000000.0,0.0,31.11,1.264,1.245,353600000.0,1467200000.0,2576000000.0,2576000000.0,174400000.0,0.066,0.114,0.19,0.149,18700000.0,451400000.0,1.0,104627327.0,103100000,118200000.0,24.985,2336800000.0,156700000.0,119600000.0,270000000.0,22.665,421200000.0
45,AGN,MRT,2008-12-31,2008-12-31,2008-12-31,2020-05-07,-3200000.0,3677900000.0,3538171250.0,1458400000.0,2219500000.0,0.717,20.512,-63500000.0,507600000.0,507600000.0,1502800000.0,238400000.0,3.026,0.744,877900000.0,53200000.0,824700000.0,877900000.0,46200000.0,170700000.0,0.0,0.0,0.0,386500000.0,557200000.0,0.22,557200000.0,386500000.0,358300000.0,2.32,2.09,2.32,2108600000.0,2008171000.0,2108600000.0,3267906560.0,8.0,5.865,353100000.0,3.435,1.0,1032700000.0,0.407,1428100000.0,28200000.0,2138100000.0,2186360250.0,473100000.0,93800000.0,13200000.0,80600000.0,1569300000.0,482000000.0,1087300000.0,2779434560.0,303000000.0,-37000000.0,7500000.0,-27700000.0,0.0,-20200000.0,-93400000.0,6700000.0,416600000.0,0.0,238400000.0,238400000.0,238400000.0,0.0,0.0,0.094,674500000.0,358200000.0,381300000.0,0.0,1.318,11.659,11.453,658500000.0,0.0,26.57,1.096,1.077,305000000.0,1418100000.0,2535500000.0,2535500000.0,170100000.0,0.067,0.119,0.177,0.152,18500000.0,423400000.0,1.0,104608000.0,102800000,117700000.0,24.664,2249800000.0,163300000.0,119900000.0,259000000.0,21.885,976400000.0
46,AGN,MRT,2008-09-30,2008-09-30,2008-09-30,2020-05-07,-619000.0,3545354000.0,3486703000.0,1323265000.0,2222089000.0,0.722,19.925,-67281000.0,339354000.0,339354000.0,1499922000.0,220373000.0,3.324,0.729,827826000.0,3217000.0,824609000.0,827826000.0,50067000.0,192415000.0,0.0,0.0,0.0,361158000.0,553573000.0,0.22,553573000.0,361158000.0,331434000.0,2.15,1.94,2.15,2050283000.0,1943387250.0,2050283000.0,3539272500.0,10.0,6.394,344394000.0,3.347,1.0,1017762000.0,0.404,1411976000.0,29724000.0,2223750000.0,2213847500.0,481559000.0,85887000.0,12683000.0,73204000.0,1495071000.0,398100000.0,1096971000.0,2977252500.0,206023000.0,-1515000.0,8536000.0,-153345000.0,0.0,-144809000.0,-60843000.0,6853000.0,411675000.0,0.0,220373000.0,220373000.0,220373000.0,0.0,0.0,0.088,683832000.0,333930000.0,353745000.0,0.0,1.452,13.51,13.256,660549000.0,0.0,28.5,1.183,1.165,314475000.0,1361730000.0,2517684000.0,2517684000.0,158332000.0,0.063,0.113,0.163,0.143,18863000.0,420433000.0,1.0,104465000.0,102900000,118000000.0,24.467,2133378000.0,182671000.0,111061000.0,258585000.0,20.733,925165000.0
47,AGN,MRT,2008-06-30,2008-06-30,2008-06-30,2020-05-07,1010000.0,3489787000.0,3464183250.0,1245359000.0,2244428000.0,0.713,19.186,-54367000.0,265469000.0,265469000.0,1459642000.0,183879000.0,2.931,0.771,827489000.0,2949000.0,824540000.0,827489000.0,48269000.0,212487000.0,0.0,0.0,0.0,325568000.0,538055000.0,0.218,538055000.0,325568000.0,292719000.0,1.8,1.63,1.8,1970434000.0,1882565500.0,1970434000.0,3490987970.0,11.0,6.488,339791000.0,3.309,1.0,1012048000.0,0.409,1440373000.0,32849000.0,2186567000.0,2254146000.0,490701000.0,84206000.0,12718000.0,71488000.0,1519353000.0,424867000.0,1094486000.0,2837661970.0,190619000.0,-800000.0,5328000.0,-153019000.0,0.0,-147691000.0,-55848000.0,-1374000.0,394158000.0,0.0,183879000.0,183879000.0,183879000.0,0.0,0.0,0.074,703021000.0,309027000.0,382050000.0,0.0,1.44,15.432,15.094,672670000.0,0.0,27.17,1.148,1.129,297171000.0,1290669000.0,2471690000.0,2471690000.0,148689000.0,0.053,0.098,0.144,0.132,16823000.0,431724000.0,1.0,104441000.0,102700000,117700000.0,24.067,2049414000.0,165096000.0,108840000.0,256852000.0,19.955,820492000.0
48,AGN,MRT,2008-03-31,2008-03-31,2008-03-31,2020-05-07,1352000.0,3439644000.0,3464081250.0,1163627000.0,2276017000.0,0.708,18.551,-62303000.0,173998000.0,173998000.0,1460180000.0,159988000.0,2.671,0.807,827324000.0,2851000.0,824473000.0,827324000.0,52727000.0,233638000.0,0.0,0.0,0.0,291771000.0,525409000.0,0.214,525409000.0,291771000.0,254347000.0,1.57,1.43,1.57,1903367000.0,1831181000.0,1903367000.0,3740336389.0,13.0,7.119,343258000.0,3.346,1.0,991815000.0,0.404,1460225000.0,37424000.0,2197024000.0,2299393250.0,521322000.0,83223000.0,12711000.0,70512000.0,1536277000.0,435721000.0,1100556000.0,3039241389.0,100421000.0,-800000.0,13273000.0,-254239000.0,0.0,-240966000.0,-64174000.0,-2456000.0,405561000.0,0.0,159988000.0,159988000.0,159988000.0,0.0,0.0,0.065,716041000.0,275774000.0,376545000.0,0.0,1.597,18.997,18.675,684507000.0,0.0,29.32,1.239,1.227,273305000.0,1230366000.0,2451995000.0,2451995000.0,144992000.0,0.046,0.087,0.127,0.119,16098000.0,424482000.0,1.0,103657619.0,102600000,117400000.0,23.899,1979419000.0,174025000.0,94359000.0,274239000.0,19.293,727906000.0
49,AGN,MRT,2007-12-31,2007-12-31,2007-12-31,2020-05-07,2392000.0,3472027000.0,3490565750.0,1173776000.0,2298251000.0,0.715,18.079,-60700000.0,204554000.0,204554000.0,1504800000.0,141000000.0,2.638,0.877,905649000.0,6241000.0,899408000.0,905649000.0,61289000.0,253600000.0,0.0,0.0,0.0,268700000.0,522300000.0,0.209,522300000.0,268700000.0,224200000.0,1.38,1.27,1.38,1849465000.0,1783808250.0,1849465000.0,3660072060.0,14.0,7.008,366500000.0,3.583,1.0,991900000.0,0.397,1480146000.0,44500000.0,2248049000.0,2372421250.0,490601000.0,79833000.0,11799000.0,68034000.0,1622562000.0,444927000.0,1177635000.0,2812491060.0,50400000.0,-800000.0,14400000.0,-326900000.0,0.0,-312500000.0,-64300000.0,-4300000.0,427200000.0,0.0,141000000.0,141000000.0,141000000.0,0.0,0.0,0.056,736200000.0,255700000.0,398154000.0,0.0,1.521,19.947,19.667,688185000.0,0.0,27.14,1.126,1.112,267117000.0,1179737000.0,2496700000.0,2496700000.0,144800000.0,0.04,0.079,0.113,0.108,15200000.0,421100000.0,1.0,103629000.0,102300000,117000000.0,24.406,1991881000.0,175519000.0,83200000.0,250137000.0,19.471,728849000.0
50,AGN,MRT,2007-09-30,2007-09-30,2007-09-30,2020-05-07,3190000.0,3455275000.0,3562703250.0,1124001000.0,2331274000.0,0.699,17.637,-18887000.0,133348000.0,133348000.0,1541551000.0,-386334000.0,2.846,0.912,980929000.0,6587000.0,974342000.0,980929000.0,63287000.0,248911000.0,0.0,0.0,0.0,-269615000.0,-20704000.0,-0.008,-20704000.0,-269615000.0,-316736000.0,-3.79,-3.87,-3.79,1806996000.0,1741539000.0,1806996000.0,4257745600.0,-16.0,-205.648,370436000.0,3.616,1.0,948927000.0,0.381,1522969000.0,47121000.0,2384944000.0,2429889000.0,524107000.0,81982000.0,11721000.0,70261000.0,1648279000.0,394943000.0,1253336000.0,3352719600.0,-601874000.0,-1534572000.0,13673000.0,394308000.0,0.0,407981000.0,-1399178000.0,154281000.0,389323000.0,0.0,-386334000.0,-386334000.0,-386334000.0,0.0,0.0,-0.155,1234851000.0,-285924000.0,371431000.0,0.0,1.855,-8.678,-8.549,683441000.0,0.0,32.4,1.346,1.333,275840000.0,1141334000.0,2490478000.0,2490478000.0,149582000.0,-0.108,-0.222,-0.111,-0.108,13964000.0,415936000.0,1.0,103479000.0,102453000,117421000.0,24.308,1932306000.0,151829000.0,69598000.0,224525000.0,18.86,729058000.0
51,AGN,MRT,2007-06-30,2007-06-30,2007-06-30,2020-05-07,1642000.0,3489379000.0,3498642750.0,1094570000.0,2394809000.0,0.668,17.287,-26228000.0,74852000.0,74852000.0,1453027000.0,-386547000.0,2.38,0.977,979878000.0,5602000.0,974276000.0,979878000.0,68302000.0,237189000.0,0.0,0.0,0.0,-276458000.0,-39269000.0,-0.017,-39269000.0,-276458000.0,-317268000.0,-3.79,-3.87,-3.79,1764896000.0,1832394250.0,1764896000.0,4341439900.0,-16.0,-110.556,448154000.0,4.39,1.0,883238000.0,0.378,1567003000.0,40810000.0,2367556000.0,2247931000.0,553869000.0,80528000.0,10513000.0,70015000.0,1724483000.0,459846000.0,1264637000.0,3335300900.0,-525559000.0,-1535197000.0,12026000.0,393555000.0,0.0,405581000.0,-1405522000.0,155096000.0,474382000.0,0.0,-386547000.0,-386547000.0,-386547000.0,0.0,0.0,-0.165,1181968000.0,-298730000.0,436776000.0,0.0,1.89,-8.628,-8.583,694440000.0,0.0,32.53,1.428,1.422,301602000.0,1106728000.0,2336265000.0,2336265000.0,143372000.0,-0.11,-0.211,-0.123,-0.118,14529000.0,367912000.0,1.0,102530000.0,102093000,117080000.0,22.884,1922376000.0,163345000.0,69279000.0,231479000.0,18.83,634724000.0
52,AGN,MRT,2007-03-31,2007-03-31,2007-03-31,2020-05-07,1287000.0,3545582000.0,3424032250.0,1101669000.0,2443913000.0,0.655,16.815,-16008000.0,73550000.0,73550000.0,1423449000.0,-438567000.0,2.439,1.069,1079689000.0,5479000.0,1074210000.0,1079689000.0,74257000.0,227134000.0,0.0,0.0,0.0,-367177000.0,-140043000.0,-0.062,-140043000.0,-367177000.0,-399834000.0,-4.3,-4.35,-4.3,1713876000.0,1923992750.0,1713876000.0,3786120924.0,-10.0,-27.035,407886000.0,4.002,1.0,820167000.0,0.366,1610946000.0,32657000.0,2489136000.0,2084346000.0,492345000.0,82478000.0,8981000.0,73497000.0,1831706000.0,451639000.0,1380067000.0,2709087924.0,-486184000.0,-1529341000.0,5519000.0,474979000.0,0.0,480498000.0,-1390576000.0,154642000.0,423894000.0,0.0,-438567000.0,-438567000.0,-438567000.0,0.0,0.0,-0.195,1215129000.0,-394962000.0,429112000.0,0.0,1.581,-6.177,-6.147,696119000.0,0.0,26.43,1.207,1.201,375608000.0,1070317000.0,2243616000.0,2243616000.0,138994000.0,-0.128,-0.228,-0.176,-0.164,14657000.0,341528000.0,1.0,102500489.0,101927000,116612000.0,22.012,1934636000.0,151406000.0,38733000.0,240290000.0,18.981,650030000.0
53,AGN,MRT,2006-12-31,2006-12-31,2006-12-31,2020-05-07,1073000.0,3760577000.0,3326977250.0,1261676000.0,2498901000.0,0.595,16.513,-8876000.0,154171000.0,154171000.0,1233483000.0,-445005000.0,1.829,1.238,1231204000.0,107059000.0,1124145000.0,1231204000.0,77308000.0,218346000.0,0.0,0.0,0.0,-388867000.0,-170521000.0,-0.086,-170521000.0,-388867000.0,-410949000.0,-4.37,-4.37,-4.37,1680388000.0,2030473000.0,1680388000.0,2516434040.0,-6.0,-14.757,462489000.0,4.545,1.0,745761000.0,0.377,1669761000.0,22082000.0,2477920000.0,1888094000.0,517236000.0,83026000.0,6649000.0,76377000.0,2080189000.0,689929000.0,1390260000.0,2667242040.0,-313280000.0,-1558919000.0,8137000.0,626637000.0,0.0,634774000.0,-1419419000.0,148376000.0,471365000.0,0.0,-445005000.0,-445005000.0,-445005000.0,0.0,0.0,-0.225,1167857000.0,-422096000.0,516875000.0,0.0,1.587,-5.994,-5.957,697415000.0,0.0,26.03,1.348,1.338,384692000.0,1041638000.0,1979244000.0,1979244000.0,131023000.0,-0.134,-0.219,-0.206,-0.196,14290000.0,305060000.0,1.0,102468000.0,101761000,101761000.0,19.45,2090816000.0,168161000.0,34056000.0,250633000.0,20.546,571747000.0
54,AGN,MRT,2006-09-30,2006-09-30,2006-09-30,2020-05-07,8071000.0,3199033000.0,3156129750.0,1622457000.0,1576576000.0,0.563,21.307,-55907000.0,735222000.0,735222000.0,1046952000.0,64365000.0,4.639,0.474,584414000.0,10336000.0,574078000.0,584414000.0,27418000.0,211650000.0,0.0,0.0,0.0,115278000.0,326928000.0,0.184,326928000.0,115278000.0,101921000.0,0.65,0.59,0.65,2170417000.0,2135493250.0,2170417000.0,2659065230.0,23.0,8.133,327882000.0,3.219,1.0,729943000.0,0.411,1041335000.0,13357000.0,1657112000.0,1704763500.0,318166000.0,237571000.0,171545000.0,66026000.0,1028616000.0,349778000.0,678838000.0,2675071230.0,262998000.0,-29424000.0,10986000.0,-20403000.0,0.0,-9417000.0,-111374000.0,-26043000.0,383789000.0,0.0,64365000.0,64365000.0,64365000.0,0.0,0.0,0.036,646297000.0,83646000.0,253864000.0,0.0,1.233,41.561,40.262,444043000.0,0.0,26.17,1.505,1.5,264264000.0,1529095000.0,1776895000.0,1776895000.0,125508000.0,0.02,0.03,0.068,0.065,12050000.0,266039000.0,1.0,102219000.0,101865000,116353000.0,17.444,2157698000.0,123414000.0,37556000.0,161067000.0,21.182,1272679000.0
55,AGN,MRT,2006-06-30,2006-06-30,2006-06-30,2020-05-07,7195000.0,3190937000.0,3123950500.0,1572057000.0,1618880000.0,0.559,20.964,-58784000.0,600411000.0,600411000.0,999865000.0,69058000.0,4.125,0.497,584405000.0,10392000.0,574013000.0,584405000.0,22151000.0,212118000.0,0.0,0.0,0.0,123651000.0,335769000.0,0.192,335769000.0,123651000.0,109418000.0,0.69,0.63,0.69,2131290000.0,2114677500.0,2131290000.0,2637770800.0,21.0,7.856,284000000.0,2.793,1.0,746833000.0,0.428,1080607000.0,14233000.0,1713216000.0,1713830000.0,310421000.0,232385000.0,169037000.0,63348000.0,1059647000.0,381108000.0,678539000.0,2593624800.0,111676000.0,-29223000.0,-92883000.0,-20278000.0,0.0,-113161000.0,-117947000.0,-29940000.0,342784000.0,0.0,69058000.0,69058000.0,69058000.0,0.0,0.0,0.04,649106000.0,97727000.0,298639000.0,0.0,1.217,37.557,33.739,449375000.0,0.0,23.28,1.485,1.355,347813000.0,1494713000.0,1746698000.0,1746698000.0,125901000.0,0.022,0.033,0.072,0.071,11505000.0,266747000.0,1.0,111410000.0,101666000,101666000.0,17.181,2110330000.0,136500000.0,40360000.0,152680000.0,20.757,1190949000.0
56,AGN,MRT,2006-03-31,2006-03-31,2006-03-31,2020-05-07,8025000.0,3157362000.0,3107443000.0,1427604000.0,1729758000.0,0.532,21.058,-78279000.0,559734000.0,559734000.0,880218000.0,125118000.0,4.655,0.476,603880000.0,29933000.0,573947000.0,603880000.0,18359000.0,209897000.0,0.0,0.0,0.0,213542000.0,423439000.0,0.256,423439000.0,213542000.0,199007000.0,1.22,1.13,1.22,2139797000.0,2119413000.0,2139797000.0,3311478182.0,16.0,7.82,277567000.0,2.732,1.0,772390000.0,0.467,1190731000.0,14535000.0,1704128000.0,1709724750.0,300794000.0,230609000.0,168127000.0,62482000.0,1017565000.0,306649000.0,710916000.0,3190994182.0,226349000.0,-32579000.0,-207517000.0,-1485000.0,0.0,-209002000.0,79505000.0,190379000.0,355846000.0,0.0,125118000.0,125118000.0,125118000.0,0.0,0.0,0.076,579837000.0,192553000.0,209690000.0,0.0,1.491,25.504,23.557,451190000.0,0.0,28.74,1.931,1.767,269755000.0,1510331000.0,1652608000.0,1652608000.0,126262000.0,0.04,0.059,0.125,0.129,7218000.0,264098000.0,1.0,111029721.0,101615000,116541000.0,16.263,1966631000.0,123598000.0,73889000.0,183584000.0,19.354,1120955000.0
57,AGN,MRT,2005-12-31,2005-12-31,2005-12-31,2020-05-07,-834000.0,3077187000.0,3117671500.0,1353543000.0,1723644000.0,0.528,20.014,-78833000.0,467451000.0,467451000.0,852414000.0,138557000.0,5.51,0.465,587935000.0,0.0,587935000.0,587935000.0,19612000.0,206726000.0,0.0,0.0,0.0,234458000.0,441184000.0,0.268,441184000.0,234458000.0,219934000.0,1.32,1.22,1.32,2100469000.0,2139777500.0,2100469000.0,3718235650.0,16.0,8.428,246670000.0,2.35,1.0,793789000.0,0.482,1207403000.0,14524000.0,1744598000.0,1754806000.0,278062000.0,206826000.0,152467000.0,54359000.0,976718000.0,245670000.0,731048000.0,3602595650.0,168798000.0,-3001000.0,-271576000.0,-1484000.0,0.0,-273060000.0,116355000.0,198189000.0,325503000.0,0.0,138557000.0,138557000.0,138557000.0,0.0,0.0,0.084,575277000.0,218512000.0,211160000.0,0.0,1.715,26.001,24.629,436149000.0,0.0,32.51,2.188,2.073,333832000.0,1486643000.0,1646203000.0,1646203000.0,125263000.0,0.044,0.065,0.134,0.142,5673000.0,260999000.0,1.0,110815000.0,104949000,120021000.0,15.686,1869784000.0,116450000.0,81377000.0,155507000.0,17.816,1107873000.0
58,AGN,MRT,2005-09-30,2005-09-30,2005-09-30,2020-05-07,4500000.0,3070316000.0,3157745500.0,1307780000.0,1762536000.0,0.523,20.27,-44991000.0,472224000.0,472224000.0,851923000.0,171939000.0,5.305,0.471,587864000.0,0.0,587864000.0,587864000.0,22357000.0,182050000.0,0.0,0.0,0.0,289322000.0,471372000.0,0.286,471372000.0,289322000.0,273459000.0,1.6,1.47,1.6,2087154000.0,2173897500.0,2087154000.0,3914919300.0,14.0,8.305,336741000.0,3.27,1.0,798974000.0,0.484,1246043000.0,15863000.0,1693378000.0,1794284750.0,271745000.0,204875000.0,162368000.0,42507000.0,983162000.0,246535000.0,736627000.0,3815860300.0,91957000.0,-32428000.0,-268589000.0,-8000.0,0.0,-268597000.0,-21178000.0,57841000.0,381732000.0,0.0,171939000.0,171939000.0,171939000.0,0.0,0.0,0.104,520087000.0,278887000.0,194407000.0,0.0,1.828,22.193,22.881,443206000.0,0.0,36.61,2.311,2.283,290648000.0,1472438000.0,1650897000.0,1650897000.0,117914000.0,0.054,0.079,0.161,0.175,4646000.0,261002000.0,1.0,104230000.0,102966000,118158000.0,16.033,1824273000.0,120382000.0,101520000.0,173786000.0,17.717,1061245000.0
59,AGN,MRT,2005-06-30,2005-06-30,2005-06-30,2020-05-07,6219000.0,3124907000.0,3182838250.0,1321073000.0,1803834000.0,0.518,20.217,-28539000.0,488735000.0,488735000.0,843622000.0,147494000.0,5.501,0.453,587794000.0,0.0,587794000.0,587794000.0,20492000.0,157054000.0,0.0,0.0,0.0,248839000.0,405893000.0,0.246,405893000.0,248839000.0,233985000.0,1.35,1.25,1.35,2150232000.0,2197669000.0,2150232000.0,3510916017.0,14.0,8.65,362128000.0,3.405,1.0,804997000.0,0.488,1287029000.0,14854000.0,1696795000.0,1758351000.0,289308000.0,203110000.0,161049000.0,42061000.0,974675000.0,240142000.0,734533000.0,3256577017.0,229706000.0,-32719000.0,-161818000.0,-8000.0,0.0,-161826000.0,865000.0,63697000.0,390667000.0,0.0,147494000.0,147494000.0,147494000.0,0.0,0.0,0.089,562951000.0,242046000.0,186808000.0,0.0,1.515,22.079,21.896,445221000.0,0.0,29.56,1.975,1.907,271258000.0,1432826000.0,1648619000.0,1648619000.0,122335000.0,0.046,0.067,0.142,0.151,2182000.0,276405000.0,1.0,110168370.0,106359000,121253000.0,15.501,1837878000.0,119704000.0,86491000.0,175686000.0,17.28,1080931000.0
60,AGN,MRT,2005-03-31,2005-03-31,2005-03-31,2020-05-07,7344000.0,3198276000.0,3197063750.0,1367744000.0,1830532000.0,0.51,20.353,-25722000.0,333385000.0,333385000.0,831263000.0,141972000.0,5.689,0.44,587724000.0,0.0,587724000.0,587724000.0,15196000.0,131711000.0,0.0,0.0,0.0,236990000.0,368701000.0,0.226,368701000.0,236990000.0,224113000.0,1.29,1.19,1.29,2221255000.0,2201672250.0,2221255000.0,3669640027.0,15.0,9.953,377889000.0,3.463,1.0,800458000.0,0.491,1327728000.0,12877000.0,1884453000.0,1736163750.0,314778000.0,427960000.0,383142000.0,44818000.0,977021000.0,240434000.0,736587000.0,3380640027.0,119290000.0,-35219000.0,-41166000.0,-37364000.0,0.0,-78530000.0,-205791000.0,-143476000.0,403611000.0,0.0,141972000.0,141972000.0,141972000.0,0.0,0.0,0.087,561920000.0,238538000.0,181475000.0,0.0,1.522,23.812,23.822,428084000.0,0.0,30.73,2.072,2.055,230024000.0,1391958000.0,1631721000.0,1631721000.0,133378000.0,0.044,0.064,0.137,0.145,4510000.0,287449000.0,1.0,110011065.0,109136000,124104000.0,14.951,1870548000.0,114088000.0,82141000.0,188459000.0,17.14,1127310000.0
61,AGN,MRT,2004-12-31,2004-12-31,2004-12-31,2020-05-07,9518000.0,3237483000.0,3189157500.0,1370186000.0,1867297000.0,0.514,20.49,-38730000.0,298653000.0,298653000.0,820794000.0,150018000.0,5.36,0.447,587653000.0,0.0,587653000.0,587653000.0,16634000.0,106666000.0,0.0,0.0,0.0,248893000.0,355559000.0,0.217,355559000.0,248893000.0,235563000.0,1.37,1.26,1.37,2236949000.0,2176298750.0,2236949000.0,3585136432.0,14.0,10.083,269539000.0,2.469,1.0,819757000.0,0.5,1368341000.0,13330000.0,1902513000.0,1675316250.0,321299000.0,422978000.0,381679000.0,41299000.0,1000534000.0,255629000.0,744905000.0,3592772432.0,-19390000.0,-29838000.0,32255000.0,-152985000.0,0.0,-120730000.0,-206929000.0,-138770000.0,308269000.0,0.0,150018000.0,150018000.0,150018000.0,0.0,0.0,0.091,553817000.0,265940000.0,192701000.0,0.0,1.606,23.949,23.949,427377000.0,0.0,32.81,2.19,2.183,251459000.0,1346867000.0,1640551000.0,1640551000.0,134221000.0,0.047,0.069,0.149,0.152,6430000.0,301209000.0,1.0,109502360.0,109174000,124727000.0,15.027,1869142000.0,120482000.0,85545000.0,198810000.0,17.121,1114557000.0
62,AGN,MRT,2004-09-30,2004-09-30,2004-09-30,2020-05-07,10655000.0,3170687000.0,3200436750.0,1305077000.0,1865610000.0,0.507,19.94,89913000.0,595219000.0,595219000.0,776186000.0,148303000.0,5.237,0.453,587583000.0,0.0,587583000.0,587583000.0,19089000.0,103941000.0,0.0,0.0,0.0,248192000.0,352133000.0,0.217,352133000.0,248192000.0,232214000.0,1.36,1.17,1.36,2182240000.0,2131398000.0,2182240000.0,3338569688.0,13.0,9.481,260521000.0,2.38,1.0,847022000.0,0.522,1364184000.0,15978000.0,1549643000.0,1672567250.0,340147000.0,59931000.0,13578000.0,46353000.0,988447000.0,249224000.0,739223000.0,3224457688.0,-200155000.0,-189327000.0,37000000.0,-152990000.0,0.0,-115990000.0,-254773000.0,-156903000.0,170608000.0,0.0,148303000.0,148303000.0,148303000.0,0.0,0.0,0.091,581769000.0,265253000.0,179705000.0,0.0,1.478,21.742,21.662,433031000.0,0.0,29.46,1.986,1.986,230102000.0,1297941000.0,1623208000.0,1623208000.0,133941000.0,0.046,0.07,0.148,0.153,8270000.0,329939000.0,1.0,109452060.0,109442000,124096000.0,14.832,1806503000.0,118779000.0,83911000.0,196255000.0,16.506,1055853000.0
63,AGN,MRT,2004-06-30,2004-06-30,2004-06-30,2020-05-07,13068000.0,3181809000.0,3217967000.0,1229819000.0,1951990000.0,0.489,19.865,32084000.0,473399000.0,473399000.0,716009000.0,185121000.0,4.707,0.469,587511000.0,0.0,587511000.0,587511000.0,15649000.0,101355000.0,0.0,0.0,0.0,308398000.0,409753000.0,0.26,409753000.0,308398000.0,290121000.0,1.71,1.51,1.71,2166245000.0,2084789750.0,2166245000.0,3099665293.0,10.0,7.565,188725000.0,1.731,1.0,857937000.0,0.545,1426602000.0,18277000.0,1608046000.0,1670392750.0,385119000.0,70664000.0,19475000.0,51189000.0,1015564000.0,261273000.0,754291000.0,2928575293.0,-247217000.0,-189327000.0,45465000.0,-152988000.0,0.0,-107523000.0,-296335000.0,-140716000.0,156641000.0,0.0,185121000.0,185121000.0,185121000.0,0.0,0.0,0.118,534585000.0,323352000.0,210673000.0,0.0,1.352,15.82,15.731,447820000.0,0.0,26.9,1.861,1.864,210619000.0,1283296000.0,1573946000.0,1573946000.0,126108000.0,0.058,0.089,0.185,0.196,9754000.0,336908000.0,1.0,108868970.0,109049000,124682000.0,14.433,1755207000.0,123670000.0,105000000.0,195244000.0,16.096,968546000.0
64,AGN,MRT,2004-03-31,2004-03-31,2004-03-31,2020-05-07,13507000.0,3166651000.0,3208409750.0,1220796000.0,1945855000.0,0.477,19.523,25132000.0,449937000.0,449937000.0,671531000.0,200909000.0,4.74,0.494,621027000.0,0.0,621027000.0,621027000.0,17438000.0,99949000.0,0.0,0.0,0.0,339369000.0,439318000.0,0.287,439318000.0,339369000.0,315159000.0,1.86,1.69,1.86,2119761000.0,2025790250.0,2119761000.0,4820414221.0,14.0,10.972,229390000.0,2.113,1.0,858927000.0,0.561,1439116000.0,24210000.0,1641063000.0,1648895000.0,395788000.0,62994000.0,18966000.0,44028000.0,1046890000.0,257562000.0,789328000.0,4651232221.0,-171985000.0,-189327000.0,48101000.0,-115632000.0,0.0,-67531000.0,-308712000.0,-148567000.0,204258000.0,0.0,200909000.0,200909000.0,200909000.0,0.0,0.0,0.131,510604000.0,348323000.0,209576000.0,0.0,2.194,23.151,23.005,435943000.0,0.0,42.79,3.039,3.036,214176000.0,1248373000.0,1530458000.0,1530458000.0,109280000.0,0.063,0.099,0.206,0.222,10310000.0,329953000.0,1.0,108699047.0,108580000,125137000.0,14.095,1727535000.0,131939000.0,114250000.0,189433000.0,15.91,963234000.0
65,AGN,MRT,2003-12-31,2003-12-31,2003-12-31,2020-05-07,14268000.0,3282600000.0,3169815750.0,1323489000.0,1959111000.0,0.46,19.14,-151359000.0,318043000.0,318043000.0,624651000.0,202079000.0,3.908,0.596,722535000.0,0.0,722535000.0,722535000.0,22082000.0,100352000.0,0.0,0.0,0.0,343135000.0,443487000.0,0.304,443487000.0,343135000.0,317327000.0,1.88,1.74,1.88,2057346000.0,1959379750.0,2057346000.0,5078281040.0,15.0,11.451,111158000.0,1.034,1.0,833071000.0,0.571,1456890000.0,25808000.0,1891517000.0,1623206750.0,393393000.0,305774000.0,255678000.0,50096000.0,1225254000.0,338685000.0,886569000.0,4965872040.0,117484000.0,-178340000.0,36964000.0,293667000.0,0.0,330631000.0,-475664000.0,-149444000.0,262517000.0,0.0,202079000.0,202079000.0,202079000.0,0.0,0.0,0.139,494158000.0,338913000.0,215388000.0,0.0,2.414,24.574,24.468,424995000.0,0.0,46.0,3.407,3.392,211174000.0,1201714000.0,1457722000.0,1457722000.0,102083000.0,0.064,0.103,0.211,0.235,6950000.0,320201000.0,1.0,107953740.0,107488000,120727000.0,13.562,1825710000.0,133770000.0,115248000.0,255608000.0,16.985,984804000.0
66,AGN,MRT,2003-09-30,2003-09-30,2003-09-30,2020-05-07,18580000.0,3240808000.0,3015031750.0,1291740000.0,1949068000.0,0.458,18.521,-318346000.0,610018000.0,610018000.0,600492000.0,193101000.0,3.67,0.624,722427000.0,0.0,722427000.0,722427000.0,26182000.0,98387000.0,0.0,0.0,0.0,328184000.0,426571000.0,0.309,426571000.0,328184000.0,303892000.0,1.81,1.78,1.81,1995807000.0,1894614250.0,1995807000.0,4677925845.0,14.0,10.966,1338000.0,0.012,1.0,780640000.0,0.565,1460347000.0,24292000.0,1540945000.0,1434769000.0,399588000.0,113276000.0,40653000.0,72623000.0,1245001000.0,351925000.0,893076000.0,4491447845.0,331387000.0,10868000.0,26488000.0,273848000.0,0.0,300336000.0,-288633000.0,12854000.0,319684000.0,0.0,193101000.0,193101000.0,193101000.0,0.0,0.0,0.14,455292000.0,325348000.0,209703000.0,0.0,2.25,23.26,23.033,384620000.0,0.0,41.69,3.252,3.253,122255000.0,1148853000.0,1381132000.0,1381132000.0,96116000.0,0.064,0.102,0.229,0.238,4711000.0,287832000.0,1.0,107734417.0,107762000,109658000.0,12.817,1780461000.0,120737000.0,110791000.0,276751000.0,16.522,939815000.0
67,AGN,MRT,2003-06-30,2003-06-30,2003-06-30,2020-05-07,18191000.0,3143580000.0,2863840500.0,1206726000.0,1936854000.0,0.464,18.017,-337746000.0,535842000.0,535842000.0,602086000.0,182299000.0,3.649,0.629,722320000.0,0.0,722320000.0,722320000.0,0.0,96328000.0,0.0,0.0,0.0,311344000.0,407672000.0,0.306,407672000.0,311344000.0,287285000.0,1.71,1.69,1.71,1930247000.0,1835752750.0,1930247000.0,4628621591.0,15.0,11.354,-29582000.0,-0.276,1.0,728150000.0,0.547,1477334000.0,24059000.0,1522055000.0,1327879000.0,375798000.0,131927000.0,46746000.0,85181000.0,1213333000.0,330669000.0,882664000.0,4321871591.0,219213000.0,10868000.0,17503000.0,218197000.0,0.0,235700000.0,-324651000.0,-5380000.0,308164000.0,0.0,182299000.0,182299000.0,182299000.0,0.0,0.0,0.137,418209000.0,309941000.0,209391000.0,0.0,2.239,23.708,23.608,340776000.0,0.0,40.37,3.249,3.251,130668000.0,1097394000.0,1330236000.0,1330236000.0,92075000.0,0.064,0.099,0.234,0.234,3011000.0,256434000.0,1.0,107056517.0,107134000,108334000.0,12.417,1666246000.0,129637000.0,104986000.0,270023000.0,15.553,876057000.0
68,AGN,MRT,2003-03-31,2003-03-31,2003-03-31,2020-05-07,8020000.0,3012275000.0,2725786250.0,1081896000.0,1930379000.0,0.468,17.338,-326737000.0,415676000.0,415676000.0,585795000.0,191540000.0,3.788,0.625,722426000.0,0.0,722426000.0,722426000.0,0.0,92617000.0,0.0,0.0,0.0,325099000.0,417716000.0,0.328,417716000.0,325099000.0,302837000.0,1.8,1.78,1.8,1854119000.0,1784815750.0,1854119000.0,3261773793.0,10.0,7.809,-46335000.0,-0.433,1.0,688635000.0,0.54,1495118000.0,22262000.0,1538310000.0,1228556250.0,364740000.0,118121000.0,34659000.0,83462000.0,1158156000.0,285597000.0,872559000.0,3076691793.0,215589000.0,10868000.0,6700000.0,249804000.0,0.0,256504000.0,-321317000.0,-8939000.0,280402000.0,0.0,191540000.0,191540000.0,191540000.0,0.0,0.0,0.15,396455000.0,292180000.0,200457000.0,0.0,1.659,16.063,15.983,317880000.0,0.0,28.77,2.414,2.414,157075000.0,1046679000.0,1274430000.0,1274430000.0,86143000.0,0.07,0.107,0.265,0.255,1111000.0,243855000.0,1.0,106940973.0,106942000,107622000.0,11.917,1517157000.0,115878000.0,111297000.0,225673000.0,14.187,796299000.0
69,AGN,MRT,2002-12-31,2002-12-31,2002-12-31,2020-05-07,1984000.0,2663464000.0,2597200750.0,913451000.0,1750013000.0,0.471,16.858,-211873000.0,230155000.0,230155000.0,571882000.0,175796000.0,2.433,0.481,415237000.0,83360000.0,331877000.0,415237000.0,8177000.0,86576000.0,0.0,0.0,0.0,301171000.0,387747000.0,0.317,387747000.0,301171000.0,279090000.0,1.65,1.64,1.65,1798284000.0,1740459000.0,1798284000.0,3207310477.0,11.0,8.272,92116000.0,0.864,1.0,651316000.0,0.532,1335315000.0,22081000.0,1137766000.0,1139235750.0,348773000.0,118084000.0,42649000.0,75435000.0,865180000.0,375465000.0,489715000.0,3021297477.0,6828000.0,-5500000.0,5117000.0,-75476000.0,0.0,-70359000.0,-226802000.0,-12768000.0,303989000.0,0.0,175796000.0,175796000.0,175796000.0,0.0,0.0,0.144,381952000.0,269364000.0,172363000.0,0.0,1.68,17.186,17.133,304667000.0,0.0,28.27,2.47,2.465,178563000.0,998850000.0,1223198000.0,1223198000.0,82178000.0,0.068,0.101,0.264,0.246,1201000.0,238458000.0,1.0,106872921.0,106675000,107367000.0,11.467,1328149000.0,112012000.0,103294000.0,263455000.0,12.45,537986000.0
70,AGN,MRT,2002-09-30,2002-09-30,2002-09-30,2020-05-07,7474000.0,2636043000.0,2563418250.0,899389000.0,1736654000.0,0.463,16.485,-215189000.0,249035000.0,249035000.0,546770000.0,178991000.0,2.48,0.497,435048000.0,79392000.0,355656000.0,435048000.0,0.0,88551000.0,0.0,0.0,0.0,310424000.0,398975000.0,0.336,398975000.0,310424000.0,287803000.0,1.68,1.66,1.68,1760361000.0,1708900500.0,1760361000.0,2801261955.0,9.0,7.021,179874000.0,1.684,1.0,640764000.0,0.54,1346064000.0,22621000.0,1113385000.0,1180884000.0,315788000.0,153714000.0,58277000.0,95437000.0,875682000.0,362607000.0,513075000.0,2618816955.0,117535000.0,0.0,5545000.0,-66638000.0,0.0,-61093000.0,-216435000.0,3441000.0,395063000.0,0.0,178991000.0,178991000.0,178991000.0,0.0,0.0,0.151,377787000.0,262977000.0,172541000.0,0.0,1.488,14.631,14.589,273478000.0,0.0,24.51,2.205,2.204,181180000.0,955752000.0,1187534000.0,1187534000.0,82084000.0,0.07,0.105,0.263,0.261,1615000.0,239119000.0,1.0,106846877.0,106784000,107199000.0,11.121,1289979000.0,81278000.0,108812000.0,259403000.0,12.08,536782000.0
71,AGN,MRT,2002-06-30,2002-06-30,2002-06-30,2020-05-07,17295000.0,2591363000.0,2538838500.0,914910000.0,1676453000.0,0.453,16.209,-163982000.0,268444000.0,268444000.0,543243000.0,79701000.0,2.711,0.501,450889000.0,76103000.0,374786000.0,450889000.0,0.0,88453000.0,0.0,0.0,0.0,157106000.0,245559000.0,0.213,245559000.0,157106000.0,133029000.0,0.75,0.73,0.75,1726499000.0,1674711000.0,1726499000.0,2972711483.0,19.0,12.106,244909000.0,2.299,1.0,607373000.0,0.528,1311600000.0,24077000.0,1124764000.0,1241342500.0,278491000.0,153843000.0,69385000.0,84458000.0,864864000.0,337444000.0,527420000.0,2691171483.0,224288000.0,0.0,7283000.0,-28115000.0,0.0,-20832000.0,-163771000.0,8122000.0,408891000.0,0.0,79701000.0,79701000.0,79701000.0,0.0,0.0,0.069,561694000.0,45679000.0,166713000.0,0.0,1.559,33.766,33.693,258720000.0,0.0,25.27,2.339,2.339,177948000.0,915095000.0,1150616000.0,1150616000.0,73925000.0,0.031,0.048,0.127,0.137,3415000.0,231379000.0,1.0,106496695.0,106515000,107229000.0,10.802,1279763000.0,70512000.0,53328000.0,235762000.0,12.015,577466000.0
72,AGN,MRT,2002-03-31,2002-03-31,2002-03-31,2020-05-07,29933000.0,2497933000.0,2540839250.0,799467000.0,1698466000.0,0.452,15.748,-171560000.0,170491000.0,170491000.0,515138000.0,85990000.0,2.933,0.49,452031000.0,56102000.0,395929000.0,452031000.0,0.0,94553000.0,0.0,0.0,0.0,172389000.0,266942000.0,0.232,266942000.0,172389000.0,147135000.0,0.82,0.78,0.82,1676692000.0,1665726750.0,1676692000.0,3252369120.0,19.0,12.184,179017000.0,1.681,1.0,634382000.0,0.552,1325834000.0,25254000.0,1181028000.0,1302469250.0,254990000.0,198045000.0,90099000.0,107946000.0,821241000.0,272611000.0,548630000.0,2884218120.0,141820000.0,0.0,16341000.0,-72557000.0,0.0,-56216000.0,-152541000.0,25187000.0,350577000.0,0.0,85990000.0,85990000.0,85990000.0,0.0,0.0,0.075,556750000.0,77632000.0,153035000.0,0.0,1.72,33.541,33.037,243011000.0,0.0,27.09,2.509,2.509,174420000.0,855139000.0,1149520000.0,1149520000.0,68315000.0,0.034,0.052,0.132,0.15,7315000.0,226260000.0,1.0,106468000.0,106467000,107423000.0,10.797,1172099000.0,58462000.0,61145000.0,200246000.0,11.009,526856000.0
73,AGN,MRT,2001-12-31,2001-12-31,2001-12-31,2020-05-07,57903000.0,2528334000.0,2552898250.0,889738000.0,1638596000.0,0.455,15.755,-101766000.0,193731000.0,193731000.0,512209000.0,116361000.0,3.63,0.512,483805000.0,68102000.0,415703000.0,483805000.0,0.0,101225000.0,0.0,0.0,0.0,226764000.0,327989000.0,0.283,327989000.0,226764000.0,198952000.0,1.1,1.07,1.1,1672050000.0,1644973500.0,1672050000.0,3710181520.0,16.0,11.312,110259000.0,1.039,1.0,648467000.0,0.559,1268924000.0,27812000.0,1304359000.0,1337985000.0,252325000.0,248774000.0,135688000.0,113086000.0,856284000.0,245125000.0,611159000.0,3342030520.0,127537000.0,0.0,22410000.0,-53690000.0,0.0,-31280000.0,-53208000.0,57786000.0,212025000.0,0.0,116361000.0,116361000.0,116361000.0,0.0,0.0,0.1,547148000.0,101319000.0,159809000.0,0.0,1.999,28.721,28.536,234911000.0,0.0,31.39,2.879,2.87,173085000.0,823054000.0,1160676000.0,1160676000.0,64141000.0,0.046,0.071,0.169,0.195,9575000.0,214190000.0,1.0,106468000.0,106130000,108340000.0,10.936,1259410000.0,78378000.0,82591000.0,196911000.0,11.867,644613000.0
74,AGN,MRT,2001-09-30,2001-09-30,2001-09-30,2020-05-07,56866000.0,2537724000.0,2565789250.0,844040000.0,1693684000.0,0.437,15.268,-89710000.0,131500000.0,131500000.0,523934000.0,68157000.0,3.098,0.563,499651000.0,64102000.0,435549000.0,499651000.0,0.0,98107000.0,0.0,0.0,0.0,160532000.0,258639000.0,0.231,258639000.0,160532000.0,131009000.0,0.63,0.6,0.63,1623603000.0,1613953250.0,1623603000.0,6266278843.0,39.0,24.228,-24339000.0,-0.229,1.0,597587000.0,0.533,1278189000.0,29523000.0,1355219000.0,1343113500.0,247299000.0,227408000.0,139069000.0,88339000.0,914121000.0,272467000.0,641654000.0,5817494843.0,22538000.0,-79000.0,23217000.0,-35320000.0,0.0,-27103000.0,-15730000.0,76144000.0,65371000.0,0.0,68157000.0,68157000.0,68157000.0,0.0,0.0,0.061,568619000.0,28968000.0,168973000.0,0.0,3.583,85.354,86.841,224733000.0,0.0,54.71,5.187,5.188,211746000.0,776761000.0,1121521000.0,1121521000.0,71696000.0,0.027,0.042,0.12,0.143,8916000.0,198759000.0,1.0,106333300.0,106343000,106343000.0,10.546,1259535000.0,151204000.0,62852000.0,233152000.0,11.844,571573000.0
75,AGN,MRT,2001-06-30,2001-06-30,2001-06-30,2020-05-07,71757000.0,2599366000.0,2604272500.0,842064000.0,1757302000.0,0.395,15.954,-79007000.0,62745000.0,62745000.0,480453000.0,59252000.0,3.55,0.538,511529000.0,56027000.0,455502000.0,511529000.0,0.0,100219000.0,0.0,0.0,0.0,218914000.0,319133000.0,0.31,319133000.0,218914000.0,185259000.0,0.52,0.49,0.52,1690562000.0,1612674250.0,1690562000.0,7020572800.0,32.0,21.999,-162795000.0,-1.536,1.0,549457000.0,0.534,1441652000.0,33655000.0,1369271000.0,1371454500.0,264788000.0,264570000.0,163046000.0,101524000.0,908804000.0,237227000.0,671577000.0,6525826800.0,-294492000.0,-518262000.0,111675000.0,110372000.0,-1625000.0,220422000.0,-431126000.0,170126000.0,-83788000.0,0.0,59252000.0,59252000.0,59252000.0,0.0,0.0,0.058,494846000.0,54611000.0,174492000.0,0.0,3.86,110.137,118.538,214126000.0,0.0,61.64,6.336,6.342,199258000.0,835394000.0,1029910000.0,1029910000.0,69998000.0,0.023,0.037,0.16,0.213,31132000.0,199456000.0,1.0,105870000.0,105965000,108367000.0,9.719,1157714000.0,50508000.0,126007000.0,203826000.0,10.925,604837000.0
76,AGN,MRT,2001-03-31,2001-03-31,2001-03-31,2020-05-07,56566000.0,2546169000.0,2391986250.0,786976000.0,1759193000.0,0.389,15.077,-62702000.0,28671000.0,28671000.0,442574000.0,89812000.0,2.918,0.598,523417000.0,56883000.0,466534000.0,523417000.0,0.0,85678000.0,0.0,0.0,0.0,260451000.0,346129000.0,0.372,346129000.0,260451000.0,231217000.0,0.86,0.84,0.86,1593679000.0,1529182500.0,1593679000.0,6036190257.0,23.0,17.439,-212811000.0,-2.013,1.0,488562000.0,0.525,1448142000.0,29234000.0,1323091000.0,1246206250.0,242223000.0,233914000.0,122335000.0,111579000.0,952490000.0,269682000.0,682808000.0,5566230257.0,-280848000.0,-518476000.0,110740000.0,122694000.0,-2000000.0,231434000.0,-362173000.0,223241000.0,-150109000.0,0.0,89812000.0,89812000.0,89812000.0,0.0,0.0,0.096,461735000.0,26827000.0,205141000.0,0.0,3.493,61.976,61.163,199472000.0,0.0,52.6,5.978,5.971,193908000.0,769149000.0,931136000.0,931136000.0,68536000.0,0.038,0.059,0.209,0.28,28734000.0,179367000.0,1.0,105821868.0,105702000,108092000.0,8.809,1098027000.0,96791000.0,141405000.0,204025000.0,10.388,517294000.0
77,AGN,MRT,2000-12-31,2000-12-31,2000-12-31,2020-05-07,82168000.0,2579898000.0,2193313750.0,831345000.0,1748553000.0,0.37,15.261,-54149000.0,66194000.0,66194000.0,371781000.0,157495000.0,2.964,0.667,536154000.0,52882000.0,483272000.0,536154000.0,0.0,71409000.0,0.0,0.0,0.0,366457000.0,437866000.0,0.54,437866000.0,366457000.0,342173000.0,1.55,1.52,1.55,1547969000.0,1453456250.0,1547969000.0,5694339194.0,16.0,13.005,-94720000.0,-0.934,1.0,439743000.0,0.542,1444545000.0,24284000.0,1324873000.0,1133759500.0,248945000.0,247586000.0,171452000.0,76134000.0,1031929000.0,280440000.0,751489000.0,5260727194.0,-41978000.0,-542106000.0,109727000.0,135051000.0,-2430000.0,227348000.0,-228755000.0,378736000.0,-40571000.0,0.0,157495000.0,157495000.0,157495000.0,0.0,0.0,0.194,431511000.0,8232000.0,200965000.0,0.0,3.398,33.403,33.026,194487000.0,0.0,51.19,6.483,6.398,85703000.0,706693000.0,811524000.0,811524000.0,67294000.0,0.072,0.108,0.323,0.452,28556000.0,161652000.0,1.0,102768650.0,101430000,103575000.0,8.001,1135353000.0,120287000.0,184678000.0,274903000.0,11.193,550905000.0
78,AGN,MRT,2000-09-30,2000-09-30,2000-09-30,2020-05-07,160072000.0,2691657000.0,1914734500.0,712970000.0,1978687000.0,0.397,15.909,-80142000.0,103334000.0,103334000.0,299172000.0,236228000.0,3.28,0.663,536946000.0,37733000.0,499213000.0,536946000.0,0.0,61430000.0,0.0,0.0,0.0,466952000.0,528382000.0,0.694,528382000.0,466952000.0,447482000.0,2.36,2.33,2.36,1618487000.0,1331191000.0,1618487000.0,6098110000.0,13.0,11.541,-85918000.0,-0.845,1.0,461785000.0,0.607,1439336000.0,19470000.0,1468583000.0,998713500.0,257552000.0,378710000.0,23504000.0,355206000.0,1073170000.0,217350000.0,855820000.0,6301373000.0,19477000.0,-536434000.0,124986000.0,128093000.0,-5607000.0,232758000.0,-207505000.0,419125000.0,-5776000.0,0.0,236228000.0,236228000.0,236228000.0,0.0,0.0,0.31,378065000.0,83720000.0,148366000.0,0.0,3.893,26.675,27.542,184145000.0,0.0,65.0,8.281,8.69,85782000.0,733796000.0,760957000.0,760957000.0,53700000.0,0.123,0.177,0.468,0.614,30378000.0,155474000.0,1.0,96944200.0,101735000,101735000.0,7.48,1252321000.0,81920000.0,211254000.0,363112000.0,12.31,495620000.0
79,AGN,MRT,2000-06-30,2000-06-30,2000-06-30,2020-05-07,150323000.0,1750221000.0,1605101750.0,704925000.0,1045296000.0,0.469,13.645,-107093000.0,353704000.0,353704000.0,262982000.0,340468000.0,6.136,0.29,150441000.0,1280000.0,149161000.0,150441000.0,0.0,47929000.0,0.0,0.0,0.0,550154000.0,598083000.0,0.794,598083000.0,550154000.0,539270000.0,3.4,3.37,3.4,1356595000.0,1190985750.0,1356595000.0,5035267250.0,9.0,8.419,-1552000.0,-0.016,1.0,489861000.0,0.651,563790000.0,10884000.0,868278000.0,858194000.0,149731000.0,357890000.0,23735000.0,334155000.0,393626000.0,114890000.0,278736000.0,5189788250.0,297506000.0,-20344000.0,31763000.0,-1153000.0,-3982000.0,-548000.0,192513000.0,326604000.0,105541000.0,0.0,340468000.0,340468000.0,340468000.0,0.0,0.0,0.452,225383000.0,264478000.0,66966000.0,0.0,3.826,15.243,15.809,147351000.0,0.0,53.75,6.894,7.098,134372000.0,788721000.0,752843000.0,752843000.0,53243000.0,0.212,0.286,0.641,0.731,7552000.0,138758000.0,1.0,96554200.0,99420000,101300000.0,7.572,1186431000.0,25827000.0,198802000.0,156462000.0,11.934,590035000.0
80,AGN,MRT,2000-03-31,2000-03-31,2000-03-31,2020-05-07,191367000.0,1751479000.0,1548646500.0,627508000.0,1123971000.0,0.467,13.03,-133475000.0,305422000.0,305422000.0,246308000.0,289829000.0,4.056,0.357,150901000.0,1555000.0,149346000.0,150901000.0,0.0,46040000.0,0.0,0.0,0.0,459016000.0,505056000.0,0.699,505056000.0,459016000.0,447874000.0,2.91,2.88,2.91,1290774000.0,1123185750.0,1290774000.0,3872800158.0,8.0,7.668,34208000.0,0.345,1.0,476573000.0,0.659,568945000.0,11142000.0,873304000.0,899378250.0,123387000.0,422640000.0,9670000.0,412970000.0,460705000.0,154709000.0,305996000.0,3823663158.0,239775000.0,-23480000.0,22251000.0,-836000.0,-3607000.0,-6580000.0,78672000.0,242281000.0,167683000.0,0.0,289829000.0,289829000.0,289829000.0,0.0,0.0,0.401,218954000.0,257619000.0,55869000.0,0.0,2.962,13.193,13.639,142056000.0,0.0,39.69,5.289,5.439,145254000.0,693720000.0,722881000.0,722881000.0,54119000.0,0.187,0.258,0.51,0.635,13122000.0,132870000.0,1.0,96338200.0,99065000,100680000.0,7.297,1182534000.0,31440000.0,158045000.0,233228000.0,11.937,472799000.0
81,AGN,MRT,1999-12-31,1999-12-31,1999-12-31,2020-05-07,107530000.0,1465581000.0,1427675250.0,459918000.0,1005663000.0,0.494,10.75,-135531000.0,108172000.0,108172000.0,234340000.0,182661000.0,3.05,0.384,152479000.0,2114000.0,150365000.0,152479000.0,0.0,44278000.0,0.0,0.0,0.0,287604000.0,331882000.0,0.471,331882000.0,287604000.0,276412000.0,1.85,1.82,1.85,1058908000.0,1024834750.0,1058908000.0,3503090800.0,12.0,10.555,-7176000.0,-0.073,1.0,470550000.0,0.668,574418000.0,11192000.0,784689000.0,873598750.0,109077000.0,305507000.0,13865000.0,291642000.0,406673000.0,150781000.0,255892000.0,3437043800.0,44596000.0,0.0,16808000.0,-882000.0,-3177000.0,-17631000.0,-66128000.0,67057000.0,128355000.0,0.0,182661000.0,182661000.0,182661000.0,0.0,0.0,0.259,229475000.0,241075000.0,77659000.0,0.0,3.246,18.817,19.357,139603000.0,0.0,35.81,4.876,5.004,198963000.0,551628000.0,704890000.0,704890000.0,51158000.0,0.128,0.178,0.329,0.408,12125000.0,127864000.0,1.0,95980000.0,98500000,100520000.0,7.156,891163000.0,19815000.0,93751000.0,120610000.0,9.047,309137000.0
82,AGN,MRT,1999-09-30,1999-09-30,1999-09-30,2020-05-07,187315000.0,1453126000.0,1344115750.0,373750000.0,1079376000.0,0.494,11.035,-212036000.0,85572000.0,85572000.0,221223000.0,138469000.0,4.063,0.374,151619000.0,1924000.0,149695000.0,151619000.0,0.0,42313000.0,0.0,0.0,0.0,227633000.0,269946000.0,0.406,269946000.0,227633000.0,215608000.0,1.41,1.38,1.41,1057666000.0,959946500.0,1057666000.0,3024298080.0,13.0,11.203,-82025000.0,-0.856,1.0,442879000.0,0.667,520681000.0,12025000.0,906505000.0,837452000.0,106213000.0,451165000.0,28034000.0,423131000.0,395060000.0,91987000.0,303073000.0,2927816080.0,-123766000.0,2172000.0,26933000.0,-1806000.0,0.0,-13128000.0,-240649000.0,-20578000.0,130011000.0,0.0,138469000.0,138469000.0,138469000.0,0.0,0.0,0.209,220608000.0,222271000.0,62525000.0,0.0,2.768,21.144,21.674,135564000.0,0.0,30.56,4.409,4.411,125193000.0,475958000.0,664102000.0,664102000.0,51563000.0,0.103,0.144,0.272,0.343,10844000.0,120010000.0,1.0,95805500.0,95850000,97510000.0,6.929,932445000.0,14573000.0,77139000.0,156876000.0,9.728,281763000.0
83,AGN,MRT,1999-06-30,1999-06-30,1999-06-30,2020-05-07,255474000.0,1524400000.0,1230927000.0,358518000.0,1165882000.0,0.529,11.343,-186481000.0,55818000.0,55818000.0,217690000.0,138014000.0,3.894,0.404,152300000.0,1973000.0,150327000.0,152300000.0,0.0,39824000.0,0.0,0.0,0.0,228548000.0,268372000.0,0.412,268372000.0,228548000.0,216452000.0,1.41,1.37,1.41,1085395000.0,866400500.0,1085395000.0,3443637602.0,15.0,12.832,-90067000.0,-0.941,1.0,433960000.0,0.666,495797000.0,12096000.0,1033015000.0,733042250.0,108623000.0,569918000.0,34098000.0,535820000.0,438605000.0,92070000.0,346535000.0,3353548602.0,-139324000.0,71000.0,26933000.0,-2198000.0,0.0,-13274000.0,-222464000.0,-25847000.0,96414000.0,0.0,138014000.0,138014000.0,138014000.0,0.0,0.0,0.212,215623000.0,218337000.0,67953000.0,0.0,3.09,24.299,24.865,134265000.0,0.0,35.06,5.146,5.148,129615000.0,439256000.0,651650000.0,651650000.0,53415000.0,0.112,0.159,0.312,0.351,11101000.0,115303000.0,1.0,95651700.0,95690000,97930000.0,6.81,1028603000.0,16183000.0,78438000.0,195312000.0,10.749,266448000.0
84,AGN,MRT,1999-03-31,1999-03-31,1999-03-31,2020-05-07,124955000.0,1267594000.0,1095348750.0,354745000.0,912849000.0,0.579,9.395,-175515000.0,65831000.0,65831000.0,216398000.0,126046000.0,3.135,0.412,155920000.0,2109000.0,153811000.0,155920000.0,0.0,37736000.0,0.0,0.0,0.0,217029000.0,254765000.0,0.402,254765000.0,217029000.0,206220000.0,1.29,1.25,1.29,897370000.0,756532000.0,897370000.0,4323625877.0,20.0,16.971,-84222000.0,-0.882,1.0,417694000.0,0.659,474349000.0,10809000.0,770186000.0,590244250.0,102646000.0,328953000.0,20838000.0,308115000.0,369824000.0,113148000.0,256676000.0,4218492877.0,20761000.0,-3363000.0,26933000.0,141273000.0,0.0,128832000.0,-199364000.0,-10279000.0,91293000.0,0.0,126046000.0,126046000.0,126046000.0,0.0,0.0,0.199,213595000.0,204099000.0,77876000.0,0.0,4.701,33.468,34.209,130385000.0,0.0,44.13,6.653,6.648,118195000.0,393090000.0,634092000.0,634092000.0,52556000.0,0.115,0.167,0.368,0.342,4318000.0,116030000.0,1.0,95592406.0,95520000,98160000.0,6.638,793245000.0,25197000.0,80174000.0,116028000.0,8.304,241597000.0
85,AGN,MRT,1998-12-31,1998-12-31,1998-12-31,2020-05-07,60144000.0,1131343000.0,972364750.0,322794000.0,808549000.0,0.624,8.202,-204781000.0,59663000.0,59663000.0,212041000.0,121774000.0,3.135,0.415,152926000.0,1843000.0,151083000.0,152926000.0,0.0,35366000.0,0.0,0.0,0.0,208277000.0,243643000.0,0.401,243643000.0,208277000.0,200022000.0,1.25,1.22,1.25,799355000.0,681054750.0,799355000.0,5580560080.0,27.0,22.905,-82764000.0,-0.849,1.0,395144000.0,0.651,481551000.0,8255000.0,640102000.0,461762250.0,81907000.0,233983000.0,32903000.0,201080000.0,331588000.0,102953000.0,228635000.0,5625622080.0,-35091000.0,-71559000.0,26933000.0,141124000.0,0.0,123057000.0,-280165000.0,6382000.0,122017000.0,0.0,121774000.0,121774000.0,121774000.0,0.0,0.0,0.201,201890000.0,193254000.0,70730000.0,0.0,7.038,46.197,50.304,125918000.0,0.0,62.88,9.265,10.093,91329000.0,370119000.0,607185000.0,607185000.0,53077000.0,0.125,0.179,0.451,0.343,13593000.0,113344000.0,1.0,89466000.0,97460000,100140000.0,6.23,649792000.0,29634000.0,78248000.0,54512000.0,6.667,219841000.0
86,AGN,MRT,1998-09-30,1998-09-30,1998-09-30,2020-05-07,37937000.0,1000371000.0,878280250.0,384376000.0,615995000.0,0.674,7.195,-182069000.0,196126000.0,196126000.0,200981000.0,124033000.0,3.521,0.462,151064000.0,971000.0,150093000.0,151064000.0,0.0,33175000.0,0.0,0.0,0.0,204524000.0,237699000.0,0.402,237699000.0,204524000.0,198920000.0,1.27,1.24,1.27,683482000.0,622474500.0,683482000.0,4588331485.0,22.0,19.303,-19961000.0,-0.21,1.0,390774000.0,0.66,357272000.0,5604000.0,488866000.0,373348750.0,69947000.0,156242000.0,2928000.0,153314000.0,315889000.0,109171000.0,206718000.0,4621107485.0,92611000.0,-82538000.0,2787000.0,139486000.0,0.0,119862000.0,-189359000.0,75248000.0,162108000.0,0.0,124033000.0,124033000.0,124033000.0,0.0,0.0,0.21,202720000.0,188054000.0,66333000.0,0.0,6.761,37.257,40.748,105409000.0,0.0,51.75,7.809,8.307,75234000.0,353450000.0,591755000.0,591755000.0,59268000.0,0.141,0.199,0.548,0.346,13225000.0,110877000.0,1.0,89296763.0,94995000,97675000.0,6.229,643099000.0,39090000.0,74887000.0,47992000.0,6.77,275205000.0
87,AGN,MRT,1998-06-30,1998-06-30,1998-06-30,2020-05-07,37674000.0,982087000.0,,375713000.0,606374000.0,,6.812,-177419000.0,184246000.0,184246000.0,178312000.0,115384000.0,2.934,0.519,151470000.0,855000.0,150615000.0,151470000.0,0.0,29559000.0,0.0,0.0,0.0,187932000.0,217491000.0,0.414,217491000.0,187932000.0,185071000.0,1.21,1.18,1.21,645921000.0,,645921000.0,4136022946.0,22.0,19.017,-11206000.0,-0.118,1.0,346495000.0,0.66,359418000.0,2861000.0,461823000.0,,71502000.0,154288000.0,4361000.0,149927000.0,335144000.0,128070000.0,207074000.0,4162651946.0,48835000.0,-80026000.0,9266000.0,140355000.0,0.0,69426000.0,-186804000.0,70641000.0,166213000.0,0.0,115384000.0,115384000.0,115384000.0,0.0,0.0,0.22,174628000.0,171867000.0,72798000.0,0.0,6.445,36.077,38.587,97029000.0,0.0,46.69,7.932,8.436,79226000.0,319625000.0,524807000.0,524807000.0,49544000.0,,,,0.358,15429000.0,94800000.0,1.0,89155107.0,94825000,97460000.0,5.534,622669000.0,35258000.0,69687000.0,60376000.0,6.567,247643000.0
88,AGN,MRT,1998-03-31,1998-03-31,1998-03-31,2020-05-07,23039000.0,775658000.0,,203509000.0,572149000.0,,6.34,-198683000.0,29665000.0,29665000.0,150989000.0,100298000.0,1.563,0.301,3036000.0,859000.0,2177000.0,3036000.0,0.0,23145000.0,0.0,0.0,0.0,164576000.0,187721000.0,0.431,187721000.0,164576000.0,163136000.0,1.07,1.05,1.07,595461000.0,,595461000.0,3098245760.0,19.0,16.505,-49839000.0,-0.531,1.0,284869000.0,0.654,362575000.0,1440000.0,256258000.0,,64515000.0,122008000.0,5547000.0,116461000.0,179175000.0,130196000.0,48979000.0,3177833760.0,-122140000.0,-89157000.0,12892000.0,-3886000.0,0.0,-72612000.0,-198372000.0,89468000.0,148844000.0,0.0,100298000.0,100298000.0,100298000.0,0.0,0.0,0.23,139823000.0,145046000.0,64908000.0,0.0,5.337,31.684,33.645,93113000.0,0.0,36.0,7.291,7.758,73056000.0,286862000.0,435858000.0,435858000.0,41049000.0,,,,0.378,15299000.0,75331000.0,1.0,88273160.0,93922000,96364000.0,4.641,413083000.0,29805000.0,62838000.0,41231000.0,4.398,73313000.0
89,AGN,MRT,1997-12-31,1997-12-31,1997-12-31,2020-05-07,33025000.0,755005000.0,613929500.0,246789000.0,508216000.0,0.59,6.107,-162905000.0,82837000.0,82837000.0,131037000.0,95650000.0,2.472,0.335,3249000.0,864000.0,2385000.0,3249000.0,0.0,17651000.0,0.0,0.0,0.0,151733000.0,169384000.0,0.468,169384000.0,151733000.0,150449000.0,1.03,1.01,1.03,565034000.0,494071000.0,565034000.0,,,,-58691000.0,-0.634,1.0,231184000.0,0.638,289129000.0,1284000.0,286448000.0,285272000.0,46967000.0,163185000.0,32102000.0,131083000.0,189112000.0,99840000.0,89272000.0,2863581310.0,-79521000.0,-21111000.0,16396000.0,-3566000.0,0.0,-42170000.0,-141565000.0,42451000.0,104214000.0,0.0,95650000.0,95650000.0,95650000.0,0.0,0.0,0.264,103656000.0,127528000.0,44423000.0,0.0,5.068,29.938,31.495,88004000.0,0.0,32.44,7.906,8.286,65068000.0,275037000.0,362221000.0,362221000.0,35007000.0,0.156,0.194,0.532,0.419,10882000.0,60967000.0,1.0,88273160.0,92525000,95115000.0,3.915,465876000.0,19399000.0,54799000.0,46440000.0,5.035,146949000.0
90,AGN,MRT,1997-09-30,1997-09-30,1997-09-30,2020-05-07,,,,,,,,,,,,,,,,,,,,,,0.0,0.0,,,,,,,,,,,,,,,,,,1.0,,,,,,,,,,,,,,,,,,,,,,,,,,,,,,,,,,,,,,,,29.875,,,,,,,,,,,,,,1.0,,87541000,,,,,,,,
91,AGN,MRT,1997-06-30,1997-06-30,1997-06-30,2020-05-07,,,,,,,,,,,,,,,,,,,,,,0.0,0.0,,,,,,,,,,,,,,,,,,1.0,,,,,,,,,,,,,,,,,,,,,,,,,,,,,,,,,,,,,,,,21.125,,,,,,,,,,,,,,1.0,,86706000,,,,,,,,
92,AGN,MRT,1997-03-31,1997-03-31,1997-03-31,2020-05-07,,,,,,,,,,,,,,,,,,,,,,0.0,0.0,,,,,,,,,,,,,,,,,,1.0,,,,,,,,,,,,,,,,,,,,,,,,,,,,,,,,,,,,,,,,17.875,,,,,,,,,,,,,,1.0,,86279000,,,,,,,,
93,AGN,MRT,1996-12-31,1996-12-31,1996-12-31,2020-05-07,7189000.0,472854000.0,,326203000.0,146651000.0,,4.976,-12375000.0,158221000.0,158221000.0,101921000.0,78562000.0,9.809,0.117,4889000.0,1025000.0,3864000.0,4889000.0,0.0,8625000.0,0.0,0.0,0.0,114899000.0,123524000.0,0.552,123524000.0,114899000.0,114478000.0,0.92,0.89,0.92,423108000.0,,423108000.0,,,,94527000.0,1.112,1.0,121718000.0,0.544,2171000.0,421000.0,284096000.0,,32429000.0,147017000.0,80966000.0,66051000.0,49345000.0,33255000.0,16090000.0,,60714000.0,-3090000.0,9210000.0,-143000.0,0.0,9067000.0,-55255000.0,-39790000.0,106902000.0,0.0,78562000.0,78562000.0,78562000.0,0.0,0.0,0.351,35010000.0,86708000.0,31758000.0,0.0,,,24.424,78429000.0,0.0,22.47,,8.543,38399000.0,184853000.0,223639000.0,223639000.0,22895000.0,,,,0.514,7752000.0,38891000.0,1.0,,85028000,88081000.0,2.63,470683000.0,9807000.0,35916000.0,12698000.0,5.536,292948000.0
94,AGN,MRT,1995-12-31,1995-12-31,1995-12-31,2020-05-07,,,,,,,,-24414000.0,,,81417000.0,48181000.0,,,,,,,,7366000.0,,0.0,0.0,73048000.0,80414000.0,0.418,80414000.0,73048000.0,73048000.0,0.58,0.56,0.58,,,,,,,8765000.0,0.105,1.0,111057000.0,0.577,,0.0,,,,,,,,,,,19566000.0,-15645000.0,12204000.0,-1390000.0,0.0,10814000.0,-24427000.0,16450000.0,33179000.0,0.0,48181000.0,48181000.0,48181000.0,0.0,0.0,0.25,73680000.0,37377000.0,,0.0,,,42.241,,0.0,24.5,,10.605,,,192474000.0,192474000.0,24562000.0,,,,0.38,6808000.0,34873000.0,1.0,,83317000,85515000.0,2.31,,,24867000.0,,,
