None,ticker,dimension,calendardate,datekey,reportperiod,lastupdated,accoci,assets,assetsavg,assetsc,assetsnc,assetturnover,bvps,capex,cashneq,cashnequsd,cor,consolinc,currentratio,de,debt,debtc,debtnc,debtusd,deferredrev,depamor,deposits,divyield,dps,ebit,ebitda,ebitdamargin,ebitdausd,ebitusd,ebt,eps,epsdil,epsusd,equity,equityavg,equityusd,ev,evebit,evebitda,fcf,fcfps,fxusd,gp,grossmargin,intangibles,intexp,invcap,invcapavg,inventory,investments,investmentsc,investmentsnc,liabilities,liabilitiesc,liabilitiesnc,marketcap,ncf,ncfbus,ncfcommon,ncfdebt,ncfdiv,ncff,ncfi,ncfinv,ncfo,ncfx,netinc,netinccmn,netinccmnusd,netincdis,netincnci,netmargin,opex,opinc,payables,payoutratio,pb,pe,pe1,ppnenet,prefdivis,price,ps,ps1,receivables,retearn,revenue,revenueusd,rnd,roa,roe,roic,ros,sbcomp,sgna,sharefactor,sharesbas,shareswa,shareswadil,sps,tangibles,taxassets,taxexp,taxliabilities,tbvps,workingcapital
0,ABBV,MRY,2020-12-31,2020-12-31,2020-12-31,2021-08-02,-3117000000.0,150565000000.0,135228750000.0,24173000000.0,126392000000.0,0.339,7.844,-798000000.0,8449000000.0,8449000000.0,15387000000.0,4622000000.0,0.843,10.513,86056000000.0,8502000000.0,77554000000.0,86056000000.0,0.0,6471000000.0,0.0,0.044,4.72,5672000000.0,12143000000.0,0.265,12143000000.0,5672000000.0,3392000000.0,2.73,2.72,2.73,13076000000.0,8909750000.0,13076000000.0,268339530849.0,47.0,22.098,16790000000.0,10.072,1.0,30417000000.0,0.664,116000000000.0,2280000000.0,83511000000.0,81177750000.0,3310000000.0,323000000.0,30000000.0,293000000.0,137468000000.0,28661000000.0,108807000000.0,189170530849.0,-31475000000.0,-39610000000.0,-769000000.0,-2703000000.0,-7716000000.0,-11501000000.0,-37557000000.0,1464000000.0,17588000000.0,-5000000.0,4616000000.0,4616000000.0,4616000000.0,0.0,6000000.0,0.101,19054000000.0,11363000000.0,20159000000.0,1.729,14.467,40.981,39.249,5248000000.0,0.0,107.15,4.13,3.9,8822000000.0,1055000000.0,45804000000.0,45804000000.0,6557000000.0,0.034,0.518,0.07,0.124,753000000.0,11299000000.0,1.0,1765473923.0,1667000000.0,1673000000.0,27.477,34565000000.0,0.0,-1224000000.0,3646000000.0,20.735,-4488000000.0
1,ABBV,MRY,2019-12-31,2019-12-31,2019-12-31,2021-08-02,-3596000000.0,89115000000.0,65616750000.0,49519000000.0,39596000000.0,0.507,-5.518,-552000000.0,39924000000.0,39924000000.0,7439000000.0,7882000000.0,3.177,-11.905,66728000000.0,3753000000.0,62975000000.0,66728000000.0,0.0,2017000000.0,0.0,0.048,4.28,9935000000.0,11952000000.0,0.359,11952000000.0,9935000000.0,8426000000.0,5.3,5.28,5.3,-8172000000.0,-8197500000.0,-8172000000.0,158688820991.0,16.0,13.277,12772000000.0,8.624,1.0,25827000000.0,0.776,34253000000.0,1509000000.0,66081000000.0,44014500000.0,1813000000.0,93000000.0,0.0,93000000.0,97287000000.0,15585000000.0,81702000000.0,130934820991.0,32635000000.0,-1135000000.0,-621000000.0,25823000000.0,-6366000000.0,18708000000.0,596000000.0,2116000000.0,13324000000.0,7000000.0,7882000000.0,7882000000.0,7882000000.0,0.0,0.0,0.237,12844000000.0,12983000000.0,11832000000.0,0.808,-16.022,16.612,16.706,2962000000.0,0.0,88.54,3.936,3.942,5428000000.0,4717000000.0,33266000000.0,33266000000.0,6407000000.0,0.12,-0.962,0.226,0.299,430000000.0,6942000000.0,1.0,1478821109.0,1481000000.0,1484000000.0,22.462,54862000000.0,0.0,544000000.0,1130000000.0,37.044,33934000000.0
2,ABBV,MRY,2018-12-31,2018-12-31,2018-12-31,2021-08-02,-2480000000.0,59352000000.0,64124750000.0,16945000000.0,42407000000.0,0.511,-5.481,-638000000.0,7289000000.0,7289000000.0,7718000000.0,5687000000.0,0.983,-8.027,40310000000.0,5308000000.0,35002000000.0,40310000000.0,0.0,1765000000.0,0.0,0.039,3.59,6341000000.0,8106000000.0,0.247,8106000000.0,6341000000.0,5197000000.0,3.67,3.66,3.67,-8446000000.0,-2797250000.0,-8446000000.0,171166703186.0,27.0,21.116,12789000000.0,8.299,1.0,25035000000.0,0.764,36896000000.0,1144000000.0,38238000000.0,38000750000.0,1605000000.0,2192000000.0,772000000.0,1420000000.0,67798000000.0,17239000000.0,50559000000.0,138673703186.0,-2014000000.0,-736000000.0,-11941000000.0,3189000000.0,-5580000000.0,-14396000000.0,-1006000000.0,368000000.0,13427000000.0,-39000000.0,5687000000.0,5687000000.0,5687000000.0,0.0,0.0,0.174,18652000000.0,6383000000.0,11931000000.0,0.978,-16.419,24.384,25.12,2883000000.0,0.0,92.19,4.234,4.337,5384000000.0,3368000000.0,32753000000.0,32753000000.0,10329000000.0,0.089,-2.033,0.167,0.194,421000000.0,7399000000.0,1.0,1504216327.0,1541000000.0,1546000000.0,21.254,22456000000.0,0.0,-490000000.0,1067000000.0,14.572,-294000000.0
3,ABBV,MRY,2017-12-31,2017-12-31,2017-12-31,2021-08-02,-2727000000.0,70786000000.0,68071000000.0,21223000000.0,49563000000.0,0.415,3.194,-529000000.0,9303000000.0,9303000000.0,7042000000.0,5309000000.0,1.275,12.888,37368000000.0,6415000000.0,30953000000.0,37368000000.0,0.0,1501000000.0,0.0,0.026,2.56,8731000000.0,10232000000.0,0.363,10232000000.0,8731000000.0,7727000000.0,3.31,3.3,3.31,5097000000.0,5697750000.0,5097000000.0,183739720155.0,21.0,17.957,9431000000.0,5.909,1.0,21174000000.0,0.75,43344000000.0,1004000000.0,38866000000.0,41721250000.0,1605000000.0,2576000000.0,486000000.0,2090000000.0,65689000000.0,16641000000.0,49048000000.0,154390720155.0,4203000000.0,-308000000.0,-1156000000.0,-2000000.0,-4107000000.0,-5512000000.0,-274000000.0,563000000.0,9960000000.0,29000000.0,5309000000.0,5309000000.0,5309000000.0,0.0,0.0,0.188,11629000000.0,9545000000.0,10226000000.0,0.773,30.291,29.081,29.218,2803000000.0,0.0,96.71,5.472,5.47,5088000000.0,5459000000.0,28216000000.0,28216000000.0,5007000000.0,0.078,0.932,0.209,0.309,365000000.0,6295000000.0,1.0,1596429740.0,1596000000.0,1603000000.0,17.679,27442000000.0,0.0,2418000000.0,2490000000.0,17.194,4582000000.0
4,ABBV,MRY,2016-12-31,2016-12-31,2016-12-31,2021-08-02,-2586000000.0,66099000000.0,63414000000.0,16187000000.0,49912000000.0,0.404,2.858,-479000000.0,5100000000.0,5100000000.0,5832000000.0,5953000000.0,1.655,13.258,36842000000.0,402000000.0,36440000000.0,36842000000.0,0.0,1189000000.0,0.0,0.036,2.28,8849000000.0,10038000000.0,0.392,10038000000.0,8849000000.0,7884000000.0,3.65,3.63,3.65,4636000000.0,5347000000.0,4636000000.0,132855700131.0,15.0,13.235,6562000000.0,4.046,1.0,19806000000.0,0.773,44313000000.0,965000000.0,43747000000.0,41680250000.0,1444000000.0,3106000000.0,1323000000.0,1783000000.0,61463000000.0,9781000000.0,51682000000.0,101763700131.0,-3299000000.0,-2757000000.0,-5765000000.0,5525000000.0,-3717000000.0,-3928000000.0,-6074000000.0,-2956000000.0,7041000000.0,-338000000.0,5953000000.0,5953000000.0,5953000000.0,0.0,0.0,0.232,10466000000.0,9340000000.0,9379000000.0,0.625,21.951,17.095,17.156,2604000000.0,0.0,62.62,3.969,3.962,4758000000.0,4378000000.0,25638000000.0,25638000000.0,4385000000.0,0.094,1.113,0.212,0.345,353000000.0,5881000000.0,1.0,1625099012.0,1622000000.0,1631000000.0,15.806,21786000000.0,0.0,1931000000.0,6890000000.0,13.432,6406000000.0
5,ABBV,MRY,2015-12-31,2015-12-31,2015-12-31,2021-08-02,-2561000000.0,53050000000.0,47109000000.0,16314000000.0,36736000000.0,0.485,2.428,-532000000.0,8399000000.0,8399000000.0,4500000000.0,5144000000.0,1.498,12.447,31671000000.0,2431000000.0,29240000000.0,31671000000.0,0.0,836000000.0,0.0,0.034,2.02,7331000000.0,8167000000.0,0.357,8167000000.0,7331000000.0,6645000000.0,3.15,3.13,3.15,3945000000.0,3922250000.0,3945000000.0,119746407363.0,16.0,14.662,7003000000.0,4.31,1.0,18359000000.0,0.803,32877000000.0,686000000.0,32551000000.0,29396750000.0,1719000000.0,153000000.0,8000000.0,145000000.0,49105000000.0,10894000000.0,38211000000.0,96842407363.0,51000000.0,-12452000000.0,-7431000000.0,16441000000.0,-3294000000.0,5752000000.0,-12936000000.0,48000000.0,7535000000.0,-300000000.0,5144000000.0,5144000000.0,5144000000.0,0.0,0.0,0.225,10822000000.0,7537000000.0,8463000000.0,0.641,24.548,18.826,18.806,2565000000.0,0.0,59.24,4.237,4.211,4730000000.0,2248000000.0,22859000000.0,22859000000.0,4285000000.0,0.109,1.311,0.249,0.321,282000000.0,6387000000.0,1.0,1634746917.0,1625000000.0,1637000000.0,14.067,20173000000.0,0.0,1501000000.0,5276000000.0,12.414,5420000000.0
6,ABBV,MRY,2014-12-31,2014-12-31,2014-12-31,2021-08-02,-2031000000.0,27513000000.0,28417250000.0,16081000000.0,11432000000.0,0.702,1.092,-612000000.0,8348000000.0,8348000000.0,4426000000.0,1774000000.0,1.411,14.794,14977000000.0,4439000000.0,10538000000.0,14977000000.0,0.0,786000000.0,0.0,0.025,1.66,2760000000.0,3546000000.0,0.178,3546000000.0,2760000000.0,2369000000.0,1.11,1.1,1.11,1742000000.0,4075500000.0,1742000000.0,108741286533.0,39.0,30.666,2937000000.0,1.841,1.0,15534000000.0,0.778,7375000000.0,391000000.0,15374000000.0,18801750000.0,1124000000.0,118000000.0,26000000.0,92000000.0,25771000000.0,11393000000.0,14378000000.0,104263286533.0,-1247000000.0,-622000000.0,-433000000.0,-146000000.0,-2661000000.0,-3293000000.0,-926000000.0,308000000.0,3549000000.0,-577000000.0,1774000000.0,1774000000.0,1774000000.0,0.0,0.0,0.089,12123000000.0,3411000000.0,6954000000.0,1.495,59.853,58.773,58.955,2485000000.0,0.0,65.44,5.224,5.229,3735000000.0,535000000.0,19960000000.0,19960000000.0,3297000000.0,0.062,0.435,0.147,0.138,241000000.0,7724000000.0,1.0,1593265381.0,1595000000.0,1610000000.0,12.514,20138000000.0,896000000.0,595000000.0,159000000.0,12.626,4688000000.0
7,ABBV,MRY,2013-12-31,2013-12-31,2013-12-31,2021-08-02,-442000000.0,29198000000.0,28132250000.0,17848000000.0,11350000000.0,0.668,2.827,-491000000.0,9595000000.0,9595000000.0,4581000000.0,4128000000.0,2.595,5.5,14723000000.0,431000000.0,14292000000.0,14723000000.0,0.0,897000000.0,0.0,0.03,1.6,5610000000.0,6507000000.0,0.346,6507000000.0,5610000000.0,5332000000.0,2.58,2.56,2.58,4492000000.0,3646000000.0,4492000000.0,89847412292.0,16.0,13.808,5776000000.0,3.635,1.0,14209000000.0,0.756,8167000000.0,278000000.0,19280000000.0,19361500000.0,1150000000.0,418000000.0,300000000.0,118000000.0,24706000000.0,6879000000.0,17827000000.0,84013412292.0,3694000000.0,-405000000.0,27000000.0,-601000000.0,-2555000000.0,-3442000000.0,879000000.0,1775000000.0,6267000000.0,-10000000.0,4128000000.0,4128000000.0,4128000000.0,0.0,0.0,0.22,8545000000.0,5664000000.0,6448000000.0,0.62,18.703,20.352,20.469,2298000000.0,0.0,52.81,4.471,4.466,3854000000.0,1567000000.0,18790000000.0,18790000000.0,2855000000.0,0.147,1.132,0.29,0.299,212000000.0,5352000000.0,1.0,1590861812.0,1589000000.0,1604000000.0,11.825,21031000000.0,1715000000.0,1204000000.0,0.0,13.235,10969000000.0
8,ABBV,MRY,2012-12-31,2012-12-31,2012-12-31,2021-08-02,-350000000.0,27008000000.0,23264500000.0,15354000000.0,11654000000.0,0.79,2.133,-333000000.0,5901000000.0,5901000000.0,4508000000.0,5275000000.0,2.266,7.031,15672000000.0,1042000000.0,14630000000.0,15672000000.0,0.0,1150000000.0,0.0,,0.0,5809000000.0,6959000000.0,0.379,6959000000.0,5809000000.0,5725000000.0,3.35,3.35,3.35,3363000000.0,7647500000.0,3363000000.0,,,,6012000000.0,3.812,1.0,13872000000.0,0.755,8453000000.0,84000000.0,21550000000.0,13092500000.0,1091000000.0,2194000000.0,2075000000.0,119000000.0,23645000000.0,6776000000.0,16869000000.0,,5874000000.0,-688000000.0,0.0,15586000000.0,0.0,1931000000.0,-2418000000.0,-1397000000.0,6345000000.0,16000000.0,5275000000.0,5275000000.0,5275000000.0,0.0,0.0,0.287,8055000000.0,5817000000.0,5734000000.0,0.0,,,,2247000000.0,0.0,,,,4298000000.0,0.0,18380000000.0,18380000000.0,2778000000.0,0.227,0.69,0.444,0.316,187000000.0,4989000000.0,1.0,1580000000.0,1577000000.0,1577000000.0,11.655,18555000000.0,669000000.0,450000000.0,0.0,11.766,8578000000.0
9,ABBV,MRY,2011-12-31,2011-12-31,2011-12-31,2021-08-02,-25000000.0,19521000000.0,20327852500.0,7354000000.0,12167000000.0,0.858,7.566,-356000000.0,27000000.0,27000000.0,4639000000.0,3433000000.0,1.247,0.636,48000000.0,16000000.0,32000000.0,48000000.0,0.0,1272000000.0,0.0,,0.0,3648000000.0,4920000000.0,0.282,4920000000.0,3648000000.0,3668000000.0,2.18,2.18,2.18,11932000000.0,13817499500.0,11932000000.0,,,,5891000000.0,3.736,1.0,12805000000.0,0.734,9010000000.0,-20000000.0,4635000000.0,6055226500.0,872000000.0,855000000.0,626000000.0,229000000.0,7589000000.0,5897000000.0,1692000000.0,,17000000.0,-273000000.0,0.0,0.0,0.0,-6783000000.0,553000000.0,-688000000.0,6247000000.0,0.0,3433000000.0,3433000000.0,3433000000.0,0.0,0.0,0.197,9185000000.0,3620000000.0,5881000000.0,0.0,,,,2144000000.0,0.0,,,,3817000000.0,,17444000000.0,17444000000.0,2618000000.0,0.169,0.248,0.602,0.209,163000000.0,5894000000.0,1.0,1580000000.0,1577000000.0,1577000000.0,11.062,10511000000.0,1469000000.0,235000000.0,0.0,6.665,1457000000.0
10,ABBV,MRY,2010-12-31,2010-12-31,2010-12-31,2021-08-02,288289000.0,21134705000.0,,8218493000.0,12916212000.0,,,-448000000.0,9644000.0,9644000.0,4293000000.0,4178000000.0,2.185,0.346,0.0,0.0,0.0,0.0,0.0,1184000000.0,0.0,,0.0,4808000000.0,5992000000.0,0.383,5992000000.0,4808000000.0,4836000000.0,2.65,2.65,2.65,15702999000.0,,15702999000.0,,,,4528000000.0,,1.0,11345000000.0,0.725,9888360000.0,-28000000.0,7475453000.0,,836270000.0,2010981000.0,1873621000.0,137360000.0,5431706000.0,3761248000.0,1670458000.0,,10000000.0,-2621000000.0,0.0,0.0,0.0,65000000.0,-5031000000.0,-92000000.0,4976000000.0,0.0,4178000000.0,4178000000.0,4178000000.0,0.0,0.0,0.267,6628000000.0,4717000000.0,356784000.0,0.0,,,,2357563000.0,0.0,,,,3373104000.0,,15638000000.0,15638000000.0,2495000000.0,,,,0.307,167000000.0,3820000000.0,1.0,,,,,11246345000.0,2169740000.0,658000000.0,0.0,,4457245000.0
11,ABBV,MRY,2009-12-31,2009-12-31,2009-12-31,2021-08-02,,,,,,,,-312565000.0,,,4056390000.0,4636515000.0,,,,,,,,697492000.0,,,0.0,5950317000.0,6647809000.0,0.468,6647809000.0,5950317000.0,5950317000.0,,,,,,,,,,5054771000.0,,1.0,10157806000.0,0.715,,0.0,,,,,,,,,,,-170000.0,-170000000.0,0.0,-34766000.0,0.0,-4881151000.0,-486355000.0,-4207000.0,5367336000.0,0.0,4636515000.0,4636515000.0,4636515000.0,0.0,0.0,0.326,5226012000.0,4931794000.0,,,,,,,0.0,,,,,,14214196000.0,14214196000.0,1707440000.0,,,,0.419,156718000.0,3348572000.0,1.0,,,,,,,1313802000.0,,,
0,ABBV,MRQ,2021-06-30,2021-06-30,2021-06-30,2021-08-02,-3103000000.0,147972000000.0,,25999000000.0,121973000000.0,,7.105,-195000000.0,8546000000.0,8546000000.0,4523000000.0,769000000.0,0.906,10.771,82138000000.0,7901000000.0,74237000000.0,82138000000.0,0.0,2200000000.0,0.0,0.044,1.3,1766000000.0,3966000000.0,0.284,3966000000.0,1766000000.0,1160000000.0,0.42,0.42,0.42,12569000000.0,,12569000000.0,274722283927.0,32.0,15.927,4695000000.0,2.654,1.0,9436000000.0,0.676,111738000000.0,606000000.0,81142000000.0,,3386000000.0,320000000.0,54000000.0,266000000.0,135378000000.0,28684000000.0,106694000000.0,198947283927.0,-1209000000.0,-147000000.0,63000000.0,-3461000000.0,-2310000000.0,-5884000000.0,-242000000.0,14000000.0,4890000000.0,27000000.0,766000000.0,766000000.0,766000000.0,0.0,3000000.0,0.055,4995000000.0,4441000000.0,20783000000.0,3.095,15.828,29.859,30.692,5161000000.0,0.0,112.64,3.703,3.709,9914000000.0,740000000.0,13959000000.0,13959000000.0,1802000000.0,,,,,159000000.0,3164000000.0,1.0,1766222336.0,1769000000.0,1776000000.0,7.891,36234000000.0,0.0,394000000.0,3661000000.0,20.483,-2685000000.0
1,ABBV,MRQ,2021-03-31,2021-03-31,2021-03-31,2021-08-02,-3295000000.0,150501000000.0,,26569000000.0,123932000000.0,,7.75,-188000000.0,9755000000.0,9755000000.0,4213000000.0,3555000000.0,0.832,9.976,85530000000.0,11347000000.0,74183000000.0,85530000000.0,0.0,2215000000.0,0.0,0.045,1.3,4487000000.0,6702000000.0,0.515,6702000000.0,4487000000.0,3865000000.0,2.0,1.99,2.0,13710000000.0,,13710000000.0,268710716492.0,41.0,18.205,4689000000.0,2.651,1.0,8797000000.0,0.676,113642000000.0,622000000.0,80683000000.0,,3272000000.0,327000000.0,22000000.0,305000000.0,136768000000.0,31951000000.0,104817000000.0,191103716492.0,1306000000.0,-198000000.0,-716000000.0,0.0,-2322000000.0,-3174000000.0,-342000000.0,-5000000.0,4877000000.0,-55000000.0,3553000000.0,3553000000.0,3553000000.0,0.0,2000000.0,0.273,4694000000.0,4103000000.0,20604000000.0,0.65,13.939,37.043,38.789,5193000000.0,0.0,108.22,3.807,3.814,9588000000.0,2292000000.0,13010000000.0,13010000000.0,1782000000.0,,,,,269000000.0,2842000000.0,1.0,1765881690.0,1769000000.0,1775000000.0,7.354,36859000000.0,0.0,312000000.0,3768000000.0,20.836,-5382000000.0
2,ABBV,MRQ,2020-12-31,2020-12-31,2020-12-31,2021-08-02,-3117000000.0,150565000000.0,,24173000000.0,126392000000.0,,7.392,-279000000.0,8449000000.0,8449000000.0,4684000000.0,38000000.0,0.843,10.513,86056000000.0,8502000000.0,77554000000.0,86056000000.0,0.0,2065000000.0,0.0,0.044,1.18,-891000000.0,1174000000.0,0.085,1174000000.0,-891000000.0,-1509000000.0,-0.05,-0.05,-0.05,13076000000.0,,13076000000.0,268339530849.0,47.0,22.098,4575000000.0,2.586,1.0,9174000000.0,0.662,116000000000.0,618000000.0,83511000000.0,,3310000000.0,323000000.0,30000000.0,293000000.0,137468000000.0,28661000000.0,108807000000.0,189170530849.0,559000000.0,-400000000.0,-196000000.0,-1269000000.0,-2101000000.0,-3695000000.0,-627000000.0,47000000.0,4854000000.0,27000000.0,36000000.0,36000000.0,36000000.0,0.0,2000000.0,0.003,5421000000.0,3753000000.0,20159000000.0,-23.6,14.467,40.981,39.249,5248000000.0,0.0,107.15,4.13,3.9,8822000000.0,1055000000.0,13858000000.0,13858000000.0,1890000000.0,,,,,136000000.0,3231000000.0,1.0,1765473923.0,1769000000.0,1781000000.0,7.834,34565000000.0,0.0,-1545000000.0,3646000000.0,19.539,-4488000000.0
3,ABBV,MRQ,2020-09-30,2020-09-30,2020-09-30,2021-08-02,-3259000000.0,149621000000.0,,23009000000.0,126612000000.0,,8.632,-217000000.0,7890000000.0,7890000000.0,5050000000.0,2313000000.0,0.952,8.797,87059000000.0,4777000000.0,82282000000.0,87059000000.0,0.0,2292000000.0,0.0,0.053,1.18,3115000000.0,5407000000.0,0.419,5407000000.0,3115000000.0,2495000000.0,1.3,1.29,1.3,15270000000.0,,15270000000.0,235996744017.0,23.0,15.726,5613000000.0,3.173,1.0,7852000000.0,0.609,117444000000.0,620000000.0,87165000000.0,,3474000000.0,306000000.0,60000000.0,246000000.0,134332000000.0,24181000000.0,110151000000.0,154581744017.0,1873000000.0,-880000000.0,12000000.0,-651000000.0,-2100000000.0,-2814000000.0,-1149000000.0,20000000.0,5830000000.0,6000000.0,2308000000.0,2308000000.0,2308000000.0,0.0,5000000.0,0.179,4597000000.0,3255000000.0,19404000000.0,0.908,10.123,20.943,18.44,4986000000.0,0.0,87.59,3.803,3.812,8416000000.0,3335000000.0,12902000000.0,12902000000.0,1706000000.0,,,,,162000000.0,2846000000.0,1.0,1764833246.0,1769000000.0,1774000000.0,7.293,32177000000.0,0.0,187000000.0,4485000000.0,18.189,-1172000000.0
4,ABBV,MRQ,2020-06-30,2020-06-30,2020-06-30,2021-08-02,-3435000000.0,149530000000.0,,21256000000.0,128274000000.0,,8.93,-177000000.0,6017000000.0,6017000000.0,3711000000.0,-739000000.0,0.862,9.165,87432000000.0,5371000000.0,82061000000.0,87432000000.0,0.0,1555000000.0,0.0,0.046,1.18,-78000000.0,1477000000.0,0.142,1477000000.0,-78000000.0,-692000000.0,-0.46,-0.46,-0.46,14708000000.0,,14708000000.0,170890550669.0,18.0,13.645,2912000000.0,1.768,1.0,6714000000.0,0.644,119132000000.0,614000000.0,87167000000.0,,4059000000.0,248000000.0,23000000.0,225000000.0,134798000000.0,24646000000.0,110152000000.0,144986550669.0,-35125000000.0,-38318000000.0,46000000.0,-783000000.0,-1752000000.0,-2570000000.0,-35652000000.0,1384000000.0,3089000000.0,8000000.0,-738000000.0,-738000000.0,-738000000.0,0.0,-1000000.0,-0.071,5962000000.0,752000000.0,19275000000.0,-2.565,9.858,20.84,20.801,4908000000.0,0.0,98.18,4.002,4.464,8354000000.0,3130000000.0,10425000000.0,10425000000.0,1582000000.0,,,,,236000000.0,3527000000.0,1.0,1476742215.0,1647000000.0,1647000000.0,6.33,30398000000.0,0.0,46000000.0,4785000000.0,18.457,-3390000000.0
5,ABBV,MRQ,2020-03-31,2020-03-31,2020-03-31,2021-08-02,-3697000000.0,91199000000.0,,51758000000.0,39441000000.0,,-5.007,-125000000.0,41142000000.0,41142000000.0,1942000000.0,3010000000.0,3.142,-13.299,67046000000.0,3762000000.0,63284000000.0,67046000000.0,0.0,559000000.0,0.0,0.058,1.18,3526000000.0,4085000000.0,0.474,4085000000.0,3526000000.0,3098000000.0,2.02,2.02,2.02,-7415000000.0,,-7415000000.0,139500947678.0,13.0,11.015,3690000000.0,2.492,1.0,6677000000.0,0.775,33764000000.0,428000000.0,66868000000.0,,1844000000.0,78000000.0,0.0,78000000.0,98614000000.0,16471000000.0,82143000000.0,112696947678.0,1218000000.0,-12000000.0,-631000000.0,0.0,-1763000000.0,-2422000000.0,-129000000.0,13000000.0,3815000000.0,-46000000.0,3010000000.0,3010000000.0,3010000000.0,0.0,0.0,0.349,3074000000.0,3603000000.0,12709000000.0,0.584,-15.199,13.359,13.437,2961000000.0,0.0,76.19,3.309,3.313,6362000000.0,5973000000.0,8619000000.0,8619000000.0,1379000000.0,,,,,219000000.0,1695000000.0,1.0,1479156683.0,1481000000.0,1484000000.0,5.82,57435000000.0,0.0,88000000.0,959000000.0,38.781,35287000000.0
6,ABBV,MRQ,2019-12-31,2019-12-31,2019-12-31,2021-08-02,-3596000000.0,89115000000.0,,49519000000.0,39596000000.0,,-5.507,-163000000.0,39924000000.0,39924000000.0,2006000000.0,2801000000.0,3.177,-11.905,66728000000.0,3753000000.0,62975000000.0,66728000000.0,0.0,509000000.0,0.0,0.048,1.07,3529000000.0,4038000000.0,0.464,4038000000.0,3529000000.0,3074000000.0,1.89,1.87,1.89,-8172000000.0,,-8172000000.0,158688820991.0,16.0,13.277,3112000000.0,2.097,1.0,6698000000.0,0.77,34253000000.0,455000000.0,66081000000.0,,1813000000.0,93000000.0,0.0,93000000.0,97287000000.0,15585000000.0,81702000000.0,130934820991.0,29276000000.0,-659000000.0,0.0,28241000000.0,-1595000000.0,26602000000.0,-615000000.0,40000000.0,3275000000.0,14000000.0,2801000000.0,2801000000.0,2801000000.0,0.0,0.0,0.322,2742000000.0,3956000000.0,11832000000.0,0.566,-16.022,16.612,16.706,2962000000.0,0.0,88.54,3.936,3.942,5428000000.0,4717000000.0,8704000000.0,8704000000.0,1542000000.0,,,,,79000000.0,1951000000.0,1.0,1478821109.0,1484000000.0,1487000000.0,5.865,54862000000.0,0.0,273000000.0,1130000000.0,36.969,33934000000.0
7,ABBV,MRQ,2019-09-30,2019-09-30,2019-09-30,2021-08-02,-2528000000.0,59441000000.0,,20166000000.0,39275000000.0,,-5.554,-154000000.0,10648000000.0,10648000000.0,1920000000.0,1884000000.0,1.153,-8.226,38402000000.0,5276000000.0,33126000000.0,38402000000.0,0.0,503000000.0,0.0,0.055,1.07,2421000000.0,2924000000.0,0.345,2924000000.0,2421000000.0,2001000000.0,1.27,1.26,1.27,-8226000000.0,,-8226000000.0,144038796213.0,33.0,22.856,4401000000.0,2.972,1.0,6559000000.0,0.774,34573000000.0,420000000.0,35129000000.0,,1929000000.0,131000000.0,0.0,131000000.0,67667000000.0,17493000000.0,50174000000.0,111950796213.0,5476000000.0,-36000000.0,-3000000.0,1150000000.0,-1591000000.0,-441000000.0,1378000000.0,1568000000.0,4555000000.0,-16000000.0,1884000000.0,1884000000.0,1884000000.0,0.0,0.0,0.222,3942000000.0,2617000000.0,12217000000.0,0.843,-13.609,34.393,33.357,2894000000.0,0.0,75.72,3.406,3.412,5529000000.0,3673000000.0,8479000000.0,8479000000.0,2285000000.0,,,,,75000000.0,1657000000.0,1.0,1478483838.0,1481000000.0,1483000000.0,5.725,24868000000.0,0.0,117000000.0,1058000000.0,16.791,2673000000.0
8,ABBV,MRQ,2019-06-30,2019-06-30,2019-06-30,2021-08-02,-2491000000.0,57142000000.0,,15100000000.0,42042000000.0,,-5.788,-128000000.0,5172000000.0,5172000000.0,1819000000.0,741000000.0,0.891,-7.671,37260000000.0,5641000000.0,31619000000.0,37260000000.0,0.0,502000000.0,0.0,0.056,1.07,1116000000.0,1618000000.0,0.196,1618000000.0,1116000000.0,807000000.0,0.49,0.49,0.49,-8566000000.0,,-8566000000.0,139751315911.0,28.0,20.325,2349000000.0,1.587,1.0,6436000000.0,0.78,36101000000.0,309000000.0,36188000000.0,,1895000000.0,1717000000.0,244000000.0,1473000000.0,65708000000.0,16941000000.0,48767000000.0,107504315911.0,275000000.0,-120000000.0,-2000000.0,-368000000.0,-1592000000.0,-2070000000.0,-140000000.0,108000000.0,2477000000.0,8000000.0,741000000.0,741000000.0,741000000.0,0.0,0.0,0.09,3036000000.0,3400000000.0,11300000000.0,2.184,-12.55,26.106,25.879,2879000000.0,0.0,72.72,3.295,3.299,5482000000.0,3384000000.0,8255000000.0,8255000000.0,1291000000.0,,,,,87000000.0,1654000000.0,1.0,1478332177.0,1480000000.0,1484000000.0,5.578,21041000000.0,0.0,66000000.0,1148000000.0,14.217,-1841000000.0
9,ABBV,MRQ,2019-03-31,2019-03-31,2019-03-31,2021-08-02,-2516000000.0,56769000000.0,,14413000000.0,42356000000.0,,-5.288,-107000000.0,4897000000.0,4897000000.0,1694000000.0,2456000000.0,1.037,-8.254,37144000000.0,2078000000.0,35066000000.0,37144000000.0,0.0,503000000.0,0.0,0.049,1.07,2869000000.0,3372000000.0,0.431,3372000000.0,2869000000.0,2544000000.0,1.65,1.65,1.65,-7826000000.0,,-7826000000.0,151897980393.0,25.0,19.023,2910000000.0,1.966,1.0,6134000000.0,0.784,36452000000.0,325000000.0,38660000000.0,,1702000000.0,1808000000.0,331000000.0,1477000000.0,64595000000.0,13904000000.0,50691000000.0,118876980393.0,-2392000000.0,-320000000.0,-616000000.0,-3200000000.0,-1588000000.0,-5383000000.0,-27000000.0,400000000.0,3017000000.0,1000000.0,2456000000.0,2456000000.0,2456000000.0,0.0,0.0,0.314,3124000000.0,3010000000.0,11826000000.0,0.648,-15.19,22.179,22.511,2860000000.0,0.0,80.59,3.641,3.653,5680000000.0,4234000000.0,7828000000.0,7828000000.0,1289000000.0,,,,,189000000.0,1680000000.0,1.0,1475083514.0,1480000000.0,1483000000.0,5.289,20317000000.0,0.0,88000000.0,1116000000.0,13.728,509000000.0
10,ABBV,MRQ,2018-12-31,2018-12-31,2018-12-31,2021-08-02,-2480000000.0,59352000000.0,,16945000000.0,42407000000.0,,-5.646,-123000000.0,7289000000.0,7289000000.0,2022000000.0,-1826000000.0,0.983,-8.027,40310000000.0,5308000000.0,35002000000.0,40310000000.0,0.0,442000000.0,0.0,0.039,0.96,-2054000000.0,-1612000000.0,-0.194,-1612000000.0,-2054000000.0,-2373000000.0,-1.14,-1.13,-1.14,-8446000000.0,,-8446000000.0,171166703186.0,27.0,21.116,3269000000.0,2.185,1.0,6283000000.0,0.757,36896000000.0,319000000.0,38238000000.0,,1605000000.0,2192000000.0,772000000.0,1420000000.0,67798000000.0,17239000000.0,50559000000.0,138673703186.0,-726000000.0,-195000000.0,-2051000000.0,-321000000.0,-1451000000.0,-3825000000.0,-283000000.0,35000000.0,3392000000.0,-10000000.0,-1826000000.0,-1826000000.0,-1826000000.0,0.0,0.0,-0.22,8724000000.0,-2441000000.0,11931000000.0,-0.842,-16.419,24.384,25.12,2883000000.0,0.0,92.19,4.234,4.337,5384000000.0,3368000000.0,8305000000.0,8305000000.0,6495000000.0,,,,,70000000.0,1929000000.0,1.0,1504216327.0,1496000000.0,1501000000.0,5.551,22456000000.0,0.0,-547000000.0,1067000000.0,15.011,-294000000.0
11,ABBV,MRQ,2018-09-30,2018-09-30,2018-09-30,2021-08-02,-2559000000.0,66164000000.0,,18465000000.0,47699000000.0,,-1.933,-282000000.0,8015000000.0,8015000000.0,1835000000.0,2747000000.0,1.2,-23.651,40508000000.0,4021000000.0,36487000000.0,40508000000.0,0.0,435000000.0,0.0,0.035,0.96,3063000000.0,3498000000.0,0.425,3498000000.0,3063000000.0,2761000000.0,1.81,1.81,1.81,-2921000000.0,,-2921000000.0,176781911777.0,18.0,15.33,4242000000.0,2.807,1.0,6401000000.0,0.777,42343000000.0,302000000.0,40927000000.0,,1786000000.0,2233000000.0,770000000.0,1463000000.0,69085000000.0,15387000000.0,53698000000.0,143219911777.0,4468000000.0,-140000000.0,-1007000000.0,3412000000.0,-1461000000.0,916000000.0,-963000000.0,-541000000.0,4524000000.0,-9000000.0,2747000000.0,2747000000.0,2747000000.0,0.0,0.0,0.334,3242000000.0,3159000000.0,11366000000.0,0.53,-49.031,18.932,19.541,2950000000.0,0.0,94.58,4.45,4.44,5780000000.0,6789000000.0,8236000000.0,8236000000.0,1268000000.0,,,,,75000000.0,1919000000.0,1.0,1514272698.0,1511000000.0,1515000000.0,5.451,23821000000.0,0.0,14000000.0,1490000000.0,15.765,3078000000.0
12,ABBV,MRQ,2018-06-30,2018-06-30,2018-06-30,2021-08-02,-2639000000.0,61641000000.0,,13845000000.0,47796000000.0,,-2.152,-114000000.0,3547000000.0,3547000000.0,1934000000.0,1983000000.0,0.804,-19.264,37109000000.0,6530000000.0,30579000000.0,37109000000.0,0.0,443000000.0,0.0,0.032,0.96,2284000000.0,2727000000.0,0.329,2727000000.0,2284000000.0,2012000000.0,1.26,1.26,1.26,-3375000000.0,,-3375000000.0,175304381135.0,19.0,16.292,2752000000.0,1.755,1.0,6344000000.0,0.766,42595000000.0,272000000.0,35384000000.0,,1580000000.0,1701000000.0,196000000.0,1505000000.0,65016000000.0,17224000000.0,47792000000.0,147024381135.0,-5460000000.0,-29000000.0,-7514000000.0,138000000.0,-1531000000.0,-8978000000.0,687000000.0,830000000.0,2866000000.0,-35000000.0,1983000000.0,1983000000.0,1983000000.0,0.0,0.0,0.24,3582000000.0,2762000000.0,10694000000.0,0.762,-43.563,22.798,22.877,2787000000.0,0.0,92.65,4.751,4.694,5793000000.0,5495000000.0,8278000000.0,8278000000.0,1322000000.0,,,,,85000000.0,1760000000.0,1.0,1586879451.0,1568000000.0,1572000000.0,5.279,19046000000.0,0.0,29000000.0,1670000000.0,12.147,-3379000000.0
13,ABBV,MRQ,2018-03-31,2018-03-31,2018-03-31,2021-08-02,-2630000000.0,69342000000.0,,20444000000.0,48898000000.0,,2.233,-119000000.0,9007000000.0,9007000000.0,1927000000.0,2783000000.0,1.198,18.516,37287000000.0,6381000000.0,30906000000.0,37287000000.0,0.0,445000000.0,0.0,0.028,0.71,3048000000.0,3493000000.0,0.44,3493000000.0,3048000000.0,2797000000.0,1.74,1.74,1.74,3553000000.0,,3553000000.0,178366611796.0,19.0,16.189,2526000000.0,1.588,1.0,6007000000.0,0.757,43110000000.0,251000000.0,37454000000.0,,1738000000.0,2524000000.0,467000000.0,2057000000.0,65789000000.0,17058000000.0,48731000000.0,150301611796.0,-296000000.0,-372000000.0,-1369000000.0,-40000000.0,-1137000000.0,-2509000000.0,-447000000.0,44000000.0,2645000000.0,15000000.0,2783000000.0,2783000000.0,2783000000.0,0.0,0.0,0.351,3104000000.0,2903000000.0,10677000000.0,0.408,42.303,23.555,23.722,2828000000.0,0.0,94.65,5.076,5.085,5841000000.0,4977000000.0,7934000000.0,7934000000.0,1244000000.0,,,,,191000000.0,1791000000.0,1.0,1587972655.0,1591000000.0,1596000000.0,4.987,26232000000.0,0.0,14000000.0,2304000000.0,16.488,3386000000.0
14,ABBV,MRQ,2017-12-31,2017-12-31,2017-12-31,2021-08-02,-2727000000.0,70786000000.0,,21223000000.0,49563000000.0,,3.194,-182000000.0,9303000000.0,9303000000.0,2281000000.0,52000000.0,1.275,12.888,37368000000.0,6415000000.0,30953000000.0,37368000000.0,0.0,369000000.0,0.0,0.026,0.64,1445000000.0,1814000000.0,0.234,1814000000.0,1445000000.0,1193000000.0,0.03,0.03,0.03,5097000000.0,,5097000000.0,183739720155.0,21.0,17.957,2402000000.0,1.505,1.0,5458000000.0,0.705,43344000000.0,252000000.0,38866000000.0,,1605000000.0,2576000000.0,486000000.0,2090000000.0,65689000000.0,16641000000.0,49048000000.0,154390720155.0,857000000.0,-128000000.0,-465000000.0,-407000000.0,-1030000000.0,-1928000000.0,201000000.0,511000000.0,2584000000.0,0.0,52000000.0,52000000.0,52000000.0,0.0,0.0,0.007,3676000000.0,1782000000.0,10226000000.0,21.333,30.291,29.081,29.218,2803000000.0,0.0,96.71,5.472,5.47,5088000000.0,5459000000.0,7739000000.0,7739000000.0,1408000000.0,,,,,77000000.0,1956000000.0,1.0,1596429740.0,1596000000.0,1606000000.0,4.849,27442000000.0,0.0,1141000000.0,2490000000.0,17.194,4582000000.0
15,ABBV,MRQ,2017-09-30,2017-09-30,2017-09-30,2021-08-02,-2613000000.0,68840000000.0,,18930000000.0,49910000000.0,,4.187,-126000000.0,8446000000.0,8446000000.0,1616000000.0,1631000000.0,1.452,9.295,37795000000.0,3821000000.0,33974000000.0,37795000000.0,0.0,379000000.0,0.0,0.028,0.64,2347000000.0,2726000000.0,0.39,2726000000.0,2347000000.0,2095000000.0,1.02,1.01,1.02,6687000000.0,,6687000000.0,172800254864.0,18.0,15.661,3145000000.0,1.969,1.0,5379000000.0,0.769,43915000000.0,252000000.0,41241000000.0,,1785000000.0,3079000000.0,1108000000.0,1971000000.0,62153000000.0,13033000000.0,49120000000.0,141651254864.0,2358000000.0,-80000000.0,60000000.0,395000000.0,-1026000000.0,-810000000.0,-109000000.0,97000000.0,3271000000.0,6000000.0,1631000000.0,1631000000.0,1631000000.0,0.0,0.0,0.233,2685000000.0,2694000000.0,9212000000.0,0.627,21.183,21.307,21.412,2697000000.0,0.0,88.86,5.194,5.203,4891000000.0,6547000000.0,6995000000.0,6995000000.0,1228000000.0,,,,,71000000.0,1457000000.0,1.0,1594094698.0,1597000000.0,1603000000.0,4.38,24925000000.0,0.0,464000000.0,6147000000.0,15.607,5897000000.0
16,ABBV,MRQ,2017-06-30,2017-06-30,2017-06-30,2021-08-02,-2548000000.0,66994000000.0,,16962000000.0,50032000000.0,,3.767,-126000000.0,6088000000.0,6088000000.0,1529000000.0,1915000000.0,1.384,10.149,37237000000.0,3420000000.0,33817000000.0,37237000000.0,0.0,379000000.0,0.0,0.033,0.64,2606000000.0,2985000000.0,0.43,2985000000.0,2606000000.0,2353000000.0,1.2,1.19,1.2,6009000000.0,,6009000000.0,147613602598.0,16.0,13.572,1877000000.0,1.177,1.0,5415000000.0,0.78,44018000000.0,253000000.0,41866000000.0,,1582000000.0,3169000000.0,1117000000.0,2052000000.0,60985000000.0,12259000000.0,48726000000.0,115402602598.0,1348000000.0,-37000000.0,59000000.0,-7000000.0,-1024000000.0,-980000000.0,318000000.0,481000000.0,2003000000.0,7000000.0,1915000000.0,1915000000.0,1915000000.0,0.0,0.0,0.276,2753000000.0,2662000000.0,8839000000.0,0.533,19.205,17.446,17.685,2657000000.0,0.0,72.51,4.321,4.33,4859000000.0,5951000000.0,6944000000.0,6944000000.0,1229000000.0,,,,,76000000.0,1509000000.0,1.0,1591540513.0,1595000000.0,1600000000.0,4.354,22976000000.0,0.0,438000000.0,6391000000.0,14.405,4703000000.0
17,ABBV,MRQ,2017-03-31,2017-03-31,2017-03-31,2021-08-02,-2542000000.0,65664000000.0,,15547000000.0,50117000000.0,,3.13,-95000000.0,4740000000.0,4740000000.0,1616000000.0,1711000000.0,1.758,12.138,36951000000.0,425000000.0,36526000000.0,36951000000.0,0.0,374000000.0,0.0,0.036,0.64,2333000000.0,2707000000.0,0.414,2707000000.0,2333000000.0,2086000000.0,1.07,1.06,1.07,4998000000.0,,4998000000.0,135601845771.0,15.0,12.913,2007000000.0,1.257,1.0,4922000000.0,0.753,44119000000.0,247000000.0,44912000000.0,,1427000000.0,3631000000.0,1508000000.0,2123000000.0,60666000000.0,8844000000.0,51822000000.0,103859845771.0,-360000000.0,-63000000.0,-810000000.0,17000000.0,-1027000000.0,-1794000000.0,-684000000.0,-526000000.0,2102000000.0,16000000.0,1711000000.0,1711000000.0,1711000000.0,0.0,0.0,0.262,2515000000.0,2407000000.0,8419000000.0,0.598,20.78,16.46,16.751,2612000000.0,0.0,65.16,3.961,3.969,4677000000.0,5063000000.0,6538000000.0,6538000000.0,1142000000.0,,,,,141000000.0,1373000000.0,1.0,1593920285.0,1597000000.0,1603000000.0,4.094,21545000000.0,0.0,375000000.0,6797000000.0,13.491,6703000000.0
18,ABBV,MRQ,2016-12-31,2016-12-31,2016-12-31,2021-08-02,-2586000000.0,66099000000.0,,16187000000.0,49912000000.0,,2.869,-114000000.0,5100000000.0,5100000000.0,1554000000.0,1391000000.0,1.655,13.258,36842000000.0,402000000.0,36440000000.0,36842000000.0,0.0,328000000.0,0.0,0.036,0.57,2288000000.0,2616000000.0,0.385,2616000000.0,2288000000.0,1998000000.0,0.86,0.85,0.86,4636000000.0,,4636000000.0,132855700131.0,15.0,13.235,1427000000.0,0.883,1.0,5242000000.0,0.771,44313000000.0,290000000.0,43747000000.0,,1444000000.0,3106000000.0,1323000000.0,1783000000.0,61463000000.0,9781000000.0,51682000000.0,101763700131.0,-1118000000.0,-108000000.0,-1752000000.0,218000000.0,-933000000.0,-2502000000.0,-119000000.0,-15000000.0,1541000000.0,-38000000.0,1391000000.0,1391000000.0,1391000000.0,0.0,0.0,0.205,2928000000.0,2314000000.0,9379000000.0,0.663,21.951,17.095,17.156,2604000000.0,0.0,62.62,3.969,3.962,4758000000.0,4378000000.0,6796000000.0,6796000000.0,1209000000.0,,,,,75000000.0,1679000000.0,1.0,1625099012.0,1616000000.0,1625000000.0,4.205,21786000000.0,0.0,607000000.0,6890000000.0,13.481,6406000000.0
19,ABBV,MRQ,2016-09-30,2016-09-30,2016-09-30,2021-08-02,-2340000000.0,66626000000.0,,16290000000.0,50336000000.0,,3.964,-113000000.0,6218000000.0,6218000000.0,1504000000.0,1598000000.0,1.79,9.299,37310000000.0,26000000.0,37284000000.0,37310000000.0,0.0,304000000.0,0.0,0.035,0.57,2264000000.0,2568000000.0,0.399,2568000000.0,2264000000.0,2014000000.0,0.97,0.97,0.97,6469000000.0,,6469000000.0,134230166582.0,15.0,13.689,1341000000.0,0.822,1.0,4928000000.0,0.766,44770000000.0,250000000.0,43845000000.0,,1630000000.0,3110000000.0,1732000000.0,1378000000.0,60157000000.0,9103000000.0,51054000000.0,102712166582.0,-109000000.0,-62000000.0,35000000.0,-495000000.0,-933000000.0,-1371000000.0,-199000000.0,-24000000.0,1454000000.0,7000000.0,1598000000.0,1598000000.0,1598000000.0,0.0,0.0,0.248,2567000000.0,2361000000.0,9077000000.0,0.588,15.878,16.896,16.954,2638000000.0,0.0,63.07,4.069,4.078,4999000000.0,4011000000.0,6432000000.0,6432000000.0,1106000000.0,,,,,69000000.0,1381000000.0,1.0,1628542359.0,1632000000.0,1640000000.0,3.941,21856000000.0,0.0,416000000.0,6124000000.0,13.392,7187000000.0
20,ABBV,MRQ,2016-06-30,2016-06-30,2016-06-30,2021-08-02,-2390000000.0,67211000000.0,,16791000000.0,50420000000.0,,3.473,-131000000.0,6327000000.0,6327000000.0,1405000000.0,1610000000.0,1.811,10.917,37845000000.0,517000000.0,37328000000.0,37845000000.0,0.0,289000000.0,0.0,0.035,0.57,2321000000.0,2610000000.0,0.405,2610000000.0,2321000000.0,2096000000.0,0.99,0.98,0.99,5640000000.0,,5640000000.0,124487671359.0,15.0,13.373,1787000000.0,1.1,1.0,5047000000.0,0.782,44957000000.0,225000000.0,44500000000.0,,1756000000.0,3075000000.0,1675000000.0,1400000000.0,61571000000.0,9272000000.0,52299000000.0,100130671359.0,-1229000000.0,-2559000000.0,-3716000000.0,5808000000.0,-927000000.0,1164000000.0,-4298000000.0,-1608000000.0,1918000000.0,-13000000.0,1610000000.0,1610000000.0,1610000000.0,0.0,0.0,0.25,2660000000.0,2387000000.0,8755000000.0,0.576,17.754,17.505,17.689,2618000000.0,0.0,61.91,4.045,4.062,5048000000.0,3349000000.0,6452000000.0,6452000000.0,1124000000.0,,,,,71000000.0,1466000000.0,1.0,1617358607.0,1624000000.0,1632000000.0,3.973,22254000000.0,0.0,486000000.0,7180000000.0,13.703,7519000000.0
21,ABBV,MRQ,2016-03-31,2016-03-31,2016-03-31,2021-08-02,-2423000000.0,53720000000.0,,16622000000.0,37098000000.0,,2.873,-121000000.0,7556000000.0,7556000000.0,1369000000.0,1354000000.0,1.559,10.57,31913000000.0,2423000000.0,29490000000.0,31913000000.0,0.0,268000000.0,0.0,0.037,0.57,1976000000.0,2244000000.0,0.377,2244000000.0,1976000000.0,1776000000.0,0.83,0.83,0.83,4643000000.0,,4643000000.0,115305927469.0,15.0,13.206,2007000000.0,1.242,1.0,4589000000.0,0.77,32786000000.0,200000000.0,34629000000.0,,1789000000.0,1431000000.0,1044000000.0,387000000.0,49077000000.0,10662000000.0,38415000000.0,92033927469.0,-843000000.0,-28000000.0,-332000000.0,-6000000.0,-924000000.0,-1219000000.0,-1458000000.0,-1309000000.0,2128000000.0,-294000000.0,1354000000.0,1354000000.0,1354000000.0,0.0,0.0,0.227,2311000000.0,2278000000.0,8239000000.0,0.687,19.822,16.807,17.051,2597000000.0,0.0,57.12,3.871,3.882,4753000000.0,2673000000.0,5958000000.0,5958000000.0,946000000.0,,,,,138000000.0,1355000000.0,1.0,1611238226.0,1616000000.0,1625000000.0,3.687,20934000000.0,0.0,422000000.0,5412000000.0,12.954,5960000000.0
22,ABBV,MRQ,2015-12-31,2015-12-31,2015-12-31,2021-08-02,-2561000000.0,53050000000.0,,16314000000.0,36736000000.0,,2.419,-145000000.0,8399000000.0,8399000000.0,1475000000.0,1517000000.0,1.498,12.447,31671000000.0,2431000000.0,29240000000.0,31671000000.0,0.0,261000000.0,0.0,0.034,0.51,2123000000.0,2384000000.0,0.372,2384000000.0,2123000000.0,1924000000.0,0.93,0.92,0.93,3945000000.0,,3945000000.0,119746407363.0,16.0,14.662,1818000000.0,1.115,1.0,4925000000.0,0.77,32877000000.0,199000000.0,32551000000.0,,1719000000.0,153000000.0,8000000.0,145000000.0,49105000000.0,10894000000.0,38211000000.0,96842407363.0,-824000000.0,-170000000.0,-1212000000.0,-360000000.0,-840000000.0,-2431000000.0,-297000000.0,18000000.0,1963000000.0,-59000000.0,1517000000.0,1517000000.0,1517000000.0,0.0,0.0,0.237,2812000000.0,2113000000.0,8463000000.0,0.548,24.548,18.826,18.806,2565000000.0,0.0,59.24,4.237,4.211,4730000000.0,2248000000.0,6400000000.0,6400000000.0,1075000000.0,,,,,53000000.0,1737000000.0,1.0,1634746917.0,1631000000.0,1643000000.0,3.924,20173000000.0,0.0,407000000.0,5276000000.0,12.368,5420000000.0
23,ABBV,MRQ,2015-09-30,2015-09-30,2015-09-30,2021-08-02,-2499000000.0,54832000000.0,,17912000000.0,36920000000.0,,2.944,-127000000.0,9223000000.0,9223000000.0,1167000000.0,1239000000.0,2.032,10.275,32127000000.0,768000000.0,31359000000.0,32127000000.0,0.0,227000000.0,0.0,0.035,0.51,1844000000.0,2071000000.0,0.348,2071000000.0,1844000000.0,1647000000.0,0.75,0.74,0.75,4863000000.0,,4863000000.0,113786585551.0,26.0,22.452,2028000000.0,1.228,1.0,4777000000.0,0.804,33065000000.0,197000000.0,35858000000.0,,1841000000.0,100000000.0,26000000.0,74000000.0,49969000000.0,8813000000.0,41156000000.0,90063585551.0,1823000000.0,0.0,-976000000.0,761000000.0,-850000000.0,-1056000000.0,745000000.0,872000000.0,2155000000.0,-21000000.0,1239000000.0,1239000000.0,1239000000.0,0.0,0.0,0.208,2892000000.0,1885000000.0,8045000000.0,0.68,18.52,31.971,31.451,2546000000.0,0.0,54.41,4.11,4.102,4574000000.0,1654000000.0,5944000000.0,5944000000.0,1418000000.0,,,,,55000000.0,1474000000.0,1.0,1655276338.0,1652000000.0,1664000000.0,3.598,21767000000.0,1100000000.0,408000000.0,5996000000.0,13.176,9099000000.0
24,ABBV,MRQ,2015-06-30,2015-06-30,2015-06-30,2021-08-02,-2374000000.0,53855000000.0,,16877000000.0,36978000000.0,,3.398,-115000000.0,7400000000.0,7400000000.0,916000000.0,1366000000.0,1.499,8.785,31123000000.0,4007000000.0,27116000000.0,31123000000.0,0.0,190000000.0,0.0,0.027,0.51,1842000000.0,2032000000.0,0.371,2032000000.0,1842000000.0,1678000000.0,0.84,0.83,0.84,5504000000.0,,5504000000.0,114405782957.0,35.0,28.573,1717000000.0,1.06,1.0,4559000000.0,0.833,33146000000.0,164000000.0,33174000000.0,,1623000000.0,1013000000.0,879000000.0,134000000.0,48351000000.0,11258000000.0,37093000000.0,107038782957.0,-506000000.0,-11546000000.0,-4948000000.0,15955000000.0,-818000000.0,10169000000.0,-12511000000.0,-850000000.0,1832000000.0,4000000.0,1366000000.0,1366000000.0,1366000000.0,0.0,0.0,0.249,2707000000.0,1852000000.0,7251000000.0,0.607,19.447,51.362,51.685,2517000000.0,0.0,67.19,5.1,5.187,4367000000.0,1256000000.0,5475000000.0,5475000000.0,981000000.0,,,,,55000000.0,1703000000.0,1.0,1593076097.0,1620000000.0,1633000000.0,3.38,20709000000.0,1227000000.0,312000000.0,6059000000.0,12.783,5619000000.0
25,ABBV,MRQ,2015-03-31,2015-03-31,2015-03-31,2021-08-02,-2467000000.0,26699000000.0,,15408000000.0,11291000000.0,,0.863,-145000000.0,7906000000.0,7906000000.0,942000000.0,1022000000.0,1.394,18.389,15273000000.0,4590000000.0,10683000000.0,15273000000.0,0.0,158000000.0,0.0,0.03,0.49,1522000000.0,1680000000.0,0.333,1680000000.0,1522000000.0,1396000000.0,0.64,0.63,0.64,1377000000.0,,1377000000.0,99969139653.0,34.0,27.195,1440000000.0,0.903,1.0,4098000000.0,0.813,7012000000.0,126000000.0,16004000000.0,,1022000000.0,111000000.0,18000000.0,93000000.0,25322000000.0,11050000000.0,14272000000.0,93306139653.0,-442000000.0,-736000000.0,-295000000.0,85000000.0,-786000000.0,-930000000.0,-873000000.0,8000000.0,1585000000.0,-224000000.0,1022000000.0,1022000000.0,1022000000.0,0.0,0.0,0.203,2411000000.0,1687000000.0,6460000000.0,0.766,67.76,51.38,50.904,2431000000.0,0.0,58.54,4.566,4.569,4214000000.0,739000000.0,5040000000.0,5040000000.0,811000000.0,,,,,119000000.0,1473000000.0,1.0,1593886909.0,1595000000.0,1608000000.0,3.16,19687000000.0,1198000000.0,374000000.0,0.0,12.343,4358000000.0
26,ABBV,MRQ,2014-12-31,2014-12-31,2014-12-31,2021-08-02,-2031000000.0,27513000000.0,,16081000000.0,11432000000.0,,1.092,-153000000.0,8348000000.0,8348000000.0,1119000000.0,-810000000.0,1.411,14.794,14977000000.0,4439000000.0,10538000000.0,14977000000.0,0.0,193000000.0,0.0,0.025,0.42,-908000000.0,-715000000.0,-0.131,-715000000.0,-908000000.0,-1037000000.0,-0.5,-0.5,-0.5,1742000000.0,,1742000000.0,108741286533.0,39.0,30.666,-731000000.0,-0.458,1.0,4333000000.0,0.795,7375000000.0,129000000.0,15374000000.0,,1124000000.0,118000000.0,26000000.0,92000000.0,25771000000.0,11393000000.0,14378000000.0,104263286533.0,629000000.0,-50000000.0,-245000000.0,48000000.0,-674000000.0,-882000000.0,2514000000.0,17000000.0,-578000000.0,-425000000.0,-810000000.0,-810000000.0,-810000000.0,0.0,0.0,-0.149,4748000000.0,-415000000.0,6954000000.0,-0.84,59.853,58.773,58.955,2485000000.0,0.0,65.44,5.224,5.229,3735000000.0,535000000.0,5452000000.0,5452000000.0,879000000.0,,,,,43000000.0,3341000000.0,1.0,1593265381.0,1595000000.0,1613000000.0,3.418,20138000000.0,896000000.0,-227000000.0,159000000.0,12.626,4688000000.0
27,ABBV,MRQ,2014-09-30,2014-09-30,2014-09-30,2021-08-02,-913000000.0,28454000000.0,,17555000000.0,10899000000.0,,2.912,-180000000.0,10314000000.0,10314000000.0,1094000000.0,506000000.0,2.646,5.126,14792000000.0,323000000.0,14469000000.0,14792000000.0,0.0,192000000.0,0.0,0.028,0.42,815000000.0,1007000000.0,0.201,1007000000.0,815000000.0,687000000.0,0.32,0.31,0.32,4645000000.0,,4645000000.0,97591541402.0,19.0,16.352,1606000000.0,1.007,1.0,3925000000.0,0.782,7542000000.0,128000000.0,18755000000.0,,1008000000.0,133000000.0,9000000.0,124000000.0,23809000000.0,6635000000.0,17174000000.0,91936541402.0,-1367000000.0,-555000000.0,38000000.0,-32000000.0,-673000000.0,-719000000.0,-2284000000.0,1151000000.0,1786000000.0,-150000000.0,506000000.0,506000000.0,506000000.0,0.0,0.0,0.101,2965000000.0,960000000.0,6312000000.0,1.312,19.793,24.767,24.897,2432000000.0,0.0,57.76,4.686,4.696,3592000000.0,2131000000.0,5019000000.0,5019000000.0,812000000.0,,,,,44000000.0,1595000000.0,1.0,1591699124.0,1595000000.0,1610000000.0,3.147,20912000000.0,927000000.0,181000000.0,0.0,13.111,10920000000.0
28,ABBV,MRQ,2014-06-30,2014-06-30,2014-06-30,2021-08-02,-420000000.0,29045000000.0,,17794000000.0,11251000000.0,,3.274,-142000000.0,9086000000.0,9086000000.0,1113000000.0,1098000000.0,2.817,4.566,14741000000.0,271000000.0,14470000000.0,14741000000.0,0.0,202000000.0,0.0,0.029,0.42,1502000000.0,1704000000.0,0.346,1704000000.0,1502000000.0,1433000000.0,0.69,0.68,0.69,5218000000.0,,5218000000.0,96009350946.0,17.0,14.658,1575000000.0,0.988,1.0,3813000000.0,0.774,7939000000.0,69000000.0,20444000000.0,,1048000000.0,1290000000.0,1160000000.0,130000000.0,23827000000.0,6317000000.0,17510000000.0,89743350946.0,946000000.0,-17000000.0,18000000.0,248000000.0,-673000000.0,-415000000.0,-359000000.0,-200000000.0,1717000000.0,3000000.0,1098000000.0,1098000000.0,1098000000.0,0.0,0.0,0.223,2298000000.0,1515000000.0,6046000000.0,0.609,17.199,21.521,21.708,2387000000.0,0.0,56.44,4.66,4.672,3684000000.0,2299000000.0,4926000000.0,4926000000.0,834000000.0,,,,,48000000.0,1448000000.0,1.0,1590066459.0,1594000000.0,1608000000.0,3.09,21106000000.0,1231000000.0,335000000.0,0.0,13.241,11477000000.0
29,ABBV,MRQ,2014-03-31,2014-03-31,2014-03-31,2021-08-02,-426000000.0,28657000000.0,,17329000000.0,11328000000.0,,2.945,-137000000.0,8140000000.0,8140000000.0,1100000000.0,980000000.0,2.788,5.101,14406000000.0,20000000.0,14386000000.0,14406000000.0,0.0,199000000.0,0.0,0.031,0.4,1351000000.0,1550000000.0,0.34,1550000000.0,1351000000.0,1286000000.0,0.61,0.61,0.61,4697000000.0,,4697000000.0,86777864470.0,15.0,13.299,487000000.0,0.305,1.0,3463000000.0,0.759,8073000000.0,65000000.0,20634000000.0,,1104000000.0,1079000000.0,960000000.0,119000000.0,23960000000.0,6216000000.0,17744000000.0,81649864470.0,-1455000000.0,0.0,-244000000.0,-410000000.0,-641000000.0,-1277000000.0,-797000000.0,-660000000.0,624000000.0,-5000000.0,980000000.0,980000000.0,980000000.0,0.0,0.0,0.215,2112000000.0,1351000000.0,6196000000.0,0.656,17.383,19.722,19.922,2333000000.0,0.0,51.4,4.292,4.309,3650000000.0,1874000000.0,4563000000.0,4563000000.0,772000000.0,,,,,106000000.0,1340000000.0,1.0,1588518764.0,1595000000.0,1609000000.0,2.861,20584000000.0,2015000000.0,306000000.0,0.0,12.905,11113000000.0
30,ABBV,MRQ,2013-12-31,2013-12-31,2013-12-31,2021-08-02,-442000000.0,29198000000.0,,17848000000.0,11350000000.0,,2.822,-151000000.0,9595000000.0,9595000000.0,1282000000.0,1128000000.0,2.595,5.5,14723000000.0,431000000.0,14292000000.0,14723000000.0,0.0,200000000.0,0.0,0.03,0.4,1507000000.0,1707000000.0,0.334,1707000000.0,1507000000.0,1439000000.0,0.7,0.7,0.7,4492000000.0,,4492000000.0,89847412292.0,16.0,13.808,1094000000.0,0.687,1.0,3829000000.0,0.749,8167000000.0,68000000.0,19280000000.0,,1150000000.0,418000000.0,300000000.0,118000000.0,24706000000.0,6879000000.0,17827000000.0,84013412292.0,620000000.0,-47000000.0,-98000000.0,2000000.0,-641000000.0,-747000000.0,123000000.0,321000000.0,1245000000.0,-1000000.0,1128000000.0,1128000000.0,1128000000.0,0.0,0.0,0.221,2294000000.0,1535000000.0,6448000000.0,0.571,18.703,20.352,20.469,2298000000.0,0.0,52.81,4.471,4.466,3854000000.0,1567000000.0,5111000000.0,5111000000.0,798000000.0,,,,,37000000.0,1448000000.0,1.0,1590861812.0,1592000000.0,1610000000.0,3.21,21031000000.0,1715000000.0,311000000.0,0.0,13.21,10969000000.0
31,ABBV,MRQ,2013-09-30,2013-09-30,2013-09-30,2021-08-02,-981000000.0,28252000000.0,,16543000000.0,11709000000.0,,2.25,-133000000.0,8975000000.0,8975000000.0,1092000000.0,964000000.0,2.406,6.898,14809000000.0,434000000.0,14375000000.0,14809000000.0,0.0,234000000.0,0.0,0.027,0.4,1355000000.0,1589000000.0,0.341,1589000000.0,1355000000.0,1286000000.0,0.6,0.6,0.6,3577000000.0,,3577000000.0,76931226825.0,13.0,11.133,1665000000.0,1.047,1.0,3566000000.0,0.766,8192000000.0,69000000.0,19019000000.0,,1172000000.0,744000000.0,621000000.0,123000000.0,24675000000.0,6875000000.0,17800000000.0,70916226825.0,232000000.0,-224000000.0,56000000.0,1000000.0,-640000000.0,-613000000.0,-964000000.0,-607000000.0,1798000000.0,11000000.0,964000000.0,964000000.0,964000000.0,0.0,0.0,0.207,2195000000.0,1371000000.0,6441000000.0,0.667,19.826,15.62,15.64,2244000000.0,0.0,44.73,3.755,3.766,3798000000.0,1081000000.0,4658000000.0,4658000000.0,714000000.0,,,,,42000000.0,1261000000.0,1.0,1585428724.0,1590000000.0,1605000000.0,2.93,20060000000.0,1419000000.0,322000000.0,0.0,12.616,9668000000.0
32,ABBV,MRQ,2013-06-30,2013-06-30,2013-06-30,2021-08-02,-1169000000.0,27910000000.0,,15662000000.0,12248000000.0,,2.239,-119000000.0,8743000000.0,8743000000.0,1054000000.0,1068000000.0,2.302,6.844,14758000000.0,432000000.0,14326000000.0,14758000000.0,0.0,236000000.0,0.0,0.019,0.4,1443000000.0,1679000000.0,0.358,1679000000.0,1443000000.0,1368000000.0,0.67,0.66,0.67,3558000000.0,,3558000000.0,73529361573.0,12.0,10.282,1918000000.0,1.207,1.0,3638000000.0,0.775,8221000000.0,75000000.0,18899000000.0,,1085000000.0,132000000.0,11000000.0,121000000.0,24352000000.0,6805000000.0,17547000000.0,65471361573.0,1764000000.0,-134000000.0,75000000.0,-3000000.0,-638000000.0,-500000000.0,233000000.0,486000000.0,2037000000.0,-6000000.0,1068000000.0,1068000000.0,1068000000.0,0.0,0.0,0.228,2185000000.0,1453000000.0,6373000000.0,0.597,18.401,12.686,12.642,2213000000.0,0.0,41.34,3.495,3.506,3755000000.0,758000000.0,4692000000.0,4692000000.0,709000000.0,,,,,46000000.0,1406000000.0,1.0,1583729114.0,1589000000.0,1609000000.0,2.953,19689000000.0,1442000000.0,300000000.0,0.0,12.391,8857000000.0
33,ABBV,MRQ,2013-03-31,2013-03-31,2013-03-31,2021-08-02,-1237000000.0,27169000000.0,,14923000000.0,12246000000.0,,1.862,-88000000.0,6979000000.0,6979000000.0,1153000000.0,968000000.0,2.206,8.188,15037000000.0,436000000.0,14601000000.0,15037000000.0,0.0,227000000.0,0.0,0.01,0.4,1305000000.0,1532000000.0,0.354,1532000000.0,1305000000.0,1239000000.0,0.61,0.6,0.61,2957000000.0,,2957000000.0,74094684190.0,12.0,10.338,1099000000.0,0.692,1.0,3176000000.0,0.734,8213000000.0,66000000.0,20248000000.0,,1037000000.0,618000000.0,500000000.0,118000000.0,24212000000.0,6766000000.0,17446000000.0,64323684190.0,1078000000.0,0.0,-6000000.0,-601000000.0,-636000000.0,-1582000000.0,1487000000.0,1575000000.0,1187000000.0,-14000000.0,968000000.0,968000000.0,968000000.0,0.0,0.0,0.224,1871000000.0,1305000000.0,6330000000.0,0.656,21.753,12.001,11.994,2200000000.0,0.0,40.78,3.47,3.494,4299000000.0,330000000.0,4329000000.0,4329000000.0,634000000.0,,,,,87000000.0,1237000000.0,1.0,1577334090.0,1588000000.0,1605000000.0,2.726,18956000000.0,1397000000.0,271000000.0,0.0,11.937,8157000000.0
34,ABBV,MRQ,2012-12-31,2012-12-31,2012-12-31,2021-08-02,-350000000.0,27008000000.0,,15354000000.0,11654000000.0,,2.133,-95000000.0,5901000000.0,5901000000.0,1265000000.0,1540000000.0,2.266,7.031,15672000000.0,1042000000.0,14630000000.0,15672000000.0,0.0,309000000.0,0.0,,0.0,1801000000.0,2110000000.0,0.405,2110000000.0,1801000000.0,1713000000.0,0.98,0.98,0.98,3363000000.0,,3363000000.0,,,,846000000.0,0.536,1.0,3941000000.0,0.757,8453000000.0,88000000.0,21550000000.0,,1091000000.0,2194000000.0,2075000000.0,119000000.0,23645000000.0,6776000000.0,16869000000.0,,3140000000.0,92000000.0,0.0,15586000000.0,0.0,2389000000.0,-206000000.0,-202000000.0,941000000.0,16000000.0,1540000000.0,1540000000.0,1540000000.0,0.0,0.0,0.296,2120000000.0,1821000000.0,5734000000.0,0.0,,,,2247000000.0,0.0,,,,4298000000.0,0.0,5206000000.0,5206000000.0,681000000.0,,,,,31000000.0,1411000000.0,1.0,1580000000.0,1577000000.0,1577000000.0,3.301,18555000000.0,669000000.0,173000000.0,0.0,11.766,8578000000.0
35,ABBV,MRQ,2012-09-30,2012-09-30,2012-09-30,2021-08-02,,,,,,,,18000000.0,,,1014000000.0,1585000000.0,,,,,,,,227000000.0,,,0.0,1603000000.0,1830000000.0,0.406,1830000000.0,1603000000.0,1604000000.0,1.01,1.01,1.01,,,,,,,2267000000.0,1.438,1.0,3494000000.0,0.775,,-1000000.0,,,,,,,,,,,2687000000.0,0.0,0.0,0.0,0.0,2244000000.0,-1806000000.0,-1825000000.0,2249000000.0,0.0,1585000000.0,1585000000.0,1585000000.0,0.0,0.0,0.352,1898000000.0,1596000000.0,,0.0,,,,,0.0,,,,,,4508000000.0,4508000000.0,813000000.0,,,,,30000000.0,1085000000.0,1.0,1580000000.0,1577000000.0,1577000000.0,2.859,,,19000000.0,,,
36,ABBV,MRQ,2012-06-30,2012-06-30,2012-06-30,2021-08-02,,,,,,,,-94000000.0,,,1073000000.0,1267000000.0,,,,,,,,295000000.0,,,0.0,1400000000.0,1695000000.0,0.377,1695000000.0,1400000000.0,1402000000.0,0.8,0.8,0.8,,,,,,,1467000000.0,0.93,1.0,3420000000.0,0.761,,-2000000.0,,,,,,,,,,,33000000.0,-109000000.0,0.0,0.0,0.0,-1326000000.0,-202000000.0,1000000.0,1561000000.0,0.0,1267000000.0,1267000000.0,1267000000.0,0.0,0.0,0.282,1998000000.0,1422000000.0,,0.0,,,,,0.0,,,,,,4493000000.0,4493000000.0,642000000.0,,,,,35000000.0,1246000000.0,1.0,1580000000.0,1577000000.0,1577000000.0,2.849,,,135000000.0,,,
37,ABBV,MRQ,2012-03-31,2012-03-31,2012-03-31,2021-08-02,,,,,,,,-162000000.0,,,1156000000.0,883000000.0,,,,,,,,319000000.0,,,0.0,1005000000.0,1324000000.0,0.317,1324000000.0,1005000000.0,1006000000.0,0.56,0.56,0.56,,,,,,,1432000000.0,0.908,1.0,3017000000.0,0.723,,-1000000.0,,,,,,,,,,,14000000.0,-671000000.0,0.0,0.0,0.0,-1376000000.0,-204000000.0,629000000.0,1594000000.0,0.0,883000000.0,883000000.0,883000000.0,0.0,0.0,0.212,2039000000.0,978000000.0,,0.0,,,,,0.0,,,,,,4173000000.0,4173000000.0,642000000.0,,,,,91000000.0,1247000000.0,1.0,1580000000.0,1577000000.0,1577000000.0,2.646,,,123000000.0,,,
38,ABBV,MRQ,2011-12-31,2011-12-31,2011-12-31,2021-08-02,-25000000.0,19521000000.0,,7354000000.0,12167000000.0,,7.566,,27000000.0,27000000.0,,,1.247,0.636,48000000.0,16000000.0,32000000.0,48000000.0,0.0,,0.0,,0.0,,,,,,,,,,11932000000.0,,11932000000.0,,,,,,1.0,,,9010000000.0,,4635000000.0,,872000000.0,855000000.0,626000000.0,229000000.0,7589000000.0,5897000000.0,1692000000.0,,,,,,,,,,,,,,,,,,,,5881000000.0,,,,,2144000000.0,,,,,3817000000.0,,,,,,,,,,,1.0,1580000000.0,1577000000.0,,,10511000000.0,1469000000.0,,0.0,6.665,1457000000.0
39,ABBV,MRQ,2010-12-31,2010-12-31,2010-12-31,2021-08-02,288289000.0,21134705000.0,,8218493000.0,12916212000.0,,,,9644000.0,9644000.0,,,2.185,0.346,0.0,0.0,0.0,0.0,0.0,,0.0,,0.0,,,,,,,,,,15702999000.0,,15702999000.0,,,,,,1.0,,,9888360000.0,,7475453000.0,,836270000.0,2010981000.0,1873621000.0,137360000.0,5431706000.0,3761248000.0,1670458000.0,,,,,,,,,,,,,,,,,,,,356784000.0,,,,,2357563000.0,,,,,3373104000.0,,,,,,,,,,,1.0,,,,,11246345000.0,2169740000.0,,0.0,,4457245000.0
0,ABBV,MRT,2021-06-30,2021-06-30,2021-06-30,2021-08-02,-3103000000.0,147972000000.0,149664750000.0,25999000000.0,121973000000.0,0.359,7.105,-879000000.0,8546000000.0,8546000000.0,18470000000.0,6675000000.0,0.906,10.771,82138000000.0,7901000000.0,74237000000.0,82138000000.0,0.0,8772000000.0,0.0,0.044,4.96,8477000000.0,17249000000.0,0.321,17249000000.0,8477000000.0,6011000000.0,3.67,3.65,3.67,12569000000.0,13656250000.0,12569000000.0,274722283927.0,32.0,15.927,19572000000.0,11.064,1.0,35259000000.0,0.656,111738000000.0,2466000000.0,81142000000.0,83125250000.0,3386000000.0,320000000.0,54000000.0,266000000.0,135378000000.0,28684000000.0,106694000000.0,198947283927.0,2529000000.0,-1625000000.0,-837000000.0,-5381000000.0,-8833000000.0,-15567000000.0,-2360000000.0,76000000.0,20451000000.0,5000000.0,6663000000.0,6663000000.0,6663000000.0,0.0,12000000.0,0.124,19707000000.0,15552000000.0,20783000000.0,1.351,15.828,29.859,30.692,5161000000.0,0.0,112.64,3.703,3.709,9914000000.0,740000000.0,53729000000.0,53729000000.0,7180000000.0,0.045,0.488,0.102,0.158,726000000.0,12083000000.0,1.0,1766222336.0,1769000000.0,1776000000.0,30.373,36234000000.0,0.0,-652000000.0,3661000000.0,20.483,-2685000000.0
1,ABBV,MRT,2021-03-31,2021-03-31,2021-03-31,2021-08-02,-3295000000.0,150501000000.0,150054250000.0,26569000000.0,123932000000.0,0.335,7.75,-861000000.0,9755000000.0,9755000000.0,17658000000.0,5167000000.0,0.832,9.976,85530000000.0,11347000000.0,74183000000.0,85530000000.0,0.0,8127000000.0,0.0,0.045,4.84,6633000000.0,14760000000.0,0.294,14760000000.0,6633000000.0,4159000000.0,2.79,2.77,2.79,13710000000.0,14191000000.0,13710000000.0,268710716492.0,41.0,18.205,17789000000.0,10.056,1.0,32537000000.0,0.648,113642000000.0,2474000000.0,80683000000.0,84631500000.0,3272000000.0,327000000.0,22000000.0,305000000.0,136768000000.0,31951000000.0,104817000000.0,191103716492.0,-31387000000.0,-39796000000.0,-854000000.0,-2703000000.0,-8275000000.0,-12253000000.0,-37770000000.0,1446000000.0,18650000000.0,-14000000.0,5159000000.0,5159000000.0,5159000000.0,0.0,8000000.0,0.103,20674000000.0,11863000000.0,20604000000.0,1.735,13.939,37.043,38.789,5193000000.0,0.0,108.22,3.807,3.814,9588000000.0,2292000000.0,50195000000.0,50195000000.0,6960000000.0,0.034,0.364,0.078,0.132,803000000.0,12446000000.0,1.0,1765881690.0,1769000000.0,1775000000.0,28.375,36859000000.0,0.0,-1000000000.0,3768000000.0,20.836,-5382000000.0
2,ABBV,MRT,2020-12-31,2020-12-31,2020-12-31,2021-08-02,-3117000000.0,150565000000.0,135228750000.0,24173000000.0,126392000000.0,0.339,7.844,-798000000.0,8449000000.0,8449000000.0,15387000000.0,4622000000.0,0.843,10.513,86056000000.0,8502000000.0,77554000000.0,86056000000.0,0.0,6471000000.0,0.0,0.044,4.72,5672000000.0,12143000000.0,0.265,12143000000.0,5672000000.0,3392000000.0,2.73,2.72,2.73,13076000000.0,8909750000.0,13076000000.0,268339530849.0,47.0,22.098,16790000000.0,10.072,1.0,30417000000.0,0.664,116000000000.0,2280000000.0,83511000000.0,81177750000.0,3310000000.0,323000000.0,30000000.0,293000000.0,137468000000.0,28661000000.0,108807000000.0,189170530849.0,-31475000000.0,-39610000000.0,-769000000.0,-2703000000.0,-7716000000.0,-11501000000.0,-37557000000.0,1464000000.0,17588000000.0,-5000000.0,4616000000.0,4616000000.0,4616000000.0,0.0,6000000.0,0.101,19054000000.0,11363000000.0,20159000000.0,1.729,14.467,40.981,39.249,5248000000.0,0.0,107.15,4.13,3.9,8822000000.0,1055000000.0,45804000000.0,45804000000.0,6557000000.0,0.034,0.518,0.07,0.124,753000000.0,11299000000.0,1.0,1765473923.0,1667000000.0,1673000000.0,27.477,34565000000.0,0.0,-1224000000.0,3646000000.0,20.735,-4488000000.0
3,ABBV,MRT,2020-09-30,2020-09-30,2020-09-30,2021-08-02,-3259000000.0,149621000000.0,119866250000.0,23009000000.0,126612000000.0,0.339,8.632,-682000000.0,7890000000.0,7890000000.0,12709000000.0,7385000000.0,0.952,8.797,87059000000.0,4777000000.0,82282000000.0,87059000000.0,0.0,4915000000.0,0.0,0.053,4.61,10092000000.0,15007000000.0,0.369,15007000000.0,10092000000.0,7975000000.0,4.75,4.72,4.75,15270000000.0,3597750000.0,15270000000.0,235996744017.0,23.0,15.726,15327000000.0,8.664,1.0,27941000000.0,0.687,117444000000.0,2117000000.0,87165000000.0,76820250000.0,3474000000.0,306000000.0,60000000.0,246000000.0,134332000000.0,24181000000.0,110151000000.0,154581744017.0,-2758000000.0,-39869000000.0,-573000000.0,26807000000.0,-7210000000.0,18796000000.0,-37545000000.0,1457000000.0,16009000000.0,-18000000.0,7381000000.0,7381000000.0,7381000000.0,0.0,4000000.0,0.182,16375000000.0,11566000000.0,19404000000.0,0.971,10.123,20.943,18.44,4986000000.0,0.0,87.59,3.803,3.812,8416000000.0,3335000000.0,40650000000.0,40650000000.0,6209000000.0,0.062,2.052,0.131,0.248,696000000.0,10019000000.0,1.0,1764833246.0,1769000000.0,1774000000.0,22.979,32177000000.0,0.0,594000000.0,4485000000.0,18.189,-1172000000.0
4,ABBV,MRT,2020-06-30,2020-06-30,2020-06-30,2021-08-02,-3435000000.0,149530000000.0,97321250000.0,21256000000.0,128274000000.0,0.372,8.93,-619000000.0,6017000000.0,6017000000.0,9579000000.0,6956000000.0,0.862,9.165,87432000000.0,5371000000.0,82061000000.0,87432000000.0,0.0,3126000000.0,0.0,0.046,4.5,9398000000.0,12524000000.0,0.346,12524000000.0,9398000000.0,7481000000.0,4.72,4.69,4.72,14708000000.0,-2276250000.0,14708000000.0,170890550669.0,18.0,13.645,14115000000.0,8.57,1.0,26648000000.0,0.736,119132000000.0,1917000000.0,87167000000.0,63811250000.0,4059000000.0,248000000.0,23000000.0,225000000.0,134798000000.0,24646000000.0,110152000000.0,144986550669.0,845000000.0,-39025000000.0,-588000000.0,28608000000.0,-6701000000.0,21169000000.0,-35018000000.0,3005000000.0,14734000000.0,-40000000.0,6957000000.0,6957000000.0,6957000000.0,0.0,-1000000.0,0.192,15720000000.0,10928000000.0,19275000000.0,0.953,9.858,20.84,20.801,4908000000.0,0.0,98.18,4.002,4.464,8354000000.0,3130000000.0,36227000000.0,36227000000.0,6788000000.0,0.071,-3.056,0.147,0.259,609000000.0,8830000000.0,1.0,1476742215.0,1647000000.0,1647000000.0,21.996,30398000000.0,0.0,524000000.0,4785000000.0,18.457,-3390000000.0
5,ABBV,MRT,2020-03-31,2020-03-31,2020-03-31,2021-08-02,-3697000000.0,91199000000.0,74224250000.0,51758000000.0,39441000000.0,0.459,-5.007,-570000000.0,41142000000.0,41142000000.0,7687000000.0,8436000000.0,3.142,-13.299,67046000000.0,3762000000.0,63284000000.0,67046000000.0,0.0,2073000000.0,0.0,0.058,4.39,10592000000.0,12665000000.0,0.372,12665000000.0,10592000000.0,8980000000.0,5.67,5.64,5.67,-7415000000.0,-8094750000.0,-7415000000.0,139500947678.0,13.0,11.015,13552000000.0,9.151,1.0,26370000000.0,0.774,33764000000.0,1612000000.0,66868000000.0,51066500000.0,1844000000.0,78000000.0,0.0,78000000.0,98614000000.0,16471000000.0,82143000000.0,112696947678.0,36245000000.0,-827000000.0,-636000000.0,29023000000.0,-6541000000.0,21669000000.0,494000000.0,1729000000.0,14122000000.0,-40000000.0,8436000000.0,8436000000.0,8436000000.0,0.0,0.0,0.248,12794000000.0,13576000000.0,12709000000.0,0.774,-15.199,13.359,13.437,2961000000.0,0.0,76.19,3.309,3.313,6362000000.0,5973000000.0,34057000000.0,34057000000.0,6497000000.0,0.114,-1.042,0.207,0.311,460000000.0,6957000000.0,1.0,1479156683.0,1481000000.0,1484000000.0,22.996,57435000000.0,0.0,544000000.0,959000000.0,38.781,35287000000.0
6,ABBV,MRT,2019-12-31,2019-12-31,2019-12-31,2021-08-02,-3596000000.0,89115000000.0,65616750000.0,49519000000.0,39596000000.0,0.507,-5.518,-552000000.0,39924000000.0,39924000000.0,7439000000.0,7882000000.0,3.177,-11.905,66728000000.0,3753000000.0,62975000000.0,66728000000.0,0.0,2017000000.0,0.0,0.048,4.28,9935000000.0,11952000000.0,0.359,11952000000.0,9935000000.0,8426000000.0,5.3,5.28,5.3,-8172000000.0,-8197500000.0,-8172000000.0,158688820991.0,16.0,13.277,12772000000.0,8.624,1.0,25827000000.0,0.776,34253000000.0,1509000000.0,66081000000.0,44014500000.0,1813000000.0,93000000.0,0.0,93000000.0,97287000000.0,15585000000.0,81702000000.0,130934820991.0,32635000000.0,-1135000000.0,-621000000.0,25823000000.0,-6366000000.0,18708000000.0,596000000.0,2116000000.0,13324000000.0,7000000.0,7882000000.0,7882000000.0,7882000000.0,0.0,0.0,0.237,12844000000.0,12983000000.0,11832000000.0,0.808,-16.022,16.612,16.706,2962000000.0,0.0,88.54,3.936,3.942,5428000000.0,4717000000.0,33266000000.0,33266000000.0,6407000000.0,0.12,-0.962,0.226,0.299,430000000.0,6942000000.0,1.0,1478821109.0,1481000000.0,1484000000.0,22.462,54862000000.0,0.0,544000000.0,1130000000.0,37.044,33934000000.0
7,ABBV,MRT,2019-09-30,2019-09-30,2019-09-30,2021-08-02,-2528000000.0,59441000000.0,58176000000.0,20166000000.0,39275000000.0,0.565,-5.554,-512000000.0,10648000000.0,10648000000.0,7455000000.0,3255000000.0,1.153,-8.226,38402000000.0,5276000000.0,33126000000.0,38402000000.0,0.0,1950000000.0,0.0,0.055,4.17,4352000000.0,6302000000.0,0.192,6302000000.0,4352000000.0,2979000000.0,2.27,2.27,2.27,-8226000000.0,-8266000000.0,-8226000000.0,144038796213.0,33.0,22.856,12929000000.0,8.73,1.0,25412000000.0,0.773,34573000000.0,1373000000.0,35129000000.0,37053750000.0,1929000000.0,131000000.0,0.0,131000000.0,67667000000.0,17493000000.0,50174000000.0,111950796213.0,2633000000.0,-671000000.0,-2672000000.0,-2739000000.0,-6222000000.0,-11719000000.0,928000000.0,2111000000.0,13441000000.0,-17000000.0,3255000000.0,3255000000.0,3255000000.0,0.0,0.0,0.099,18826000000.0,6586000000.0,12217000000.0,1.837,-13.609,34.393,33.357,2894000000.0,0.0,75.72,3.406,3.412,5529000000.0,3673000000.0,32867000000.0,32867000000.0,11360000000.0,0.056,-0.394,0.117,0.132,421000000.0,6920000000.0,1.0,1478483838.0,1481000000.0,1483000000.0,22.192,24868000000.0,0.0,-276000000.0,1058000000.0,16.791,2673000000.0
8,ABBV,MRT,2019-06-30,2019-06-30,2019-06-30,2021-08-02,-2491000000.0,57142000000.0,59856750000.0,15100000000.0,42042000000.0,0.545,-5.788,-640000000.0,5172000000.0,5172000000.0,7370000000.0,4118000000.0,0.891,-7.671,37260000000.0,5641000000.0,31619000000.0,37260000000.0,0.0,1882000000.0,0.0,0.056,4.06,4994000000.0,6876000000.0,0.211,6876000000.0,4994000000.0,3739000000.0,2.81,2.82,2.81,-8566000000.0,-6939750000.0,-8566000000.0,139751315911.0,28.0,20.325,12770000000.0,8.628,1.0,25254000000.0,0.774,36101000000.0,1255000000.0,36188000000.0,38503250000.0,1895000000.0,1717000000.0,244000000.0,1473000000.0,65708000000.0,16941000000.0,48767000000.0,107504315911.0,1625000000.0,-775000000.0,-3676000000.0,-477000000.0,-6092000000.0,-10362000000.0,-1413000000.0,2000000.0,13410000000.0,-10000000.0,4118000000.0,4118000000.0,4118000000.0,0.0,0.0,0.126,18126000000.0,7128000000.0,11300000000.0,1.445,-12.55,26.106,25.879,2879000000.0,0.0,72.72,3.295,3.299,5482000000.0,3384000000.0,32624000000.0,32624000000.0,10343000000.0,0.069,-0.593,0.13,0.153,421000000.0,7182000000.0,1.0,1478332177.0,1480000000.0,1484000000.0,22.043,21041000000.0,0.0,-379000000.0,1148000000.0,14.217,-1841000000.0
9,ABBV,MRT,2019-03-31,2019-03-31,2019-03-31,2021-08-02,-2516000000.0,56769000000.0,60981500000.0,14413000000.0,42356000000.0,0.535,-5.288,-626000000.0,4897000000.0,4897000000.0,7485000000.0,5360000000.0,1.037,-8.254,37144000000.0,2078000000.0,35066000000.0,37144000000.0,0.0,1823000000.0,0.0,0.049,3.95,6162000000.0,7985000000.0,0.245,7985000000.0,6162000000.0,4944000000.0,3.58,3.59,3.58,-7826000000.0,-5642000000.0,-7826000000.0,151897980393.0,25.0,19.023,13173000000.0,8.901,1.0,25162000000.0,0.771,36452000000.0,1218000000.0,38660000000.0,38302250000.0,1702000000.0,1808000000.0,331000000.0,1477000000.0,64595000000.0,13904000000.0,50691000000.0,118876980393.0,-4110000000.0,-684000000.0,-11188000000.0,29000000.0,-6031000000.0,-17270000000.0,-586000000.0,724000000.0,13799000000.0,-53000000.0,5360000000.0,5360000000.0,5360000000.0,0.0,0.0,0.164,18672000000.0,6490000000.0,11826000000.0,1.103,-15.19,22.179,22.511,2860000000.0,0.0,80.59,3.641,3.653,5680000000.0,4234000000.0,32647000000.0,32647000000.0,10374000000.0,0.088,-0.95,0.161,0.189,419000000.0,7288000000.0,1.0,1475083514.0,1480000000.0,1483000000.0,22.059,20317000000.0,0.0,-416000000.0,1116000000.0,13.728,509000000.0
10,ABBV,MRT,2018-12-31,2018-12-31,2018-12-31,2021-08-02,-2480000000.0,59352000000.0,64124750000.0,16945000000.0,42407000000.0,0.511,-5.481,-638000000.0,7289000000.0,7289000000.0,7718000000.0,5687000000.0,0.983,-8.027,40310000000.0,5308000000.0,35002000000.0,40310000000.0,0.0,1765000000.0,0.0,0.039,3.59,6341000000.0,8106000000.0,0.247,8106000000.0,6341000000.0,5197000000.0,3.67,3.66,3.67,-8446000000.0,-2797250000.0,-8446000000.0,171166703186.0,27.0,21.116,12789000000.0,8.299,1.0,25035000000.0,0.764,36896000000.0,1144000000.0,38238000000.0,38000750000.0,1605000000.0,2192000000.0,772000000.0,1420000000.0,67798000000.0,17239000000.0,50559000000.0,138673703186.0,-2014000000.0,-736000000.0,-11941000000.0,3189000000.0,-5580000000.0,-14396000000.0,-1006000000.0,368000000.0,13427000000.0,-39000000.0,5687000000.0,5687000000.0,5687000000.0,0.0,0.0,0.174,18652000000.0,6383000000.0,11931000000.0,0.978,-16.419,24.384,25.12,2883000000.0,0.0,92.19,4.234,4.337,5384000000.0,3368000000.0,32753000000.0,32753000000.0,10329000000.0,0.089,-2.033,0.167,0.194,421000000.0,7399000000.0,1.0,1504216327.0,1541000000.0,1546000000.0,21.254,22456000000.0,0.0,-490000000.0,1067000000.0,14.572,-294000000.0
11,ABBV,MRT,2018-09-30,2018-09-30,2018-09-30,2021-08-02,-2559000000.0,66164000000.0,66983250000.0,18465000000.0,47699000000.0,0.481,-1.933,-697000000.0,8015000000.0,8015000000.0,7977000000.0,7565000000.0,1.2,-23.651,40508000000.0,4021000000.0,36487000000.0,40508000000.0,0.0,1692000000.0,0.0,0.035,3.27,9840000000.0,11532000000.0,0.358,11532000000.0,9840000000.0,8763000000.0,4.84,4.84,4.84,-2921000000.0,588500000.0,-2921000000.0,176781911777.0,18.0,15.33,11922000000.0,7.89,1.0,24210000000.0,0.752,42343000000.0,1077000000.0,40927000000.0,38157750000.0,1786000000.0,2233000000.0,770000000.0,1463000000.0,69085000000.0,15387000000.0,53698000000.0,143219911777.0,-431000000.0,-669000000.0,-10355000000.0,3103000000.0,-5159000000.0,-12499000000.0,-522000000.0,844000000.0,12619000000.0,-29000000.0,7565000000.0,7565000000.0,7565000000.0,0.0,0.0,0.235,13604000000.0,10606000000.0,11366000000.0,0.676,-49.031,18.932,19.541,2950000000.0,0.0,94.58,4.45,4.44,5780000000.0,6789000000.0,32187000000.0,32187000000.0,5242000000.0,0.113,12.855,0.258,0.306,428000000.0,7426000000.0,1.0,1514272698.0,1511000000.0,1515000000.0,21.302,23821000000.0,0.0,1198000000.0,1490000000.0,15.765,3078000000.0
12,ABBV,MRT,2018-06-30,2018-06-30,2018-06-30,2021-08-02,-2639000000.0,61641000000.0,67652250000.0,13845000000.0,47796000000.0,0.457,-2.152,-541000000.0,3547000000.0,3547000000.0,7758000000.0,6449000000.0,0.804,-19.264,37109000000.0,6530000000.0,30579000000.0,37109000000.0,0.0,1636000000.0,0.0,0.032,2.95,9124000000.0,10760000000.0,0.348,10760000000.0,9124000000.0,8097000000.0,4.05,4.04,4.05,-3375000000.0,2990500000.0,-3375000000.0,175304381135.0,19.0,16.292,10825000000.0,6.904,1.0,23188000000.0,0.749,42595000000.0,1027000000.0,35384000000.0,38236250000.0,1580000000.0,1701000000.0,196000000.0,1505000000.0,65016000000.0,17224000000.0,47792000000.0,147024381135.0,-2541000000.0,-609000000.0,-9288000000.0,86000000.0,-4724000000.0,-14225000000.0,332000000.0,1482000000.0,11366000000.0,-14000000.0,6449000000.0,6449000000.0,6449000000.0,0.0,0.0,0.208,13047000000.0,10141000000.0,10694000000.0,0.728,-43.563,22.798,22.877,2787000000.0,0.0,92.65,4.751,4.694,5793000000.0,5495000000.0,30946000000.0,30946000000.0,5202000000.0,0.095,2.156,0.239,0.295,424000000.0,6964000000.0,1.0,1586879451.0,1568000000.0,1572000000.0,19.736,19046000000.0,0.0,1648000000.0,1670000000.0,12.147,-3379000000.0
13,ABBV,MRT,2018-03-31,2018-03-31,2018-03-31,2021-08-02,-2630000000.0,69342000000.0,68990500000.0,20444000000.0,48898000000.0,0.429,2.233,-553000000.0,9007000000.0,9007000000.0,7353000000.0,6381000000.0,1.198,18.516,37287000000.0,6381000000.0,30906000000.0,37287000000.0,0.0,1572000000.0,0.0,0.028,2.63,9446000000.0,11018000000.0,0.372,11018000000.0,9446000000.0,8438000000.0,3.99,3.97,3.99,3553000000.0,5336500000.0,3553000000.0,178366611796.0,19.0,16.189,9950000000.0,6.254,1.0,22259000000.0,0.752,43110000000.0,1008000000.0,37454000000.0,39856750000.0,1738000000.0,2524000000.0,467000000.0,2057000000.0,65789000000.0,17058000000.0,48731000000.0,150301611796.0,4267000000.0,-617000000.0,-1715000000.0,-59000000.0,-4217000000.0,-6227000000.0,-37000000.0,1133000000.0,10503000000.0,28000000.0,6381000000.0,6381000000.0,6381000000.0,0.0,0.0,0.215,12218000000.0,10041000000.0,10677000000.0,0.659,42.303,23.555,23.722,2828000000.0,0.0,94.65,5.076,5.085,5841000000.0,4977000000.0,29612000000.0,29612000000.0,5109000000.0,0.092,1.196,0.237,0.319,415000000.0,6713000000.0,1.0,1587972655.0,1591000000.0,1596000000.0,18.612,26232000000.0,0.0,2057000000.0,2304000000.0,16.488,3386000000.0
14,ABBV,MRT,2017-12-31,2017-12-31,2017-12-31,2021-08-02,-2727000000.0,70786000000.0,68071000000.0,21223000000.0,49563000000.0,0.415,3.194,-529000000.0,9303000000.0,9303000000.0,7042000000.0,5309000000.0,1.275,12.888,37368000000.0,6415000000.0,30953000000.0,37368000000.0,0.0,1501000000.0,0.0,0.026,2.56,8731000000.0,10232000000.0,0.363,10232000000.0,8731000000.0,7727000000.0,3.31,3.3,3.31,5097000000.0,5697750000.0,5097000000.0,183739720155.0,21.0,17.957,9431000000.0,5.909,1.0,21174000000.0,0.75,43344000000.0,1004000000.0,38866000000.0,41721250000.0,1605000000.0,2576000000.0,486000000.0,2090000000.0,65689000000.0,16641000000.0,49048000000.0,154390720155.0,4203000000.0,-308000000.0,-1156000000.0,-2000000.0,-4107000000.0,-5512000000.0,-274000000.0,563000000.0,9960000000.0,29000000.0,5309000000.0,5309000000.0,5309000000.0,0.0,0.0,0.188,11629000000.0,9545000000.0,10226000000.0,0.773,30.291,29.081,29.218,2803000000.0,0.0,96.71,5.472,5.47,5088000000.0,5459000000.0,28216000000.0,28216000000.0,5007000000.0,0.078,0.932,0.209,0.309,365000000.0,6295000000.0,1.0,1596429740.0,1596000000.0,1603000000.0,17.679,27442000000.0,0.0,2418000000.0,2490000000.0,17.194,4582000000.0
15,ABBV,MRT,2017-09-30,2017-09-30,2017-09-30,2021-08-02,-2613000000.0,68840000000.0,66899250000.0,18930000000.0,49910000000.0,0.408,4.187,-461000000.0,8446000000.0,8446000000.0,6315000000.0,6648000000.0,1.452,9.295,37795000000.0,3821000000.0,33974000000.0,37795000000.0,0.0,1460000000.0,0.0,0.028,2.49,9574000000.0,11034000000.0,0.405,11034000000.0,9574000000.0,8532000000.0,4.15,4.11,4.15,6687000000.0,5582500000.0,6687000000.0,172800254864.0,18.0,15.661,8456000000.0,5.295,1.0,20958000000.0,0.768,43915000000.0,1042000000.0,41241000000.0,42941500000.0,1785000000.0,3079000000.0,1108000000.0,1971000000.0,62153000000.0,13033000000.0,49120000000.0,141651254864.0,2228000000.0,-288000000.0,-2443000000.0,623000000.0,-4010000000.0,-6086000000.0,-594000000.0,37000000.0,8917000000.0,-9000000.0,6648000000.0,6648000000.0,6648000000.0,0.0,0.0,0.244,10881000000.0,10077000000.0,9212000000.0,0.6,21.183,21.307,21.412,2697000000.0,0.0,88.86,5.194,5.203,4891000000.0,6547000000.0,27273000000.0,27273000000.0,4808000000.0,0.099,1.191,0.223,0.351,363000000.0,6018000000.0,1.0,1594094698.0,1597000000.0,1603000000.0,17.078,24925000000.0,0.0,1884000000.0,6147000000.0,15.607,5897000000.0
16,ABBV,MRT,2017-06-30,2017-06-30,2017-06-30,2021-08-02,-2548000000.0,66994000000.0,66345750000.0,16962000000.0,50032000000.0,0.403,3.767,-448000000.0,6088000000.0,6088000000.0,6203000000.0,6615000000.0,1.384,10.149,37237000000.0,3420000000.0,33817000000.0,37237000000.0,0.0,1385000000.0,0.0,0.033,2.42,9491000000.0,10876000000.0,0.407,10876000000.0,9491000000.0,8451000000.0,4.1,4.07,4.1,6009000000.0,5528000000.0,6009000000.0,147613602598.0,16.0,13.572,6652000000.0,4.171,1.0,20507000000.0,0.768,44018000000.0,1040000000.0,41866000000.0,43592500000.0,1582000000.0,3169000000.0,1117000000.0,2052000000.0,60985000000.0,12259000000.0,48726000000.0,115402602598.0,-239000000.0,-270000000.0,-2468000000.0,-267000000.0,-3917000000.0,-6647000000.0,-684000000.0,-84000000.0,7100000000.0,-8000000.0,6615000000.0,6615000000.0,6615000000.0,0.0,0.0,0.248,10763000000.0,9744000000.0,8839000000.0,0.59,19.205,17.446,17.685,2657000000.0,0.0,72.51,4.321,4.33,4859000000.0,5951000000.0,26710000000.0,26710000000.0,4686000000.0,0.1,1.197,0.218,0.355,361000000.0,5942000000.0,1.0,1591540513.0,1595000000.0,1600000000.0,16.746,22976000000.0,0.0,1836000000.0,6391000000.0,14.405,4703000000.0
17,ABBV,MRT,2017-03-31,2017-03-31,2017-03-31,2021-08-02,-2542000000.0,65664000000.0,66400000000.0,15547000000.0,50117000000.0,0.395,3.13,-453000000.0,4740000000.0,4740000000.0,6079000000.0,6310000000.0,1.758,12.138,36951000000.0,425000000.0,36526000000.0,36951000000.0,0.0,1295000000.0,0.0,0.036,2.35,9206000000.0,10501000000.0,0.401,10501000000.0,9206000000.0,8194000000.0,3.89,3.86,3.89,4998000000.0,5435750000.0,4998000000.0,135601845771.0,15.0,12.913,6562000000.0,4.109,1.0,20139000000.0,0.768,44119000000.0,1012000000.0,44912000000.0,44251000000.0,1427000000.0,3631000000.0,1508000000.0,2123000000.0,60666000000.0,8844000000.0,51822000000.0,103859845771.0,-2816000000.0,-2792000000.0,-6243000000.0,5548000000.0,-3820000000.0,-4503000000.0,-5300000000.0,-2173000000.0,7015000000.0,-28000000.0,6310000000.0,6310000000.0,6310000000.0,0.0,0.0,0.241,10670000000.0,9469000000.0,8419000000.0,0.604,20.78,16.46,16.751,2612000000.0,0.0,65.16,3.961,3.969,4677000000.0,5063000000.0,26218000000.0,26218000000.0,4581000000.0,0.095,1.161,0.208,0.351,356000000.0,5899000000.0,1.0,1593920285.0,1597000000.0,1603000000.0,16.417,21545000000.0,0.0,1884000000.0,6797000000.0,13.491,6703000000.0
18,ABBV,MRT,2016-12-31,2016-12-31,2016-12-31,2021-08-02,-2586000000.0,66099000000.0,63414000000.0,16187000000.0,49912000000.0,0.404,2.858,-479000000.0,5100000000.0,5100000000.0,5832000000.0,5953000000.0,1.655,13.258,36842000000.0,402000000.0,36440000000.0,36842000000.0,0.0,1189000000.0,0.0,0.036,2.28,8849000000.0,10038000000.0,0.392,10038000000.0,8849000000.0,7884000000.0,3.65,3.63,3.65,4636000000.0,5347000000.0,4636000000.0,132855700131.0,15.0,13.235,6562000000.0,4.046,1.0,19806000000.0,0.773,44313000000.0,965000000.0,43747000000.0,41680250000.0,1444000000.0,3106000000.0,1323000000.0,1783000000.0,61463000000.0,9781000000.0,51682000000.0,101763700131.0,-3299000000.0,-2757000000.0,-5765000000.0,5525000000.0,-3717000000.0,-3928000000.0,-6074000000.0,-2956000000.0,7041000000.0,-338000000.0,5953000000.0,5953000000.0,5953000000.0,0.0,0.0,0.232,10466000000.0,9340000000.0,9379000000.0,0.625,21.951,17.095,17.156,2604000000.0,0.0,62.62,3.969,3.962,4758000000.0,4378000000.0,25638000000.0,25638000000.0,4385000000.0,0.094,1.113,0.212,0.345,353000000.0,5881000000.0,1.0,1625099012.0,1622000000.0,1631000000.0,15.806,21786000000.0,0.0,1931000000.0,6890000000.0,13.432,6406000000.0
19,ABBV,MRT,2016-09-30,2016-09-30,2016-09-30,2021-08-02,-2340000000.0,66626000000.0,60151750000.0,16290000000.0,50336000000.0,0.42,3.964,-510000000.0,6218000000.0,6218000000.0,5753000000.0,6079000000.0,1.79,9.299,37310000000.0,26000000.0,37284000000.0,37310000000.0,0.0,1122000000.0,0.0,0.035,2.22,8684000000.0,9806000000.0,0.388,9806000000.0,8684000000.0,7810000000.0,3.72,3.7,3.72,6469000000.0,5174250000.0,6469000000.0,134230166582.0,15.0,13.689,6953000000.0,4.26,1.0,19489000000.0,0.772,44770000000.0,874000000.0,43845000000.0,38881250000.0,1630000000.0,3110000000.0,1732000000.0,1378000000.0,60157000000.0,9103000000.0,51054000000.0,102712166582.0,-3005000000.0,-2819000000.0,-5225000000.0,4947000000.0,-3624000000.0,-3857000000.0,-6252000000.0,-2923000000.0,7463000000.0,-359000000.0,6079000000.0,6079000000.0,6079000000.0,0.0,0.0,0.241,10350000000.0,9139000000.0,9077000000.0,0.597,15.878,16.896,16.954,2638000000.0,0.0,63.07,4.069,4.078,4999000000.0,4011000000.0,25242000000.0,25242000000.0,4251000000.0,0.101,1.175,0.223,0.344,331000000.0,5939000000.0,1.0,1628542359.0,1632000000.0,1640000000.0,15.467,21856000000.0,0.0,1731000000.0,6124000000.0,13.392,7187000000.0
20,ABBV,MRT,2016-06-30,2016-06-30,2016-06-30,2021-08-02,-2390000000.0,67211000000.0,57203250000.0,16791000000.0,50420000000.0,0.433,3.473,-524000000.0,6327000000.0,6327000000.0,5416000000.0,5720000000.0,1.811,10.917,37845000000.0,517000000.0,37328000000.0,37845000000.0,0.0,1045000000.0,0.0,0.035,2.16,8264000000.0,9309000000.0,0.376,9309000000.0,8264000000.0,7443000000.0,3.5,3.47,3.5,5640000000.0,4772750000.0,5640000000.0,124487671359.0,15.0,13.373,7640000000.0,4.704,1.0,19338000000.0,0.781,44957000000.0,821000000.0,44500000000.0,36884500000.0,1756000000.0,3075000000.0,1675000000.0,1400000000.0,61571000000.0,9272000000.0,52299000000.0,100130671359.0,-1073000000.0,-2757000000.0,-6236000000.0,6203000000.0,-3541000000.0,-3542000000.0,-5308000000.0,-2027000000.0,8164000000.0,-387000000.0,5720000000.0,5720000000.0,5720000000.0,0.0,0.0,0.231,10675000000.0,8663000000.0,8755000000.0,0.617,17.754,17.505,17.689,2618000000.0,0.0,61.91,4.045,4.062,5048000000.0,3349000000.0,24754000000.0,24754000000.0,4563000000.0,0.1,1.198,0.224,0.334,317000000.0,6032000000.0,1.0,1617358607.0,1624000000.0,1632000000.0,15.243,22254000000.0,0.0,1723000000.0,7180000000.0,13.703,7519000000.0
21,ABBV,MRT,2016-03-31,2016-03-31,2016-03-31,2021-08-02,-2423000000.0,53720000000.0,53864250000.0,16622000000.0,37098000000.0,0.441,2.873,-508000000.0,7556000000.0,7556000000.0,4927000000.0,5476000000.0,1.559,10.57,31913000000.0,2423000000.0,29490000000.0,31913000000.0,0.0,946000000.0,0.0,0.037,2.1,7785000000.0,8731000000.0,0.367,8731000000.0,7785000000.0,7025000000.0,3.35,3.32,3.35,4643000000.0,4738750000.0,4643000000.0,115305927469.0,15.0,13.206,7570000000.0,4.684,1.0,18850000000.0,0.793,32786000000.0,760000000.0,34629000000.0,34053000000.0,1789000000.0,1431000000.0,1044000000.0,387000000.0,49077000000.0,10662000000.0,38415000000.0,92033927469.0,-350000000.0,-11744000000.0,-7468000000.0,16350000000.0,-3432000000.0,5463000000.0,-13521000000.0,-1269000000.0,8078000000.0,-370000000.0,5476000000.0,5476000000.0,5476000000.0,0.0,0.0,0.23,10722000000.0,8128000000.0,8239000000.0,0.627,19.822,16.807,17.051,2597000000.0,0.0,57.12,3.871,3.882,4753000000.0,2673000000.0,23777000000.0,23777000000.0,4420000000.0,0.102,1.156,0.229,0.327,301000000.0,6269000000.0,1.0,1611238226.0,1616000000.0,1625000000.0,14.713,20934000000.0,0.0,1549000000.0,5412000000.0,12.954,5960000000.0
22,ABBV,MRT,2015-12-31,2015-12-31,2015-12-31,2021-08-02,-2561000000.0,53050000000.0,47109000000.0,16314000000.0,36736000000.0,0.485,2.428,-532000000.0,8399000000.0,8399000000.0,4500000000.0,5144000000.0,1.498,12.447,31671000000.0,2431000000.0,29240000000.0,31671000000.0,0.0,836000000.0,0.0,0.034,2.02,7331000000.0,8167000000.0,0.357,8167000000.0,7331000000.0,6645000000.0,3.15,3.13,3.15,3945000000.0,3922250000.0,3945000000.0,119746407363.0,16.0,14.662,7003000000.0,4.31,1.0,18359000000.0,0.803,32877000000.0,686000000.0,32551000000.0,29396750000.0,1719000000.0,153000000.0,8000000.0,145000000.0,49105000000.0,10894000000.0,38211000000.0,96842407363.0,51000000.0,-12452000000.0,-7431000000.0,16441000000.0,-3294000000.0,5752000000.0,-12936000000.0,48000000.0,7535000000.0,-300000000.0,5144000000.0,5144000000.0,5144000000.0,0.0,0.0,0.225,10822000000.0,7537000000.0,8463000000.0,0.641,24.548,18.826,18.806,2565000000.0,0.0,59.24,4.237,4.211,4730000000.0,2248000000.0,22859000000.0,22859000000.0,4285000000.0,0.109,1.311,0.249,0.321,282000000.0,6387000000.0,1.0,1634746917.0,1625000000.0,1637000000.0,14.067,20173000000.0,0.0,1501000000.0,5276000000.0,12.414,5420000000.0
23,ABBV,MRT,2015-09-30,2015-09-30,2015-09-30,2021-08-02,-2499000000.0,54832000000.0,40724750000.0,17912000000.0,36920000000.0,0.538,2.944,-540000000.0,9223000000.0,9223000000.0,4144000000.0,2817000000.0,2.032,10.275,32127000000.0,768000000.0,31359000000.0,32127000000.0,0.0,768000000.0,0.0,0.035,1.93,4300000000.0,5068000000.0,0.231,5068000000.0,4300000000.0,3684000000.0,1.73,1.7,1.73,4863000000.0,3371500000.0,4863000000.0,113786585551.0,26.0,22.452,4454000000.0,2.696,1.0,17767000000.0,0.811,33065000000.0,616000000.0,35858000000.0,25102500000.0,1841000000.0,100000000.0,26000000.0,74000000.0,49969000000.0,8813000000.0,41156000000.0,90063585551.0,1504000000.0,-12332000000.0,-6464000000.0,16849000000.0,-3128000000.0,7301000000.0,-10125000000.0,47000000.0,4994000000.0,-666000000.0,2817000000.0,2817000000.0,2817000000.0,0.0,0.0,0.129,12758000000.0,5009000000.0,8045000000.0,1.116,18.52,31.971,31.451,2546000000.0,0.0,54.41,4.11,4.102,4574000000.0,1654000000.0,21911000000.0,21911000000.0,4089000000.0,0.069,0.836,0.171,0.196,272000000.0,7991000000.0,1.0,1655276338.0,1652000000.0,1664000000.0,13.263,21767000000.0,1100000000.0,867000000.0,5996000000.0,13.176,9099000000.0
24,ABBV,MRT,2015-06-30,2015-06-30,2015-06-30,2021-08-02,-2374000000.0,53855000000.0,34130250000.0,16877000000.0,36978000000.0,0.615,3.398,-593000000.0,7400000000.0,7400000000.0,4071000000.0,2084000000.0,1.499,8.785,31123000000.0,4007000000.0,27116000000.0,31123000000.0,0.0,733000000.0,0.0,0.027,1.84,3271000000.0,4004000000.0,0.191,4004000000.0,3271000000.0,2724000000.0,1.3,1.27,1.3,5504000000.0,3317000000.0,5504000000.0,114405782957.0,35.0,28.573,4032000000.0,2.489,1.0,16915000000.0,0.806,33146000000.0,547000000.0,33174000000.0,20826750000.0,1623000000.0,1013000000.0,879000000.0,134000000.0,48351000000.0,11258000000.0,37093000000.0,107038782957.0,-1686000000.0,-12887000000.0,-5450000000.0,16056000000.0,-2951000000.0,7638000000.0,-13154000000.0,326000000.0,4625000000.0,-795000000.0,2084000000.0,2084000000.0,2084000000.0,0.0,0.0,0.099,12831000000.0,4084000000.0,7251000000.0,1.415,19.447,51.362,51.685,2517000000.0,0.0,67.19,5.1,5.187,4367000000.0,1256000000.0,20986000000.0,20986000000.0,3483000000.0,0.061,0.628,0.157,0.156,261000000.0,8112000000.0,1.0,1593076097.0,1620000000.0,1633000000.0,12.954,20709000000.0,1227000000.0,640000000.0,6059000000.0,12.783,5619000000.0
25,ABBV,MRT,2015-03-31,2015-03-31,2015-03-31,2021-08-02,-2467000000.0,26699000000.0,27927750000.0,15408000000.0,11291000000.0,0.732,0.863,-620000000.0,7906000000.0,7906000000.0,4268000000.0,1816000000.0,1.394,18.389,15273000000.0,4590000000.0,10683000000.0,15273000000.0,0.0,745000000.0,0.0,0.03,1.75,2931000000.0,3676000000.0,0.18,3676000000.0,2931000000.0,2479000000.0,1.15,1.12,1.15,1377000000.0,3245500000.0,1377000000.0,99969139653.0,34.0,27.195,3890000000.0,2.439,1.0,16169000000.0,0.791,7012000000.0,452000000.0,16004000000.0,17644250000.0,1022000000.0,111000000.0,18000000.0,93000000.0,25322000000.0,11050000000.0,14272000000.0,93306139653.0,-234000000.0,-1358000000.0,-484000000.0,349000000.0,-2806000000.0,-2946000000.0,-1002000000.0,976000000.0,4510000000.0,-796000000.0,1816000000.0,1816000000.0,1816000000.0,0.0,0.0,0.089,12422000000.0,3747000000.0,6460000000.0,1.522,67.76,51.38,50.904,2431000000.0,0.0,58.54,4.566,4.569,4214000000.0,739000000.0,20437000000.0,20437000000.0,3336000000.0,0.065,0.56,0.166,0.143,254000000.0,7857000000.0,1.0,1593886909.0,1595000000.0,1608000000.0,12.813,19687000000.0,1198000000.0,663000000.0,0.0,12.343,4358000000.0
26,ABBV,MRT,2014-12-31,2014-12-31,2014-12-31,2021-08-02,-2031000000.0,27513000000.0,28417250000.0,16081000000.0,11432000000.0,0.702,1.092,-612000000.0,8348000000.0,8348000000.0,4426000000.0,1774000000.0,1.411,14.794,14977000000.0,4439000000.0,10538000000.0,14977000000.0,0.0,786000000.0,0.0,0.025,1.66,2760000000.0,3546000000.0,0.178,3546000000.0,2760000000.0,2369000000.0,1.11,1.1,1.11,1742000000.0,4075500000.0,1742000000.0,108741286533.0,39.0,30.666,2937000000.0,1.841,1.0,15534000000.0,0.778,7375000000.0,391000000.0,15374000000.0,18801750000.0,1124000000.0,118000000.0,26000000.0,92000000.0,25771000000.0,11393000000.0,14378000000.0,104263286533.0,-1247000000.0,-622000000.0,-433000000.0,-146000000.0,-2661000000.0,-3293000000.0,-926000000.0,308000000.0,3549000000.0,-577000000.0,1774000000.0,1774000000.0,1774000000.0,0.0,0.0,0.089,12123000000.0,3411000000.0,6954000000.0,1.495,59.853,58.773,58.955,2485000000.0,0.0,65.44,5.224,5.229,3735000000.0,535000000.0,19960000000.0,19960000000.0,3297000000.0,0.062,0.435,0.147,0.138,241000000.0,7724000000.0,1.0,1593265381.0,1595000000.0,1610000000.0,12.514,20138000000.0,896000000.0,595000000.0,159000000.0,12.626,4688000000.0
27,ABBV,MRT,2014-09-30,2014-09-30,2014-09-30,2021-08-02,-913000000.0,28454000000.0,28838500000.0,17555000000.0,10899000000.0,0.68,2.912,-610000000.0,10314000000.0,10314000000.0,4589000000.0,3712000000.0,2.646,5.126,14792000000.0,323000000.0,14469000000.0,14792000000.0,0.0,793000000.0,0.0,0.028,1.64,5175000000.0,5968000000.0,0.304,5968000000.0,5175000000.0,4845000000.0,2.32,2.3,2.32,4645000000.0,4763000000.0,4645000000.0,97591541402.0,19.0,16.352,4762000000.0,2.986,1.0,15030000000.0,0.766,7542000000.0,330000000.0,18755000000.0,19778250000.0,1008000000.0,133000000.0,9000000.0,124000000.0,23809000000.0,6635000000.0,17174000000.0,91936541402.0,-1256000000.0,-619000000.0,-286000000.0,-192000000.0,-2628000000.0,-3158000000.0,-3317000000.0,612000000.0,5372000000.0,-153000000.0,3712000000.0,3712000000.0,3712000000.0,0.0,0.0,0.189,9669000000.0,5361000000.0,6312000000.0,0.707,19.793,24.767,24.897,2432000000.0,0.0,57.76,4.686,4.696,3592000000.0,2131000000.0,19619000000.0,19619000000.0,3216000000.0,0.129,0.779,0.262,0.264,235000000.0,5831000000.0,1.0,1591699124.0,1595000000.0,1610000000.0,12.3,20912000000.0,927000000.0,1133000000.0,0.0,13.111,10920000000.0
28,ABBV,MRT,2014-06-30,2014-06-30,2014-06-30,2021-08-02,-420000000.0,29045000000.0,28788000000.0,17794000000.0,11251000000.0,0.669,3.274,-563000000.0,9086000000.0,9086000000.0,4587000000.0,4170000000.0,2.817,4.566,14741000000.0,271000000.0,14470000000.0,14741000000.0,0.0,835000000.0,0.0,0.029,1.62,5715000000.0,6550000000.0,0.34,6550000000.0,5715000000.0,5444000000.0,2.6,2.59,2.6,5218000000.0,4496000000.0,5218000000.0,96009350946.0,17.0,14.658,4821000000.0,3.024,1.0,14671000000.0,0.762,7939000000.0,271000000.0,20444000000.0,19844250000.0,1048000000.0,1290000000.0,1160000000.0,130000000.0,23827000000.0,6317000000.0,17510000000.0,89743350946.0,343000000.0,-288000000.0,-268000000.0,-159000000.0,-2595000000.0,-3052000000.0,-1997000000.0,-1146000000.0,5384000000.0,8000000.0,4170000000.0,4170000000.0,4170000000.0,0.0,0.0,0.217,8899000000.0,5772000000.0,6046000000.0,0.623,17.199,21.521,21.708,2387000000.0,0.0,56.44,4.66,4.672,3684000000.0,2299000000.0,19258000000.0,19258000000.0,3118000000.0,0.145,0.927,0.288,0.297,233000000.0,5497000000.0,1.0,1590066459.0,1594000000.0,1608000000.0,12.082,21106000000.0,1231000000.0,1274000000.0,0.0,13.241,11477000000.0
29,ABBV,MRT,2014-03-31,2014-03-31,2014-03-31,2021-08-02,-426000000.0,28657000000.0,28504250000.0,17329000000.0,11328000000.0,0.667,2.945,-540000000.0,8140000000.0,8140000000.0,4528000000.0,4140000000.0,2.788,5.101,14406000000.0,20000000.0,14386000000.0,14406000000.0,0.0,869000000.0,0.0,0.031,1.6,5656000000.0,6525000000.0,0.343,6525000000.0,5656000000.0,5379000000.0,2.58,2.57,2.58,4697000000.0,4081000000.0,4697000000.0,86777864470.0,15.0,13.299,5164000000.0,3.238,1.0,14496000000.0,0.762,8073000000.0,277000000.0,20634000000.0,19458000000.0,1104000000.0,1079000000.0,960000000.0,119000000.0,23960000000.0,6216000000.0,17744000000.0,81649864470.0,1161000000.0,-405000000.0,-211000000.0,-410000000.0,-2560000000.0,-3137000000.0,-1405000000.0,-460000000.0,5704000000.0,-1000000.0,4140000000.0,4140000000.0,4140000000.0,0.0,0.0,0.218,8786000000.0,5710000000.0,6196000000.0,0.62,17.383,19.722,19.922,2333000000.0,0.0,51.4,4.292,4.309,3650000000.0,1874000000.0,19024000000.0,19024000000.0,2993000000.0,0.145,1.014,0.291,0.297,231000000.0,5455000000.0,1.0,1588518764.0,1595000000.0,1609000000.0,11.927,20584000000.0,2015000000.0,1239000000.0,0.0,12.905,11113000000.0
30,ABBV,MRT,2013-12-31,2013-12-31,2013-12-31,2021-08-02,-442000000.0,29198000000.0,28132250000.0,17848000000.0,11350000000.0,0.668,2.827,-491000000.0,9595000000.0,9595000000.0,4581000000.0,4128000000.0,2.595,5.5,14723000000.0,431000000.0,14292000000.0,14723000000.0,0.0,897000000.0,0.0,0.03,1.6,5610000000.0,6507000000.0,0.346,6507000000.0,5610000000.0,5332000000.0,2.58,2.56,2.58,4492000000.0,3646000000.0,4492000000.0,89847412292.0,16.0,13.808,5776000000.0,3.635,1.0,14209000000.0,0.756,8167000000.0,278000000.0,19280000000.0,19361500000.0,1150000000.0,418000000.0,300000000.0,118000000.0,24706000000.0,6879000000.0,17827000000.0,84013412292.0,3694000000.0,-405000000.0,27000000.0,-601000000.0,-2555000000.0,-3442000000.0,879000000.0,1775000000.0,6267000000.0,-10000000.0,4128000000.0,4128000000.0,4128000000.0,0.0,0.0,0.22,8545000000.0,5664000000.0,6448000000.0,0.62,18.703,20.352,20.469,2298000000.0,0.0,52.81,4.471,4.466,3854000000.0,1567000000.0,18790000000.0,18790000000.0,2855000000.0,0.147,1.132,0.29,0.299,212000000.0,5352000000.0,1.0,1590861812.0,1589000000.0,1604000000.0,11.825,21031000000.0,1715000000.0,1204000000.0,0.0,13.235,10969000000.0
31,ABBV,MRT,2013-09-30,2013-09-30,2013-09-30,2021-08-02,-981000000.0,28252000000.0,27584750000.0,16543000000.0,11709000000.0,0.685,2.25,-435000000.0,8975000000.0,8975000000.0,4564000000.0,4540000000.0,2.406,6.898,14809000000.0,434000000.0,14375000000.0,14809000000.0,0.0,1006000000.0,0.0,0.027,1.2,5904000000.0,6910000000.0,0.366,6910000000.0,5904000000.0,5606000000.0,2.86,2.84,2.86,3577000000.0,3363750000.0,3577000000.0,76931226825.0,13.0,11.133,5528000000.0,3.477,1.0,14321000000.0,0.758,8192000000.0,298000000.0,19019000000.0,19929000000.0,1172000000.0,744000000.0,621000000.0,123000000.0,24675000000.0,6875000000.0,17800000000.0,70916226825.0,6214000000.0,-266000000.0,125000000.0,14983000000.0,-1914000000.0,-306000000.0,550000000.0,1252000000.0,5963000000.0,7000000.0,4540000000.0,4540000000.0,4540000000.0,0.0,0.0,0.24,8371000000.0,5950000000.0,6441000000.0,0.42,19.826,15.62,15.64,2244000000.0,0.0,44.73,3.755,3.766,3798000000.0,1081000000.0,18885000000.0,18885000000.0,2738000000.0,0.165,1.35,0.296,0.313,206000000.0,5315000000.0,1.0,1585428724.0,1590000000.0,1605000000.0,11.877,20060000000.0,1419000000.0,1066000000.0,0.0,12.616,9668000000.0
32,ABBV,MRT,2013-06-30,2013-06-30,2013-06-30,2021-08-02,-1169000000.0,27910000000.0,,15662000000.0,12248000000.0,,2.239,-284000000.0,8743000000.0,8743000000.0,4486000000.0,5161000000.0,2.302,6.844,14758000000.0,432000000.0,14326000000.0,14758000000.0,0.0,999000000.0,0.0,0.019,0.8,6152000000.0,7151000000.0,0.382,7151000000.0,6152000000.0,5924000000.0,3.27,3.25,3.27,3558000000.0,,3558000000.0,73529361573.0,12.0,10.282,6130000000.0,3.858,1.0,14249000000.0,0.761,8221000000.0,228000000.0,18899000000.0,,1085000000.0,132000000.0,11000000.0,121000000.0,24352000000.0,6805000000.0,17547000000.0,65471361573.0,8669000000.0,-42000000.0,69000000.0,14982000000.0,-1274000000.0,2551000000.0,-292000000.0,34000000.0,6414000000.0,-4000000.0,5161000000.0,5161000000.0,5161000000.0,0.0,0.0,0.275,8074000000.0,6175000000.0,6373000000.0,0.245,18.401,12.686,12.642,2213000000.0,0.0,41.34,3.495,3.506,3755000000.0,758000000.0,18735000000.0,18735000000.0,2837000000.0,,,,0.328,194000000.0,5139000000.0,1.0,1583729114.0,1589000000.0,1609000000.0,11.79,19689000000.0,1442000000.0,763000000.0,0.0,12.391,8857000000.0
33,ABBV,MRT,2013-03-31,2013-03-31,2013-03-31,2021-08-02,-1237000000.0,27169000000.0,,14923000000.0,12246000000.0,,1.862,-259000000.0,6979000000.0,6979000000.0,4505000000.0,5360000000.0,2.206,8.188,15037000000.0,436000000.0,14601000000.0,15037000000.0,0.0,1058000000.0,0.0,0.01,0.4,6109000000.0,7167000000.0,0.387,7167000000.0,6109000000.0,5958000000.0,3.4,3.39,3.4,2957000000.0,,2957000000.0,74094684190.0,12.0,10.338,5679000000.0,3.576,1.0,14031000000.0,0.757,8213000000.0,151000000.0,20248000000.0,,1037000000.0,618000000.0,500000000.0,118000000.0,24212000000.0,6766000000.0,17446000000.0,64323684190.0,6938000000.0,-17000000.0,-6000000.0,14985000000.0,-636000000.0,1725000000.0,-727000000.0,-451000000.0,5938000000.0,2000000.0,5360000000.0,5360000000.0,5360000000.0,0.0,0.0,0.289,7887000000.0,6144000000.0,6330000000.0,0.118,21.753,12.001,11.994,2200000000.0,0.0,40.78,3.47,3.494,4299000000.0,330000000.0,18536000000.0,18536000000.0,2770000000.0,,,,0.33,183000000.0,4979000000.0,1.0,1577334090.0,1588000000.0,1605000000.0,11.673,18956000000.0,1397000000.0,598000000.0,0.0,11.937,8157000000.0
34,ABBV,MRT,2012-12-31,2012-12-31,2012-12-31,2021-08-02,-350000000.0,27008000000.0,23264500000.0,15354000000.0,11654000000.0,0.79,2.133,-333000000.0,5901000000.0,5901000000.0,4508000000.0,5275000000.0,2.266,7.031,15672000000.0,1042000000.0,14630000000.0,15672000000.0,0.0,1150000000.0,0.0,,0.0,5809000000.0,6959000000.0,0.379,6959000000.0,5809000000.0,5725000000.0,3.35,3.35,3.35,3363000000.0,7647500000.0,3363000000.0,,,,6012000000.0,3.812,1.0,13872000000.0,0.755,8453000000.0,84000000.0,21550000000.0,13092500000.0,1091000000.0,2194000000.0,2075000000.0,119000000.0,23645000000.0,6776000000.0,16869000000.0,,5874000000.0,-688000000.0,0.0,15586000000.0,0.0,1931000000.0,-2418000000.0,-1397000000.0,6345000000.0,16000000.0,5275000000.0,5275000000.0,5275000000.0,0.0,0.0,0.287,8055000000.0,5817000000.0,5734000000.0,0.0,,,,2247000000.0,0.0,,,,4298000000.0,0.0,18380000000.0,18380000000.0,2778000000.0,0.227,0.69,0.444,0.316,187000000.0,4989000000.0,1.0,1580000000.0,1577000000.0,1577000000.0,11.655,18555000000.0,669000000.0,450000000.0,0.0,11.766,8578000000.0
35,ABBV,MRT,2012-09-30,2012-09-30,2012-09-30,2021-08-02,,,,,,,,,,,,,,,,,,,,,,,0.0,,,,,,,,,,,,,,,,,,1.0,,,,,,,,,,,,,,,,,,,,,,,,,,,,,,,,,,,,,,,,,,,,,,,,,,,,,,1.0,1580000000.0,1577000000.0,,,,,,,,
36,ABBV,MRT,2012-06-30,2012-06-30,2012-06-30,2021-08-02,,,,,,,,,,,,,,,,,,,,,,,0.0,,,,,,,,,,,,,,,,,,1.0,,,,,,,,,,,,,,,,,,,,,,,,,,,,,,,,,,,,,,,,,,,,,,,,,,,,,,1.0,1580000000.0,1577000000.0,,,,,,,,
37,ABBV,MRT,2012-03-31,2012-03-31,2012-03-31,2021-08-02,,,,,,,,,,,,,,,,,,,,,,,0.0,,,,,,,,,,,,,,,,,,1.0,,,,,,,,,,,,,,,,,,,,,,,,,,,,,,,,,,,,,,,,,,,,,,,,,,,,,,1.0,1580000000.0,1577000000.0,,,,,,,,
38,ABBV,MRT,2011-12-31,2011-12-31,2011-12-31,2021-08-02,-25000000.0,19521000000.0,20327852500.0,7354000000.0,12167000000.0,0.858,7.566,-356000000.0,27000000.0,27000000.0,4639000000.0,3433000000.0,1.247,0.636,48000000.0,16000000.0,32000000.0,48000000.0,0.0,1272000000.0,0.0,,0.0,3648000000.0,4920000000.0,0.282,4920000000.0,3648000000.0,3668000000.0,2.18,2.18,2.18,11932000000.0,13817499500.0,11932000000.0,,,,5891000000.0,3.736,1.0,12805000000.0,0.734,9010000000.0,-20000000.0,4635000000.0,6055226500.0,872000000.0,855000000.0,626000000.0,229000000.0,7589000000.0,5897000000.0,1692000000.0,,17000000.0,-273000000.0,0.0,0.0,0.0,-6783000000.0,553000000.0,-688000000.0,6247000000.0,0.0,3433000000.0,3433000000.0,3433000000.0,0.0,0.0,0.197,9185000000.0,3620000000.0,5881000000.0,0.0,,,,2144000000.0,0.0,,,,3817000000.0,,17444000000.0,17444000000.0,2618000000.0,0.169,0.248,0.602,0.209,163000000.0,5894000000.0,1.0,1580000000.0,1577000000.0,1577000000.0,11.062,10511000000.0,1469000000.0,235000000.0,0.0,6.665,1457000000.0
39,ABBV,MRT,2010-12-31,2010-12-31,2010-12-31,2021-08-02,288289000.0,21134705000.0,,8218493000.0,12916212000.0,,,-448000000.0,9644000.0,9644000.0,4293000000.0,4178000000.0,2.185,0.346,0.0,0.0,0.0,0.0,0.0,1184000000.0,0.0,,0.0,4808000000.0,5992000000.0,0.383,5992000000.0,4808000000.0,4836000000.0,2.65,2.65,2.65,15702999000.0,,15702999000.0,,,,4528000000.0,,1.0,11345000000.0,0.725,9888360000.0,-28000000.0,7475453000.0,,836270000.0,2010981000.0,1873621000.0,137360000.0,5431706000.0,3761248000.0,1670458000.0,,10000000.0,-2621000000.0,0.0,0.0,0.0,65000000.0,-5031000000.0,-92000000.0,4976000000.0,0.0,4178000000.0,4178000000.0,4178000000.0,0.0,0.0,0.267,6628000000.0,4717000000.0,356784000.0,0.0,,,,2357563000.0,0.0,,,,3373104000.0,,15638000000.0,15638000000.0,2495000000.0,,,,0.307,167000000.0,3820000000.0,1.0,,,,,11246345000.0,2169740000.0,658000000.0,0.0,,4457245000.0
40,ABBV,MRT,2009-12-31,2009-12-31,2009-12-31,2021-08-02,,,,,,,,-312565000.0,,,4056390000.0,4636515000.0,,,,,,,,697492000.0,,,0.0,5950317000.0,6647809000.0,0.468,6647809000.0,5950317000.0,5950317000.0,,,,,,,,,,5054771000.0,,1.0,10157806000.0,0.715,,0.0,,,,,,,,,,,-170000.0,-170000000.0,0.0,-34766000.0,0.0,-4881151000.0,-486355000.0,-4207000.0,5367336000.0,0.0,4636515000.0,4636515000.0,4636515000.0,0.0,0.0,0.326,5226012000.0,4931794000.0,,,,,,,0.0,,,,,,14214196000.0,14214196000.0,1707440000.0,,,,0.419,156718000.0,3348572000.0,1.0,,,,,,,1313802000.0,,,
