None,ticker,dimension,calendardate,datekey,reportperiod,lastupdated,accoci,assets,assetsavg,assetsc,assetsnc,assetturnover,bvps,capex,cashneq,cashnequsd,cor,consolinc,currentratio,de,debt,debtc,debtnc,debtusd,deferredrev,depamor,deposits,divyield,dps,ebit,ebitda,ebitdamargin,ebitdausd,ebitusd,ebt,eps,epsdil,epsusd,equity,equityavg,equityusd,ev,evebit,evebitda,fcf,fcfps,fxusd,gp,grossmargin,intangibles,intexp,invcap,invcapavg,inventory,investments,investmentsc,investmentsnc,liabilities,liabilitiesc,liabilitiesnc,marketcap,ncf,ncfbus,ncfcommon,ncfdebt,ncfdiv,ncff,ncfi,ncfinv,ncfo,ncfx,netinc,netinccmn,netinccmnusd,netincdis,netincnci,netmargin,opex,opinc,payables,payoutratio,pb,pe,pe1,ppnenet,prefdivis,price,ps,ps1,receivables,retearn,revenue,revenueusd,rnd,roa,roe,roic,ros,sbcomp,sgna,sharefactor,sharesbas,shareswa,shareswadil,sps,tangibles,taxassets,taxexp,taxliabilities,tbvps,workingcapital
0,JNPR,MRY,2020-12-31,2020-12-31,2020-12-31,2021-08-02,55600000.0,9378300000.0,8856000000.0,3271200000.0,6107100000.0,0.502,13.752,-100400000.0,1361900000.0,1361900000.0,1871400000.0,257800000.0,1.514,1.064,2290800000.0,421500000.0,1869300000.0,2290800000.0,1285800000.0,212400000.0,0.0,0.036,0.8,265200000.0,477600000.0,0.107,477600000.0,265200000.0,265200000.0,0.78,0.77,0.78,4543500000.0,4489825000.0,4543500000.0,7954165779.0,30.0,16.654,511600000.0,1.548,1.0,2573700000.0,0.579,3936300000.0,0.0,4209800000.0,4136875000.0,210200000.0,1068700000.0,412100000.0,656600000.0,4834800000.0,2161100000.0,2673700000.0,7422365779.0,106500000.0,-434000000.0,-326400000.0,363300000.0,-264100000.0,-222400000.0,-288900000.0,250700000.0,612000000.0,5800000.0,257800000.0,257800000.0,257800000.0,0.0,0.0,0.058,2220600000.0,353100000.0,277000000.0,1.026,1.634,28.791,28.859,946900000.0,0.0,22.51,1.67,1.673,964100000.0,-2669000000.0,4445100000.0,4445100000.0,958400000.0,0.029,0.057,0.064,0.06,190200000.0,1194200000.0,1.0,329736374.0,330400000,335200000.0,13.454,5442000000.0,0.0,7400000.0,312500000.0,16.471,1110100000.0
1,JNPR,MRY,2019-12-31,2019-12-31,2019-12-31,2021-08-02,-18500000.0,8837700000.0,8908125000.0,3209800000.0,5627900000.0,0.499,13.434,-109600000.0,1215800000.0,1215800000.0,1828600000.0,345000000.0,2.079,0.917,1842000000.0,0.0,1842000000.0,1842000000.0,1223400000.0,210300000.0,0.0,0.031,0.76,414400000.0,624700000.0,0.141,624700000.0,414400000.0,414400000.0,1.01,0.99,1.01,4610600000.0,4673850000.0,4610600000.0,8890134642.0,21.0,14.231,419300000.0,1.222,1.0,2616800000.0,0.589,3522900000.0,0.0,4397100000.0,4311550000.0,0.0,1327800000.0,738000000.0,589800000.0,4227100000.0,1543900000.0,2683200000.0,8243834642.0,-1229300000.0,-278200000.0,-499300000.0,-469400000.0,-260100000.0,-1228800000.0,-528200000.0,-140400000.0,528900000.0,-1200000.0,345000000.0,345000000.0,345000000.0,0.0,0.0,0.078,2174600000.0,442200000.0,219500000.0,0.752,1.788,23.895,24.386,1000600000.0,0.0,24.63,1.854,1.902,879700000.0,-2741400000.0,4445400000.0,4445400000.0,955700000.0,0.039,0.074,0.096,0.093,202200000.0,1183600000.0,1.0,334707050.0,343200000,348200000.0,12.953,5314800000.0,0.0,69400000.0,372600000.0,15.486,1665900000.0
2,JNPR,MRY,2018-12-31,2018-12-31,2018-12-31,2021-08-02,-18200000.0,9363300000.0,9165775000.0,4581800000.0,4781500000.0,0.507,13.82,-147400000.0,2489000000.0,2489000000.0,1906300000.0,566900000.0,2.487,0.941,2139000000.0,349900000.0,1789100000.0,2139000000.0,1213600000.0,210500000.0,0.0,0.027,0.72,532700000.0,743200000.0,0.16,743200000.0,532700000.0,532700000.0,1.62,1.6,1.62,4823200000.0,4554125000.0,4823200000.0,8924704904.0,17.0,12.008,713700000.0,2.045,1.0,2741200000.0,0.59,3227300000.0,0.0,3943500000.0,3706550000.0,0.0,1269100000.0,1070100000.0,199000000.0,4540100000.0,1842500000.0,2697600000.0,9288104904.0,446700000.0,-59100000.0,-699700000.0,-16900000.0,-249300000.0,-968600000.0,564800000.0,771300000.0,861100000.0,-10600000.0,566900000.0,566900000.0,566900000.0,0.0,0.0,0.122,2169000000.0,572200000.0,208800000.0,0.444,1.926,16.384,16.611,951700000.0,0.0,26.91,1.999,2.021,754600000.0,-2831400000.0,4647500000.0,4647500000.0,1003200000.0,0.062,0.124,0.144,0.115,217100000.0,1158500000.0,1.0,345154400.0,349000000,354400000.0,13.317,6136000000.0,0.0,-34200000.0,404400000.0,17.582,2739300000.0
3,JNPR,MRY,2017-12-31,2017-12-31,2017-12-31,2021-08-02,-5400000.0,9833800000.0,9742250000.0,4184500000.0,5649300000.0,0.516,12.393,-151200000.0,2006500000.0,2006500000.0,1955100000.0,306200000.0,2.407,1.101,2136300000.0,0.0,2136300000.0,2136300000.0,1539300000.0,225600000.0,0.0,0.014,0.4,811800000.0,1037400000.0,0.206,1037400000.0,811800000.0,811800000.0,0.81,0.8,0.81,4680900000.0,4985900000.0,4680900000.0,10392556636.0,13.0,10.018,1108100000.0,2.934,1.0,3072100000.0,0.611,3224300000.0,0.0,5001100000.0,4711275000.0,0.0,2014500000.0,1026100000.0,988400000.0,5152900000.0,1738200000.0,3414700000.0,10685456636.0,178500000.0,48000000.0,-661300000.0,16900000.0,-150400000.0,-794800000.0,-303000000.0,-199800000.0,1259300000.0,17000000.0,306200000.0,306200000.0,306200000.0,0.0,0.0,0.061,2224000000.0,848100000.0,217600000.0,0.494,2.283,34.897,35.185,1021100000.0,0.0,28.5,2.126,2.141,852000000.0,-3355800000.0,5027200000.0,5027200000.0,980700000.0,0.031,0.061,0.172,0.161,187500000.0,1177700000.0,1.0,374928303.0,377700000,384200000.0,13.31,6609500000.0,0.0,505600000.0,650600000.0,17.499,2446300000.0
4,JNPR,MRY,2016-12-31,2016-12-31,2016-12-31,2021-08-02,-37300000.0,9656500000.0,9195550000.0,3971900000.0,5684600000.0,0.543,13.001,-214700000.0,1933100000.0,1933100000.0,1885600000.0,592700000.0,2.288,0.946,2133700000.0,0.0,2133700000.0,2133700000.0,1481100000.0,206700000.0,0.0,0.014,0.4,827400000.0,1034100000.0,0.207,1034100000.0,827400000.0,827400000.0,1.55,1.53,1.55,4962500000.0,4762325000.0,4962500000.0,11102232219.0,13.0,10.736,911900000.0,2.389,1.0,3104500000.0,0.622,3211900000.0,0.0,4909300000.0,4824925000.0,0.0,1824100000.0,752300000.0,1071800000.0,4694000000.0,1735900000.0,2958100000.0,10747932219.0,459300000.0,-113000000.0,-262300000.0,194000000.0,-152500000.0,-236300000.0,-417000000.0,-89300000.0,1126600000.0,-14000000.0,592700000.0,592700000.0,592700000.0,0.0,0.0,0.119,2214800000.0,889700000.0,221000000.0,0.258,2.166,18.134,18.232,1063800000.0,0.0,28.26,2.154,2.162,1054100000.0,-3281800000.0,4990100000.0,4990100000.0,1013700000.0,0.064,0.124,0.171,0.166,224600000.0,1197800000.0,1.0,380323150.0,381700000,387800000.0,13.073,6444600000.0,0.0,234700000.0,209200000.0,16.884,2236000000.0
5,JNPR,MRY,2015-12-31,2015-12-31,2015-12-31,2021-08-02,-19200000.0,8607900000.0,8515800000.0,2912400000.0,5695500000.0,0.57,11.711,-210300000.0,1457100000.0,1457100000.0,1779200000.0,633700000.0,1.616,0.882,1937400000.0,299900000.0,1637500000.0,1937400000.0,1168100000.0,176500000.0,0.0,0.014,0.4,852200000.0,1028700000.0,0.212,1028700000.0,852200000.0,852200000.0,1.62,1.59,1.62,4574400000.0,4466875000.0,4574400000.0,11110721631.0,13.0,10.801,689200000.0,1.764,1.0,3078600000.0,0.634,3015200000.0,0.0,4271100000.0,4126450000.0,0.0,1771300000.0,527100000.0,1244200000.0,4033500000.0,1801900000.0,2231600000.0,10649521631.0,-218700000.0,-3500000.0,-1031600000.0,594200000.0,-156300000.0,-593700000.0,-503400000.0,-301300000.0,899500000.0,-21100000.0,633700000.0,633700000.0,633700000.0,0.0,0.0,0.13,2166600000.0,912000000.0,159300000.0,0.247,2.328,16.805,17.037,1021000000.0,0.0,27.6,2.192,2.219,780700000.0,-3741200000.0,4857800000.0,4857800000.0,994500000.0,0.074,0.142,0.207,0.175,217300000.0,1172700000.0,1.0,385852233.0,390600000,399400000.0,12.437,5592700000.0,0.0,218500000.0,187300000.0,14.318,1110500000.0
6,JNPR,MRY,2014-12-31,2014-12-31,2014-12-31,2021-08-02,-13800000.0,8281400000.0,9427825000.0,2810600000.0,5470800000.0,0.491,10.754,-192900000.0,1685600000.0,1685600000.0,1768900000.0,-334300000.0,1.857,0.684,1349000000.0,0.0,1349000000.0,1349000000.0,1075700000.0,186100000.0,0.0,0.009,0.2,-86300000.0,99800000.0,0.022,99800000.0,-86300000.0,-86300000.0,-0.73,-0.73,-0.73,4919100000.0,6007625000.0,4919100000.0,9342035237.0,-108.0,93.608,570500000.0,1.247,1.0,2858200000.0,0.618,3043900000.0,0.0,3387500000.0,3372675000.0,0.0,1465300000.0,332200000.0,1133100000.0,3362300000.0,1513400000.0,1848900000.0,9654935237.0,-644400000.0,78600000.0,-2102700000.0,346100000.0,-86000000.0,-1824200000.0,434000000.0,503700000.0,763400000.0,-17600000.0,-334300000.0,-334300000.0,-334300000.0,0.0,0.0,-0.072,3277900000.0,-419700000.0,234600000.0,-0.274,1.963,-28.881,-30.575,904300000.0,0.0,22.32,2.087,2.206,598900000.0,-3861100000.0,4627100000.0,4627100000.0,1006200000.0,-0.035,-0.056,-0.026,-0.019,230600000.0,1254700000.0,1.0,432568783.0,457400000,457400000.0,10.116,5237500000.0,0.0,248000000.0,177500000.0,11.451,1297200000.0
7,JNPR,MRY,2013-12-31,2013-12-31,2013-12-31,2021-08-02,64600000.0,10326000000.0,10091950000.0,3703900000.0,6622100000.0,0.463,14.552,-230000000.0,2373500000.0,2373500000.0,1727700000.0,439800000.0,2.57,0.414,999300000.0,0.0,999300000.0,999300000.0,1069300000.0,189900000.0,0.0,0.0,0.0,525500000.0,715400000.0,0.153,715400000.0,525500000.0,525500000.0,0.88,0.86,0.88,7302200000.0,7196850000.0,7302200000.0,10033245607.0,19.0,14.025,615900000.0,1.227,1.0,2941400000.0,0.63,4164600000.0,0.0,3345800000.0,3187100000.0,0.0,1813800000.0,561900000.0,1251900000.0,3023800000.0,1441400000.0,1582400000.0,11397945607.0,-123800000.0,-10000000.0,-436100000.0,-1400000.0,0.0,-401700000.0,-561000000.0,-309800000.0,845900000.0,-7000000.0,439800000.0,439800000.0,439800000.0,0.0,0.0,0.094,2375500000.0,565900000.0,200400000.0,0.0,1.561,25.916,25.648,882300000.0,0.0,22.57,2.441,2.426,578300000.0,-2631300000.0,4669100000.0,4669100000.0,1043200000.0,0.044,0.061,0.165,0.113,242700000.0,1293200000.0,1.0,505004236.0,501800000,510300000.0,9.305,6161400000.0,79800000.0,85700000.0,114400000.0,12.279,2262500000.0
8,JNPR,MRY,2012-12-31,2012-12-31,2012-12-31,2021-08-02,4700000.0,9832100000.0,9945999500.0,3600700000.0,6231400000.0,0.439,13.436,-347700000.0,2514200000.0,2514200000.0,1656600000.0,186500000.0,2.532,0.405,999200000.0,0.0,999200000.0,999200000.0,923400000.0,187900000.0,0.0,0.0,0.0,291500000.0,479400000.0,0.11,479400000.0,291500000.0,291500000.0,0.36,0.35,0.36,6999000000.0,7114833500.0,6999000000.0,8329903365.0,29.0,17.376,290000000.0,0.557,1.0,2708800000.0,0.621,4186700000.0,0.0,2708400000.0,2507958000.0,0.0,1429600000.0,441500000.0,988100000.0,2832600000.0,1422000000.0,1410600000.0,10141359365.0,-502600000.0,-139400000.0,-551500000.0,-1400000.0,0.0,-548300000.0,-595600000.0,-22400000.0,637700000.0,3600000.0,186500000.0,186500000.0,186500000.0,0.0,0.0,0.043,2400700000.0,308100000.0,209300000.0,0.0,1.449,54.377,54.639,811900000.0,0.0,19.67,2.323,2.347,438400000.0,-2911400000.0,4365400000.0,4365400000.0,1101600000.0,0.019,0.026,0.116,0.067,235500000.0,1252300000.0,1.0,515574955.0,520900000,526200000.0,8.38,5645400000.0,172600000.0,105000000.0,112400000.0,10.838,2178700000.0
9,JNPR,MRY,2011-12-31,2011-12-31,2011-12-31,2021-08-02,-17600000.0,9983800000.0,9794427250.0,4439700000.0,5544100000.0,0.454,13.381,-266300000.0,2988700000.0,2988700000.0,1580100000.0,425000000.0,3.027,0.408,999000000.0,0.0,999000000.0,999000000.0,967000000.0,170000000.0,0.0,0.0,0.0,571800000.0,741800000.0,0.167,741800000.0,571800000.0,571800000.0,0.8,0.79,0.8,7089200000.0,6971177250.0,7089200000.0,8921825280.0,16.0,12.027,720400000.0,1.36,1.0,2868600000.0,0.645,4051200000.0,0.0,2476200000.0,2370627750.0,0.0,1382000000.0,641300000.0,740700000.0,2894100000.0,1466700000.0,1427400000.0,10735823280.0,1098500000.0,-30700000.0,-201700000.0,991600000.0,0.0,819000000.0,-707200000.0,-409000000.0,986700000.0,0.0,425100000.0,425100000.0,425100000.0,0.0,-100000.0,0.096,2250100000.0,618500000.0,324900000.0,0.0,1.514,25.255,25.512,598600000.0,0.0,20.41,2.413,2.431,577400000.0,-2972400000.0,4448700000.0,4448700000.0,1026800000.0,0.043,0.061,0.241,0.129,172800000.0,1192700000.0,1.0,526008000.0,529800000,541400000.0,8.397,5932600000.0,154300000.0,146700000.0,121000000.0,11.198,2973000000.0
10,JNPR,MRY,2010-12-31,2010-12-31,2010-12-31,2021-08-02,-1251000.0,8467851000.0,7945452500.0,3214370000.0,5253481000.0,0.515,12.65,-185300000.0,1931233000.0,1931233000.0,1351500000.0,619400000.0,2.184,0.281,0.0,0.0,0.0,0.0,884429000.0,155300000.0,0.0,0.0,0.0,777200000.0,932500000.0,0.228,932500000.0,777200000.0,777200000.0,1.18,1.15,1.18,6608200000.0,6303599250.0,6608200000.0,17776623840.0,23.0,19.063,627000000.0,1.2,1.0,2741800000.0,0.67,4049610000.0,0.0,1015032000.0,1086393500.0,0.0,1009692000.0,474514000.0,535178000.0,1859051000.0,1471976000.0,387075000.0,19316617840.0,207200000.0,-374800000.0,-114400000.0,0.0,0.0,-72400000.0,-532700000.0,39800000.0,812300000.0,0.0,618400000.0,618400000.0,618400000.0,0.0,1000000.0,0.151,1974200000.0,767600000.0,292270000.0,0.0,2.923,31.236,31.288,493881000.0,0.0,36.92,4.719,4.712,596622000.0,-3108337000.0,4093300000.0,4093300000.0,917900000.0,0.078,0.098,0.715,0.19,129300000.0,1035000000.0,1.0,523202000.0,522400000,538800000.0,7.836,4418241000.0,161535000.0,158800000.0,128823000.0,8.458,1742394000.0
11,JNPR,MRY,2009-12-31,2009-12-31,2009-12-31,2021-08-02,-1433000.0,7590263000.0,7324154000.0,2878959000.0,4711304000.0,0.453,11.119,-153101000.0,1658455000.0,1658455000.0,1132709000.0,115228000.0,2.093,0.303,0.0,0.0,0.0,0.0,753589000.0,148373000.0,0.0,0.0,0.0,313832000.0,462205000.0,0.139,462205000.0,313832000.0,313832000.0,0.22,0.22,0.22,5822136000.0,5856512750.0,5822136000.0,12340334130.0,39.0,26.699,642996000.0,1.228,1.0,2183203000.0,0.658,3672436000.0,0.0,883587000.0,773428000.0,0.0,1054027000.0,570522000.0,483505000.0,1765498000.0,1375785000.0,389713000.0,14013458130.0,-414361000.0,0.0,-289681000.0,0.0,0.0,-262158000.0,-948300000.0,-783923000.0,796097000.0,0.0,116999000.0,116999000.0,116999000.0,0.0,-1771000.0,0.035,1872508000.0,310695000.0,242591000.0,0.0,2.407,119.774,121.227,455651000.0,0.0,26.67,4.226,4.211,458652000.0,-3236525000.0,3315912000.0,3315912000.0,741708000.0,0.016,0.02,0.406,0.095,136149000.0,918590000.0,1.0,525439000.0,523603000,534015000.0,6.333,3917827000.0,206873000.0,196833000.0,205181000.0,7.482,1503174000.0
12,JNPR,MRY,2008-12-31,2008-12-31,2008-12-31,2021-08-02,-4245000.0,7187341000.0,7124537250.0,2816206000.0,4371135000.0,0.501,11.128,-164604000.0,2062526000.0,2062526000.0,1136893000.0,511749000.0,2.665,0.218,0.0,0.0,0.0,0.0,590263000.0,172453000.0,0.0,0.0,0.0,728891000.0,901344000.0,0.252,901344000.0,728891000.0,728891000.0,0.96,0.93,0.96,5901405000.0,5791450750.0,5901405000.0,7422459010.0,10.0,8.235,710575000.0,1.34,1.0,2435483000.0,0.682,3687463000.0,0.0,380742000.0,400268750.0,0.0,274311000.0,172896000.0,101415000.0,1285936000.0,1056610000.0,229326000.0,9244422010.0,302974000.0,0.0,-485250000.0,-288000.0,0.0,-422393000.0,-149812000.0,22886000.0,875179000.0,0.0,511749000.0,511749000.0,511749000.0,0.0,0.0,0.143,1740509000.0,694974000.0,249854000.0,0.0,1.566,18.064,18.24,436433000.0,0.0,17.51,2.588,2.599,429970000.0,-2905852000.0,3572376000.0,3572376000.0,731151000.0,0.072,0.088,1.821,0.204,67951000.0,956850000.0,1.0,527951000.0,530337000,551433000.0,6.736,3499878000.0,216309000.0,217142000.0,111211000.0,6.599,1759596000.0
13,JNPR,MRY,2007-12-31,2007-12-31,2007-12-31,2021-08-02,12251000.0,6885406000.0,6745048250.0,2555115000.0,4330291000.0,0.42,9.956,-146858000.0,1751625000.0,1751625000.0,927638000.0,360830000.0,1.852,0.286,399496000.0,399496000.0,0.0,399496000.0,513269000.0,193166000.0,0.0,0.0,0.0,510583000.0,703749000.0,0.248,703749000.0,510583000.0,510583000.0,0.67,0.62,0.67,5353860000.0,5377950500.0,5353860000.0,16332107000.0,32.0,23.207,639665000.0,1.189,1.0,1908450000.0,0.673,3736446000.0,0.0,416988000.0,713475750.0,0.0,299684000.0,240355000.0,59329000.0,1531546000.0,1379843000.0,151703000.0,17317120000.0,119777000.0,-375000.0,-1268183000.0,0.0,0.0,-1238497000.0,571751000.0,726391000.0,786523000.0,0.0,360830000.0,360830000.0,360830000.0,0.0,0.0,0.127,1501388000.0,407062000.0,219101000.0,0.0,3.235,47.992,49.552,401818000.0,0.0,33.2,6.106,6.295,379759000.0,-2813328000.0,2836088000.0,2836088000.0,622961000.0,0.053,0.067,0.716,0.18,68304000.0,783177000.0,1.0,521600000.0,537767000,579145000.0,5.274,3148960000.0,230623000.0,149753000.0,93806000.0,5.856,1175272000.0
14,JNPR,MRY,2006-12-31,2006-12-31,2006-12-31,2021-08-02,1266000.0,7368395000.0,7412569500.0,2521806000.0,4846589000.0,0.311,10.776,-102093000.0,1641943000.0,1641943000.0,754290000.0,-1001437000.0,3.307,0.205,399944000.0,0.0,399944000.0,399944000.0,385579000.0,173490000.0,0.0,0.0,0.0,-897049000.0,-723559000.0,-0.314,-723559000.0,-897049000.0,-897049000.0,-1.76,-1.76,-1.76,6115084000.0,6240794000.0,6115084000.0,10151060000.0,-11.0,-14.029,653511000.0,1.152,1.0,1549290000.0,0.673,3793854000.0,0.0,1569925000.0,1694015500.0,0.0,1017971000.0,443910000.0,574061000.0,1253311000.0,762617000.0,490694000.0,10715305000.0,677932000.0,-15102000.0,-99248000.0,0.0,0.0,-89598000.0,11926000.0,108657000.0,755604000.0,0.0,-1001437000.0,-1001437000.0,-1001437000.0,0.0,0.0,-0.435,2547072000.0,-997782000.0,179553000.0,0.0,1.752,-10.7,-10.761,349930000.0,0.0,18.94,4.652,4.666,249445000.0,-1532235000.0,2303580000.0,2303580000.0,480247000.0,-0.135,-0.16,-0.53,-0.389,77995000.0,655067000.0,1.0,565750000.0,567454000,567454000.0,4.06,3574541000.0,231488000.0,104388000.0,38499000.0,6.299,1759189000.0
15,JNPR,MRY,2005-12-31,2005-12-31,2005-12-31,2021-08-02,-8324000.0,8183611000.0,7636604000.0,1888787000.0,6294824000.0,0.27,12.789,-98192000.0,984475000.0,984475000.0,653457000.0,350701000.0,3.01,0.155,399959000.0,0.0,399959000.0,399959000.0,252812000.0,138904000.0,0.0,0.0,0.0,497516000.0,636420000.0,0.308,636420000.0,497516000.0,497516000.0,0.63,0.58,0.63,7088234000.0,6564243750.0,7088234000.0,12156234679.0,24.0,19.101,544751000.0,0.983,1.0,1410500000.0,0.683,5149621000.0,0.0,1822073000.0,1654028250.0,0.0,1128706000.0,510364000.0,618342000.0,1095377000.0,627401000.0,467976000.0,12593622679.0,205219000.0,-309889000.0,146012000.0,0.0,0.0,146012000.0,-583736000.0,-140807000.0,642943000.0,0.0,350701000.0,350701000.0,350701000.0,0.0,0.0,0.17,969454000.0,441046000.0,165172000.0,0.0,1.777,35.91,35.397,319885000.0,0.0,22.3,6.102,5.988,268907000.0,-344410000.0,2063957000.0,2063957000.0,357284000.0,0.046,0.053,0.301,0.241,150460000.0,516578000.0,1.0,564736443.0,554223000,600189000.0,3.724,3033990000.0,255675000.0,146815000.0,56360000.0,5.474,1261386000.0
16,JNPR,MRY,2004-12-31,2004-12-31,2004-12-31,2021-08-02,-716000.0,6999714000.0,5741758750.0,1413733000.0,5585981000.0,0.233,12.154,-63185000.0,744408000.0,744408000.0,415130000.0,128228000.0,2.849,0.168,400000000.0,0.0,400000000.0,400000000.0,182450000.0,97625000.0,0.0,0.0,0.0,213496000.0,311121000.0,0.233,311121000.0,213496000.0,208117000.0,0.26,0.24,0.26,5992737000.0,4797494250.0,5992737000.0,14367452470.0,67.0,46.18,376263000.0,0.763,1.0,920889000.0,0.689,4669809000.0,5379000.0,1489327000.0,1317909750.0,0.0,999893000.0,404659000.0,595234000.0,1006977000.0,496170000.0,510807000.0,14617697470.0,347576000.0,40889000.0,111562000.0,-144967000.0,0.0,-33405000.0,-58467000.0,-35922000.0,439448000.0,0.0,128228000.0,128228000.0,128228000.0,0.0,0.0,0.096,728580000.0,192309000.0,113890000.0,0.0,2.439,113.998,104.577,275612000.0,0.0,27.19,10.941,10.035,187306000.0,137627000.0,1336019000.0,1336019000.0,264448000.0,0.022,0.027,0.162,0.16,117461000.0,379821000.0,1.0,537613000.0,493073000,543688000.0,2.71,2329905000.0,66010000.0,79889000.0,29794000.0,4.725,917563000.0
17,JNPR,MRY,2003-12-31,2003-12-31,2003-12-31,2021-08-02,4414000.0,2411097000.0,2686785750.0,690809000.0,1720288000.0,0.261,4.088,-19388000.0,396443000.0,396443000.0,257316000.0,39199000.0,2.603,0.543,542076000.0,0.0,542076000.0,542076000.0,75312000.0,64387000.0,0.0,0.0,0.0,98093000.0,162480000.0,0.232,162480000.0,98093000.0,58994000.0,0.1,0.09,0.1,1562443000.0,1503666750.0,1562443000.0,7730548840.0,79.0,47.578,159166000.0,0.416,1.0,444077000.0,0.633,1050663000.0,39099000.0,1240679000.0,1864104000.0,0.0,610203000.0,215906000.0,394297000.0,848654000.0,265388000.0,583266000.0,7270965840.0,171171000.0,0.0,91755000.0,-399263000.0,0.0,-307508000.0,300125000.0,350350000.0,178554000.0,0.0,39199000.0,39199000.0,39199000.0,0.0,0.0,0.056,387066000.0,57011000.0,61237000.0,0.0,4.654,185.489,186.8,244491000.0,0.0,18.68,10.366,10.178,77964000.0,1881000.0,701393000.0,701393000.0,178029000.0,0.015,0.026,0.053,0.14,12850000.0,174391000.0,1.0,389238000.0,382180000,413821000.0,1.835,1360434000.0,0.0,19795000.0,0.0,3.56,425421000.0
18,JNPR,MRY,2002-12-31,2002-12-31,2002-12-31,2021-08-02,17052000.0,2614669000.0,2473339500.0,680929000.0,1933740000.0,0.221,4.079,-36127000.0,194435000.0,194435000.0,230108000.0,-119650000.0,2.813,0.828,942114000.0,0.0,942114000.0,942114000.0,46146000.0,63047000.0,0.0,0.0,0.0,-59545000.0,3502000.0,0.006,3502000.0,-59545000.0,-115150000.0,-0.34,-0.34,-0.34,1430531000.0,1195663250.0,1430531000.0,3223509848.0,-54.0,920.477,-33717000.0,-0.096,1.0,316439000.0,0.579,1083114000.0,55605000.0,2037210000.0,2309774500.0,0.0,967700000.0,384036000.0,583664000.0,1184138000.0,242024000.0,942114000.0,2530165848.0,-412410000.0,-375803000.0,26620000.0,-145975000.0,0.0,-119355000.0,-295465000.0,116465000.0,2410000.0,0.0,-119650000.0,-119650000.0,-119650000.0,0.0,0.0,-0.219,443476000.0,-127037000.0,51747000.0,0.0,1.769,-21.146,-20.0,266962000.0,0.0,6.8,4.629,4.363,78501000.0,-37318000.0,546547000.0,546547000.0,161891000.0,-0.048,-0.1,-0.026,-0.109,0.0,161066000.0,1.0,372083213.0,350695000,350695000.0,1.558,1531555000.0,0.0,4500000.0,0.0,4.367,438905000.0
19,JNPR,MRY,2001-12-31,2001-12-31,2001-12-31,2021-08-02,18418000.0,2389588000.0,2284268750.0,1126048000.0,1263540000.0,0.388,3.123,-241129000.0,606845000.0,606845000.0,372771000.0,-13417000.0,4.649,1.396,1150000000.0,0.0,1150000000.0,1150000000.0,36842000.0,151489000.0,0.0,0.0,0.0,77914000.0,229403000.0,0.259,229403000.0,77914000.0,16537000.0,-0.04,-0.04,-0.04,997369000.0,873444000.0,997369000.0,6608186211.0,85.0,28.806,51630000.0,0.162,1.0,514251000.0,0.58,303497000.0,61377000.0,2387027000.0,2512879250.0,0.0,1091029000.0,382797000.0,708232000.0,1392219000.0,242219000.0,1150000000.0,6124658211.0,43840000.0,2728000.0,58497000.0,0.0,0.0,58497000.0,-307416000.0,-69015000.0,292759000.0,0.0,-13417000.0,-13417000.0,-13417000.0,0.0,0.0,-0.015,473388000.0,40863000.0,76417000.0,0.0,6.141,-456.485,-473.75,251811000.0,0.0,18.95,6.905,6.823,103524000.0,82332000.0,887022000.0,887022000.0,155530000.0,-0.006,-0.015,0.031,0.088,24995000.0,177961000.0,1.0,323200961.0,319378000,319378000.0,2.777,2086091000.0,0.0,29954000.0,0.0,6.532,883829000.0
20,JNPR,MRY,2000-12-31,2000-12-31,2000-12-31,2021-08-02,10963000.0,2103129000.0,1893447750.0,1348547000.0,754582000.0,0.356,2.398,-34999000.0,563005000.0,563005000.0,237554000.0,147916000.0,6.232,1.881,1156719000.0,0.0,1156719000.0,1156719000.0,34625000.0,34795000.0,0.0,0.0,0.0,278474000.0,313269000.0,0.465,313269000.0,278474000.0,230372000.0,0.49,0.43,0.49,730002000.0,580568250.0,730002000.0,40633974325.0,146.0,129.71,234084000.0,0.769,1.0,435947000.0,0.647,136047000.0,48102000.0,2344388000.0,2113353500.0,0.0,1032306000.0,581738000.0,450568000.0,1373127000.0,216408000.0,1156719000.0,40044095325.0,404962000.0,-39974000.0,-93285000.0,1123325000.0,0.0,1030040000.0,-894161000.0,-819188000.0,269083000.0,0.0,147916000.0,147916000.0,147916000.0,0.0,0.0,0.22,241858000.0,194089000.0,72347000.0,0.0,54.855,270.722,257.347,36440000.0,0.0,126.1,59.457,56.989,176535000.0,95749000.0,673501000.0,673501000.0,87833000.0,0.078,0.255,0.132,0.413,81686000.0,110205000.0,1.0,317558250.0,304381000,347858000.0,2.213,1967082000.0,0.0,82456000.0,0.0,6.463,1132139000.0
21,JNPR,MRY,1999-12-31,1999-12-31,1999-12-31,2021-08-02,-815000.0,513378000.0,217813750.0,377833000.0,135545000.0,0.471,2.418,-10020000.0,158043000.0,158043000.0,45272000.0,-9034000.0,6.788,0.122,0.0,0.0,0.0,0.0,19270000.0,5306000.0,0.0,0.0,0.0,-6081000.0,-775000.0,-0.008,-775000.0,-6081000.0,-6609000.0,-0.05,-0.05,-0.05,457715000.0,183001000.0,457715000.0,17571094460.0,-2890.0,-22672.38,10439000.0,0.055,1.0,57334000.0,0.559,17355000.0,528000.0,282317000.0,97332000.0,0.0,285116000.0,187915000.0,97201000.0,55663000.0,55663000.0,0.0,17607569460.0,137945000.0,-1456000.0,396326000.0,-7381000.0,0.0,422893000.0,-305407000.0,-293931000.0,20459000.0,0.0,-9034000.0,-9034000.0,-9034000.0,0.0,0.0,-0.088,71954000.0,-14620000.0,15368000.0,0.0,38.468,-1949.034,-1133.333,12416000.0,0.0,56.667,171.604,104.558,23950000.0,-52167000.0,102606000.0,102606000.0,41502000.0,-0.041,-0.049,-0.062,-0.059,0.0,26166000.0,1.0,310721814.0,189322000,189322000.0,0.542,496023000.0,0.0,2425000.0,2259000.0,2.62,322170000.0
22,JNPR,MRY,1998-12-31,1998-12-31,1998-12-31,2021-08-02,0.0,36671000.0,43440500.0,28834000.0,7837000.0,0.088,0.22,-6531000.0,20098000.0,20098000.0,4416000.0,-30971000.0,2.002,1.149,2220000.0,2220000.0,0.0,2220000.0,5639000.0,2171000.0,0.0,,0.0,-30314000.0,-28143000.0,-7.392,-28143000.0,-30314000.0,-30969000.0,-0.4,-0.4,-0.4,17065000.0,31556500.0,17065000.0,,,,-31373000.0,-0.404,1.0,-609000.0,-0.16,135000.0,655000.0,4256000.0,12389000.0,0.0,0.0,0.0,0.0,19606000.0,14402000.0,5204000.0,,-10344000.0,0.0,696000.0,-1157000.0,0.0,5244000.0,9254000.0,15785000.0,-24842000.0,0.0,-30971000.0,-30971000.0,-30971000.0,0.0,0.0,-8.135,31661000.0,-32270000.0,4245000.0,0.0,,,,7702000.0,0.0,,,,8056000.0,-43133000.0,3807000.0,3807000.0,23987000.0,-0.713,-0.981,-2.447,-7.963,0.0,6439000.0,1.0,,77742000,77742000.0,0.049,36536000.0,0.0,2000.0,0.0,0.47,14432000.0
23,JNPR,MRY,1997-12-31,1997-12-31,1997-12-31,2021-08-02,0.0,50210000.0,,46770000.0,3440000.0,,0.893,-3110000.0,30442000.0,30442000.0,0.0,-10363000.0,22.496,0.09,2833000.0,750000.0,2083000.0,2833000.0,0.0,712000.0,0.0,,0.0,-10363000.0,-9651000.0,,-9651000.0,-10363000.0,-10363000.0,-0.2,-0.2,-0.2,46048000.0,,46048000.0,,,,-11724000.0,-0.227,1.0,0.0,,0.0,0.0,20522000.0,,0.0,15785000.0,15785000.0,0.0,4162000.0,2079000.0,2083000.0,,26844000.0,0.0,366000.0,-439000.0,0.0,48483000.0,-13025000.0,-9915000.0,-8614000.0,0.0,-10363000.0,-10363000.0,-10363000.0,0.0,0.0,,11598000.0,-11598000.0,661000.0,0.0,,,,3315000.0,0.0,,,,0.0,-12162000.0,0.0,0.0,9406000.0,,,,,0.0,2192000.0,1.0,,51546000,51546000.0,0.0,50210000.0,0.0,0.0,0.0,0.974,44691000.0
0,JNPR,MRQ,2021-06-30,2021-06-30,2021-06-30,2021-08-02,55900000.0,8723400000.0,,2646100000.0,6077300000.0,,13.377,-21400000.0,986700000.0,986700000.0,490400000.0,62000000.0,1.565,1.01,1855100000.0,0.0,1855100000.0,1855100000.0,1331300000.0,60500000.0,0.0,0.029,0.2,74800000.0,135300000.0,0.115,135300000.0,74800000.0,74800000.0,0.19,0.19,0.19,4340900000.0,,4340900000.0,9823792282.0,52.0,23.666,235800000.0,0.727,1.0,681900000.0,0.582,4069400000.0,0.0,3831500000.0,,211500000.0,828700000.0,335500000.0,493200000.0,4382500000.0,1690900000.0,2691600000.0,8963692282.0,-2800000.0,0.0,-110500000.0,0.0,-64700000.0,-178600000.0,-81800000.0,-61100000.0,257200000.0,400000.0,62000000.0,62000000.0,62000000.0,0.0,0.0,0.053,596200000.0,85700000.0,259800000.0,1.053,2.065,43.282,44.113,906000000.0,0.0,27.35,1.945,1.926,768300000.0,-2757800000.0,1172300000.0,1172300000.0,245800000.0,,,,,50500000.0,328800000.0,1.0,327740120.0,324500000,330400000.0,3.613,4654000000.0,0.0,12800000.0,324500000.0,14.342,955200000.0
1,JNPR,MRQ,2021-03-31,2021-03-31,2021-03-31,2021-08-02,81300000.0,8711100000.0,,2600300000.0,6110800000.0,,13.575,-19700000.0,989100000.0,989100000.0,458800000.0,-31100000.0,1.617,0.967,1849200000.0,0.0,1849200000.0,1849200000.0,1331700000.0,60400000.0,0.0,0.032,0.2,-37800000.0,22600000.0,0.021,22600000.0,-37800000.0,-37800000.0,-0.1,-0.1,-0.1,4429600000.0,,4429600000.0,9241499268.0,46.0,22.114,160100000.0,0.491,1.0,615600000.0,0.573,4088400000.0,0.0,3875100000.0,,0.0,775500000.0,294100000.0,481400000.0,4281500000.0,1607700000.0,2673800000.0,8312599268.0,-370800000.0,-175000000.0,-103700000.0,-482100000.0,-65200000.0,-651000000.0,102400000.0,298400000.0,179800000.0,-2000000.0,-31100000.0,-31100000.0,-31100000.0,0.0,0.0,-0.029,587800000.0,27800000.0,244800000.0,-2.0,1.877,40.294,41.525,929400000.0,0.0,25.33,1.838,1.828,758900000.0,-2762600000.0,1074400000.0,1074400000.0,254700000.0,,,,,57500000.0,313800000.0,1.0,328172099.0,326300000,326300000.0,3.293,4622700000.0,0.0,-6700000.0,313700000.0,14.167,992600000.0
2,JNPR,MRQ,2020-12-31,2020-12-31,2020-12-31,2021-08-02,55600000.0,9378300000.0,,3271200000.0,6107100000.0,,13.814,-32500000.0,1361900000.0,1361900000.0,505600000.0,30800000.0,1.514,1.064,2290800000.0,421500000.0,1869300000.0,2290800000.0,1285800000.0,54400000.0,0.0,0.036,0.2,39200000.0,93600000.0,0.077,93600000.0,39200000.0,39200000.0,0.09,0.09,0.09,4543500000.0,,4543500000.0,7954165779.0,30.0,16.654,93300000.0,0.284,1.0,717000000.0,0.586,3936300000.0,0.0,4209800000.0,,210200000.0,1068700000.0,412100000.0,656600000.0,4834800000.0,2161100000.0,2673700000.0,7422365779.0,-18800000.0,-484000000.0,-75200000.0,363300000.0,-66100000.0,222000000.0,-374900000.0,142100000.0,125800000.0,8300000.0,30800000.0,30800000.0,30800000.0,0.0,0.0,0.025,618900000.0,98100000.0,277000000.0,2.222,1.634,28.791,28.859,946900000.0,0.0,22.51,1.67,1.673,964100000.0,-2669000000.0,1222600000.0,1222600000.0,242500000.0,,,,,51500000.0,323300000.0,1.0,329736374.0,328900000,335200000.0,3.717,5442000000.0,0.0,8400000.0,312500000.0,16.546,1110100000.0
3,JNPR,MRQ,2020-09-30,2020-09-30,2020-09-30,2021-08-02,15200000.0,8694700000.0,,3038500000.0,5656200000.0,,13.783,-24100000.0,1341500000.0,1341500000.0,480400000.0,145400000.0,2.024,0.906,1873300000.0,0.0,1873300000.0,1873300000.0,1134000000.0,52000000.0,0.0,0.037,0.2,111600000.0,163600000.0,0.144,163600000.0,111600000.0,111600000.0,0.44,0.43,0.44,4560800000.0,,4560800000.0,7554532804.0,19.0,12.328,92300000.0,0.279,1.0,657800000.0,0.578,3489000000.0,0.0,4235900000.0,,0.0,1219700000.0,499300000.0,720400000.0,4133900000.0,1501600000.0,2632300000.0,7132632804.0,-119400000.0,50200000.0,-73500000.0,0.0,-66200000.0,-139700000.0,-103500000.0,-124900000.0,116400000.0,7400000.0,145400000.0,145400000.0,145400000.0,0.0,0.0,0.128,532700000.0,125100000.0,269600000.0,0.455,1.564,18.039,18.22,941300000.0,0.0,21.5,1.61,1.606,754000000.0,-2669200000.0,1138200000.0,1138200000.0,242400000.0,,,,,52700000.0,289100000.0,1.0,331750363.0,330900000,334500000.0,3.44,5205700000.0,0.0,-33800000.0,308600000.0,15.732,1536900000.0
4,JNPR,MRQ,2020-06-30,2020-06-30,2020-06-30,2021-08-02,-22900000.0,8741500000.0,,3001200000.0,5740300000.0,,13.487,-22000000.0,1460300000.0,1460300000.0,466700000.0,61200000.0,1.88,0.958,1882200000.0,0.0,1882200000.0,1882200000.0,1211600000.0,52000000.0,0.0,0.034,0.2,86100000.0,138100000.0,0.127,138100000.0,86100000.0,86100000.0,0.18,0.18,0.18,4464300000.0,,4464300000.0,8042614652.0,20.0,12.949,75600000.0,0.228,1.0,619600000.0,0.57,3498400000.0,0.0,4068700000.0,,0.0,1110000000.0,397600000.0,712400000.0,4277200000.0,1596300000.0,2680900000.0,7574714652.0,61400000.0,0.0,-1600000.0,0.0,-66300000.0,-63100000.0,20600000.0,42600000.0,97600000.0,6300000.0,61200000.0,61200000.0,61200000.0,0.0,0.0,0.056,529100000.0,90500000.0,238000000.0,1.111,1.697,21.685,22.194,955800000.0,0.0,22.86,1.712,1.71,754700000.0,-2768500000.0,1086300000.0,1086300000.0,241000000.0,,,,,44000000.0,283300000.0,1.0,331352347.0,331000000,333100000.0,3.282,5243100000.0,0.0,24900000.0,360300000.0,15.84,1404900000.0
5,JNPR,MRQ,2020-03-31,2020-03-31,2020-03-31,2021-08-02,-59200000.0,8609500000.0,,2972700000.0,5636800000.0,,13.273,-21800000.0,1398600000.0,1398600000.0,418700000.0,20400000.0,1.935,0.961,1866500000.0,0.0,1866500000.0,1866500000.0,1254800000.0,54000000.0,0.0,0.04,0.2,28300000.0,82300000.0,0.082,82300000.0,28300000.0,28300000.0,0.06,0.06,0.06,4390700000.0,,4390700000.0,6952490608.0,17.0,11.327,250400000.0,0.757,1.0,579300000.0,0.58,3507800000.0,0.0,4033100000.0,,0.0,1131300000.0,523000000.0,608300000.0,4218800000.0,1536500000.0,2682300000.0,6326290608.0,183300000.0,-200000.0,-176100000.0,0.0,-65500000.0,-241600000.0,168900000.0,190900000.0,272200000.0,-16200000.0,20400000.0,20400000.0,20400000.0,0.0,0.0,0.02,539900000.0,39400000.0,236400000.0,3.333,1.441,18.924,19.531,968700000.0,0.0,19.14,1.424,1.425,675100000.0,-2831400000.0,998000000.0,998000000.0,232500000.0,,,,,42000000.0,298500000.0,1.0,330527200.0,330800000,335100000.0,3.017,5101700000.0,0.0,7900000.0,369900000.0,15.422,1436200000.0
6,JNPR,MRQ,2019-12-31,2019-12-31,2019-12-31,2021-08-02,-18500000.0,8837700000.0,,3209800000.0,5627900000.0,,13.71,-26100000.0,1215800000.0,1215800000.0,488800000.0,168400000.0,2.079,0.917,1842000000.0,0.0,1842000000.0,1842000000.0,1223400000.0,54800000.0,0.0,0.031,0.19,174000000.0,228800000.0,0.189,228800000.0,174000000.0,174000000.0,0.5,0.49,0.5,4610600000.0,,4610600000.0,8890134642.0,21.0,14.231,69600000.0,0.207,1.0,719300000.0,0.595,3522900000.0,0.0,4397100000.0,,0.0,1327800000.0,738000000.0,589800000.0,4227100000.0,1543900000.0,2683200000.0,8243834642.0,10500000.0,-7300000.0,-199800000.0,0.0,-63700000.0,-263500000.0,175900000.0,209300000.0,95700000.0,2400000.0,168400000.0,168400000.0,168400000.0,0.0,0.0,0.139,540700000.0,178600000.0,219500000.0,0.38,1.788,23.895,24.386,1000600000.0,0.0,24.63,1.854,1.902,879700000.0,-2741400000.0,1208100000.0,1208100000.0,239600000.0,,,,,55100000.0,301400000.0,1.0,334707050.0,336300000,342500000.0,3.592,5314800000.0,0.0,5600000.0,372600000.0,15.804,1665900000.0
7,JNPR,MRQ,2019-09-30,2019-09-30,2019-09-30,2021-08-02,-26800000.0,8753600000.0,,3187500000.0,5566100000.0,,13.566,-28300000.0,1204800000.0,1204800000.0,454700000.0,99300000.0,2.24,0.886,1851100000.0,0.0,1851100000.0,1851100000.0,1118700000.0,53800000.0,0.0,0.03,0.19,118100000.0,171900000.0,0.152,171900000.0,118100000.0,118100000.0,0.29,0.29,0.29,4642400000.0,,4642400000.0,9135138303.0,21.0,14.372,156700000.0,0.458,1.0,678400000.0,0.599,3534000000.0,0.0,4443000000.0,,0.0,1621900000.0,1040800000.0,581100000.0,4111200000.0,1422900000.0,2688300000.0,8558938303.0,-177400000.0,0.0,-25400000.0,-119400000.0,-64700000.0,-209500000.0,-147200000.0,-118900000.0,185000000.0,-5700000.0,99300000.0,99300000.0,99300000.0,0.0,0.0,0.088,539900000.0,138500000.0,229000000.0,0.655,1.844,23.208,23.349,1020600000.0,0.0,24.75,1.937,1.917,635800000.0,-2832700000.0,1133100000.0,1133100000.0,244500000.0,,,,,57500000.0,296500000.0,1.0,345815689.0,342200000,345500000.0,3.311,5219600000.0,0.0,18800000.0,402000000.0,15.253,1764600000.0
8,JNPR,MRQ,2019-06-30,2019-06-30,2019-06-30,2021-08-02,-11300000.0,8903300000.0,,3758600000.0,5144700000.0,,13.258,-27300000.0,1381300000.0,1381300000.0,465700000.0,46200000.0,2.128,0.939,1957500000.0,299500000.0,1658000000.0,1957500000.0,1201400000.0,53000000.0,0.0,0.028,0.19,77800000.0,130800000.0,0.119,130800000.0,77800000.0,77800000.0,0.13,0.13,0.13,4591200000.0,,4591200000.0,8980085855.0,19.0,13.524,61500000.0,0.178,1.0,636800000.0,0.578,3543900000.0,0.0,4169400000.0,,0.0,1493700000.0,1418900000.0,74800000.0,4312100000.0,1766200000.0,2545900000.0,9169385855.0,-729700000.0,-270900000.0,-300700000.0,0.0,-65500000.0,-366200000.0,-452800000.0,-154600000.0,88800000.0,500000.0,46200000.0,46200000.0,46200000.0,0.0,0.0,0.042,554400000.0,82400000.0,183300000.0,1.462,1.997,18.588,18.754,1046700000.0,0.0,26.63,2.054,2.065,659400000.0,-2888700000.0,1102500000.0,1102500000.0,244000000.0,,,,,55700000.0,289000000.0,1.0,344325417.0,346300000,349100000.0,3.184,5359400000.0,0.0,31600000.0,409100000.0,15.476,1992400000.0
9,JNPR,MRQ,2019-03-31,2019-03-31,2019-03-31,2021-08-02,-10900000.0,9137900000.0,,4309600000.0,4828300000.0,,13.936,-27900000.0,2155600000.0,2155600000.0,419400000.0,31100000.0,2.894,0.884,1966300000.0,0.0,1966300000.0,1966300000.0,1230900000.0,48700000.0,0.0,0.028,0.19,44500000.0,93200000.0,0.093,93200000.0,44500000.0,44500000.0,0.09,0.09,0.09,4851200000.0,,4851200000.0,8859507516.0,17.0,11.984,131500000.0,0.378,1.0,582300000.0,0.581,3222800000.0,0.0,4236700000.0,,0.0,1347100000.0,1227400000.0,119700000.0,4286700000.0,1489100000.0,2797600000.0,9209507516.0,-332700000.0,0.0,26600000.0,-350000000.0,-66200000.0,-389600000.0,-104100000.0,-76200000.0,159400000.0,1600000.0,31100000.0,31100000.0,31100000.0,0.0,0.0,0.031,539600000.0,42700000.0,219100000.0,2.111,1.898,16.341,16.34,1076600000.0,0.0,26.47,2.017,2.018,645400000.0,-2806500000.0,1001700000.0,1001700000.0,227600000.0,,,,,33900000.0,296700000.0,1.0,347922460.0,348100000,352700000.0,2.878,5915100000.0,0.0,13400000.0,407300000.0,16.993,2820500000.0
10,JNPR,MRQ,2018-12-31,2018-12-31,2018-12-31,2021-08-02,-18200000.0,9363300000.0,,4581800000.0,4781500000.0,,13.952,-36500000.0,2489000000.0,2489000000.0,470100000.0,192200000.0,2.487,0.941,2139000000.0,349900000.0,1789100000.0,2139000000.0,1213600000.0,51300000.0,0.0,0.027,0.18,188400000.0,239700000.0,0.203,239700000.0,188400000.0,188400000.0,0.55,0.55,0.55,4823200000.0,,4823200000.0,8924704904.0,17.0,12.008,175900000.0,0.509,1.0,710900000.0,0.602,3227300000.0,0.0,3943500000.0,,0.0,1269100000.0,1070100000.0,199000000.0,4540100000.0,1842500000.0,2697600000.0,9288104904.0,-17000000.0,-27600000.0,-1000000.0,0.0,-62300000.0,-64500000.0,-165200000.0,-101100000.0,212400000.0,300000.0,192200000.0,192200000.0,192200000.0,0.0,0.0,0.163,514100000.0,196800000.0,208800000.0,0.327,1.926,16.384,16.611,951700000.0,0.0,26.91,1.999,2.021,754600000.0,-2831400000.0,1181000000.0,1181000000.0,231200000.0,,,,,36900000.0,277900000.0,1.0,345154400.0,345700000,352000000.0,3.416,6136000000.0,0.0,-3800000.0,404400000.0,17.749,2739300000.0
11,JNPR,MRQ,2018-09-30,2018-09-30,2018-09-30,2021-08-02,-24500000.0,9100300000.0,,4290700000.0,4809600000.0,,13.434,-31600000.0,2501700000.0,2501700000.0,468800000.0,223800000.0,2.465,0.957,2138300000.0,349700000.0,1788600000.0,2138300000.0,1165300000.0,48300000.0,0.0,0.021,0.18,152000000.0,200300000.0,0.17,200300000.0,152000000.0,152000000.0,0.65,0.64,0.65,4650900000.0,,4650900000.0,9780806450.0,18.0,12.876,175700000.0,0.508,1.0,711000000.0,0.603,3209300000.0,0.0,3787100000.0,,0.0,1146300000.0,887300000.0,259000000.0,4449400000.0,1740500000.0,2708900000.0,10333506450.0,-189200000.0,0.0,26000000.0,-600000.0,-62100000.0,-37700000.0,-353300000.0,-321700000.0,207300000.0,-5500000.0,223800000.0,223800000.0,223800000.0,0.0,0.0,0.19,550900000.0,160100000.0,184700000.0,0.277,2.222,45.602,43.435,967600000.0,0.0,29.97,2.196,2.205,648300000.0,-3023000000.0,1179800000.0,1179800000.0,253800000.0,,,,,53200000.0,292700000.0,1.0,344795010.0,346200000,350500000.0,3.408,5891000000.0,0.0,-71800000.0,436700000.0,17.016,2550200000.0
12,JNPR,MRQ,2018-06-30,2018-06-30,2018-06-30,2021-08-02,-16400000.0,9121000000.0,,4104600000.0,5016400000.0,,12.658,-37100000.0,2690400000.0,2690400000.0,503200000.0,116500000.0,2.27,1.065,2137700000.0,349500000.0,1788200000.0,2137700000.0,1237200000.0,55200000.0,0.0,0.02,0.18,150900000.0,206100000.0,0.171,206100000.0,150900000.0,150900000.0,0.33,0.33,0.33,4417700000.0,,4417700000.0,9096557300.0,15.0,10.795,133200000.0,0.382,1.0,700900000.0,0.582,3215500000.0,0.0,3544300000.0,,0.0,840100000.0,432300000.0,407800000.0,4703300000.0,1808500000.0,2894800000.0,9573757300.0,67000000.0,-9300000.0,200000.0,300000.0,-62800000.0,-62800000.0,-28900000.0,17500000.0,170300000.0,-11600000.0,116500000.0,116500000.0,116500000.0,0.0,0.0,0.097,541100000.0,159800000.0,183200000.0,0.545,2.167,56.818,57.125,987100000.0,0.0,27.42,2.001,2.0,702200000.0,-3175700000.0,1204100000.0,1204100000.0,248800000.0,,,,,56600000.0,292500000.0,1.0,349152345.0,349000000,351300000.0,3.45,5905500000.0,0.0,34400000.0,615600000.0,16.921,2296100000.0
13,JNPR,MRQ,2018-03-31,2018-03-31,2018-03-31,2021-08-02,12500000.0,9078500000.0,,3920700000.0,5157800000.0,,12.172,-42200000.0,2614200000.0,2614200000.0,464200000.0,34400000.0,2.142,1.099,2137000000.0,349300000.0,1787700000.0,2137000000.0,1256900000.0,55700000.0,0.0,0.02,0.18,41400000.0,97100000.0,0.09,97100000.0,41400000.0,41400000.0,0.1,0.1,0.1,4324700000.0,,4324700000.0,8457297518.0,12.0,9.015,228900000.0,0.644,1.0,618400000.0,0.571,3220000000.0,0.0,3551300000.0,,0.0,834200000.0,317700000.0,516500000.0,4753800000.0,1830000000.0,2923800000.0,8363597518.0,585900000.0,-22200000.0,-724900000.0,-16600000.0,-62100000.0,-803600000.0,1112200000.0,1176600000.0,271100000.0,6200000.0,34400000.0,34400000.0,34400000.0,0.0,0.0,0.032,562900000.0,55500000.0,189200000.0,1.8,1.934,36.081,39.242,1013800000.0,0.0,24.33,1.711,1.768,679900000.0,-3303300000.0,1082600000.0,1082600000.0,269400000.0,,,,,70400000.0,295400000.0,1.0,343756577.0,355300000,360600000.0,3.047,5858500000.0,0.0,7000000.0,649500000.0,16.489,2090700000.0
14,JNPR,MRQ,2017-12-31,2017-12-31,2017-12-31,2021-08-02,-5400000.0,9833800000.0,,4184500000.0,5649300000.0,,12.624,-53600000.0,2006500000.0,2006500000.0,488300000.0,-148100000.0,2.407,1.101,2136300000.0,0.0,2136300000.0,2136300000.0,1539300000.0,55900000.0,0.0,0.014,0.1,200200000.0,256100000.0,0.207,256100000.0,200200000.0,200200000.0,-0.39,-0.38,-0.39,4680900000.0,,4680900000.0,10392556636.0,13.0,10.018,159000000.0,0.429,1.0,751200000.0,0.606,3224300000.0,0.0,5001100000.0,,0.0,2014500000.0,1026100000.0,988400000.0,5152900000.0,1738200000.0,3414700000.0,10685456636.0,-358800000.0,0.0,-330200000.0,16900000.0,-36900000.0,-350200000.0,-224900000.0,-171300000.0,212600000.0,3700000.0,-148100000.0,-148100000.0,-148100000.0,0.0,0.0,-0.119,548500000.0,202700000.0,217600000.0,-0.256,2.283,34.897,35.185,1021100000.0,0.0,28.5,2.126,2.141,852000000.0,-3355800000.0,1239500000.0,1239500000.0,227900000.0,,,,,36400000.0,284400000.0,1.0,374928303.0,370800000,377300000.0,3.343,6609500000.0,0.0,348300000.0,650600000.0,17.825,2446300000.0
15,JNPR,MRQ,2017-09-30,2017-09-30,2017-09-30,2021-08-02,-6400000.0,9744300000.0,,4283300000.0,5461000000.0,,13.635,-33300000.0,2428600000.0,2428600000.0,485400000.0,165700000.0,2.702,0.889,2135700000.0,0.0,2135700000.0,2135700000.0,1462900000.0,57600000.0,0.0,0.014,0.1,225800000.0,283400000.0,0.225,283400000.0,225800000.0,225800000.0,0.44,0.43,0.44,5158100000.0,,5158100000.0,10263086056.0,12.0,9.261,168100000.0,0.444,1.0,772400000.0,0.614,3229200000.0,0.0,4636900000.0,,0.0,1835600000.0,922000000.0,913600000.0,4586200000.0,1585300000.0,3000900000.0,10583986056.0,-23300000.0,-27000000.0,-111300000.0,0.0,-37700000.0,-149000000.0,-79600000.0,-19300000.0,201400000.0,3900000.0,165700000.0,165700000.0,165700000.0,0.0,0.0,0.132,541500000.0,230900000.0,205400000.0,0.227,2.052,16.455,16.467,1007500000.0,0.0,27.83,2.046,2.035,724300000.0,-3046500000.0,1257800000.0,1257800000.0,236400000.0,,,,,45000000.0,303100000.0,1.0,380308518.0,378300000,382700000.0,3.325,6515100000.0,0.0,60100000.0,224000000.0,17.222,2698000000.0
16,JNPR,MRQ,2017-06-30,2017-06-30,2017-06-30,2021-08-02,-16500000.0,9752900000.0,,4145100000.0,5607800000.0,,13.371,-32200000.0,2455900000.0,2455900000.0,507000000.0,179800000.0,2.478,0.918,2135000000.0,0.0,2135000000.0,2135000000.0,1501000000.0,56300000.0,0.0,0.014,0.1,245200000.0,301500000.0,0.23,301500000.0,245200000.0,245200000.0,0.47,0.47,0.47,5086200000.0,,5086200000.0,10451749835.0,12.0,9.376,266500000.0,0.701,1.0,801900000.0,0.613,3201100000.0,0.0,4558100000.0,,0.0,1822100000.0,752700000.0,1069400000.0,4666700000.0,1672800000.0,2993900000.0,10652849835.0,150500000.0,75000000.0,-123800000.0,0.0,-37800000.0,-161600000.0,11200000.0,-31600000.0,298700000.0,2200000.0,179800000.0,179800000.0,179800000.0,0.0,0.0,0.137,543700000.0,258200000.0,210700000.0,0.213,2.094,16.392,16.4,1026200000.0,0.0,27.88,2.048,2.039,750400000.0,-3139000000.0,1308900000.0,1308900000.0,240200000.0,,,,,44100000.0,295500000.0,1.0,382096479.0,380400000,385600000.0,3.441,6551800000.0,0.0,65400000.0,221100000.0,17.223,2472300000.0
17,JNPR,MRQ,2017-03-31,2017-03-31,2017-03-31,2021-08-02,-21600000.0,9638000000.0,,3993800000.0,5644200000.0,,13.175,-32100000.0,2335500000.0,2335500000.0,474400000.0,108800000.0,2.524,0.921,2134400000.0,0.0,2134400000.0,2134400000.0,1493000000.0,55800000.0,0.0,0.014,0.1,140600000.0,196400000.0,0.161,196400000.0,140600000.0,140600000.0,0.29,0.28,0.29,5018400000.0,,5018400000.0,10831160257.0,13.0,10.247,514500000.0,1.351,1.0,746600000.0,0.611,3205300000.0,0.0,4649000000.0,,0.0,1801700000.0,742300000.0,1059400000.0,4619600000.0,1582600000.0,3037000000.0,10630560257.0,410100000.0,0.0,-96000000.0,0.0,-38000000.0,-134000000.0,-9700000.0,22400000.0,546600000.0,7200000.0,108800000.0,108800000.0,108800000.0,0.0,0.0,0.089,590300000.0,156300000.0,201900000.0,0.345,2.118,17.424,17.394,1050400000.0,0.0,27.83,2.079,2.073,670900000.0,-3248700000.0,1221000000.0,1221000000.0,276200000.0,,,,,62000000.0,294700000.0,1.0,381982043.0,380900000,388000000.0,3.206,6432700000.0,0.0,31800000.0,216700000.0,16.888,2411200000.0
18,JNPR,MRQ,2016-12-31,2016-12-31,2016-12-31,2021-08-02,-37300000.0,9656500000.0,,3971900000.0,5684600000.0,,13.063,-51800000.0,1933100000.0,1933100000.0,527900000.0,188900000.0,2.288,0.946,2133700000.0,0.0,2133700000.0,2133700000.0,1481100000.0,54800000.0,0.0,0.014,0.1,272100000.0,326900000.0,0.236,326900000.0,272100000.0,272100000.0,0.49,0.49,0.49,4962500000.0,,4962500000.0,11102232219.0,13.0,10.736,298500000.0,0.786,1.0,857700000.0,0.619,3211900000.0,0.0,4909300000.0,,0.0,1824100000.0,752300000.0,1071800000.0,4694000000.0,1735900000.0,2958100000.0,10747932219.0,191200000.0,-16300000.0,1900000.0,15500000.0,-38100000.0,-36200000.0,-108700000.0,-43000000.0,350300000.0,-14200000.0,188900000.0,188900000.0,188900000.0,0.0,0.0,0.136,570500000.0,287200000.0,221000000.0,0.204,2.166,18.134,18.232,1063800000.0,0.0,28.26,2.154,2.162,1054100000.0,-3281800000.0,1385600000.0,1385600000.0,263000000.0,,,,,62500000.0,307400000.0,1.0,380323150.0,379900000,387500000.0,3.647,6444600000.0,0.0,83200000.0,209200000.0,16.964,2236000000.0
19,JNPR,MRQ,2016-09-30,2016-09-30,2016-09-30,2021-08-02,-13400000.0,9145200000.0,,3429400000.0,5715800000.0,,12.526,-46000000.0,1778800000.0,1778800000.0,485800000.0,172400000.0,2.274,0.916,2133100000.0,0.0,2133100000.0,2133100000.0,1304100000.0,53300000.0,0.0,0.017,0.1,236600000.0,289900000.0,0.226,289900000.0,236600000.0,236600000.0,0.45,0.45,0.45,4772500000.0,,4772500000.0,9524481816.0,12.0,9.404,197900000.0,0.519,1.0,799500000.0,0.622,3161600000.0,0.0,4829500000.0,,0.0,1791100000.0,632700000.0,1158400000.0,4372700000.0,1508400000.0,2864300000.0,9214081816.0,-67900000.0,-73900000.0,-86300000.0,900000.0,-38000000.0,-123400000.0,-181900000.0,-59100000.0,243900000.0,-6500000.0,172400000.0,172400000.0,172400000.0,0.0,0.0,0.134,549500000.0,250000000.0,208400000.0,0.222,1.931,15.316,15.325,1067000000.0,0.0,24.06,1.871,1.862,753600000.0,-3470400000.0,1285300000.0,1285300000.0,251800000.0,,,,,54700000.0,296900000.0,1.0,382962669.0,381000000,384500000.0,3.373,5983600000.0,0.0,64200000.0,205100000.0,15.705,1921000000.0
20,JNPR,MRQ,2016-06-30,2016-06-30,2016-06-30,2021-08-02,-4400000.0,9062800000.0,,3453800000.0,5609000000.0,,12.216,-67600000.0,1822100000.0,1822100000.0,464900000.0,140000000.0,2.183,0.938,2132500000.0,0.0,2132500000.0,2132500000.0,1295600000.0,51600000.0,0.0,0.018,0.1,192200000.0,243800000.0,0.2,243800000.0,192200000.0,192200000.0,0.37,0.36,0.37,4676200000.0,,4676200000.0,9084624602.0,11.0,8.95,292400000.0,0.764,1.0,756400000.0,0.619,3070700000.0,0.0,4720700000.0,,0.0,1734200000.0,587100000.0,1147100000.0,4386600000.0,1581800000.0,2804800000.0,8634924602.0,110900000.0,-22800000.0,-126500000.0,-16400000.0,-38100000.0,-181000000.0,-69200000.0,20700000.0,360000000.0,1100000.0,140000000.0,140000000.0,140000000.0,0.0,0.0,0.115,552600000.0,203800000.0,228400000.0,0.27,1.847,13.774,13.713,1066600000.0,0.0,22.49,1.767,1.762,750300000.0,-3596400000.0,1221300000.0,1221300000.0,247900000.0,,,,,55600000.0,302300000.0,1.0,383945069.0,382800000,386300000.0,3.19,5992100000.0,0.0,52200000.0,199800000.0,15.653,1872000000.0
21,JNPR,MRQ,2016-03-31,2016-03-31,2016-03-31,2021-08-02,-7500000.0,8917700000.0,,3274200000.0,5643500000.0,,12.104,-49300000.0,1682100000.0,1682100000.0,407000000.0,91400000.0,2.161,0.923,2131800000.0,0.0,2131800000.0,2131800000.0,1260000000.0,47000000.0,0.0,0.016,0.1,126500000.0,173500000.0,0.158,173500000.0,126500000.0,126500000.0,0.24,0.23,0.24,4638100000.0,,4638100000.0,10251841152.0,12.0,9.87,123100000.0,0.321,1.0,690900000.0,0.629,3011900000.0,0.0,4840200000.0,,0.0,1770800000.0,599400000.0,1171400000.0,4279600000.0,1515300000.0,2764300000.0,9760241152.0,225100000.0,0.0,-51400000.0,194000000.0,-38300000.0,104300000.0,-57200000.0,-7900000.0,172400000.0,5600000.0,91400000.0,91400000.0,91400000.0,0.0,0.0,0.083,542200000.0,148700000.0,233000000.0,0.417,2.104,15.135,15.185,1047300000.0,0.0,25.51,1.997,2.0,783900000.0,-3685100000.0,1097900000.0,1097900000.0,251000000.0,,,,,51800000.0,291200000.0,1.0,382604514.0,383200000,389300000.0,2.865,5905800000.0,0.0,35100000.0,190400000.0,15.412,1758900000.0
22,JNPR,MRQ,2015-12-31,2015-12-31,2015-12-31,2021-08-02,-19200000.0,8607900000.0,,2912400000.0,5695500000.0,,11.95,-55400000.0,1457100000.0,1457100000.0,477200000.0,197800000.0,1.616,0.882,1937400000.0,299900000.0,1637500000.0,1937400000.0,1168100000.0,45000000.0,0.0,0.014,0.1,260600000.0,305600000.0,0.232,305600000.0,260600000.0,260600000.0,0.51,0.5,0.51,4574400000.0,,4574400000.0,11110721631.0,13.0,10.801,68600000.0,0.179,1.0,842400000.0,0.638,3015200000.0,0.0,4271100000.0,,0.0,1771300000.0,527100000.0,1244200000.0,4033500000.0,1801900000.0,2231600000.0,10649521631.0,-32600000.0,0.0,-71800000.0,0.0,-38300000.0,-117500000.0,-33400000.0,21900000.0,124000000.0,-5700000.0,197800000.0,197800000.0,197800000.0,0.0,0.0,0.15,563300000.0,279100000.0,159300000.0,0.196,2.328,16.805,17.037,1021000000.0,0.0,27.6,2.192,2.219,780700000.0,-3741200000.0,1319600000.0,1319600000.0,247200000.0,,,,,63400000.0,316200000.0,1.0,385852233.0,382800000,394000000.0,3.447,5592700000.0,0.0,62800000.0,187300000.0,14.61,1110500000.0
23,JNPR,MRQ,2015-09-30,2015-09-30,2015-09-30,2021-08-02,-19400000.0,8505900000.0,,2898100000.0,5607800000.0,,11.568,-71100000.0,1487400000.0,1487400000.0,451200000.0,197700000.0,1.67,0.921,1948600000.0,299900000.0,1648700000.0,1948600000.0,1124900000.0,42500000.0,0.0,0.016,0.1,249600000.0,292100000.0,0.234,292100000.0,249600000.0,249600000.0,0.52,0.51,0.52,4428100000.0,,4428100000.0,10456211768.0,-102.0,143.432,221900000.0,0.58,1.0,797400000.0,0.639,3020500000.0,0.0,4211700000.0,,0.0,1793500000.0,529900000.0,1263600000.0,4077800000.0,1734900000.0,2342900000.0,9883611768.0,123200000.0,-3500000.0,-18100000.0,-800000.0,-38500000.0,-54300000.0,-106000000.0,-43000000.0,293000000.0,-9500000.0,197700000.0,197700000.0,197700000.0,0.0,0.0,0.158,539400000.0,258000000.0,209100000.0,0.192,2.232,-29.618,-48.509,959900000.0,0.0,25.71,2.13,2.121,577500000.0,-3886800000.0,1248600000.0,1248600000.0,247000000.0,,,,,53300000.0,292400000.0,1.0,384426751.0,382800000,389200000.0,3.262,5485400000.0,198400000.0,51900000.0,185000000.0,14.33,1163200000.0
24,JNPR,MRQ,2015-06-30,2015-06-30,2015-06-30,2021-08-02,-7300000.0,8282800000.0,,2726900000.0,5555900000.0,,10.895,-39600000.0,1376000000.0,1376000000.0,440700000.0,158000000.0,1.547,0.95,1948600000.0,299900000.0,1648700000.0,1948600000.0,1104400000.0,41500000.0,0.0,0.015,0.1,226000000.0,267500000.0,0.219,267500000.0,226000000.0,226000000.0,0.41,0.4,0.41,4247900000.0,,4247900000.0,10345710839.0,-55.0,-1417.221,223600000.0,0.573,1.0,781500000.0,0.639,3026100000.0,0.0,4066800000.0,,0.0,1746000000.0,517700000.0,1228300000.0,4034900000.0,1762500000.0,2272400000.0,10253910839.0,-480500000.0,0.0,-571100000.0,0.0,-38700000.0,-607200000.0,-142700000.0,-103100000.0,263200000.0,6200000.0,158000000.0,158000000.0,158000000.0,0.0,0.0,0.129,538400000.0,243100000.0,222600000.0,0.244,2.414,-23.969,-31.671,921200000.0,0.0,25.97,2.27,2.242,533000000.0,-4057800000.0,1222200000.0,1222200000.0,251600000.0,,,,,56300000.0,288700000.0,1.0,394836767.0,389900000,397200000.0,3.135,5256700000.0,138300000.0,68000000.0,180200000.0,13.482,964400000.0
25,JNPR,MRQ,2015-03-31,2015-03-31,2015-03-31,2021-08-02,-29200000.0,8666600000.0,,3101700000.0,5564900000.0,,11.341,-44200000.0,1856800000.0,1856800000.0,410100000.0,80200000.0,1.752,0.877,1948600000.0,299900000.0,1648700000.0,1948600000.0,1174700000.0,47500000.0,0.0,0.013,0.1,116000000.0,163500000.0,0.153,163500000.0,116000000.0,116000000.0,0.2,0.19,0.2,4617100000.0,,4617100000.0,8853207533.0,-75.0,131.744,175100000.0,0.43,1.0,657300000.0,0.616,3031800000.0,0.0,3956200000.0,,0.0,1639800000.0,398200000.0,1241600000.0,4049500000.0,1770400000.0,2279100000.0,9189807533.0,171200000.0,0.0,-370600000.0,595000000.0,-40800000.0,185300000.0,-221300000.0,-177100000.0,219300000.0,-12100000.0,80200000.0,80200000.0,80200000.0,0.0,0.0,0.075,525500000.0,131800000.0,223600000.0,0.5,1.99,-25.198,-29.711,912200000.0,0.0,22.58,2.031,2.032,507600000.0,-3938400000.0,1067400000.0,1067400000.0,248700000.0,,,,,44300000.0,275400000.0,1.0,406988819.0,407100000,414200000.0,2.622,5634800000.0,148200000.0,35800000.0,178900000.0,13.841,1331300000.0
26,JNPR,MRQ,2014-12-31,2014-12-31,2014-12-31,2021-08-02,-13800000.0,8281400000.0,,2810600000.0,5470800000.0,,11.566,-51900000.0,1685600000.0,1685600000.0,426500000.0,-769600000.0,1.857,0.684,1349000000.0,0.0,1349000000.0,1349000000.0,1075700000.0,44200000.0,0.0,0.009,0.1,-694400000.0,-650200000.0,-0.59,-650200000.0,-694400000.0,-694400000.0,-1.66,-1.64,-1.66,4919100000.0,,4919100000.0,9342035237.0,-108.0,93.608,233000000.0,0.548,1.0,675100000.0,0.613,3043900000.0,0.0,3387500000.0,,0.0,1465300000.0,332200000.0,1133100000.0,3362300000.0,1513400000.0,1848900000.0,9654935237.0,23700000.0,105700000.0,-499300000.0,0.0,-42200000.0,-532700000.0,283200000.0,229800000.0,284900000.0,-11700000.0,-769600000.0,-769600000.0,-769600000.0,0.0,0.0,-0.699,1376900000.0,-701800000.0,234600000.0,-0.06,1.963,-28.881,-30.575,904300000.0,0.0,22.32,2.087,2.206,598900000.0,-3861100000.0,1101600000.0,1101600000.0,233500000.0,,,,,54000000.0,283600000.0,1.0,432568783.0,425300000,398600000.0,2.59,5237500000.0,0.0,75200000.0,177500000.0,12.315,1297200000.0
27,JNPR,MRQ,2014-09-30,2014-09-30,2014-09-30,2021-08-02,-3000000.0,9569000000.0,,3063300000.0,6505700000.0,,13.806,-42400000.0,1661800000.0,1661800000.0,411100000.0,103600000.0,2.114,0.546,1348900000.0,0.0,1348900000.0,1348900000.0,1074000000.0,46300000.0,0.0,0.005,0.1,165600000.0,211900000.0,0.188,211900000.0,165600000.0,165600000.0,0.23,0.23,0.23,6190400000.0,,6190400000.0,9116615861.0,11.0,9.21,-112100000.0,-0.25,1.0,714800000.0,0.635,4002500000.0,0.0,3804600000.0,,0.0,1705100000.0,299500000.0,1405600000.0,3378600000.0,1449000000.0,1929600000.0,9993815861.0,-543900000.0,0.0,-817500000.0,0.0,-43800000.0,-560400000.0,95200000.0,117600000.0,-69700000.0,-9000000.0,103600000.0,103600000.0,103600000.0,0.0,0.0,0.092,542400000.0,172400000.0,242200000.0,0.435,1.614,17.022,17.863,888800000.0,0.0,22.15,2.082,2.07,617000000.0,-2963700000.0,1125900000.0,1125900000.0,253200000.0,,,,,64500000.0,304200000.0,1.0,451188075.0,448400000,454800000.0,2.511,5566500000.0,157500000.0,62000000.0,154200000.0,12.414,1614300000.0
28,JNPR,MRQ,2014-06-30,2014-06-30,2014-06-30,2021-08-02,13100000.0,10137300000.0,,3497700000.0,6639600000.0,,14.058,-41200000.0,2226100000.0,2226100000.0,481300000.0,221100000.0,2.223,0.533,1348900000.0,0.0,1348900000.0,1348900000.0,1173300000.0,47500000.0,0.0,0.0,0.0,294500000.0,342000000.0,0.278,342000000.0,294500000.0,294500000.0,0.47,0.46,0.47,6611500000.0,,6611500000.0,10324010130.0,13.0,10.798,382400000.0,0.813,1.0,748200000.0,0.609,4176800000.0,0.0,3509800000.0,,0.0,1800600000.0,460500000.0,1340100000.0,3525800000.0,1573500000.0,1952300000.0,11626110130.0,-419600000.0,0.0,18700000.0,0.0,0.0,12700000.0,-857400000.0,-816300000.0,423600000.0,1500000.0,221100000.0,221100000.0,221100000.0,0.0,0.0,0.18,632300000.0,115900000.0,246300000.0,0.0,1.758,19.956,20.281,889900000.0,0.0,24.54,2.393,2.375,560800000.0,-2727100000.0,1229500000.0,1229500000.0,255500000.0,,,,,58000000.0,318600000.0,1.0,473761619.0,470300000,476500000.0,2.614,5960500000.0,151400000.0,73400000.0,125700000.0,12.674,1924200000.0
29,JNPR,MRQ,2014-03-31,2014-03-31,2014-03-31,2021-08-02,1900000.0,9723600000.0,,3879800000.0,5843800000.0,,12.977,-57400000.0,2651000000.0,2651000000.0,450000000.0,110600000.0,2.683,0.541,1348900000.0,0.0,1348900000.0,1348900000.0,1154200000.0,48100000.0,0.0,0.0,0.0,148000000.0,196100000.0,0.168,196100000.0,148000000.0,148000000.0,0.23,0.22,0.23,6309500000.0,,6309500000.0,11534659881.0,19.0,14.735,67200000.0,0.138,1.0,720100000.0,0.615,4186400000.0,0.0,2788800000.0,,0.0,899300000.0,378100000.0,521200000.0,3414100000.0,1446300000.0,1967800000.0,12908859881.0,295400000.0,-27100000.0,-804600000.0,346100000.0,0.0,-743800000.0,913000000.0,972600000.0,124600000.0,1600000.0,110600000.0,110600000.0,110600000.0,0.0,0.0,0.095,726300000.0,-6200000.0,222200000.0,0.0,2.046,28.099,27.699,905700000.0,0.0,25.76,2.701,2.62,597900000.0,-2947800000.0,1170100000.0,1170100000.0,264000000.0,,,,,54100000.0,348300000.0,1.0,501120337.0,486200000,496500000.0,2.407,5537200000.0,140400000.0,37400000.0,121700000.0,11.389,2433500000.0
30,JNPR,MRQ,2013-12-31,2013-12-31,2013-12-31,2021-08-02,64600000.0,10326000000.0,,3703900000.0,6622100000.0,,14.657,-47000000.0,2373500000.0,2373500000.0,470000000.0,151800000.0,2.57,0.414,999300000.0,0.0,999300000.0,999300000.0,1069300000.0,54700000.0,0.0,0.0,0.0,185200000.0,239900000.0,0.188,239900000.0,185200000.0,185200000.0,0.31,0.3,0.31,7302200000.0,,7302200000.0,10033245607.0,19.0,14.025,347000000.0,0.697,1.0,803600000.0,0.631,4164600000.0,0.0,3345800000.0,,0.0,1813800000.0,561900000.0,1251900000.0,3023800000.0,1441400000.0,1582400000.0,11397945607.0,12500000.0,0.0,-227700000.0,0.0,0.0,-235200000.0,-139300000.0,-91100000.0,394000000.0,-7000000.0,151800000.0,151800000.0,151800000.0,0.0,0.0,0.119,608200000.0,195400000.0,200400000.0,0.0,1.561,25.916,25.648,882300000.0,0.0,22.57,2.441,2.426,578300000.0,-2631300000.0,1273600000.0,1273600000.0,258700000.0,,,,,63500000.0,331400000.0,1.0,505004236.0,498200000,509100000.0,2.556,6161400000.0,79800000.0,33400000.0,114400000.0,12.367,2262500000.0
31,JNPR,MRQ,2013-09-30,2013-09-30,2013-09-30,2021-08-02,66600000.0,10197700000.0,,3680400000.0,6517300000.0,,14.58,-40700000.0,2364000000.0,2364000000.0,439100000.0,99100000.0,2.628,0.395,999300000.0,0.0,999300000.0,999300000.0,1021200000.0,40600000.0,0.0,0.0,0.0,137500000.0,178100000.0,0.15,178100000.0,137500000.0,137500000.0,0.2,0.19,0.2,7311700000.0,,7311700000.0,8721213444.0,18.0,13.107,135700000.0,0.271,1.0,746500000.0,0.63,4173600000.0,0.0,3258800000.0,,0.0,1762300000.0,573700000.0,1188600000.0,2886000000.0,1400600000.0,1485400000.0,10065813444.0,21600000.0,0.0,-43500000.0,0.0,0.0,-33900000.0,-120900000.0,-80200000.0,176400000.0,0.0,99100000.0,99100000.0,99100000.0,0.0,0.0,0.084,601500000.0,145000000.0,205600000.0,0.0,1.377,26.234,26.132,868200000.0,0.0,19.86,2.219,2.196,549300000.0,-2708800000.0,1185600000.0,1185600000.0,264600000.0,,,,,69100000.0,330900000.0,1.0,506838542.0,501500000,508600000.0,2.364,6024100000.0,129400000.0,38400000.0,117500000.0,12.012,2279800000.0
32,JNPR,MRQ,2013-06-30,2013-06-30,2013-06-30,2021-08-02,-3700000.0,10013700000.0,,3654100000.0,6359600000.0,,14.15,-70800000.0,2343900000.0,2343900000.0,430200000.0,97900000.0,2.568,0.407,999300000.0,0.0,999300000.0,999300000.0,1028000000.0,42800000.0,0.0,0.0,0.0,125900000.0,168700000.0,0.147,168700000.0,125900000.0,125900000.0,0.19,0.19,0.19,7117600000.0,,7117600000.0,8636857151.0,23.0,15.044,213600000.0,0.425,1.0,720500000.0,0.626,4181300000.0,0.0,3065000000.0,,0.0,1569300000.0,542900000.0,1026400000.0,2896100000.0,1422800000.0,1473300000.0,9775757151.0,206200000.0,0.0,-97400000.0,0.0,0.0,-62500000.0,-15700000.0,65100000.0,284400000.0,0.0,97900000.0,97900000.0,97900000.0,0.0,0.0,0.085,582000000.0,138500000.0,206400000.0,0.0,1.373,32.434,32.729,855300000.0,0.0,19.31,2.187,2.173,509100000.0,-2778200000.0,1150700000.0,1150700000.0,257700000.0,,,,,61300000.0,316300000.0,1.0,506253607.0,503000000,506300000.0,2.288,5832400000.0,141300000.0,28000000.0,115700000.0,11.595,2231300000.0
33,JNPR,MRQ,2013-03-31,2013-03-31,2013-03-31,2021-08-02,-5200000.0,9830400000.0,,3540000000.0,6290400000.0,,13.98,-71500000.0,2138100000.0,2138100000.0,388400000.0,91000000.0,2.486,0.393,999200000.0,0.0,999200000.0,999200000.0,980700000.0,51800000.0,0.0,0.0,0.0,76900000.0,128700000.0,0.122,128700000.0,76900000.0,76900000.0,0.18,0.18,0.18,7055900000.0,,7055900000.0,7929816330.0,23.0,14.647,-80400000.0,-0.159,1.0,670800000.0,0.633,4189000000.0,0.0,3078800000.0,,0.0,1628300000.0,613100000.0,1015200000.0,2774000000.0,1423700000.0,1350300000.0,9444816330.0,-364100000.0,-10000000.0,-67500000.0,-1400000.0,0.0,-70100000.0,-285100000.0,-203600000.0,-8900000.0,0.0,91000000.0,91000000.0,91000000.0,0.0,0.0,0.086,583800000.0,87000000.0,223800000.0,0.0,1.339,36.159,36.353,839000000.0,0.0,18.54,2.15,2.13,532600000.0,-2862000000.0,1059200000.0,1059200000.0,262200000.0,,,,,48800000.0,314600000.0,1.0,509429144.0,504700000,512700000.0,2.099,5641400000.0,151400000.0,-14100000.0,87100000.0,11.178,2116300000.0
34,JNPR,MRQ,2012-12-31,2012-12-31,2012-12-31,2021-08-02,4700000.0,9832100000.0,,3600700000.0,6231400000.0,,13.794,-90900000.0,2514200000.0,2514200000.0,407800000.0,95700000.0,2.532,0.405,999200000.0,0.0,999200000.0,999200000.0,923400000.0,50000000.0,0.0,0.0,0.0,139900000.0,189900000.0,0.166,189900000.0,139900000.0,139900000.0,0.19,0.18,0.19,6999000000.0,,6999000000.0,8329903365.0,29.0,17.376,59200000.0,0.117,1.0,733000000.0,0.643,4186700000.0,0.0,2708400000.0,,0.0,1429600000.0,441500000.0,988100000.0,2832600000.0,1422000000.0,1410600000.0,10141359365.0,-300100000.0,-48900000.0,-239600000.0,0.0,0.0,-226000000.0,-227800000.0,-88000000.0,150100000.0,3600000.0,95700000.0,95700000.0,95700000.0,0.0,0.0,0.084,602100000.0,130900000.0,209300000.0,0.0,1.449,54.377,54.639,811900000.0,0.0,19.67,2.323,2.347,438400000.0,-2911400000.0,1140800000.0,1140800000.0,275100000.0,,,,,56700000.0,321200000.0,1.0,515574955.0,507400000,513900000.0,2.248,5645400000.0,172600000.0,44200000.0,112400000.0,11.126,2178700000.0
35,JNPR,MRQ,2012-09-30,2012-09-30,2012-09-30,2021-08-02,5227000.0,9960594000.0,,3942299000.0,6018295000.0,,13.583,-87100000.0,2810601000.0,2810601000.0,444500000.0,16800000.0,2.625,0.407,999145000.0,0.0,999145000.0,999145000.0,992926000.0,48000000.0,0.0,0.0,0.0,38800000.0,86800000.0,0.078,86800000.0,38800000.0,38800000.0,0.03,0.03,0.03,7079404000.0,,7079404000.0,6882712334.0,25.0,15.095,86100000.0,0.165,1.0,673800000.0,0.603,4105728000.0,0.0,2541609000.0,,0.0,1340047000.0,439278000.0,900769000.0,2880714000.0,1501801000.0,1378913000.0,9009916334.0,-336400000.0,0.0,-211600000.0,0.0,0.0,-235500000.0,-274100000.0,-101400000.0,173200000.0,0.0,16800000.0,16800000.0,16800000.0,0.0,0.0,0.015,631000000.0,42800000.0,224242000.0,0.0,1.273,48.2,48.886,768530000.0,0.0,17.11,2.073,2.052,397082000.0,-2968220000.0,1118300000.0,1118300000.0,288200000.0,,,,,58800000.0,310400000.0,1.0,526587746.0,521200000,524500000.0,2.146,5854866000.0,229374000.0,22000000.0,183925000.0,11.233,2440498000.0
36,JNPR,MRQ,2012-06-30,2012-06-30,2012-06-30,2021-08-02,-8362000.0,10046281000.0,,4229756000.0,5816525000.0,,13.658,-87700000.0,3126312000.0,3126312000.0,405900000.0,57700000.0,2.911,0.394,999108000.0,0.0,999108000.0,999108000.0,992892000.0,46500000.0,0.0,0.0,0.0,89500000.0,136000000.0,0.127,136000000.0,89500000.0,89500000.0,0.11,0.11,0.11,7208447000.0,,7208447000.0,6640399880.0,19.0,12.446,124400000.0,0.236,1.0,667900000.0,0.622,4131481000.0,0.0,2334332000.0,,0.0,1227473000.0,394507000.0,832966000.0,2837358000.0,1453264000.0,1384094000.0,8636927880.0,131200000.0,0.0,-82000000.0,-1400000.0,0.0,-80500000.0,-400000.0,87800000.0,212100000.0,0.0,57700000.0,57700000.0,57700000.0,0.0,0.0,0.054,581200000.0,86700000.0,199563000.0,0.0,1.198,34.032,33.979,711953000.0,0.0,16.31,1.993,1.987,406756000.0,-2937653000.0,1073800000.0,1073800000.0,268700000.0,,,,,59300000.0,308300000.0,1.0,529548000.0,527800000,531800000.0,2.034,5914800000.0,177412000.0,31800000.0,133120000.0,11.207,2776492000.0
37,JNPR,MRQ,2012-03-31,2012-03-31,2012-03-31,2021-08-02,-712000.0,9945023000.0,,4231018000.0,5714005000.0,,13.605,-82000000.0,2995599000.0,2995599000.0,398400000.0,16300000.0,3.109,0.386,999071000.0,0.0,999071000.0,999071000.0,999585000.0,43400000.0,0.0,0.0,0.0,23300000.0,66700000.0,0.065,66700000.0,23300000.0,23300000.0,0.03,0.03,0.03,7172483000.0,,7172483000.0,10053675480.0,24.0,16.848,20300000.0,0.039,1.0,634100000.0,0.614,4140248000.0,0.0,2447491000.0,,0.0,1302688000.0,517403000.0,785285000.0,2772064000.0,1360756000.0,1411308000.0,12043368480.0,2700000.0,-90500000.0,-18300000.0,0.0,0.0,-6300000.0,-93300000.0,79200000.0,102300000.0,0.0,16300000.0,16300000.0,16300000.0,0.0,0.0,0.016,586400000.0,47700000.0,195420000.0,0.0,1.679,38.644,38.78,647414000.0,0.0,22.88,2.75,2.754,450987000.0,-2974595000.0,1032500000.0,1032500000.0,269600000.0,,,,,60700000.0,312400000.0,1.0,526371000.0,527200000,533700000.0,1.958,5804775000.0,168214000.0,7000000.0,113934000.0,11.011,2870262000.0
38,JNPR,MRQ,2011-12-31,2011-12-31,2011-12-31,2021-08-02,-17600000.0,9983800000.0,,4439700000.0,5544100000.0,,13.472,-78414000.0,2988700000.0,2988700000.0,421803000.0,96151000.0,3.027,0.408,999000000.0,0.0,999000000.0,999000000.0,967000000.0,44014000.0,0.0,0.0,0.0,122444000.0,166458000.0,0.149,166458000.0,122444000.0,122444000.0,0.18,0.19,0.18,7089200000.0,,7089200000.0,8921825280.0,16.0,12.027,165165000.0,0.314,1.0,698945000.0,0.624,4051200000.0,0.0,2476200000.0,,0.0,1382000000.0,641300000.0,740700000.0,2894100000.0,1466700000.0,1427400000.0,10735823280.0,187938000.0,401000.0,5827000.0,44000.0,0.0,-1937000.0,-53704000.0,24365000.0,243579000.0,0.0,96127000.0,96127000.0,96127000.0,0.0,24000.0,0.086,565784000.0,133161000.0,324900000.0,0.0,1.514,25.255,25.512,598600000.0,0.0,20.41,2.413,2.431,577400000.0,-2972400000.0,1120748000.0,1120748000.0,250475000.0,,,,,52088000.0,311202000.0,1.0,526008000.0,526218000,533342000.0,2.13,5932600000.0,154300000.0,26317000.0,121000000.0,11.274,2973000000.0
39,JNPR,MRQ,2011-09-30,2011-09-30,2011-09-30,2021-08-02,-5468000.0,9707092000.0,,4131590000.0,5575502000.0,,13.108,-71945000.0,2812995000.0,2812995000.0,394192000.0,83671000.0,3.023,0.399,998997000.0,0.0,998997000.0,998997000.0,885792000.0,43337000.0,0.0,0.0,0.0,121061000.0,164398000.0,0.149,164398000.0,121061000.0,121061000.0,0.16,0.16,0.16,6937708000.0,,6937708000.0,7266886760.0,11.0,8.548,113219000.0,0.214,1.0,711604000.0,0.644,4058559000.0,0.0,2467855000.0,,0.0,1407853000.0,632396000.0,775457000.0,2768908000.0,1366680000.0,1402228000.0,9199165760.0,-115617000.0,-28000.0,-156230000.0,0.0,0.0,-177717000.0,-123064000.0,-51183000.0,185164000.0,0.0,83663000.0,83663000.0,83663000.0,0.0,8000.0,0.076,574578000.0,137026000.0,262594000.0,0.0,1.326,17.718,17.612,576415000.0,0.0,17.26,2.036,2.022,444000000.0,-3068565000.0,1105796000.0,1105796000.0,257096000.0,,,,,57800000.0,299388000.0,1.0,532976000.0,529286000,536583000.0,2.089,5648533000.0,167549000.0,37398000.0,148384000.0,10.672,2764910000.0
40,JNPR,MRQ,2011-06-30,2011-06-30,2011-06-30,2021-08-02,10770000.0,9793117000.0,,4285943000.0,5507174000.0,,13.063,-61969000.0,2931239000.0,2931239000.0,398378000.0,115518000.0,2.999,0.407,998960000.0,0.0,998960000.0,998960000.0,930224000.0,41891000.0,0.0,0.0,0.0,157274000.0,199165000.0,0.178,199165000.0,157274000.0,157274000.0,0.22,0.21,0.22,6961462000.0,,6961462000.0,14744088500.0,20.0,16.004,256338000.0,0.481,1.0,722166000.0,0.644,4064619000.0,0.0,2366871000.0,,0.0,1382384000.0,631781000.0,750603000.0,2831187000.0,1429348000.0,1401839000.0,16791673500.0,-106317000.0,-2500000.0,-110239000.0,0.0,0.0,-103416000.0,-321208000.0,-255503000.0,318307000.0,0.0,115560000.0,115560000.0,115560000.0,0.0,-42000.0,0.103,551246000.0,170920000.0,250068000.0,0.0,2.412,29.455,29.167,544389000.0,0.0,31.5,3.795,3.794,488037000.0,-3090731000.0,1120544000.0,1120544000.0,257250000.0,,,,,54367000.0,290895000.0,1.0,533069000.0,532909000,546452000.0,2.103,5728498000.0,152858000.0,41714000.0,138509000.0,10.749,2856595000.0
41,JNPR,MRQ,2011-03-31,2011-03-31,2011-03-31,2021-08-02,9746000.0,9693700000.0,,4304427000.0,5389273000.0,,12.993,-53972000.0,3046508000.0,3046508000.0,365727000.0,129660000.0,3.066,0.406,998923000.0,0.0,998923000.0,998923000.0,950273000.0,40758000.0,0.0,0.0,0.0,171021000.0,211779000.0,0.192,211779000.0,171021000.0,171021000.0,0.24,0.24,0.24,6896339000.0,,6896339000.0,20578284760.0,26.0,21.689,185678000.0,0.35,1.0,735885000.0,0.668,4070786000.0,0.0,2171585000.0,,0.0,1139166000.0,493557000.0,645609000.0,2796851000.0,1403744000.0,1393107000.0,22509517760.0,1132496000.0,-28573000.0,58942000.0,991556000.0,0.0,1102070000.0,-209224000.0,-126679000.0,239650000.0,0.0,129750000.0,129750000.0,129750000.0,0.0,-90000.0,0.118,558492000.0,177393000.0,228275000.0,0.0,3.264,38.476,37.91,516445000.0,0.0,42.08,5.256,5.216,471012000.0,-3111537000.0,1101612000.0,1101612000.0,261979000.0,,,,,8545000.0,291215000.0,1.0,534922000.0,530789000,548825000.0,2.075,5622914000.0,160032000.0,41271000.0,127281000.0,10.594,2900683000.0
42,JNPR,MRQ,2010-12-31,2010-12-31,2010-12-31,2021-08-02,-1251000.0,8467851000.0,,3214370000.0,5253481000.0,,12.626,-47819000.0,1931233000.0,1931233000.0,397921000.0,190110000.0,2.184,0.281,0.0,0.0,0.0,0.0,884429000.0,42934000.0,0.0,0.0,0.0,231806000.0,274740000.0,0.231,274740000.0,231806000.0,231806000.0,0.36,0.35,0.36,6608200000.0,,6608200000.0,17776623840.0,23.0,19.063,323181000.0,0.617,1.0,792054000.0,0.666,4049610000.0,0.0,1015032000.0,,0.0,1009692000.0,474514000.0,535178000.0,1859051000.0,1471976000.0,387075000.0,19316617840.0,351009000.0,-241467000.0,16605000.0,0.0,0.0,45579000.0,-65570000.0,223684000.0,371000000.0,0.0,190231000.0,190231000.0,190231000.0,0.0,-121000.0,0.16,565240000.0,226814000.0,292270000.0,0.0,2.923,31.236,31.288,493881000.0,0.0,36.92,4.719,4.712,596622000.0,-3108337000.0,1189975000.0,1189975000.0,254987000.0,,,,,32677000.0,302827000.0,1.0,523202000.0,523393000,543726000.0,2.274,4418241000.0,161535000.0,41575000.0,128823000.0,8.442,1742394000.0
43,JNPR,MRQ,2010-09-30,2010-09-30,2010-09-30,2021-08-02,4427000.0,7890897000.0,,2866811000.0,5024086000.0,,12.133,-54324000.0,1539994000.0,1539994000.0,334620000.0,134337000.0,2.311,0.249,0.0,0.0,0.0,0.0,785138000.0,39618000.0,0.0,0.0,0.0,195947000.0,235565000.0,0.233,235565000.0,195947000.0,195947000.0,0.26,0.25,0.26,6316149000.0,,6316149000.0,14045986300.0,25.0,20.064,77087000.0,0.148,1.0,677787000.0,0.669,3807260000.0,0.0,1302876000.0,,0.0,1237559000.0,638523000.0,599036000.0,1573998000.0,1240767000.0,333231000.0,15779511300.0,-199172000.0,-69118000.0,-53995000.0,0.0,0.0,-45289000.0,-285294000.0,-161716000.0,131411000.0,0.0,134543000.0,134543000.0,134543000.0,0.0,-206000.0,0.133,482251000.0,195536000.0,251431000.0,0.0,2.498,34.982,35.291,484802000.0,0.0,30.35,4.104,4.109,473953000.0,-3137836000.0,1012407000.0,1012407000.0,231151000.0,,,,,39746000.0,248477000.0,1.0,519918000.0,520581000,534880000.0,1.945,4083637000.0,181955000.0,61404000.0,127960000.0,7.844,1626044000.0
44,JNPR,MRQ,2010-06-30,2010-06-30,2010-06-30,2021-08-02,-10667000.0,7744327000.0,,2899306000.0,4845021000.0,,11.766,-45350000.0,1733525000.0,1733525000.0,318362000.0,130343000.0,2.374,0.255,0.0,0.0,0.0,0.0,767795000.0,37479000.0,0.0,0.0,0.0,189211000.0,226690000.0,0.232,226690000.0,189211000.0,189211000.0,0.25,0.24,0.25,6170849000.0,,6170849000.0,10227151980.0,21.0,16.218,175993000.0,0.336,1.0,659938000.0,0.675,3735086000.0,0.0,1054697000.0,,0.0,1076132000.0,563315000.0,512817000.0,1572522000.0,1221019000.0,351503000.0,12006491980.0,-63863000.0,-64215000.0,-119705000.0,0.0,0.0,-135987000.0,-149219000.0,-28908000.0,221343000.0,0.0,130511000.0,130511000.0,130511000.0,0.0,-168000.0,0.133,474960000.0,184978000.0,243228000.0,0.0,1.946,29.993,30.026,466172000.0,0.0,22.82,3.284,3.273,391545000.0,-3181733000.0,978300000.0,978300000.0,224768000.0,,,,,36836000.0,248183000.0,1.0,526139000.0,524463000,538947000.0,1.865,4009241000.0,232997000.0,58700000.0,148527000.0,7.644,1678287000.0
45,JNPR,MRQ,2010-03-31,2010-03-31,2010-03-31,2021-08-02,-4466000.0,7678735000.0,,2996980000.0,4681755000.0,,11.742,-37807000.0,1779340000.0,1779340000.0,300597000.0,164610000.0,2.388,0.255,0.0,0.0,0.0,0.0,789888000.0,35269000.0,0.0,0.0,0.0,160236000.0,195505000.0,0.214,195505000.0,160236000.0,160236000.0,0.31,0.3,0.31,6119199000.0,,6119199000.0,14331868960.0,37.0,26.604,50739000.0,0.097,1.0,612021000.0,0.671,3671274000.0,0.0,972969000.0,,0.0,1043129000.0,592679000.0,450450000.0,1557412000.0,1255152000.0,302260000.0,15990323960.0,119226000.0,0.0,42695000.0,0.0,0.0,63297000.0,-32617000.0,6740000.0,88546000.0,0.0,163115000.0,163115000.0,163115000.0,0.0,1495000.0,0.179,451749000.0,160272000.0,230330000.0,0.0,2.613,56.19,56.815,457957000.0,0.0,30.68,4.616,4.615,402934000.0,-3143924000.0,912618000.0,912618000.0,206994000.0,,,,,20041000.0,235513000.0,1.0,521197000.0,521141000,536718000.0,1.751,4007461000.0,219344000.0,-2879000.0,153479000.0,7.69,1741828000.0
46,JNPR,MRQ,2009-12-31,2009-12-31,2009-12-31,2021-08-02,-1433000.0,7590263000.0,,2878959000.0,4711304000.0,,11.132,-39891000.0,1658455000.0,1658455000.0,310208000.0,21133000.0,2.093,0.303,0.0,0.0,0.0,0.0,753589000.0,36570000.0,0.0,0.0,0.0,5719000.0,42289000.0,0.045,42289000.0,5719000.0,5719000.0,0.04,0.04,0.04,5822136000.0,,5822136000.0,12340334130.0,39.0,26.699,219714000.0,0.42,1.0,631246000.0,0.671,3672436000.0,0.0,883587000.0,,0.0,1054027000.0,570522000.0,483505000.0,1765498000.0,1375785000.0,389713000.0,14013458130.0,-13867000.0,0.0,-179591000.0,0.0,0.0,-155179000.0,-118293000.0,-78402000.0,259605000.0,0.0,22904000.0,22904000.0,22904000.0,0.0,-1771000.0,0.024,625394000.0,5852000.0,242591000.0,0.0,2.407,119.774,121.227,455651000.0,0.0,26.67,4.226,4.211,458652000.0,-3236525000.0,941454000.0,941454000.0,187210000.0,,,,,34031000.0,252484000.0,1.0,525439000.0,523006000,538002000.0,1.8,3917827000.0,206873000.0,-17185000.0,205181000.0,7.491,1503174000.0
47,JNPR,MRQ,2009-09-30,2009-09-30,2009-09-30,2021-08-02,3461000.0,7414447000.0,,2653771000.0,4760676000.0,,11.372,-33786000.0,1673124000.0,1673124000.0,280629000.0,83786000.0,2.45,0.245,0.0,0.0,0.0,0.0,643195000.0,36448000.0,0.0,0.0,0.0,129688000.0,166136000.0,0.202,166136000.0,129688000.0,129688000.0,0.16,0.16,0.16,5957422000.0,,5957422000.0,12565434300.0,25.0,19.557,190160000.0,0.363,1.0,543283000.0,0.659,3674497000.0,0.0,983557000.0,,0.0,980495000.0,448986000.0,531509000.0,1457025000.0,1083269000.0,373756000.0,14164289300.0,64439000.0,0.0,8602000.0,0.0,0.0,24031000.0,-183538000.0,-139751000.0,223946000.0,0.0,83786000.0,83786000.0,83786000.0,0.0,0.0,0.102,415328000.0,127955000.0,243585000.0,0.0,2.378,62.516,62.837,449814000.0,0.0,27.02,4.295,4.292,373241000.0,-3052395000.0,823912000.0,823912000.0,185204000.0,,,,,27830000.0,223301000.0,1.0,524215000.0,523878000,538132000.0,1.573,3739950000.0,174313000.0,45902000.0,234488000.0,7.139,1570502000.0
48,JNPR,MRQ,2009-06-30,2009-06-30,2009-06-30,2021-08-02,-521000.0,7225762000.0,,2595149000.0,4630613000.0,,11.12,-45198000.0,1598855000.0,1598855000.0,279981000.0,14769000.0,2.444,0.242,0.0,0.0,0.0,0.0,648588000.0,37819000.0,0.0,0.0,0.0,96963000.0,134782000.0,0.171,134782000.0,96963000.0,96963000.0,0.03,0.03,0.03,5816829000.0,,5816829000.0,10298237600.0,18.0,14.167,103483000.0,0.198,1.0,506382000.0,0.644,3677196000.0,0.0,887866000.0,,0.0,844453000.0,423955000.0,420498000.0,1408933000.0,1061845000.0,347088000.0,12346599600.0,-450832000.0,0.0,-21474000.0,0.0,0.0,-16296000.0,-583217000.0,-536744000.0,148681000.0,0.0,14769000.0,14769000.0,14769000.0,0.0,0.0,0.019,410692000.0,95690000.0,236529000.0,0.0,2.123,42.386,43.704,448296000.0,0.0,23.6,3.609,3.609,429130000.0,-3064463000.0,786363000.0,786363000.0,183894000.0,,,,,43836000.0,215730000.0,1.0,523161000.0,523105000,532850000.0,1.503,3548566000.0,147021000.0,82194000.0,196722000.0,6.784,1533304000.0
49,JNPR,MRQ,2009-03-31,2009-03-31,2009-03-31,2021-08-02,-18354000.0,7066144000.0,,2757815000.0,4308329000.0,,11.116,-34226000.0,2048362000.0,2048362000.0,261891000.0,-4460000.0,2.766,0.212,0.0,0.0,0.0,0.0,612347000.0,37536000.0,0.0,0.0,0.0,81462000.0,118998000.0,0.156,118998000.0,81462000.0,81462000.0,-0.01,-0.01,-0.01,5829664000.0,,5829664000.0,5795605750.0,9.0,7.202,129639000.0,0.247,1.0,502292000.0,0.657,3682104000.0,0.0,338702000.0,,0.0,302599000.0,212616000.0,89983000.0,1236480000.0,996976000.0,239504000.0,7858131750.0,-14101000.0,0.0,-97218000.0,0.0,0.0,-114714000.0,-63252000.0,-29026000.0,163865000.0,0.0,-4460000.0,-4460000.0,-4460000.0,0.0,0.0,-0.006,421094000.0,81198000.0,215706000.0,0.0,1.348,19.797,20.338,435228000.0,0.0,15.05,2.236,2.246,361958000.0,-3030090000.0,764183000.0,764183000.0,185400000.0,,,,,30452000.0,227075000.0,1.0,522135000.0,524429000,524429000.0,1.457,3384040000.0,167871000.0,85922000.0,122421000.0,6.453,1760839000.0
50,JNPR,MRQ,2008-12-31,2008-12-31,2008-12-31,2021-08-02,-4245000.0,7187341000.0,,2816206000.0,4371135000.0,,11.422,-42876000.0,2062526000.0,2062526000.0,275197000.0,132476000.0,2.665,0.218,0.0,0.0,0.0,0.0,590263000.0,37830000.0,0.0,0.0,0.0,184773000.0,222603000.0,0.241,222603000.0,184773000.0,184773000.0,0.25,0.26,0.25,5901405000.0,,5901405000.0,7422459010.0,10.0,8.235,172235000.0,0.333,1.0,648296000.0,0.702,3687463000.0,0.0,380742000.0,,0.0,274311000.0,172896000.0,101415000.0,1285936000.0,1056610000.0,229326000.0,9244422010.0,240587000.0,0.0,-38487000.0,-1000.0,0.0,-16182000.0,41658000.0,84525000.0,215111000.0,0.0,132476000.0,132476000.0,132476000.0,0.0,0.0,0.143,458422000.0,189874000.0,249854000.0,0.0,1.566,18.064,18.24,436433000.0,0.0,17.51,2.588,2.599,429970000.0,-2905852000.0,923493000.0,923493000.0,180134000.0,,,,,27830000.0,273098000.0,1.0,527951000.0,516666000,519936000.0,1.787,3499878000.0,216309000.0,52297000.0,111211000.0,6.774,1759596000.0
51,JNPR,MRQ,2008-09-30,2008-09-30,2008-09-30,2021-08-02,-5347000.0,6991628000.0,,2602291000.0,4389337000.0,,10.678,-40881000.0,1821963000.0,1821963000.0,307579000.0,148508000.0,2.648,0.21,0.0,0.0,0.0,0.0,562534000.0,38859000.0,0.0,0.0,0.0,211696000.0,250555000.0,0.265,250555000.0,211696000.0,211696000.0,0.27,0.27,0.27,5776787000.0,,5776787000.0,9373946800.0,13.0,10.454,163743000.0,0.303,1.0,639383000.0,0.675,3694022000.0,0.0,492898000.0,,0.0,353184000.0,242440000.0,110744000.0,1214841000.0,982745000.0,232096000.0,11452387800.0,-261908000.0,0.0,-402583000.0,-11000.0,0.0,-370668000.0,-95864000.0,-49445000.0,204624000.0,0.0,148508000.0,148508000.0,148508000.0,0.0,0.0,0.157,437427000.0,201956000.0,231129000.0,0.0,1.982,22.805,22.415,427211000.0,0.0,21.07,3.312,3.296,368604000.0,-2995858000.0,946962000.0,946962000.0,194014000.0,,,,,-3728000.0,238223000.0,1.0,543540000.0,540983000,554350000.0,1.75,3297606000.0,172009000.0,63188000.0,135747000.0,6.096,1619546000.0
52,JNPR,MRQ,2008-06-30,2008-06-30,2008-06-30,2021-08-02,9745000.0,7259994000.0,,2943784000.0,4316210000.0,,11.353,-47435000.0,2078441000.0,2078441000.0,289281000.0,120410000.0,2.863,0.209,0.0,0.0,0.0,0.0,592811000.0,40375000.0,0.0,0.0,0.0,172138000.0,212513000.0,0.242,212513000.0,172138000.0,172138000.0,0.23,0.22,0.23,6005320000.0,,6005320000.0,9970422000.0,16.0,12.087,153107000.0,0.289,1.0,589753000.0,0.671,3700581000.0,0.0,452901000.0,,0.0,308425000.0,263248000.0,45177000.0,1254674000.0,1028071000.0,226603000.0,11643391000.0,2991000.0,0.0,-32354000.0,-276000.0,0.0,-25898000.0,-171653000.0,-121133000.0,200542000.0,0.0,120410000.0,120410000.0,120410000.0,0.0,0.0,0.137,429303000.0,160450000.0,233707000.0,0.0,1.939,26.537,26.405,422429000.0,0.0,22.18,3.587,3.614,423791000.0,-2703786000.0,879034000.0,879034000.0,186357000.0,,,,,22327000.0,225947000.0,1.0,524950000.0,528963000,559328000.0,1.662,3559413000.0,174284000.0,51728000.0,119741000.0,6.729,1915713000.0
53,JNPR,MRQ,2008-03-31,2008-03-31,2008-03-31,2021-08-02,15303000.0,7059186000.0,,2766762000.0,4292424000.0,,10.469,-33412000.0,2072409000.0,2072409000.0,264836000.0,110355000.0,1.974,0.288,399440000.0,399440000.0,0.0,399440000.0,565941000.0,55389000.0,0.0,0.0,0.0,160284000.0,215673000.0,0.262,215673000.0,160284000.0,160284000.0,0.21,0.2,0.21,5482291000.0,,5482291000.0,11737371000.0,20.0,15.053,221490000.0,0.423,1.0,558051000.0,0.678,3709952000.0,0.0,274534000.0,,0.0,189669000.0,146775000.0,42894000.0,1576895000.0,1401731000.0,175164000.0,13089500000.0,321304000.0,0.0,-11826000.0,0.0,0.0,-9645000.0,76047000.0,108939000.0,254902000.0,0.0,110355000.0,110355000.0,110355000.0,0.0,0.0,0.134,415357000.0,142694000.0,212392000.0,0.0,2.388,32.357,32.468,407591000.0,0.0,25.0,4.317,4.318,369057000.0,-2756006000.0,822887000.0,822887000.0,170646000.0,,,,,21522000.0,219582000.0,1.0,523580000.0,523672000,560407000.0,1.571,3349234000.0,178712000.0,49929000.0,131040000.0,6.396,1365031000.0
54,JNPR,MRQ,2007-12-31,2007-12-31,2007-12-31,2021-08-02,12251000.0,6885406000.0,,2555115000.0,4330291000.0,,10.261,-35906000.0,1751625000.0,1751625000.0,262469000.0,122904000.0,1.852,0.286,399496000.0,399496000.0,0.0,399496000.0,513269000.0,49916000.0,0.0,0.0,0.0,167991000.0,217907000.0,0.269,217907000.0,167991000.0,167991000.0,0.23,0.21,0.23,5353860000.0,,5353860000.0,16332107000.0,32.0,23.207,208452000.0,0.399,1.0,546713000.0,0.676,3736446000.0,0.0,416988000.0,,0.0,299684000.0,240355000.0,59329000.0,1531546000.0,1379843000.0,151703000.0,17317120000.0,366833000.0,0.0,46310000.0,0.0,0.0,60329000.0,62146000.0,98052000.0,244358000.0,0.0,122904000.0,122904000.0,122904000.0,0.0,0.0,0.152,399133000.0,147580000.0,219101000.0,0.0,3.235,47.992,49.552,401818000.0,0.0,33.2,6.106,6.295,379759000.0,-2813328000.0,809182000.0,809182000.0,165279000.0,,,,,15303000.0,213478000.0,1.0,521600000.0,521786000,568240000.0,1.551,3148960000.0,230623000.0,45087000.0,93806000.0,6.035,1175272000.0
55,JNPR,MRQ,2007-09-30,2007-09-30,2007-09-30,2021-08-02,12380000.0,6503802000.0,,2104917000.0,4398885000.0,,10.006,-35901000.0,1384777000.0,1384777000.0,232286000.0,85099000.0,1.708,0.26,399764000.0,399764000.0,0.0,399764000.0,453306000.0,48056000.0,0.0,0.0,0.0,130708000.0,178764000.0,0.243,178764000.0,130708000.0,130708000.0,0.17,0.15,0.17,5159773000.0,,5159773000.0,18328946000.0,42.0,29.564,155524000.0,0.302,1.0,502762000.0,0.684,3758001000.0,0.0,528568000.0,,0.0,403062000.0,272961000.0,130101000.0,1344029000.0,1232220000.0,111809000.0,18821201000.0,489207000.0,0.0,219099000.0,0.0,0.0,230974000.0,66808000.0,112709000.0,191425000.0,0.0,85099000.0,85099000.0,85099000.0,0.0,0.0,0.116,389999000.0,112763000.0,205671000.0,0.0,3.648,60.928,63.121,389661000.0,0.0,36.61,7.176,7.198,279530000.0,-2936232000.0,735048000.0,735048000.0,167887000.0,,,,,9352000.0,206944000.0,1.0,514100000.0,515658000,561401000.0,1.425,2745801000.0,202694000.0,45609000.0,0.0,5.325,872697000.0
56,JNPR,MRQ,2007-06-30,2007-06-30,2007-06-30,2021-08-02,10674000.0,6116650000.0,,1670286000.0,4446364000.0,,8.821,-42678000.0,892199000.0,892199000.0,220774000.0,86180000.0,1.389,0.274,399944000.0,399944000.0,0.0,399944000.0,450683000.0,48934000.0,0.0,0.0,0.0,118475000.0,167409000.0,0.252,167409000.0,118475000.0,118475000.0,0.16,0.15,0.16,4800484000.0,,4800484000.0,12582246000.0,32.0,22.011,156597000.0,0.288,1.0,444148000.0,0.668,3772223000.0,0.0,649433000.0,,0.0,515973000.0,342956000.0,173017000.0,1316166000.0,1202739000.0,113427000.0,14253771000.0,-1177769000.0,0.0,-1519864000.0,0.0,0.0,-1516811000.0,139767000.0,182445000.0,199275000.0,0.0,86180000.0,86180000.0,86180000.0,0.0,0.0,0.13,357925000.0,86223000.0,176669000.0,0.0,2.969,50.53,49.353,380041000.0,0.0,25.17,5.791,5.566,258838000.0,-3025137000.0,664922000.0,664922000.0,148702000.0,,,,,18446000.0,184841000.0,1.0,566300000.0,544224000,580736000.0,1.222,2344427000.0,216835000.0,32295000.0,0.0,4.308,467547000.0
57,JNPR,MRQ,2007-03-31,2007-03-31,2007-03-31,2021-08-02,3570000.0,7474335000.0,,2937324000.0,4537011000.0,,10.885,-32373000.0,2071469000.0,2071469000.0,212109000.0,66647000.0,3.92,0.206,399944000.0,0.0,399944000.0,399944000.0,410189000.0,46260000.0,0.0,0.0,0.0,93409000.0,139669000.0,0.223,139669000.0,93409000.0,93409000.0,0.12,0.11,0.12,6197685000.0,,6197685000.0,9960526120.0,-11.0,-13.507,119092000.0,0.209,1.0,414827000.0,0.662,3794667000.0,0.0,1258914000.0,,0.0,686089000.0,426725000.0,259364000.0,1276650000.0,749229000.0,527421000.0,11202525120.0,441506000.0,-375000.0,-13728000.0,0.0,0.0,-12989000.0,303030000.0,333185000.0,151465000.0,0.0,66647000.0,66647000.0,66647000.0,0.0,0.0,0.106,354331000.0,60496000.0,180465000.0,0.0,1.808,-11.086,-11.056,360665000.0,0.0,19.68,4.739,4.741,257838000.0,-1517718000.0,626936000.0,626936000.0,141093000.0,,,,,25203000.0,177914000.0,1.0,569234000.0,569400000,604905000.0,1.101,3679668000.0,221693000.0,26762000.0,0.0,6.462,2188095000.0
58,JNPR,MRQ,2006-12-31,2006-12-31,2006-12-31,2021-08-02,1266000.0,7368395000.0,,2521806000.0,4846589000.0,,10.743,-32274000.0,1641943000.0,1641943000.0,190235000.0,70982000.0,3.307,0.205,399944000.0,0.0,399944000.0,399944000.0,385579000.0,44416000.0,0.0,0.0,0.0,89717000.0,134133000.0,0.225,134133000.0,89717000.0,92427000.0,0.13,0.13,0.13,6115084000.0,,6115084000.0,10151060000.0,-11.0,-14.029,201954000.0,0.355,1.0,405595000.0,0.681,3793854000.0,-2710000.0,1569925000.0,,0.0,1017971000.0,443910000.0,574061000.0,1253311000.0,762617000.0,490694000.0,10715305000.0,262978000.0,0.0,2000.0,0.0,0.0,1852000.0,26898000.0,59434000.0,234228000.0,0.0,70982000.0,70982000.0,70982000.0,0.0,0.0,0.119,343245000.0,62350000.0,179553000.0,0.0,1.752,-10.7,-10.761,349930000.0,0.0,18.94,4.652,4.666,249445000.0,-1532235000.0,595830000.0,595830000.0,126948000.0,,,,,16699000.0,178460000.0,1.0,565750000.0,569230000,569230000.0,1.047,3574541000.0,231488000.0,21445000.0,38499000.0,6.28,1759189000.0
59,JNPR,MRQ,2006-09-30,2006-09-30,2006-09-30,2021-08-02,-1467000.0,7205848000.0,,2294941000.0,4910907000.0,,10.6,-26404000.0,1378703000.0,1378703000.0,190185000.0,58274000.0,3.323,0.196,399944000.0,0.0,399944000.0,399944000.0,345958000.0,44082000.0,0.0,0.0,0.0,86353000.0,130435000.0,0.227,130435000.0,86353000.0,85545000.0,0.1,0.1,0.1,6026903000.0,,6026903000.0,9211915000.0,-11.0,-13.384,138510000.0,0.244,1.0,383382000.0,0.668,3817995000.0,808000.0,1718431000.0,,0.0,1080693000.0,514218000.0,566475000.0,1178945000.0,690663000.0,488282000.0,9776160000.0,245741000.0,-2039000.0,17789000.0,0.0,0.0,21800000.0,59027000.0,85622000.0,164914000.0,0.0,58274000.0,58274000.0,58274000.0,0.0,0.0,0.102,325639000.0,57743000.0,159512000.0,0.0,1.622,-10.104,-10.047,335830000.0,0.0,17.28,4.282,4.303,285459000.0,-1603217000.0,573567000.0,573567000.0,123389000.0,,,,,18844000.0,163912000.0,1.0,565750000.0,568561000,599626000.0,1.009,3387853000.0,240850000.0,27271000.0,61375000.0,5.959,1604278000.0
60,JNPR,MRQ,2006-06-30,2006-06-30,2006-06-30,2021-08-02,-8418000.0,7040271000.0,,2057049000.0,4983222000.0,,10.425,-25187000.0,1134810000.0,1134810000.0,188923000.0,-1206456000.0,3.1,0.193,399944000.0,0.0,399944000.0,399944000.0,309252000.0,43164000.0,0.0,0.0,0.0,-1184812000.0,-1141648000.0,-2.012,-1141648000.0,-1184812000.0,-1185625000.0,-2.13,-2.13,-2.13,5901590000.0,,5901590000.0,8482097500.0,-10.0,-12.911,192717000.0,0.34,1.0,378546000.0,0.667,3844609000.0,813000.0,1797201000.0,,0.0,1160008000.0,548345000.0,611663000.0,1138681000.0,663595000.0,475086000.0,9046342500.0,183319000.0,-13063000.0,17828000.0,0.0,0.0,21060000.0,-55645000.0,-30183000.0,217904000.0,0.0,-1206456000.0,-1206456000.0,-1206456000.0,0.0,0.0,-2.126,1587347000.0,-1208801000.0,136614000.0,0.0,1.533,-9.6,-9.575,328953000.0,0.0,15.99,4.01,4.012,250818000.0,-1661491000.0,567469000.0,567469000.0,116222000.0,,,,,19944000.0,160167000.0,1.0,565750000.0,566098000,566098000.0,1.002,3195662000.0,248804000.0,20831000.0,61682000.0,5.645,1393454000.0
61,JNPR,MRQ,2006-03-31,2006-03-31,2006-03-31,2021-08-02,0.0,8035764000.0,,1853572000.0,6182192000.0,,12.227,-18228000.0,964189000.0,964189000.0,184947000.0,75763000.0,2.936,0.161,399944000.0,0.0,399944000.0,399944000.0,293830000.0,41828000.0,0.0,0.0,0.0,111693000.0,153521000.0,0.271,153521000.0,111693000.0,110604000.0,0.13,0.13,0.13,6919599000.0,,6919599000.0,10177214240.0,20.0,15.671,120330000.0,0.213,1.0,381767000.0,0.674,5149638000.0,1089000.0,1690505000.0,,0.0,1133875000.0,510606000.0,623269000.0,1116165000.0,631376000.0,484789000.0,10761730240.0,-14106000.0,0.0,-134867000.0,0.0,0.0,-134310000.0,-18354000.0,-6216000.0,138558000.0,0.0,75763000.0,75763000.0,75763000.0,0.0,0.0,0.134,290841000.0,90926000.0,160278000.0,0.0,1.555,30.549,30.839,321388000.0,0.0,19.12,4.933,4.96,304750000.0,,566714000.0,566714000.0,113688000.0,,,,,22508000.0,152528000.0,1.0,562852000.0,565927000,603589000.0,1.001,2886126000.0,92539000.0,34841000.0,65617000.0,5.1,1222196000.0
62,JNPR,MRQ,2005-12-31,2005-12-31,2005-12-31,2021-08-02,-8324000.0,8183611000.0,,1888787000.0,6294824000.0,,12.526,-39319000.0,984475000.0,984475000.0,182055000.0,104857000.0,3.01,0.155,399959000.0,0.0,399959000.0,399959000.0,252812000.0,39187000.0,0.0,0.0,0.0,130204000.0,169391000.0,0.294,169391000.0,130204000.0,132929000.0,0.18,0.17,0.18,7088234000.0,,7088234000.0,12156234679.0,24.0,19.101,158191000.0,0.28,1.0,393409000.0,0.684,5149621000.0,-2725000.0,1822073000.0,,0.0,1128706000.0,510364000.0,618342000.0,1095377000.0,627401000.0,467976000.0,12593622679.0,29997000.0,-110829000.0,42955000.0,0.0,0.0,42955000.0,-210468000.0,-32572000.0,197510000.0,0.0,104857000.0,104857000.0,104857000.0,0.0,0.0,0.182,277915000.0,115494000.0,165172000.0,0.0,1.777,35.91,35.397,319885000.0,0.0,22.3,6.102,5.988,268907000.0,-344410000.0,575464000.0,575464000.0,99645000.0,,,,,38587000.0,143067000.0,1.0,564736443.0,565872000,608733000.0,1.017,3033990000.0,255675000.0,28072000.0,56360000.0,5.362,1261386000.0
63,JNPR,MRQ,2005-09-30,2005-09-30,2005-09-30,2021-08-02,-7818000.0,7817799000.0,,1741443000.0,6076356000.0,,11.946,-18236000.0,926730000.0,926730000.0,171761000.0,83496000.0,2.984,0.165,489342000.0,0.0,489342000.0,489342000.0,243220000.0,36534000.0,0.0,0.0,0.0,125223000.0,161757000.0,0.296,161757000.0,125223000.0,124372000.0,0.15,0.14,0.15,6710899000.0,,6710899000.0,12927261667.0,28.0,23.419,126688000.0,0.226,1.0,374592000.0,0.686,5142827000.0,851000.0,1654046000.0,,0.0,1096685000.0,497716000.0,598969000.0,1106900000.0,583538000.0,523362000.0,13346324667.0,31343000.0,-43804000.0,27711000.0,0.0,0.0,27711000.0,-141292000.0,-79316000.0,144924000.0,0.0,83496000.0,83496000.0,83496000.0,0.0,0.0,0.153,266634000.0,107958000.0,149042000.0,0.0,1.989,43.676,42.5,296234000.0,0.0,23.8,6.956,6.969,240888000.0,386126000.0,546353000.0,546353000.0,94689000.0,,,,,37737000.0,145346000.0,1.0,560769944.0,561775000,606327000.0,0.973,2674972000.0,0.0,40876000.0,0.0,4.762,1157905000.0
64,JNPR,MRQ,2005-06-30,2005-06-30,2005-06-30,2021-08-02,-5422000.0,7383816000.0,,1614432000.0,5769384000.0,,11.566,-18088000.0,895451000.0,895451000.0,155715000.0,88160000.0,2.914,0.168,476388000.0,0.0,476388000.0,476388000.0,250273000.0,32907000.0,0.0,0.0,0.0,131845000.0,164752000.0,0.334,164752000.0,131845000.0,130750000.0,0.16,0.15,0.16,6322886000.0,,6322886000.0,13350356800.0,33.0,26.248,148032000.0,0.271,1.0,337313000.0,0.684,4859165000.0,1095000.0,1551522000.0,,0.0,1025589000.0,445465000.0,580124000.0,1060930000.0,554066000.0,506864000.0,13722092800.0,37513000.0,-155256000.0,35966000.0,0.0,0.0,35966000.0,-164573000.0,15862000.0,166120000.0,0.0,88160000.0,88160000.0,88160000.0,0.0,0.0,0.179,218886000.0,118427000.0,116145000.0,0.0,2.17,50.666,50.36,291705000.0,0.0,25.18,7.854,7.878,205366000.0,302073000.0,493028000.0,493028000.0,84094000.0,,,,,41803000.0,119543000.0,1.0,544960000.0,546662000,592231000.0,0.902,2524651000.0,0.0,42590000.0,0.0,4.618,1060366000.0
65,JNPR,MRQ,2005-03-31,2005-03-31,2005-03-31,2021-08-02,-5657000.0,7161190000.0,,1554600000.0,5606590000.0,,11.306,-22549000.0,850847000.0,850847000.0,143654000.0,75435000.0,3.014,0.167,479111000.0,0.0,479111000.0,479111000.0,229199000.0,30276000.0,0.0,0.0,0.0,112007000.0,142283000.0,0.317,142283000.0,112007000.0,111228000.0,0.14,0.13,0.14,6134956000.0,,6134956000.0,11649922840.0,43.0,29.999,111840000.0,0.206,1.0,305458000.0,0.68,4685198000.0,779000.0,1588472000.0,,0.0,1038956000.0,435301000.0,603655000.0,1026234000.0,515784000.0,510450000.0,11994330840.0,106366000.0,0.0,39380000.0,0.0,0.0,39380000.0,-67403000.0,-44781000.0,134389000.0,0.0,75435000.0,75435000.0,75435000.0,0.0,0.0,0.168,204528000.0,100930000.0,106723000.0,0.0,1.955,70.504,68.938,286438000.0,0.0,22.06,7.683,7.668,184789000.0,213062000.0,449112000.0,449112000.0,78135000.0,,,,,32333000.0,107852000.0,1.0,543714000.0,542651000,587659000.0,0.828,2475992000.0,0.0,35793000.0,0.0,4.563,1038816000.0
66,JNPR,MRQ,2004-12-31,2004-12-31,2004-12-31,2021-08-02,-716000.0,6999714000.0,,1413733000.0,5585981000.0,,11.136,-18496000.0,744408000.0,744408000.0,131307000.0,58483000.0,2.849,0.168,400000000.0,0.0,400000000.0,400000000.0,182450000.0,-7633000.0,0.0,0.0,0.0,90851000.0,83218000.0,0.194,83218000.0,90851000.0,90439000.0,0.11,0.11,0.11,5992737000.0,,5992737000.0,14367452470.0,67.0,46.18,123955000.0,0.23,1.0,298746000.0,0.695,4669809000.0,412000.0,1489327000.0,,0.0,999893000.0,404659000.0,595234000.0,1006977000.0,496170000.0,510807000.0,14617697470.0,45468000.0,0.0,45674000.0,0.0,0.0,45674000.0,-142657000.0,-124044000.0,142451000.0,0.0,58483000.0,58483000.0,58483000.0,0.0,0.0,0.136,219421000.0,79325000.0,113890000.0,0.0,2.439,113.998,104.577,275612000.0,0.0,27.19,10.941,10.035,187306000.0,137627000.0,430053000.0,430053000.0,94844000.0,,,,,117461000.0,140009000.0,1.0,537613000.0,538160000,570442000.0,0.799,2329905000.0,66010000.0,31956000.0,29794000.0,4.329,917563000.0
67,JNPR,MRQ,2004-09-30,2004-09-30,2004-09-30,2021-08-02,729000.0,6771212000.0,,1187043000.0,5584169000.0,,10.89,-25009000.0,698823000.0,698823000.0,113034000.0,48759000.0,2.313,0.166,448578000.0,0.0,448578000.0,448578000.0,172656000.0,43989000.0,0.0,0.0,0.0,74391000.0,118380000.0,0.316,118380000.0,74391000.0,73404000.0,0.09,0.08,0.09,5809366000.0,,5809366000.0,12343377600.0,83.0,47.735,80211000.0,0.15,1.0,261980000.0,0.699,4695179000.0,987000.0,1312520000.0,,0.0,878950000.0,290798000.0,588152000.0,961846000.0,513268000.0,448578000.0,12602069600.0,-8191000.0,0.0,-5581000.0,0.0,0.0,-5581000.0,-107830000.0,-82779000.0,105220000.0,0.0,48759000.0,48759000.0,48759000.0,0.0,0.0,0.13,191062000.0,70918000.0,105391000.0,0.0,2.169,149.176,118.0,269729000.0,0.0,23.6,11.323,11.312,162040000.0,71626000.0,375014000.0,375014000.0,64881000.0,,,,,0.0,94379000.0,1.0,533986000.0,533447000,582578000.0,0.703,2076033000.0,0.0,24645000.0,0.0,3.892,673775000.0
68,JNPR,MRQ,2004-06-30,2004-06-30,2004-06-30,2021-08-02,-1553000.0,6679521000.0,,1187621000.0,5491900000.0,,11.358,-12068000.0,706972000.0,706972000.0,96770000.0,-12554000.0,2.464,0.162,448280000.0,0.0,448280000.0,448280000.0,162492000.0,48067000.0,0.0,0.0,0.0,-3602000.0,44465000.0,0.145,44465000.0,-3602000.0,-5082000.0,-0.02,-0.02,-0.02,5749328000.0,,5749328000.0,13119798080.0,134.0,72.016,106944000.0,0.211,1.0,210129000.0,0.685,4717763000.0,1480000.0,1221153000.0,,0.0,793912000.0,308425000.0,485487000.0,930193000.0,481913000.0,448280000.0,13020724080.0,247411000.0,40889000.0,30386000.0,-144967000.0,0.0,-114581000.0,242980000.0,214251000.0,119012000.0,0.0,-12554000.0,-12554000.0,-12554000.0,0.0,0.0,-0.041,214933000.0,-4804000.0,92799000.0,0.0,2.265,303.344,189.0,257583000.0,0.0,24.57,14.308,13.667,140650000.0,22867000.0,306899000.0,306899000.0,58093000.0,,,,,0.0,93028000.0,1.0,529944000.0,506189000,506189000.0,0.606,1961758000.0,0.0,7472000.0,0.0,3.876,705708000.0
69,JNPR,MRQ,2004-03-31,2004-03-31,2004-03-31,2021-08-02,5421000.0,2516588000.0,,774609000.0,1741979000.0,,4.154,-7612000.0,459329000.0,459329000.0,74019000.0,33540000.0,2.423,0.536,558403000.0,0.0,558403000.0,558403000.0,100320000.0,13202000.0,0.0,0.0,0.0,51856000.0,65058000.0,0.29,65058000.0,51856000.0,49356000.0,0.09,0.08,0.09,1638546000.0,,1638546000.0,10450642720.0,79.0,55.483,65153000.0,0.165,1.0,150034000.0,0.67,1047384000.0,2500000.0,1248639000.0,,0.0,653405000.0,233195000.0,420210000.0,878042000.0,319639000.0,558403000.0,10289244720.0,62888000.0,0.0,41083000.0,0.0,0.0,41083000.0,-50960000.0,-43350000.0,72765000.0,0.0,33540000.0,33540000.0,33540000.0,0.0,0.0,0.15,103164000.0,46870000.0,65229000.0,0.0,6.279,148.999,136.947,243550000.0,0.0,26.02,13.393,13.361,87442000.0,35421000.0,224053000.0,224053000.0,46630000.0,,,,,0.0,52405000.0,1.0,395436000.0,394496000,441719000.0,0.568,1469204000.0,0.0,15816000.0,0.0,3.724,454970000.0
70,JNPR,MRQ,2003-12-31,2003-12-31,2003-12-31,2021-08-02,4414000.0,2411097000.0,,690809000.0,1720288000.0,,4.013,-5252000.0,396443000.0,396443000.0,70596000.0,14733000.0,2.603,0.543,542076000.0,0.0,542076000.0,542076000.0,75312000.0,5036000.0,0.0,0.0,0.0,25641000.0,30677000.0,0.148,30677000.0,25641000.0,20231000.0,0.04,0.03,0.04,1562443000.0,,1562443000.0,7730548840.0,79.0,47.578,57693000.0,0.148,1.0,136359000.0,0.659,1050663000.0,5410000.0,1240679000.0,,0.0,610203000.0,215906000.0,394297000.0,848654000.0,265388000.0,583266000.0,7270965840.0,-91904000.0,0.0,14352000.0,-410854000.0,0.0,-396502000.0,241653000.0,252742000.0,62945000.0,0.0,14733000.0,14733000.0,14733000.0,0.0,0.0,0.071,101653000.0,34706000.0,61237000.0,0.0,4.654,185.489,186.8,244491000.0,0.0,18.68,10.366,10.178,77964000.0,1881000.0,206955000.0,206955000.0,46620000.0,,,,,12850000.0,51695000.0,1.0,389238000.0,389344000,456709000.0,0.532,1360434000.0,0.0,5498000.0,0.0,3.494,425421000.0
71,JNPR,MRQ,2003-09-30,2003-09-30,2003-09-30,2021-08-02,7175000.0,2727916000.0,,839588000.0,1888328000.0,,3.962,-4631000.0,482493000.0,482493000.0,62939000.0,7205000.0,3.215,0.789,942076000.0,0.0,942076000.0,942076000.0,53779000.0,17688000.0,0.0,0.0,0.0,24291000.0,41979000.0,0.244,41979000.0,24291000.0,14905000.0,0.02,0.02,0.02,1524683000.0,,1524683000.0,6452051000.0,68.0,39.772,38306000.0,0.1,1.0,109189000.0,0.634,1062473000.0,9386000.0,1863869000.0,,0.0,866489000.0,309143000.0,557346000.0,1203233000.0,261157000.0,942076000.0,5753550000.0,-58983000.0,0.0,42296000.0,-284106000.0,0.0,-241810000.0,139890000.0,144521000.0,42937000.0,0.0,7205000.0,7205000.0,7205000.0,0.0,0.0,0.042,102149000.0,7040000.0,54057000.0,0.0,3.774,174.784,150.0,243526000.0,0.0,15.0,8.856,8.884,48526000.0,-12852000.0,172128000.0,172128000.0,44932000.0,,,,,0.0,41234000.0,1.0,383570000.0,384795000,408083000.0,0.447,1665443000.0,0.0,7700000.0,0.0,4.328,578431000.0
72,JNPR,MRQ,2003-06-30,2003-06-30,2003-06-30,2021-08-02,11198000.0,2980300000.0,,931811000.0,2048489000.0,,3.909,-4283000.0,541493000.0,541493000.0,62430000.0,13578000.0,3.604,1.011,1239994000.0,0.0,1239994000.0,1239994000.0,55319000.0,20496000.0,0.0,0.0,0.0,30149000.0,50645000.0,0.307,50645000.0,30149000.0,17795000.0,0.04,0.03,0.04,1481765000.0,,1481765000.0,5404958140.0,-1797.0,72.721,55987000.0,0.148,1.0,102673000.0,0.622,1072205000.0,12354000.0,2348055000.0,,0.0,1014488000.0,315870000.0,698618000.0,1498535000.0,258541000.0,1239994000.0,4713186140.0,266151000.0,0.0,24043000.0,295697000.0,0.0,319740000.0,-113859000.0,-84576000.0,60270000.0,0.0,13578000.0,13578000.0,13578000.0,0.0,0.0,0.082,91816000.0,10857000.0,58109000.0,0.0,3.181,-75.27,-77.938,252666000.0,0.0,12.47,7.486,7.507,73767000.0,-20057000.0,165103000.0,165103000.0,43007000.0,,,,,0.0,41006000.0,1.0,377962000.0,379032000,399542000.0,0.436,1908095000.0,0.0,4217000.0,0.0,5.034,673270000.0
73,JNPR,MRQ,2003-03-31,2003-03-31,2003-03-31,2021-08-02,15331000.0,2627830000.0,,666868000.0,1960962000.0,,3.85,-5222000.0,250342000.0,250342000.0,61351000.0,3683000.0,2.779,0.818,942114000.0,0.0,942114000.0,942114000.0,51558000.0,21167000.0,0.0,0.0,0.0,18012000.0,39179000.0,0.249,39179000.0,18012000.0,6063000.0,0.01,0.01,0.01,1445776000.0,,1445776000.0,3821967001.0,-335.0,77.438,7180000.0,0.019,1.0,95856000.0,0.61,1075849000.0,11949000.0,2003813000.0,,0.0,931483000.0,305687000.0,625796000.0,1182054000.0,239940000.0,942114000.0,3074288001.0,55907000.0,0.0,11064000.0,0.0,0.0,11064000.0,32441000.0,37663000.0,12402000.0,0.0,3683000.0,3683000.0,3683000.0,0.0,0.0,0.023,91448000.0,4408000.0,61729000.0,0.0,2.126,-43.941,-45.389,259317000.0,0.0,8.17,5.287,5.276,84508000.0,-33635000.0,157207000.0,157207000.0,43470000.0,,,,,0.0,40456000.0,1.0,376289841.0,375549000,390947000.0,0.419,1551981000.0,0.0,2380000.0,0.0,4.133,426928000.0
74,JNPR,MRQ,2002-12-31,2002-12-31,2002-12-31,2021-08-02,17052000.0,2614669000.0,,680929000.0,1933740000.0,,3.84,-11372000.0,194435000.0,194435000.0,63092000.0,8452000.0,2.813,0.828,942114000.0,0.0,942114000.0,942114000.0,46146000.0,8393000.0,0.0,0.0,0.0,22031000.0,30424000.0,0.196,30424000.0,22031000.0,9952000.0,0.03,0.03,0.03,1430531000.0,,1430531000.0,3223509848.0,-54.0,920.477,-5096000.0,-0.014,1.0,92174000.0,0.594,1083114000.0,12079000.0,2037210000.0,,0.0,967700000.0,384036000.0,583664000.0,1184138000.0,242024000.0,942114000.0,2530165848.0,-54335000.0,0.0,8435000.0,0.0,0.0,8435000.0,-69046000.0,-57674000.0,6276000.0,0.0,8452000.0,8452000.0,8452000.0,0.0,0.0,0.054,80428000.0,11746000.0,51747000.0,0.0,1.769,-21.146,-20.0,266962000.0,0.0,6.8,4.629,4.363,78501000.0,-37318000.0,155266000.0,155266000.0,44281000.0,,,,,0.0,42084000.0,1.0,372083213.0,372511000,372511000.0,0.417,1531555000.0,0.0,1500000.0,0.0,4.111,438905000.0
75,JNPR,MRQ,2002-09-30,2002-09-30,2002-09-30,2021-08-02,14606000.0,2620590000.0,,738246000.0,1882344000.0,,3.821,-4163000.0,248770000.0,248770000.0,68865000.0,-88330000.0,2.787,0.854,942114000.0,0.0,942114000.0,942114000.0,44979000.0,27276000.0,0.0,0.0,0.0,-73199000.0,-45923000.0,-0.302,-45923000.0,-73199000.0,-86830000.0,-0.24,-0.24,-0.24,1413604000.0,,1413604000.0,2337535539.0,-31.0,29.151,-47880000.0,-0.129,1.0,83161000.0,0.547,1090682000.0,13631000.0,1958380000.0,,0.0,907963000.0,387794000.0,520169000.0,1206986000.0,264872000.0,942114000.0,1777361539.0,-341056000.0,-375803000.0,9621000.0,-145975000.0,0.0,-136354000.0,-160985000.0,218981000.0,-43717000.0,0.0,-88330000.0,-88330000.0,-88330000.0,0.0,0.0,-0.581,213171000.0,-130010000.0,58066000.0,0.0,1.257,-13.341,-12.973,271493000.0,0.0,4.8,3.277,3.274,74046000.0,-45770000.0,152026000.0,152026000.0,48771000.0,,,,,0.0,46857000.0,1.0,370283654.0,369944000,369944000.0,0.411,1529908000.0,0.0,1500000.0,0.0,4.136,473374000.0
76,JNPR,MRQ,2002-06-30,2002-06-30,2002-06-30,2021-08-02,7605000.0,2337108000.0,,1054115000.0,1282993000.0,,2.937,-14816000.0,589826000.0,589826000.0,48155000.0,6231000.0,4.899,1.405,1150000000.0,0.0,1150000000.0,1150000000.0,32476000.0,3931000.0,0.0,0.0,0.0,21744000.0,25675000.0,0.219,25675000.0,21744000.0,6981000.0,0.02,0.02,0.02,971959000.0,,971959000.0,2318030758.0,-137.0,18.015,13051000.0,0.039,1.0,68881000.0,0.589,0.0,14763000.0,2682133000.0,,0.0,1124753000.0,374476000.0,750277000.0,1365149000.0,215149000.0,1150000000.0,1873214758.0,-115358000.0,0.0,1159000.0,0.0,0.0,1159000.0,-144384000.0,-129568000.0,27867000.0,0.0,6231000.0,6231000.0,6231000.0,0.0,0.0,0.053,62406000.0,6475000.0,55534000.0,0.0,1.927,-25.102,-25.682,258442000.0,0.0,5.65,3.164,3.159,62264000.0,42560000.0,117036000.0,117036000.0,33770000.0,,,,,0.0,34998000.0,1.0,331542435.0,330957000,342172000.0,0.354,2337108000.0,0.0,750000.0,0.0,7.062,838966000.0
77,JNPR,MRQ,2002-03-31,2002-03-31,2002-03-31,2021-08-02,5591000.0,2320991000.0,,1147329000.0,1173662000.0,,2.935,-5776000.0,705184000.0,705184000.0,49996000.0,-46003000.0,5.612,1.401,1150000000.0,0.0,1150000000.0,1150000000.0,30628000.0,23447000.0,0.0,0.0,0.0,-30121000.0,-6674000.0,-0.055,-6674000.0,-30121000.0,-45253000.0,-0.14,-0.14,-0.14,966559000.0,,966559000.0,4562324128.0,-81.0,40.143,6208000.0,0.019,1.0,72223000.0,0.591,0.0,15132000.0,2561375000.0,,0.0,992554000.0,346882000.0,645672000.0,1354432000.0,204432000.0,1150000000.0,4078796128.0,98339000.0,0.0,7405000.0,0.0,0.0,7405000.0,78950000.0,84726000.0,11984000.0,0.0,-46003000.0,-46003000.0,-46003000.0,0.0,0.0,-0.376,87471000.0,-15248000.0,53127000.0,0.0,4.22,-34.57,-35.056,253917000.0,0.0,12.62,6.024,6.139,65916000.0,36329000.0,122219000.0,122219000.0,35069000.0,,,,,0.0,37127000.0,1.0,323200961.0,329367000,329367000.0,0.371,2320991000.0,0.0,750000.0,0.0,7.047,942897000.0
78,JNPR,MRQ,2001-12-31,2001-12-31,2001-12-31,2021-08-02,18418000.0,2389588000.0,,1126048000.0,1263540000.0,,3.082,-8085000.0,606845000.0,606845000.0,58783000.0,-5126000.0,4.649,1.396,1150000000.0,0.0,1150000000.0,1150000000.0,36842000.0,99778000.0,0.0,0.0,0.0,7330000.0,107108000.0,0.709,107108000.0,7330000.0,-8440000.0,-0.01,-0.01,-0.01,997369000.0,,997369000.0,6608186211.0,85.0,28.806,-23456000.0,-0.072,1.0,92250000.0,0.611,303497000.0,15770000.0,2387027000.0,,0.0,1091029000.0,382797000.0,708232000.0,1392219000.0,242219000.0,1150000000.0,6124658211.0,-59627000.0,2728000.0,20773000.0,0.0,0.0,20773000.0,-65029000.0,-59672000.0,-15371000.0,0.0,-5126000.0,-5126000.0,-5126000.0,0.0,0.0,-0.034,102449000.0,-10199000.0,76417000.0,0.0,6.141,-456.485,-473.75,251811000.0,0.0,18.95,6.905,6.823,103524000.0,82332000.0,151033000.0,151033000.0,32565000.0,,,,,24995000.0,37993000.0,1.0,323200961.0,323569000,323569000.0,0.467,2086091000.0,0.0,-3314000.0,0.0,6.447,883829000.0
79,JNPR,MRQ,2001-09-30,2001-09-30,2001-09-30,2021-08-02,16266000.0,2266776000.0,,1215603000.0,1051173000.0,,2.572,-7313000.0,666472000.0,666472000.0,119767000.0,-29726000.0,4.147,1.752,1150000000.0,0.0,1150000000.0,1150000000.0,32064000.0,18461000.0,0.0,0.0,0.0,-15901000.0,2560000.0,0.013,2560000.0,-15901000.0,-30991000.0,-0.09,-0.09,-0.09,823647000.0,,823647000.0,3757685700.0,20.0,14.208,72646000.0,0.227,1.0,81936000.0,0.406,0.0,15090000.0,2457175000.0,,0.0,1022210000.0,411450000.0,610760000.0,1443129000.0,293129000.0,1150000000.0,3120100700.0,154057000.0,0.0,5136000.0,0.0,0.0,5136000.0,68962000.0,76275000.0,79959000.0,0.0,-29726000.0,-29726000.0,-29726000.0,0.0,0.0,-0.147,108639000.0,-26703000.0,56484000.0,0.0,3.788,57.923,51.053,252715000.0,0.0,9.7,3.025,3.011,111905000.0,87458000.0,201703000.0,201703000.0,37897000.0,,,,,0.0,42776000.0,1.0,321659866.0,320178000,320178000.0,0.63,2266776000.0,0.0,-1265000.0,45779000.0,7.08,922474000.0
80,JNPR,MRQ,2001-06-30,2001-06-30,2001-06-30,2021-08-02,16054000.0,2251739000.0,,1175975000.0,1075764000.0,,2.646,-6363000.0,512415000.0,512415000.0,80480000.0,-37131000.0,4.527,1.674,1150000000.0,0.0,1150000000.0,1150000000.0,29830000.0,28144000.0,0.0,0.0,0.0,-17486000.0,10658000.0,0.053,10658000.0,-17486000.0,-33024000.0,-0.12,-0.12,-0.12,841996000.0,,841996000.0,10569703697.0,35.0,28.837,93370000.0,0.293,1.0,121701000.0,0.602,0.0,15538000.0,2629581000.0,,0.0,1113713000.0,494953000.0,618760000.0,1409743000.0,259743000.0,1150000000.0,9975089697.0,-45327000.0,7600000.0,11685000.0,0.0,0.0,11685000.0,-156745000.0,-157982000.0,99733000.0,0.0,-37131000.0,-37131000.0,-37131000.0,0.0,0.0,-0.184,130936000.0,-9235000.0,62947000.0,0.0,11.847,70.414,66.17,252215000.0,0.0,31.1,9.676,9.6,137121000.0,117184000.0,202181000.0,202181000.0,42077000.0,,,,,0.0,45402000.0,1.0,320742434.0,318196000,318196000.0,0.635,2251739000.0,0.0,4107000.0,0.0,7.077,916232000.0
81,JNPR,MRQ,2001-03-31,2001-03-31,2001-03-31,2021-08-02,8012000.0,2228972000.0,,1281914000.0,947058000.0,,2.633,-219368000.0,557742000.0,557742000.0,113741000.0,58566000.0,5.214,1.683,1152356000.0,0.0,1152356000.0,1152356000.0,25506000.0,5106000.0,0.0,0.0,0.0,103971000.0,109077000.0,0.328,109077000.0,103971000.0,88992000.0,0.19,0.17,0.19,830764000.0,,830764000.0,12727392268.0,35.0,31.511,-90930000.0,-0.288,1.0,218364000.0,0.658,0.0,14979000.0,2577734000.0,,0.0,952628000.0,504872000.0,447756000.0,1398208000.0,245852000.0,1152356000.0,12133678268.0,-5263000.0,-7600000.0,20903000.0,0.0,0.0,20903000.0,-154604000.0,72364000.0,128438000.0,0.0,58566000.0,58566000.0,58566000.0,0.0,0.0,0.176,131364000.0,87000000.0,86074000.0,0.0,14.605,61.154,58.4,250702000.0,0.0,37.96,12.885,12.72,193169000.0,154315000.0,332105000.0,332105000.0,42991000.0,,,,,0.0,51790000.0,1.0,319643790.0,315571000,344918000.0,1.052,2228972000.0,0.0,30426000.0,0.0,7.063,1036062000.0
82,JNPR,MRQ,2000-12-31,2000-12-31,2000-12-31,2021-08-02,10963000.0,2103129000.0,,1348547000.0,754582000.0,,2.337,-7335000.0,563005000.0,563005000.0,101410000.0,62157000.0,6.232,1.881,1156719000.0,0.0,1156719000.0,1156719000.0,34625000.0,27754000.0,0.0,0.0,0.0,114420000.0,142174000.0,0.481,142174000.0,114420000.0,99580000.0,0.21,0.18,0.21,730002000.0,,730002000.0,40633974325.0,146.0,129.71,121242000.0,0.388,1.0,193976000.0,0.657,136047000.0,14840000.0,2344388000.0,,0.0,1032306000.0,581738000.0,450568000.0,1373127000.0,216408000.0,1156719000.0,40044095325.0,-8196000.0,-39974000.0,-106102000.0,0.0,0.0,-106102000.0,-30671000.0,16638000.0,128577000.0,0.0,62157000.0,62157000.0,62157000.0,0.0,0.0,0.21,102523000.0,91453000.0,72347000.0,0.0,54.855,270.722,257.347,36440000.0,0.0,126.1,59.457,56.989,176535000.0,95749000.0,295386000.0,295386000.0,30243000.0,,,,,81686000.0,45437000.0,1.0,317558250.0,312421000,349505000.0,0.945,1967082000.0,0.0,37423000.0,0.0,6.296,1132139000.0
83,JNPR,MRQ,2000-09-30,2000-09-30,2000-09-30,2021-08-02,20727000.0,1945425000.0,,1276026000.0,669399000.0,,1.927,-6801000.0,571201000.0,571201000.0,70291000.0,58071000.0,6.67,2.28,1161080000.0,0.0,1161080000.0,1161080000.0,34770000.0,2159000.0,0.0,0.0,0.0,102460000.0,104619000.0,0.52,104619000.0,102460000.0,87852000.0,0.19,0.17,0.19,593039000.0,,593039000.0,69400242046.0,411.0,390.723,51559000.0,0.168,1.0,130910000.0,0.651,0.0,14608000.0,2343998000.0,,0.0,1076361000.0,567731000.0,508630000.0,1352386000.0,191306000.0,1161080000.0,69031642046.0,-225924000.0,36450000.0,10158000.0,0.0,0.0,10158000.0,-294442000.0,-324091000.0,58360000.0,0.0,58071000.0,58071000.0,58071000.0,0.0,0.0,0.289,54703000.0,76207000.0,48431000.0,0.0,116.403,777.042,706.129,33039000.0,0.0,218.9,162.981,159.013,116319000.0,33592000.0,201201000.0,201201000.0,23600000.0,,,,,0.0,28831000.0,1.0,315356976.0,307679000,349721000.0,0.654,1945425000.0,0.0,29781000.0,0.0,6.323,1084720000.0
84,JNPR,MRQ,2000-06-30,2000-06-30,2000-06-30,2021-08-02,25129000.0,1830352000.0,,1258414000.0,571938000.0,,1.752,-14554000.0,797125000.0,797125000.0,40752000.0,19617000.0,9.265,2.461,1165725000.0,0.0,1165725000.0,1165725000.0,30872000.0,2851000.0,0.0,0.0,0.0,45177000.0,48028000.0,0.425,48028000.0,45177000.0,30419000.0,0.06,0.06,0.06,528797000.0,,528797000.0,45817207301.0,699.0,624.451,46359000.0,0.154,1.0,72276000.0,0.639,0.0,14758000.0,2063122000.0,,0.0,797138000.0,384764000.0,412374000.0,1301555000.0,135830000.0,1165725000.0,45735736301.0,-271404000.0,-19275000.0,2235000.0,0.0,0.0,2235000.0,-334552000.0,-300723000.0,60913000.0,0.0,19617000.0,19617000.0,19617000.0,0.0,0.0,0.174,51733000.0,20543000.0,37914000.0,0.0,86.49,1567.312,1323.636,28397000.0,0.0,145.6,181.549,174.474,60733000.0,-24479000.0,113028000.0,113028000.0,18000000.0,,,,,0.0,21418000.0,1.0,314119068.0,301879000,346411000.0,0.374,1830352000.0,0.0,10802000.0,0.0,6.063,1122584000.0
85,JNPR,MRQ,2000-03-31,2000-03-31,2000-03-31,2021-08-02,-923000.0,1694885000.0,,1391812000.0,303073000.0,,1.592,-6309000.0,1068529000.0,1068529000.0,25101000.0,8071000.0,18.695,2.603,1150000000.0,0.0,1150000000.0,1150000000.0,19448000.0,2031000.0,0.0,0.0,0.0,16415000.0,18446000.0,0.289,18446000.0,16415000.0,12521000.0,0.03,0.02,0.03,470435000.0,,470435000.0,41096525539.0,2449.0,1781.847,14924000.0,0.05,1.0,38785000.0,0.607,0.0,3894000.0,1701906000.0,,0.0,496020000.0,281475000.0,214545000.0,1224450000.0,74450000.0,1150000000.0,41254568539.0,910486000.0,-17175000.0,424000.0,1123325000.0,0.0,1123749000.0,-234496000.0,-211012000.0,21233000.0,0.0,8071000.0,8071000.0,8071000.0,0.0,0.0,0.126,32900000.0,5885000.0,55002000.0,0.0,87.695,7222.438,13180.0,16694000.0,0.0,131.8,263.695,248.99,29964000.0,-44096000.0,63886000.0,63886000.0,15990000.0,,,,,0.0,14519000.0,1.0,313008866.0,295554000,350290000.0,0.216,1694885000.0,0.0,4450000.0,0.0,5.735,1317362000.0
86,JNPR,MRQ,1999-12-31,1999-12-31,1999-12-31,2021-08-02,-815000.0,513378000.0,,377833000.0,135545000.0,,2.418,-4611000.0,158043000.0,158043000.0,18389000.0,3080000.0,6.788,0.122,0.0,0.0,0.0,0.0,19270000.0,1547000.0,0.0,0.0,0.0,4980000.0,6527000.0,0.144,6527000.0,4980000.0,4980000.0,0.03,0.03,0.03,457715000.0,,457715000.0,17571094460.0,-2890.0,-22672.38,7974000.0,0.042,1.0,27053000.0,0.595,17355000.0,0.0,282317000.0,,0.0,285116000.0,187915000.0,97201000.0,55663000.0,55663000.0,0.0,17607569460.0,121568000.0,-1456000.0,324642000.0,0.0,0.0,324642000.0,-215659000.0,-209592000.0,12585000.0,0.0,3080000.0,3080000.0,3080000.0,0.0,0.0,0.068,28159000.0,-1106000.0,15368000.0,0.0,38.468,-1949.034,-1133.333,12416000.0,0.0,56.667,171.604,104.558,23950000.0,-52167000.0,45442000.0,45442000.0,15820000.0,,,,,0.0,10650000.0,1.0,310721814.0,189322000,189322000.0,0.24,496023000.0,0.0,1900000.0,2259000.0,2.62,322170000.0
87,JNPR,MRQ,1999-09-30,1999-09-30,1999-09-30,2021-08-02,0.0,147621000.0,,101693000.0,45928000.0,,0.418,-1663000.0,36475000.0,36475000.0,12490000.0,-1587000.0,2.957,0.304,0.0,0.0,0.0,0.0,15359000.0,1409000.0,0.0,0.0,0.0,-1038000.0,371000.0,0.013,371000.0,-1038000.0,-1184000.0,-0.01,-0.01,-0.01,113180000.0,,113180000.0,9016616948.0,-453.0,-588.398,9195000.0,0.034,1.0,17074000.0,0.578,0.0,146000.0,76753000.0,,0.0,84700000.0,48124000.0,36576000.0,34441000.0,34393000.0,48000.0,9107844948.0,-55954000.0,0.0,-9000.0,-3674000.0,0.0,-3683000.0,-63129000.0,-61466000.0,10858000.0,0.0,-1587000.0,-1587000.0,-1587000.0,0.0,0.0,-0.054,19623000.0,-2549000.0,8375000.0,0.0,80.472,-425.64,-136.712,9352000.0,0.0,30.35,149.38,134.857,13623000.0,-55247000.0,29564000.0,29564000.0,11510000.0,,,,,0.0,7311000.0,1.0,300093738.0,270918000,270918000.0,0.109,147621000.0,0.0,403000.0,0.0,0.545,67300000.0
88,JNPR,MRQ,1999-06-30,1999-06-30,1999-06-30,2021-08-02,0.0,143131000.0,,125994000.0,17137000.0,,1.062,-2324000.0,92429000.0,92429000.0,8046000.0,-3852000.0,4.73,0.256,1201000.0,1201000.0,0.0,1201000.0,12815000.0,1299000.0,0.0,0.0,0.0,-3579000.0,-2280000.0,-0.13,-2280000.0,-3579000.0,-3750000.0,-0.04,-0.04,-0.04,113974000.0,,113974000.0,7260919481.0,-247.0,-282.504,-3657000.0,-0.034,1.0,9510000.0,0.542,0.0,171000.0,25267000.0,,0.0,23411000.0,15372000.0,8039000.0,29157000.0,26636000.0,2521000.0,7305897481.0,43482000.0,0.0,69805000.0,-295000.0,0.0,69510000.0,-24695000.0,-22371000.0,-1333000.0,0.0,-3852000.0,-3852000.0,-3852000.0,0.0,0.0,-0.219,13708000.0,-4198000.0,6380000.0,0.0,64.101,-240.405,-71.36,9098000.0,0.0,24.833,232.62,84.835,17312000.0,-53660000.0,17556000.0,17556000.0,7991000.0,,,,,0.0,4826000.0,1.0,294197214.0,107292000,107292000.0,0.164,143131000.0,0.0,102000.0,0.0,1.334,99358000.0
89,JNPR,MRQ,1999-03-31,1999-03-31,1999-03-31,2021-08-02,0.0,67125000.0,,58912000.0,8213000.0,,0.524,-1422000.0,48947000.0,48947000.0,6347000.0,-6675000.0,3.434,0.424,3969000.0,1183000.0,2786000.0,3969000.0,7858000.0,1051000.0,0.0,,0.0,-6655000.0,-5604000.0,-0.558,-5604000.0,-6655000.0,-6655000.0,-0.075,-0.075,-0.075,47135000.0,,47135000.0,,,,-3073000.0,-0.034,1.0,3697000.0,0.368,0.0,0.0,4991000.0,,0.0,502000.0,502000.0,0.0,19990000.0,17156000.0,2834000.0,,28849000.0,0.0,1888000.0,-3412000.0,0.0,32424000.0,-1924000.0,-502000.0,-1651000.0,0.0,-6675000.0,-6675000.0,-6675000.0,0.0,0.0,-0.665,10464000.0,-6767000.0,5378000.0,0.0,,,,8078000.0,0.0,,,,8618000.0,-49808000.0,10044000.0,10044000.0,6181000.0,,,,,0.0,3379000.0,1.0,294197214.0,89940000,89940000.0,0.112,67125000.0,0.0,20000.0,0.0,0.746,41756000.0
90,JNPR,MRQ,1998-12-31,1998-12-31,1998-12-31,2021-08-02,0.0,36671000.0,,28834000.0,7837000.0,,0.22,-2646000.0,20098000.0,20098000.0,3815000.0,-9284000.0,2.002,1.149,2220000.0,2220000.0,0.0,2220000.0,5639000.0,818000.0,0.0,,0.0,-8629000.0,-7811000.0,-2.052,-7811000.0,-8629000.0,-9284000.0,-0.097,-0.097,-0.097,17065000.0,,17065000.0,,,,-11443000.0,-0.147,1.0,-8000.0,-0.002,135000.0,655000.0,4256000.0,,0.0,0.0,0.0,0.0,19606000.0,14402000.0,5204000.0,,-10002000.0,0.0,455000.0,-4719000.0,0.0,1441000.0,-2646000.0,0.0,-8797000.0,0.0,-9284000.0,-9284000.0,-9284000.0,0.0,0.0,-2.439,9393000.0,-9401000.0,4245000.0,0.0,,,,7702000.0,0.0,,,,8056000.0,-43133000.0,3807000.0,3807000.0,6145000.0,,,,,-628000.0,2600000.0,1.0,,77742000,77742000.0,0.049,36536000.0,0.0,0.0,0.0,0.47,14432000.0
91,JNPR,MRQ,1998-09-30,1998-09-30,1998-09-30,2021-08-02,,,,,,,,-1513000.0,,,382000.0,-10579000.0,,,,,,,,572000.0,,,0.0,-10579000.0,-10007000.0,,-10007000.0,-10579000.0,-10579000.0,-0.137,-0.137,-0.137,,,,,,,-7834000.0,-0.101,1.0,-382000.0,,,0.0,,,,,,,,,,,-2759000.0,0.0,223000.0,1852000.0,0.0,2075000.0,1487000.0,3000000.0,-6321000.0,0.0,-10579000.0,-10579000.0,-10579000.0,0.0,0.0,,10435000.0,-10817000.0,,0.0,,,,,0.0,,,,,,0.0,0.0,8284000.0,,,,,628000.0,1777000.0,1.0,,77370000,77370000.0,0.0,,,0.0,,,
92,JNPR,MRQ,1998-06-30,1998-06-30,1998-06-30,2021-08-02,,,,,,,,,,,180000.0,-7203000.0,,,,,,,,,,,0.0,-7203000.0,,,,-7203000.0,-7203000.0,-0.1,-0.1,-0.1,,,,,,,,,1.0,-180000.0,,,0.0,,,,,,,,,,,,,,,,,,,,,-7203000.0,-7203000.0,-7203000.0,0.0,0.0,,7461000.0,-7641000.0,,0.0,,,,,0.0,,,,,,0.0,0.0,6061000.0,,,,,,1208000.0,1.0,,71700000,71700000.0,0.0,,,0.0,,,
93,JNPR,MRQ,1998-03-31,1998-03-31,1998-03-31,2021-08-02,,,,,,,,,,,39000.0,-3905000.0,,,,,,,,,,,0.0,-3801000.0,,,,-3801000.0,-3905000.0,-0.06,-0.06,-0.06,,,,,,,,,1.0,-39000.0,,,104000.0,,,,,,,,,,,,,,,,,,,,,-3905000.0,-3905000.0,-3905000.0,0.0,0.0,,4372000.0,-4411000.0,,0.0,,,,,0.0,,,,,,0.0,0.0,3497000.0,,,,,,854000.0,1.0,,65232000,65232000.0,0.0,,,0.0,,,
94,JNPR,MRQ,1997-12-31,1997-12-31,1997-12-31,2021-08-02,0.0,50210000.0,,46770000.0,3440000.0,,0.893,,30442000.0,30442000.0,,,22.496,0.09,2833000.0,750000.0,2083000.0,2833000.0,0.0,,0.0,,0.0,,,,,,,,,,46048000.0,,46048000.0,,,,,,1.0,,,0.0,,20522000.0,,0.0,15785000.0,15785000.0,0.0,4162000.0,2079000.0,2083000.0,,,,,,,,,,,,,,,,,,,,661000.0,,,,,3315000.0,,,,,0.0,-12162000.0,,,,,,,,,,1.0,,51546000,,,50210000.0,0.0,,0.0,0.974,44691000.0
0,JNPR,MRT,2021-06-30,2021-06-30,2021-06-30,2021-08-02,55900000.0,8723400000.0,8876875000.0,2646100000.0,6077300000.0,0.519,13.377,-97700000.0,986700000.0,986700000.0,1935200000.0,207100000.0,1.565,1.01,1855100000.0,0.0,1855100000.0,1855100000.0,1331300000.0,227300000.0,0.0,0.029,0.8,187800000.0,415100000.0,0.09,415100000.0,187800000.0,187800000.0,0.62,0.61,0.62,4340900000.0,4468700000.0,4340900000.0,9823792282.0,52.0,23.666,581500000.0,1.792,1.0,2672300000.0,0.58,4069400000.0,0.0,3831500000.0,4038075000.0,211500000.0,828700000.0,335500000.0,493200000.0,4382500000.0,1690900000.0,2691600000.0,8963692282.0,-511800000.0,-608800000.0,-362900000.0,-118800000.0,-262200000.0,-747300000.0,-457800000.0,254500000.0,679200000.0,14100000.0,207100000.0,207100000.0,207100000.0,0.0,0.0,0.045,2335600000.0,336700000.0,259800000.0,1.29,2.065,43.282,44.113,906000000.0,0.0,27.35,1.945,1.926,768300000.0,-2757800000.0,4607500000.0,4607500000.0,985400000.0,0.023,0.046,0.047,0.041,212200000.0,1255000000.0,1.0,327740120.0,324500000,330400000.0,14.199,4654000000.0,0.0,-19300000.0,324500000.0,14.342,955200000.0
1,JNPR,MRT,2021-03-31,2021-03-31,2021-03-31,2021-08-02,81300000.0,8711100000.0,8881400000.0,2600300000.0,6110800000.0,0.509,13.575,-98300000.0,989100000.0,989100000.0,1911500000.0,206300000.0,1.617,0.967,1849200000.0,0.0,1849200000.0,1849200000.0,1331700000.0,218800000.0,0.0,0.032,0.8,199100000.0,417900000.0,0.092,417900000.0,199100000.0,199100000.0,0.61,0.6,0.61,4429600000.0,4499550000.0,4429600000.0,9241499268.0,46.0,22.114,421300000.0,1.291,1.0,2610000000.0,0.577,4088400000.0,0.0,3875100000.0,4097375000.0,0.0,775500000.0,294100000.0,481400000.0,4281500000.0,1607700000.0,2673800000.0,8312599268.0,-447600000.0,-608800000.0,-254000000.0,-118800000.0,-263800000.0,-631800000.0,-355400000.0,358200000.0,519600000.0,20000000.0,206300000.0,206300000.0,206300000.0,0.0,0.0,0.046,2268500000.0,341500000.0,244800000.0,1.311,1.877,40.294,41.525,929400000.0,0.0,25.33,1.838,1.828,758900000.0,-2762600000.0,4521500000.0,4521500000.0,980600000.0,0.023,0.046,0.049,0.044,205700000.0,1209500000.0,1.0,328172099.0,326300000,326300000.0,13.857,4622700000.0,0.0,-7200000.0,313700000.0,14.167,992600000.0
2,JNPR,MRT,2020-12-31,2020-12-31,2020-12-31,2021-08-02,55600000.0,9378300000.0,8856000000.0,3271200000.0,6107100000.0,0.502,13.752,-100400000.0,1361900000.0,1361900000.0,1871400000.0,257800000.0,1.514,1.064,2290800000.0,421500000.0,1869300000.0,2290800000.0,1285800000.0,212400000.0,0.0,0.036,0.8,265200000.0,477600000.0,0.107,477600000.0,265200000.0,265200000.0,0.78,0.77,0.78,4543500000.0,4489825000.0,4543500000.0,7954165779.0,30.0,16.654,511600000.0,1.548,1.0,2573700000.0,0.579,3936300000.0,0.0,4209800000.0,4136875000.0,210200000.0,1068700000.0,412100000.0,656600000.0,4834800000.0,2161100000.0,2673700000.0,7422365779.0,106500000.0,-434000000.0,-326400000.0,363300000.0,-264100000.0,-222400000.0,-288900000.0,250700000.0,612000000.0,5800000.0,257800000.0,257800000.0,257800000.0,0.0,0.0,0.058,2220600000.0,353100000.0,277000000.0,1.026,1.634,28.791,28.859,946900000.0,0.0,22.51,1.67,1.673,964100000.0,-2669000000.0,4445100000.0,4445100000.0,958400000.0,0.029,0.057,0.064,0.06,190200000.0,1194200000.0,1.0,329736374.0,330400000,335200000.0,13.454,5442000000.0,0.0,7400000.0,312500000.0,16.471,1110100000.0
3,JNPR,MRT,2020-09-30,2020-09-30,2020-09-30,2021-08-02,15200000.0,8694700000.0,8720850000.0,3038500000.0,5656200000.0,0.508,13.783,-94000000.0,1341500000.0,1341500000.0,1854600000.0,395400000.0,2.024,0.906,1873300000.0,0.0,1873300000.0,1873300000.0,1134000000.0,212800000.0,0.0,0.037,0.79,400000000.0,612800000.0,0.138,612800000.0,400000000.0,400000000.0,1.18,1.16,1.18,4560800000.0,4506600000.0,4560800000.0,7554532804.0,19.0,12.328,487900000.0,1.474,1.0,2576000000.0,0.581,3489000000.0,0.0,4235900000.0,4183700000.0,0.0,1219700000.0,499300000.0,720400000.0,4133900000.0,1501600000.0,2632300000.0,7132632804.0,135800000.0,42700000.0,-451000000.0,0.0,-261700000.0,-707900000.0,261900000.0,317900000.0,581900000.0,-100000.0,395400000.0,395400000.0,395400000.0,0.0,0.0,0.089,2142400000.0,433600000.0,269600000.0,0.669,1.564,18.039,18.22,941300000.0,0.0,21.5,1.61,1.606,754000000.0,-2669200000.0,4430600000.0,4430600000.0,955500000.0,0.045,0.088,0.096,0.09,193800000.0,1172300000.0,1.0,331750363.0,330900000,334500000.0,13.39,5205700000.0,0.0,4600000.0,308600000.0,15.732,1536900000.0
4,JNPR,MRT,2020-06-30,2020-06-30,2020-06-30,2021-08-02,-22900000.0,8741500000.0,8735575000.0,3001200000.0,5740300000.0,0.507,13.487,-98200000.0,1460300000.0,1460300000.0,1828900000.0,349300000.0,1.88,0.958,1882200000.0,0.0,1882200000.0,1882200000.0,1211600000.0,214600000.0,0.0,0.034,0.78,406500000.0,621100000.0,0.14,621100000.0,406500000.0,406500000.0,1.03,1.02,1.03,4464300000.0,4527000000.0,4464300000.0,8042614652.0,20.0,12.949,552300000.0,1.669,1.0,2596600000.0,0.587,3498400000.0,0.0,4068700000.0,4235475000.0,0.0,1110000000.0,397600000.0,712400000.0,4277200000.0,1596300000.0,2680900000.0,7574714652.0,77800000.0,-7500000.0,-402900000.0,-119400000.0,-260200000.0,-777700000.0,218200000.0,323900000.0,650500000.0,-13200000.0,349300000.0,349300000.0,349300000.0,0.0,0.0,0.079,2149600000.0,447000000.0,238000000.0,0.757,1.697,21.685,22.194,955800000.0,0.0,22.86,1.712,1.71,754700000.0,-2768500000.0,4425500000.0,4425500000.0,957600000.0,0.04,0.077,0.096,0.092,198600000.0,1179700000.0,1.0,331352347.0,331000000,333100000.0,13.37,5243100000.0,0.0,57200000.0,360300000.0,15.84,1404900000.0
5,JNPR,MRT,2020-03-31,2020-03-31,2020-03-31,2021-08-02,-59200000.0,8609500000.0,8776025000.0,2972700000.0,5636800000.0,0.506,13.273,-103500000.0,1398600000.0,1398600000.0,1827900000.0,334300000.0,1.935,0.961,1866500000.0,0.0,1866500000.0,1866500000.0,1254800000.0,215600000.0,0.0,0.04,0.77,398200000.0,613800000.0,0.138,613800000.0,398200000.0,398200000.0,0.98,0.97,0.98,4390700000.0,4558725000.0,4390700000.0,6952490608.0,17.0,11.327,538200000.0,1.627,1.0,2613800000.0,0.588,3507800000.0,0.0,4033100000.0,4260650000.0,0.0,1131300000.0,523000000.0,608300000.0,4218800000.0,1536500000.0,2682300000.0,6326290608.0,-713300000.0,-278400000.0,-702000000.0,-119400000.0,-259400000.0,-1080800000.0,-255200000.0,126700000.0,641700000.0,-19000000.0,334300000.0,334300000.0,334300000.0,0.0,0.0,0.075,2174900000.0,438900000.0,236400000.0,0.786,1.441,18.924,19.531,968700000.0,0.0,19.14,1.424,1.425,675100000.0,-2831400000.0,4441700000.0,4441700000.0,960600000.0,0.038,0.073,0.093,0.09,210300000.0,1185400000.0,1.0,330527200.0,330800000,335100000.0,13.427,5101700000.0,0.0,63900000.0,369900000.0,15.422,1436200000.0
6,JNPR,MRT,2019-12-31,2019-12-31,2019-12-31,2021-08-02,-18500000.0,8837700000.0,8908125000.0,3209800000.0,5627900000.0,0.499,13.434,-109600000.0,1215800000.0,1215800000.0,1828600000.0,345000000.0,2.079,0.917,1842000000.0,0.0,1842000000.0,1842000000.0,1223400000.0,210300000.0,0.0,0.031,0.76,414400000.0,624700000.0,0.141,624700000.0,414400000.0,414400000.0,1.01,0.99,1.01,4610600000.0,4673850000.0,4610600000.0,8890134642.0,21.0,14.231,419300000.0,1.222,1.0,2616800000.0,0.589,3522900000.0,0.0,4397100000.0,4311550000.0,0.0,1327800000.0,738000000.0,589800000.0,4227100000.0,1543900000.0,2683200000.0,8243834642.0,-1229300000.0,-278200000.0,-499300000.0,-469400000.0,-260100000.0,-1228800000.0,-528200000.0,-140400000.0,528900000.0,-1200000.0,345000000.0,345000000.0,345000000.0,0.0,0.0,0.078,2174600000.0,442200000.0,219500000.0,0.752,1.788,23.895,24.386,1000600000.0,0.0,24.63,1.854,1.902,879700000.0,-2741400000.0,4445400000.0,4445400000.0,955700000.0,0.039,0.074,0.096,0.093,202200000.0,1183600000.0,1.0,334707050.0,343200000,348200000.0,12.953,5314800000.0,0.0,69400000.0,372600000.0,15.486,1665900000.0
7,JNPR,MRT,2019-09-30,2019-09-30,2019-09-30,2021-08-02,-26800000.0,8753600000.0,9039525000.0,3187500000.0,5566100000.0,0.489,13.566,-120000000.0,1204800000.0,1204800000.0,1809900000.0,368800000.0,2.24,0.886,1851100000.0,0.0,1851100000.0,1851100000.0,1118700000.0,206800000.0,0.0,0.03,0.75,428800000.0,635600000.0,0.144,635600000.0,428800000.0,428800000.0,1.06,1.06,1.06,4642400000.0,4727000000.0,4642400000.0,9135138303.0,21.0,14.372,525600000.0,1.536,1.0,2608400000.0,0.59,3534000000.0,0.0,4443000000.0,4198150000.0,0.0,1621900000.0,1040800000.0,581100000.0,4111200000.0,1422900000.0,2688300000.0,8558938303.0,-1256800000.0,-298500000.0,-300500000.0,-469400000.0,-258700000.0,-1029800000.0,-869300000.0,-450800000.0,645600000.0,-3300000.0,368800000.0,368800000.0,368800000.0,0.0,0.0,0.083,2148000000.0,460400000.0,229000000.0,0.708,1.844,23.208,23.349,1020600000.0,0.0,24.75,1.937,1.917,635800000.0,-2832700000.0,4418300000.0,4418300000.0,947300000.0,0.041,0.078,0.102,0.097,184000000.0,1160100000.0,1.0,345815689.0,342200000,345500000.0,12.911,5219600000.0,0.0,60000000.0,402000000.0,15.253,1764600000.0
8,JNPR,MRT,2019-06-30,2019-06-30,2019-06-30,2021-08-02,-11300000.0,8903300000.0,9126200000.0,3758600000.0,5144700000.0,0.489,13.258,-123300000.0,1381300000.0,1381300000.0,1824000000.0,493300000.0,2.128,0.939,1957500000.0,299500000.0,1658000000.0,1957500000.0,1201400000.0,201300000.0,0.0,0.028,0.74,462700000.0,664000000.0,0.149,664000000.0,462700000.0,462700000.0,1.42,1.41,1.42,4591200000.0,4729125000.0,4591200000.0,8980085855.0,19.0,13.524,544600000.0,1.573,1.0,2641000000.0,0.591,3543900000.0,0.0,4169400000.0,4034175000.0,0.0,1493700000.0,1418900000.0,74800000.0,4312100000.0,1766200000.0,2545900000.0,9169385855.0,-1268600000.0,-298500000.0,-249100000.0,-350600000.0,-256100000.0,-858000000.0,-1075400000.0,-653600000.0,667900000.0,-3100000.0,493300000.0,493300000.0,493300000.0,0.0,0.0,0.11,2159000000.0,482000000.0,183300000.0,0.521,1.997,18.588,18.754,1046700000.0,0.0,26.63,2.054,2.065,659400000.0,-2888700000.0,4465000000.0,4465000000.0,956600000.0,0.054,0.104,0.115,0.104,179700000.0,1156300000.0,1.0,344325417.0,346300000,349100000.0,12.893,5359400000.0,0.0,-30600000.0,409100000.0,15.476,1992400000.0
9,JNPR,MRT,2019-03-31,2019-03-31,2019-03-31,2021-08-02,-10900000.0,9137900000.0,9180625000.0,4309600000.0,4828300000.0,0.497,13.936,-133100000.0,2155600000.0,2155600000.0,1861500000.0,563600000.0,2.894,0.884,1966300000.0,0.0,1966300000.0,1966300000.0,1230900000.0,203500000.0,0.0,0.028,0.73,535800000.0,739300000.0,0.162,739300000.0,535800000.0,535800000.0,1.62,1.61,1.62,4851200000.0,4685750000.0,4851200000.0,8859507516.0,17.0,11.984,616300000.0,1.77,1.0,2705100000.0,0.592,3222800000.0,0.0,4236700000.0,3877900000.0,0.0,1347100000.0,1227400000.0,119700000.0,4286700000.0,1489100000.0,2797600000.0,9209507516.0,-471900000.0,-36900000.0,51800000.0,-350300000.0,-253400000.0,-554600000.0,-651500000.0,-481500000.0,749400000.0,-15200000.0,563600000.0,563600000.0,563600000.0,0.0,0.0,0.123,2145700000.0,559400000.0,219100000.0,0.451,1.898,16.341,16.34,1076600000.0,0.0,26.47,2.017,2.018,645400000.0,-2806500000.0,4566600000.0,4566600000.0,961400000.0,0.061,0.12,0.138,0.117,180600000.0,1159800000.0,1.0,347922460.0,348100000,352700000.0,13.119,5915100000.0,0.0,-27800000.0,407300000.0,16.993,2820500000.0
10,JNPR,MRT,2018-12-31,2018-12-31,2018-12-31,2021-08-02,-18200000.0,9363300000.0,9165775000.0,4581800000.0,4781500000.0,0.507,13.82,-147400000.0,2489000000.0,2489000000.0,1906300000.0,566900000.0,2.487,0.941,2139000000.0,349900000.0,1789100000.0,2139000000.0,1213600000.0,210500000.0,0.0,0.027,0.72,532700000.0,743200000.0,0.16,743200000.0,532700000.0,532700000.0,1.62,1.6,1.62,4823200000.0,4554125000.0,4823200000.0,8924704904.0,17.0,12.008,713700000.0,2.045,1.0,2741200000.0,0.59,3227300000.0,0.0,3943500000.0,3706550000.0,0.0,1269100000.0,1070100000.0,199000000.0,4540100000.0,1842500000.0,2697600000.0,9288104904.0,446700000.0,-59100000.0,-699700000.0,-16900000.0,-249300000.0,-968600000.0,564800000.0,771300000.0,861100000.0,-10600000.0,566900000.0,566900000.0,566900000.0,0.0,0.0,0.122,2169000000.0,572200000.0,208800000.0,0.444,1.926,16.384,16.611,951700000.0,0.0,26.91,1.999,2.021,754600000.0,-2831400000.0,4647500000.0,4647500000.0,1003200000.0,0.062,0.124,0.144,0.115,217100000.0,1158500000.0,1.0,345154400.0,349000000,354400000.0,13.317,6136000000.0,0.0,-34200000.0,404400000.0,17.582,2739300000.0
11,JNPR,MRT,2018-09-30,2018-09-30,2018-09-30,2021-08-02,-24500000.0,9100300000.0,9283400000.0,4290700000.0,4809600000.0,0.507,13.434,-164500000.0,2501700000.0,2501700000.0,1924500000.0,226600000.0,2.465,0.957,2138300000.0,349700000.0,1788600000.0,2138300000.0,1165300000.0,215100000.0,0.0,0.021,0.64,544500000.0,759600000.0,0.161,759600000.0,544500000.0,544500000.0,0.69,0.69,0.69,4650900000.0,4518550000.0,4650900000.0,9780806450.0,18.0,12.876,696800000.0,2.013,1.0,2781500000.0,0.591,3209300000.0,0.0,3787100000.0,3970950000.0,0.0,1146300000.0,887300000.0,259000000.0,4449400000.0,1740500000.0,2708900000.0,10333506450.0,104900000.0,-31500000.0,-1028900000.0,0.0,-223900000.0,-1254300000.0,505100000.0,701100000.0,861300000.0,-7200000.0,226600000.0,226600000.0,226600000.0,0.0,0.0,0.048,2203400000.0,578100000.0,184700000.0,0.928,2.222,45.602,43.435,967600000.0,0.0,29.97,2.196,2.205,648300000.0,-3023000000.0,4706000000.0,4706000000.0,999900000.0,0.024,0.05,0.137,0.116,216600000.0,1165000000.0,1.0,344795010.0,346200000,350500000.0,13.593,5891000000.0,0.0,317900000.0,436700000.0,17.016,2550200000.0
12,JNPR,MRT,2018-06-30,2018-06-30,2018-06-30,2021-08-02,-16400000.0,9121000000.0,9444400000.0,4104600000.0,5016400000.0,0.507,12.658,-166200000.0,2690400000.0,2690400000.0,1941100000.0,168500000.0,2.27,1.065,2137700000.0,349500000.0,1788200000.0,2137700000.0,1237200000.0,224400000.0,0.0,0.02,0.56,618300000.0,842700000.0,0.176,842700000.0,618300000.0,618300000.0,0.48,0.48,0.48,4417700000.0,4645350000.0,4417700000.0,9096557300.0,15.0,10.795,689200000.0,1.975,1.0,2842900000.0,0.594,3215500000.0,0.0,3544300000.0,4183400000.0,0.0,840100000.0,432300000.0,407800000.0,4703300000.0,1808500000.0,2894800000.0,9573757300.0,270800000.0,-58500000.0,-1166200000.0,600000.0,-199500000.0,-1365600000.0,778800000.0,1003500000.0,855400000.0,2200000.0,168500000.0,168500000.0,168500000.0,0.0,0.0,0.035,2194000000.0,648900000.0,183200000.0,1.167,2.167,56.818,57.125,987100000.0,0.0,27.42,2.001,2.0,702200000.0,-3175700000.0,4784000000.0,4784000000.0,982500000.0,0.018,0.036,0.148,0.129,208400000.0,1175400000.0,1.0,349152345.0,349000000,351300000.0,13.708,5905500000.0,0.0,449800000.0,615600000.0,16.921,2296100000.0
13,JNPR,MRT,2018-03-31,2018-03-31,2018-03-31,2021-08-02,12500000.0,9078500000.0,9602375000.0,3920700000.0,5157800000.0,0.509,12.172,-161300000.0,2614200000.0,2614200000.0,1944900000.0,231800000.0,2.142,1.099,2137000000.0,349300000.0,1787700000.0,2137000000.0,1256900000.0,225500000.0,0.0,0.02,0.48,712600000.0,938100000.0,0.192,938100000.0,712600000.0,712600000.0,0.62,0.62,0.62,4324700000.0,4812475000.0,4324700000.0,8457297518.0,12.0,9.015,822500000.0,2.315,1.0,2943900000.0,0.602,3220000000.0,0.0,3551300000.0,4436850000.0,0.0,834200000.0,317700000.0,516500000.0,4753800000.0,1830000000.0,2923800000.0,8363597518.0,354300000.0,25800000.0,-1290200000.0,300000.0,-174500000.0,-1464400000.0,818900000.0,954400000.0,983800000.0,16000000.0,231800000.0,231800000.0,231800000.0,0.0,0.0,0.047,2196600000.0,747300000.0,189200000.0,0.774,1.934,36.081,39.242,1013800000.0,0.0,24.33,1.711,1.768,679900000.0,-3303300000.0,4888800000.0,4888800000.0,973900000.0,0.024,0.048,0.161,0.146,195900000.0,1178400000.0,1.0,343756577.0,355300000,360600000.0,13.76,5858500000.0,0.0,480800000.0,649500000.0,16.489,2090700000.0
14,JNPR,MRT,2017-12-31,2017-12-31,2017-12-31,2021-08-02,-5400000.0,9833800000.0,9742250000.0,4184500000.0,5649300000.0,0.516,12.393,-151200000.0,2006500000.0,2006500000.0,1955100000.0,306200000.0,2.407,1.101,2136300000.0,0.0,2136300000.0,2136300000.0,1539300000.0,225600000.0,0.0,0.014,0.4,811800000.0,1037400000.0,0.206,1037400000.0,811800000.0,811800000.0,0.81,0.8,0.81,4680900000.0,4985900000.0,4680900000.0,10392556636.0,13.0,10.018,1108100000.0,2.934,1.0,3072100000.0,0.611,3224300000.0,0.0,5001100000.0,4711275000.0,0.0,2014500000.0,1026100000.0,988400000.0,5152900000.0,1738200000.0,3414700000.0,10685456636.0,178500000.0,48000000.0,-661300000.0,16900000.0,-150400000.0,-794800000.0,-303000000.0,-199800000.0,1259300000.0,17000000.0,306200000.0,306200000.0,306200000.0,0.0,0.0,0.061,2224000000.0,848100000.0,217600000.0,0.494,2.283,34.897,35.185,1021100000.0,0.0,28.5,2.126,2.141,852000000.0,-3355800000.0,5027200000.0,5027200000.0,980700000.0,0.031,0.061,0.172,0.161,187500000.0,1177700000.0,1.0,374928303.0,377700000,384200000.0,13.31,6609500000.0,0.0,505600000.0,650600000.0,17.499,2446300000.0
15,JNPR,MRT,2017-09-30,2017-09-30,2017-09-30,2021-08-02,-6400000.0,9744300000.0,9697925000.0,4283300000.0,5461000000.0,0.533,13.635,-149400000.0,2428600000.0,2428600000.0,1994700000.0,643200000.0,2.702,0.889,2135700000.0,0.0,2135700000.0,2135700000.0,1462900000.0,224500000.0,0.0,0.014,0.4,883700000.0,1108200000.0,0.214,1108200000.0,883700000.0,883700000.0,1.69,1.67,1.69,5158100000.0,5056300000.0,5158100000.0,10263086056.0,12.0,9.261,1247600000.0,3.298,1.0,3178600000.0,0.614,3229200000.0,0.0,4636900000.0,4688325000.0,0.0,1835600000.0,922000000.0,913600000.0,4586200000.0,1585300000.0,3000900000.0,10583986056.0,728500000.0,31700000.0,-329200000.0,15500000.0,-151600000.0,-480800000.0,-186800000.0,-71500000.0,1397000000.0,-900000.0,643200000.0,643200000.0,643200000.0,0.0,0.0,0.124,2246000000.0,932600000.0,205400000.0,0.237,2.052,16.455,16.467,1007500000.0,0.0,27.83,2.046,2.035,724300000.0,-3046500000.0,5173300000.0,5173300000.0,1015800000.0,0.066,0.127,0.188,0.171,213600000.0,1200700000.0,1.0,380308518.0,378300000,382700000.0,13.675,6515100000.0,0.0,240500000.0,224000000.0,17.222,2698000000.0
16,JNPR,MRT,2017-06-30,2017-06-30,2017-06-30,2021-08-02,-16500000.0,9752900000.0,9548150000.0,4145100000.0,5607800000.0,0.545,13.371,-162100000.0,2455900000.0,2455900000.0,1995100000.0,649900000.0,2.478,0.918,2135000000.0,0.0,2135000000.0,2135000000.0,1501000000.0,220200000.0,0.0,0.014,0.4,894500000.0,1114700000.0,0.214,1114700000.0,894500000.0,894500000.0,1.7,1.69,1.7,5086200000.0,4959900000.0,5086200000.0,10451749835.0,12.0,9.376,1277400000.0,3.358,1.0,3205700000.0,0.616,3201100000.0,0.0,4558100000.0,4736475000.0,0.0,1822100000.0,752700000.0,1069400000.0,4666700000.0,1672800000.0,2993900000.0,10652849835.0,683900000.0,-15200000.0,-304200000.0,16400000.0,-151900000.0,-455200000.0,-289100000.0,-111300000.0,1439500000.0,-11300000.0,649900000.0,649900000.0,649900000.0,0.0,0.0,0.125,2254000000.0,951700000.0,210700000.0,0.235,2.094,16.392,16.4,1026200000.0,0.0,27.88,2.048,2.039,750400000.0,-3139000000.0,5200800000.0,5200800000.0,1031200000.0,0.068,0.131,0.189,0.172,223300000.0,1194500000.0,1.0,382096479.0,380400000,385600000.0,13.672,6551800000.0,0.0,244600000.0,221100000.0,17.223,2472300000.0
17,JNPR,MRT,2017-03-31,2017-03-31,2017-03-31,2021-08-02,-21600000.0,9638000000.0,9375625000.0,3993800000.0,5644200000.0,0.545,13.175,-197500000.0,2335500000.0,2335500000.0,1953000000.0,610100000.0,2.524,0.921,2134400000.0,0.0,2134400000.0,2134400000.0,1493000000.0,215500000.0,0.0,0.014,0.4,841500000.0,1057000000.0,0.207,1057000000.0,841500000.0,841500000.0,1.6,1.58,1.6,5018400000.0,4857400000.0,5018400000.0,10831160257.0,13.0,10.247,1303300000.0,3.422,1.0,3160200000.0,0.618,3205300000.0,0.0,4649000000.0,4777125000.0,0.0,1801700000.0,742300000.0,1059400000.0,4619600000.0,1582600000.0,3037000000.0,10630560257.0,644300000.0,-113000000.0,-306900000.0,0.0,-152200000.0,-474600000.0,-369500000.0,-59000000.0,1500800000.0,-12400000.0,610100000.0,610100000.0,610100000.0,0.0,0.0,0.119,2262900000.0,897300000.0,201900000.0,0.25,2.118,17.424,17.394,1050400000.0,0.0,27.83,2.079,2.073,670900000.0,-3248700000.0,5113200000.0,5113200000.0,1038900000.0,0.065,0.126,0.176,0.165,234800000.0,1201300000.0,1.0,381982043.0,380900000,388000000.0,13.424,6432700000.0,0.0,231400000.0,216700000.0,16.888,2411200000.0
18,JNPR,MRT,2016-12-31,2016-12-31,2016-12-31,2021-08-02,-37300000.0,9656500000.0,9195550000.0,3971900000.0,5684600000.0,0.543,13.001,-214700000.0,1933100000.0,1933100000.0,1885600000.0,592700000.0,2.288,0.946,2133700000.0,0.0,2133700000.0,2133700000.0,1481100000.0,206700000.0,0.0,0.014,0.4,827400000.0,1034100000.0,0.207,1034100000.0,827400000.0,827400000.0,1.55,1.53,1.55,4962500000.0,4762325000.0,4962500000.0,11102232219.0,13.0,10.736,911900000.0,2.389,1.0,3104500000.0,0.622,3211900000.0,0.0,4909300000.0,4824925000.0,0.0,1824100000.0,752300000.0,1071800000.0,4694000000.0,1735900000.0,2958100000.0,10747932219.0,459300000.0,-113000000.0,-262300000.0,194000000.0,-152500000.0,-236300000.0,-417000000.0,-89300000.0,1126600000.0,-14000000.0,592700000.0,592700000.0,592700000.0,0.0,0.0,0.119,2214800000.0,889700000.0,221000000.0,0.258,2.166,18.134,18.232,1063800000.0,0.0,28.26,2.154,2.162,1054100000.0,-3281800000.0,4990100000.0,4990100000.0,1013700000.0,0.064,0.124,0.171,0.166,224600000.0,1197800000.0,1.0,380323150.0,381700000,387800000.0,13.073,6444600000.0,0.0,234700000.0,209200000.0,16.884,2236000000.0
19,JNPR,MRT,2016-09-30,2016-09-30,2016-09-30,2021-08-02,-13400000.0,9145200000.0,8933400000.0,3429400000.0,5715800000.0,0.551,12.526,-218300000.0,1778800000.0,1778800000.0,1834900000.0,601600000.0,2.274,0.916,2133100000.0,0.0,2133100000.0,2133100000.0,1304100000.0,196900000.0,0.0,0.017,0.4,815900000.0,1012800000.0,0.206,1012800000.0,815900000.0,815900000.0,1.57,1.54,1.57,4772500000.0,4665300000.0,4772500000.0,9524481816.0,12.0,9.404,682000000.0,1.79,1.0,3089200000.0,0.627,3161600000.0,0.0,4829500000.0,4665375000.0,0.0,1791100000.0,632700000.0,1158400000.0,4372700000.0,1508400000.0,2864300000.0,9214081816.0,235500000.0,-96700000.0,-336000000.0,178500000.0,-152700000.0,-317600000.0,-341700000.0,-24400000.0,900300000.0,-5500000.0,601600000.0,601600000.0,601600000.0,0.0,0.0,0.122,2207600000.0,881600000.0,208400000.0,0.255,1.931,15.316,15.325,1067000000.0,0.0,24.06,1.871,1.862,753600000.0,-3470400000.0,4924100000.0,4924100000.0,997900000.0,0.067,0.129,0.175,0.166,225500000.0,1206600000.0,1.0,382962669.0,381000000,384500000.0,12.924,5983600000.0,0.0,214300000.0,205100000.0,15.705,1921000000.0
20,JNPR,MRT,2016-06-30,2016-06-30,2016-06-30,2021-08-02,-4400000.0,9062800000.0,8773575000.0,3453800000.0,5609000000.0,0.557,12.216,-243400000.0,1822100000.0,1822100000.0,1800300000.0,626900000.0,2.183,0.938,2132500000.0,0.0,2132500000.0,2132500000.0,1295600000.0,186100000.0,0.0,0.018,0.4,828900000.0,1015000000.0,0.208,1015000000.0,828900000.0,828900000.0,1.64,1.6,1.64,4676200000.0,4579200000.0,4676200000.0,9084624602.0,11.0,8.95,706000000.0,1.844,1.0,3087100000.0,0.632,3070700000.0,0.0,4720700000.0,4510925000.0,0.0,1734200000.0,587100000.0,1147100000.0,4386600000.0,1581800000.0,2804800000.0,8634924602.0,426600000.0,-26300000.0,-267800000.0,176800000.0,-153200000.0,-248500000.0,-265800000.0,-8300000.0,949400000.0,-8500000.0,626900000.0,626900000.0,626900000.0,0.0,0.0,0.128,2197500000.0,889600000.0,228400000.0,0.244,1.847,13.774,13.713,1066600000.0,0.0,22.49,1.767,1.762,750300000.0,-3596400000.0,4887400000.0,4887400000.0,993100000.0,0.071,0.137,0.184,0.17,224100000.0,1202100000.0,1.0,383945069.0,382800000,386300000.0,12.768,5992100000.0,0.0,202000000.0,199800000.0,15.653,1872000000.0
21,JNPR,MRT,2016-03-31,2016-03-31,2016-03-31,2021-08-02,-7500000.0,8917700000.0,8578575000.0,3274200000.0,5643500000.0,0.57,12.104,-215400000.0,1682100000.0,1682100000.0,1776100000.0,644900000.0,2.161,0.923,2131800000.0,0.0,2131800000.0,2131800000.0,1260000000.0,176000000.0,0.0,0.016,0.4,862700000.0,1038700000.0,0.212,1038700000.0,862700000.0,862700000.0,1.68,1.64,1.68,4638100000.0,4472125000.0,4638100000.0,10251841152.0,12.0,9.87,637200000.0,1.663,1.0,3112200000.0,0.637,3011900000.0,0.0,4840200000.0,4347450000.0,0.0,1770800000.0,599400000.0,1171400000.0,4279600000.0,1515300000.0,2764300000.0,9760241152.0,-164800000.0,-3500000.0,-712400000.0,193200000.0,-153800000.0,-674700000.0,-339300000.0,-132100000.0,852600000.0,-3400000.0,644900000.0,644900000.0,644900000.0,0.0,0.0,0.132,2183300000.0,928900000.0,233000000.0,0.238,2.104,15.135,15.185,1047300000.0,0.0,25.51,1.997,2.0,783900000.0,-3685100000.0,4888300000.0,4888300000.0,996800000.0,0.075,0.144,0.198,0.176,224800000.0,1188500000.0,1.0,382604514.0,383200000,389300000.0,12.757,5905800000.0,0.0,217800000.0,190400000.0,15.412,1758900000.0
22,JNPR,MRT,2015-12-31,2015-12-31,2015-12-31,2021-08-02,-19200000.0,8607900000.0,8515800000.0,2912400000.0,5695500000.0,0.57,11.711,-210300000.0,1457100000.0,1457100000.0,1779200000.0,633700000.0,1.616,0.882,1937400000.0,299900000.0,1637500000.0,1937400000.0,1168100000.0,176500000.0,0.0,0.014,0.4,852200000.0,1028700000.0,0.212,1028700000.0,852200000.0,852200000.0,1.62,1.59,1.62,4574400000.0,4466875000.0,4574400000.0,11110721631.0,13.0,10.801,689200000.0,1.764,1.0,3078600000.0,0.634,3015200000.0,0.0,4271100000.0,4126450000.0,0.0,1771300000.0,527100000.0,1244200000.0,4033500000.0,1801900000.0,2231600000.0,10649521631.0,-218700000.0,-3500000.0,-1031600000.0,594200000.0,-156300000.0,-593700000.0,-503400000.0,-301300000.0,899500000.0,-21100000.0,633700000.0,633700000.0,633700000.0,0.0,0.0,0.13,2166600000.0,912000000.0,159300000.0,0.247,2.328,16.805,17.037,1021000000.0,0.0,27.6,2.192,2.219,780700000.0,-3741200000.0,4857800000.0,4857800000.0,994500000.0,0.074,0.142,0.207,0.175,217300000.0,1172700000.0,1.0,385852233.0,390600000,399400000.0,12.437,5592700000.0,0.0,218500000.0,187300000.0,14.318,1110500000.0
23,JNPR,MRT,2015-09-30,2015-09-30,2015-09-30,2021-08-02,-19400000.0,8505900000.0,8434175000.0,2898100000.0,5607800000.0,0.55,11.568,-206800000.0,1487400000.0,1487400000.0,1728500000.0,-333700000.0,1.67,0.921,1948600000.0,299900000.0,1648700000.0,1948600000.0,1124900000.0,175700000.0,0.0,0.016,0.4,-102800000.0,72900000.0,0.016,72900000.0,-102800000.0,-102800000.0,-0.53,-0.54,-0.53,4428100000.0,4553050000.0,4428100000.0,10456211768.0,-102.0,143.432,853600000.0,2.23,1.0,2911300000.0,0.627,3020500000.0,0.0,4211700000.0,3905550000.0,0.0,1793500000.0,529900000.0,1263600000.0,4077800000.0,1734900000.0,2342900000.0,9883611768.0,-162400000.0,102200000.0,-1459100000.0,594200000.0,-160200000.0,-1008900000.0,-186800000.0,-93400000.0,1060400000.0,-27100000.0,-333700000.0,-333700000.0,-333700000.0,0.0,0.0,-0.072,2980200000.0,-68900000.0,209100000.0,-0.755,2.232,-29.618,-48.509,959900000.0,0.0,25.71,2.13,2.121,577500000.0,-3886800000.0,4639800000.0,4639800000.0,980800000.0,-0.04,-0.073,-0.026,-0.022,207900000.0,1140100000.0,1.0,384426751.0,382800000,389200000.0,12.121,5485400000.0,198400000.0,230900000.0,185000000.0,14.33,1163200000.0
24,JNPR,MRT,2015-06-30,2015-06-30,2015-06-30,2021-08-02,-7300000.0,8282800000.0,8699950000.0,2726900000.0,5555900000.0,0.519,10.895,-178100000.0,1376000000.0,1376000000.0,1688400000.0,-427800000.0,1.547,0.95,1948600000.0,299900000.0,1648700000.0,1948600000.0,1104400000.0,179500000.0,0.0,0.015,0.4,-186800000.0,-7300000.0,-0.002,-7300000.0,-186800000.0,-186800000.0,-0.82,-0.82,-0.82,4247900000.0,4993625000.0,4247900000.0,10345710839.0,-55.0,-1417.221,519600000.0,1.333,1.0,2828700000.0,0.626,3026100000.0,0.0,4066800000.0,3803775000.0,0.0,1746000000.0,517700000.0,1228300000.0,4034900000.0,1762500000.0,2272400000.0,10253910839.0,-829500000.0,105700000.0,-2258500000.0,595000000.0,-165500000.0,-1515000000.0,14400000.0,67200000.0,697700000.0,-26600000.0,-427800000.0,-427800000.0,-427800000.0,0.0,0.0,-0.095,2983200000.0,-154500000.0,222600000.0,-0.488,2.414,-23.969,-31.671,921200000.0,0.0,25.97,2.27,2.242,533000000.0,-4057800000.0,4517100000.0,4517100000.0,987000000.0,-0.049,-0.086,-0.049,-0.041,219100000.0,1151900000.0,1.0,394836767.0,389900000,397200000.0,11.585,5256700000.0,138300000.0,241000000.0,180200000.0,13.482,964400000.0
25,JNPR,MRT,2015-03-31,2015-03-31,2015-03-31,2021-08-02,-29200000.0,8666600000.0,9163575000.0,3101700000.0,5564900000.0,0.494,11.341,-179700000.0,1856800000.0,1856800000.0,1729000000.0,-364700000.0,1.752,0.877,1948600000.0,299900000.0,1648700000.0,1948600000.0,1174700000.0,185500000.0,0.0,0.013,0.3,-118300000.0,67200000.0,0.015,67200000.0,-118300000.0,-118300000.0,-0.76,-0.76,-0.76,4617100000.0,5584525000.0,4617100000.0,8853207533.0,-75.0,131.744,678400000.0,1.666,1.0,2795400000.0,0.618,3031800000.0,0.0,3956200000.0,3664525000.0,0.0,1639800000.0,398200000.0,1241600000.0,4049500000.0,1770400000.0,2279100000.0,9189807533.0,-768600000.0,105700000.0,-1668700000.0,595000000.0,-126800000.0,-895100000.0,-700300000.0,-646000000.0,858100000.0,-31300000.0,-364700000.0,-364700000.0,-364700000.0,0.0,0.0,-0.081,3077100000.0,-281700000.0,223600000.0,-0.395,1.99,-25.198,-29.711,912200000.0,0.0,22.58,2.031,2.032,507600000.0,-3938400000.0,4524400000.0,4524400000.0,990900000.0,-0.04,-0.065,-0.032,-0.026,220800000.0,1181800000.0,1.0,406988819.0,407100000,414200000.0,11.114,5634800000.0,148200000.0,246400000.0,178900000.0,13.841,1331300000.0
26,JNPR,MRT,2014-12-31,2014-12-31,2014-12-31,2021-08-02,-13800000.0,8281400000.0,9427825000.0,2810600000.0,5470800000.0,0.491,10.754,-192900000.0,1685600000.0,1685600000.0,1768900000.0,-334300000.0,1.857,0.684,1349000000.0,0.0,1349000000.0,1349000000.0,1075700000.0,186100000.0,0.0,0.009,0.2,-86300000.0,99800000.0,0.022,99800000.0,-86300000.0,-86300000.0,-0.73,-0.73,-0.73,4919100000.0,6007625000.0,4919100000.0,9342035237.0,-108.0,93.608,570500000.0,1.247,1.0,2858200000.0,0.618,3043900000.0,0.0,3387500000.0,3372675000.0,0.0,1465300000.0,332200000.0,1133100000.0,3362300000.0,1513400000.0,1848900000.0,9654935237.0,-644400000.0,78600000.0,-2102700000.0,346100000.0,-86000000.0,-1824200000.0,434000000.0,503700000.0,763400000.0,-17600000.0,-334300000.0,-334300000.0,-334300000.0,0.0,0.0,-0.072,3277900000.0,-419700000.0,234600000.0,-0.274,1.963,-28.881,-30.575,904300000.0,0.0,22.32,2.087,2.206,598900000.0,-3861100000.0,4627100000.0,4627100000.0,1006200000.0,-0.035,-0.056,-0.026,-0.019,230600000.0,1254700000.0,1.0,432568783.0,457400000,457400000.0,10.116,5237500000.0,0.0,248000000.0,177500000.0,11.451,1297200000.0
27,JNPR,MRT,2014-09-30,2014-09-30,2014-09-30,2021-08-02,-3000000.0,9569000000.0,9938975000.0,3063300000.0,6505700000.0,0.483,13.806,-188000000.0,1661800000.0,1661800000.0,1812400000.0,587100000.0,2.114,0.546,1348900000.0,0.0,1348900000.0,1348900000.0,1074000000.0,196600000.0,0.0,0.005,0.1,793300000.0,989900000.0,0.206,989900000.0,793300000.0,793300000.0,1.24,1.21,1.24,6190400000.0,6603400000.0,6190400000.0,9116615861.0,11.0,9.21,684500000.0,1.527,1.0,2986700000.0,0.622,4002500000.0,0.0,3804600000.0,3362250000.0,0.0,1705100000.0,299500000.0,1405600000.0,3378600000.0,1449000000.0,1929600000.0,9993815861.0,-655600000.0,-27100000.0,-1831100000.0,346100000.0,-43800000.0,-1526700000.0,11500000.0,182800000.0,872500000.0,-12900000.0,587100000.0,587100000.0,587100000.0,0.0,0.0,0.122,2509200000.0,477500000.0,242200000.0,0.081,1.614,17.022,17.863,888800000.0,0.0,22.15,2.082,2.07,617000000.0,-2963700000.0,4799100000.0,4799100000.0,1031400000.0,0.059,0.089,0.236,0.165,240100000.0,1302500000.0,1.0,451188075.0,448400000,454800000.0,10.703,5566500000.0,157500000.0,206200000.0,154200000.0,12.414,1614300000.0
28,JNPR,MRT,2014-06-30,2014-06-30,2014-06-30,2021-08-02,13100000.0,10137300000.0,10096150000.0,3497700000.0,6639600000.0,0.481,14.058,-186300000.0,2226100000.0,2226100000.0,1840400000.0,582600000.0,2.223,0.533,1348900000.0,0.0,1348900000.0,1348900000.0,1173300000.0,190900000.0,0.0,0.0,0.0,765200000.0,956100000.0,0.197,956100000.0,765200000.0,765200000.0,1.21,1.17,1.21,6611500000.0,6883725000.0,6611500000.0,10324010130.0,13.0,10.798,932300000.0,1.982,1.0,3018400000.0,0.621,4176800000.0,0.0,3509800000.0,3225800000.0,0.0,1800600000.0,460500000.0,1340100000.0,3525800000.0,1573500000.0,1952300000.0,11626110130.0,-90100000.0,-27100000.0,-1057100000.0,346100000.0,0.0,-1000200000.0,-204600000.0,-15000000.0,1118600000.0,-3900000.0,582600000.0,582600000.0,582600000.0,0.0,0.0,0.12,2568300000.0,450100000.0,246300000.0,0.0,1.758,19.956,20.281,889900000.0,0.0,24.54,2.393,2.375,560800000.0,-2727100000.0,4858800000.0,4858800000.0,1042800000.0,0.058,0.085,0.237,0.157,244700000.0,1329200000.0,1.0,473761619.0,470300000,476500000.0,10.331,5960500000.0,151400000.0,182600000.0,125700000.0,12.674,1924200000.0
29,JNPR,MRT,2014-03-31,2014-03-31,2014-03-31,2021-08-02,1900000.0,9723600000.0,10065250000.0,3879800000.0,5843800000.0,0.475,12.977,-215900000.0,2651000000.0,2651000000.0,1789300000.0,459400000.0,2.683,0.541,1348900000.0,0.0,1348900000.0,1348900000.0,1154200000.0,186200000.0,0.0,0.0,0.0,596600000.0,782800000.0,0.164,782800000.0,596600000.0,596600000.0,0.93,0.9,0.93,6309500000.0,7010250000.0,6309500000.0,11534659881.0,19.0,14.735,763500000.0,1.57,1.0,2990700000.0,0.626,4186400000.0,0.0,2788800000.0,3114600000.0,0.0,899300000.0,378100000.0,521200000.0,3414100000.0,1446300000.0,1967800000.0,12908859881.0,535700000.0,-27100000.0,-1173200000.0,346100000.0,0.0,-1075400000.0,637100000.0,866400000.0,979400000.0,-5400000.0,459400000.0,459400000.0,459400000.0,0.0,0.0,0.096,2518000000.0,472700000.0,222200000.0,0.0,2.046,28.099,27.699,905700000.0,0.0,25.76,2.701,2.62,597900000.0,-2947800000.0,4780000000.0,4780000000.0,1045000000.0,0.046,0.066,0.192,0.125,248000000.0,1326900000.0,1.0,501120337.0,486200000,496500000.0,9.831,5537200000.0,140400000.0,137200000.0,121700000.0,11.389,2433500000.0
30,JNPR,MRT,2013-12-31,2013-12-31,2013-12-31,2021-08-02,64600000.0,10326000000.0,10091950000.0,3703900000.0,6622100000.0,0.463,14.552,-230000000.0,2373500000.0,2373500000.0,1727700000.0,439800000.0,2.57,0.414,999300000.0,0.0,999300000.0,999300000.0,1069300000.0,189900000.0,0.0,0.0,0.0,525500000.0,715400000.0,0.153,715400000.0,525500000.0,525500000.0,0.88,0.86,0.88,7302200000.0,7196850000.0,7302200000.0,10033245607.0,19.0,14.025,615900000.0,1.227,1.0,2941400000.0,0.63,4164600000.0,0.0,3345800000.0,3187100000.0,0.0,1813800000.0,561900000.0,1251900000.0,3023800000.0,1441400000.0,1582400000.0,11397945607.0,-123800000.0,-10000000.0,-436100000.0,-1400000.0,0.0,-401700000.0,-561000000.0,-309800000.0,845900000.0,-7000000.0,439800000.0,439800000.0,439800000.0,0.0,0.0,0.094,2375500000.0,565900000.0,200400000.0,0.0,1.561,25.916,25.648,882300000.0,0.0,22.57,2.441,2.426,578300000.0,-2631300000.0,4669100000.0,4669100000.0,1043200000.0,0.044,0.061,0.165,0.113,242700000.0,1293200000.0,1.0,505004236.0,501800000,510300000.0,9.305,6161400000.0,79800000.0,85700000.0,114400000.0,12.279,2262500000.0
31,JNPR,MRT,2013-09-30,2013-09-30,2013-09-30,2021-08-02,66600000.0,10197700000.0,9968475000.0,3680400000.0,6517300000.0,0.455,14.58,-273900000.0,2364000000.0,2364000000.0,1665500000.0,383700000.0,2.628,0.395,999300000.0,0.0,999300000.0,999300000.0,1021200000.0,185200000.0,0.0,0.0,0.0,480200000.0,665400000.0,0.147,665400000.0,480200000.0,480200000.0,0.76,0.74,0.76,7311700000.0,7121050000.0,7311700000.0,8721213444.0,18.0,13.107,328100000.0,0.654,1.0,2870800000.0,0.633,4173600000.0,0.0,3258800000.0,3027750000.0,0.0,1762300000.0,573700000.0,1188600000.0,2886000000.0,1400600000.0,1485400000.0,10065813444.0,-436400000.0,-58900000.0,-448000000.0,-1400000.0,0.0,-392500000.0,-649500000.0,-306700000.0,602000000.0,3600000.0,383700000.0,383700000.0,383700000.0,0.0,0.0,0.085,2369400000.0,501400000.0,205600000.0,0.0,1.377,26.234,26.132,868200000.0,0.0,19.86,2.219,2.196,549300000.0,-2708800000.0,4536300000.0,4536300000.0,1059600000.0,0.038,0.054,0.159,0.106,235900000.0,1283000000.0,1.0,506838542.0,501500000,508600000.0,9.045,6024100000.0,129400000.0,96500000.0,117500000.0,12.012,2279800000.0
32,JNPR,MRT,2013-06-30,2013-06-30,2013-06-30,2021-08-02,-3700000.0,10013700000.0,9909198500.0,3654100000.0,6359600000.0,0.451,14.15,-320300000.0,2343900000.0,2343900000.0,1670900000.0,301400000.0,2.568,0.407,999300000.0,0.0,999300000.0,999300000.0,1028000000.0,192600000.0,0.0,0.0,0.0,381500000.0,574100000.0,0.128,574100000.0,381500000.0,381500000.0,0.59,0.58,0.59,7117600000.0,7062976000.0,7117600000.0,8636857151.0,23.0,15.044,278500000.0,0.554,1.0,2798100000.0,0.626,4181300000.0,0.0,3065000000.0,2848452250.0,0.0,1569300000.0,542900000.0,1026400000.0,2896100000.0,1422800000.0,1473300000.0,9775757151.0,-794400000.0,-58900000.0,-616100000.0,-1400000.0,0.0,-594100000.0,-802700000.0,-327900000.0,598800000.0,3600000.0,301400000.0,301400000.0,301400000.0,0.0,0.0,0.067,2398900000.0,399200000.0,206400000.0,0.0,1.373,32.434,32.729,855300000.0,0.0,19.31,2.187,2.173,509100000.0,-2778200000.0,4469000000.0,4469000000.0,1083200000.0,0.03,0.043,0.134,0.085,225600000.0,1262500000.0,1.0,506253607.0,503000000,506300000.0,8.885,5832400000.0,141300000.0,80100000.0,115700000.0,11.595,2231300000.0
33,JNPR,MRT,2013-03-31,2013-03-31,2013-03-31,2021-08-02,-5200000.0,9830400000.0,9917343750.0,3540000000.0,6290400000.0,0.443,13.98,-337200000.0,2138100000.0,2138100000.0,1646600000.0,261200000.0,2.486,0.393,999200000.0,0.0,999200000.0,999200000.0,980700000.0,196300000.0,0.0,0.0,0.0,345100000.0,541400000.0,0.123,541400000.0,345100000.0,345100000.0,0.51,0.5,0.51,7055900000.0,7085687750.0,7055900000.0,7929816330.0,23.0,14.647,189300000.0,0.375,1.0,2745500000.0,0.625,4189000000.0,0.0,3078800000.0,2665785250.0,0.0,1628300000.0,613100000.0,1015200000.0,2774000000.0,1423700000.0,1350300000.0,9444816330.0,-869400000.0,-58900000.0,-600700000.0,-2800000.0,0.0,-612100000.0,-787400000.0,-305200000.0,526500000.0,3600000.0,261200000.0,261200000.0,261200000.0,0.0,0.0,0.059,2398100000.0,347400000.0,223800000.0,0.0,1.339,36.159,36.353,839000000.0,0.0,18.54,2.15,2.13,532600000.0,-2862000000.0,4392100000.0,4392100000.0,1094200000.0,0.026,0.037,0.129,0.079,223600000.0,1254500000.0,1.0,509429144.0,504700000,512700000.0,8.702,5641400000.0,151400000.0,83900000.0,87100000.0,11.178,2116300000.0
34,JNPR,MRT,2012-12-31,2012-12-31,2012-12-31,2021-08-02,4700000.0,9832100000.0,9945999500.0,3600700000.0,6231400000.0,0.439,13.436,-347700000.0,2514200000.0,2514200000.0,1656600000.0,186500000.0,2.532,0.405,999200000.0,0.0,999200000.0,999200000.0,923400000.0,187900000.0,0.0,0.0,0.0,291500000.0,479400000.0,0.11,479400000.0,291500000.0,291500000.0,0.36,0.35,0.36,6999000000.0,7114833500.0,6999000000.0,8329903365.0,29.0,17.376,290000000.0,0.557,1.0,2708800000.0,0.621,4186700000.0,0.0,2708400000.0,2507958000.0,0.0,1429600000.0,441500000.0,988100000.0,2832600000.0,1422000000.0,1410600000.0,10141359365.0,-502600000.0,-139400000.0,-551500000.0,-1400000.0,0.0,-548300000.0,-595600000.0,-22400000.0,637700000.0,3600000.0,186500000.0,186500000.0,186500000.0,0.0,0.0,0.043,2400700000.0,308100000.0,209300000.0,0.0,1.449,54.377,54.639,811900000.0,0.0,19.67,2.323,2.347,438400000.0,-2911400000.0,4365400000.0,4365400000.0,1101600000.0,0.019,0.026,0.116,0.067,235500000.0,1252300000.0,1.0,515574955.0,520900000,526200000.0,8.38,5645400000.0,172600000.0,105000000.0,112400000.0,10.838,2178700000.0
35,JNPR,MRT,2012-09-30,2012-09-30,2012-09-30,2021-08-02,5227000.0,9960594000.0,9983924500.0,3942299000.0,6018295000.0,0.435,13.583,-335214000.0,2810601000.0,2810601000.0,1670603000.0,186951000.0,2.625,0.407,999145000.0,0.0,999145000.0,999145000.0,992926000.0,181914000.0,0.0,0.0,0.0,274044000.0,455958000.0,0.105,455958000.0,274044000.0,274044000.0,0.35,0.36,0.35,7079404000.0,7137383500.0,7079404000.0,6882712334.0,25.0,15.095,395965000.0,0.76,1.0,2674745000.0,0.616,4105728000.0,0.0,2541609000.0,2449908000.0,0.0,1340047000.0,439278000.0,900769000.0,2880714000.0,1501801000.0,1378913000.0,9009916334.0,-14562000.0,-90099000.0,-306073000.0,-1356000.0,0.0,-324237000.0,-421504000.0,89965000.0,731179000.0,0.0,186927000.0,186927000.0,186927000.0,0.0,24000.0,0.043,2364384000.0,310361000.0,224242000.0,0.0,1.273,48.2,48.886,768530000.0,0.0,17.11,2.073,2.052,397082000.0,-2968220000.0,4345348000.0,4345348000.0,1076975000.0,0.019,0.026,0.112,0.063,230888000.0,1242302000.0,1.0,526587746.0,521200000,524500000.0,8.337,5854866000.0,229374000.0,87117000.0,183925000.0,11.233,2440498000.0
36,JNPR,MRT,2012-06-30,2012-06-30,2012-06-30,2021-08-02,-8362000.0,10046281000.0,9920549000.0,4229756000.0,5816525000.0,0.437,13.658,-320059000.0,3126312000.0,3126312000.0,1620295000.0,253822000.0,2.911,0.394,999108000.0,0.0,999108000.0,999108000.0,992892000.0,177251000.0,0.0,0.0,0.0,356305000.0,533556000.0,0.123,533556000.0,356305000.0,356305000.0,0.48,0.49,0.48,7208447000.0,7101959500.0,7208447000.0,6640399880.0,19.0,12.446,423084000.0,0.802,1.0,2712549000.0,0.626,4131481000.0,0.0,2334332000.0,2431469500.0,0.0,1227473000.0,394507000.0,832966000.0,2837358000.0,1453264000.0,1384094000.0,8636927880.0,206221000.0,-90127000.0,-250703000.0,-1356000.0,0.0,-266454000.0,-270468000.0,140182000.0,743143000.0,0.0,253790000.0,253790000.0,253790000.0,0.0,32000.0,0.059,2307962000.0,404587000.0,199563000.0,0.0,1.198,34.032,33.979,711953000.0,0.0,16.31,1.993,1.987,406756000.0,-2937653000.0,4332844000.0,4332844000.0,1045871000.0,0.026,0.036,0.147,0.082,229888000.0,1231290000.0,1.0,529548000.0,527800000,531800000.0,8.209,5914800000.0,177412000.0,102515000.0,133120000.0,11.207,2776492000.0
37,JNPR,MRT,2012-03-31,2012-03-31,2012-03-31,2021-08-02,-712000.0,9945023000.0,9857258000.0,4231018000.0,5714005000.0,0.444,13.605,-294328000.0,2995599000.0,2995599000.0,1612773000.0,311640000.0,3.109,0.386,999071000.0,0.0,999071000.0,999071000.0,999585000.0,172642000.0,0.0,0.0,0.0,424079000.0,596721000.0,0.136,596721000.0,424079000.0,424079000.0,0.59,0.59,0.59,7172483000.0,7040213250.0,7172483000.0,10053675480.0,24.0,16.848,555022000.0,1.053,1.0,2766815000.0,0.632,4140248000.0,0.0,2447491000.0,2439604250.0,0.0,1302688000.0,517403000.0,785285000.0,2772064000.0,1360756000.0,1411308000.0,12043368480.0,-31296000.0,-92627000.0,-278942000.0,44000.0,0.0,-289370000.0,-591276000.0,-203121000.0,849350000.0,0.0,311650000.0,311650000.0,311650000.0,0.0,-10000.0,0.071,2278008000.0,488807000.0,195420000.0,0.0,1.679,38.644,38.78,647414000.0,0.0,22.88,2.75,2.754,450987000.0,-2974595000.0,4379588000.0,4379588000.0,1034421000.0,0.032,0.044,0.174,0.097,224955000.0,1213885000.0,1.0,526371000.0,527200000,533700000.0,8.307,5804775000.0,168214000.0,112429000.0,113934000.0,11.011,2870262000.0
38,JNPR,MRT,2011-12-31,2011-12-31,2011-12-31,2021-08-02,-17600000.0,9983800000.0,9794427250.0,4439700000.0,5544100000.0,0.454,13.381,-266300000.0,2988700000.0,2988700000.0,1580100000.0,425000000.0,3.027,0.408,999000000.0,0.0,999000000.0,999000000.0,967000000.0,170000000.0,0.0,0.0,0.0,571800000.0,741800000.0,0.167,741800000.0,571800000.0,571800000.0,0.8,0.79,0.8,7089200000.0,6971177250.0,7089200000.0,8921825280.0,16.0,12.027,720400000.0,1.36,1.0,2868600000.0,0.645,4051200000.0,0.0,2476200000.0,2370627750.0,0.0,1382000000.0,641300000.0,740700000.0,2894100000.0,1466700000.0,1427400000.0,10735823280.0,1098500000.0,-30700000.0,-201700000.0,991600000.0,0.0,819000000.0,-707200000.0,-409000000.0,986700000.0,0.0,425100000.0,425100000.0,425100000.0,0.0,-100000.0,0.096,2250100000.0,618500000.0,324900000.0,0.0,1.514,25.255,25.512,598600000.0,0.0,20.41,2.413,2.431,577400000.0,-2972400000.0,4448700000.0,4448700000.0,1026800000.0,0.043,0.061,0.241,0.129,172800000.0,1192700000.0,1.0,526008000.0,529800000,541400000.0,8.397,5932600000.0,154300000.0,146700000.0,121000000.0,11.198,2973000000.0
39,JNPR,MRT,2011-09-30,2011-09-30,2011-09-30,2021-08-02,-5468000.0,9707092000.0,9415440000.0,4131590000.0,5575502000.0,0.48,13.108,-235705000.0,2812995000.0,2812995000.0,1556218000.0,518959000.0,3.023,0.399,998997000.0,0.0,998997000.0,998997000.0,885792000.0,168920000.0,0.0,0.0,0.0,681162000.0,850082000.0,0.188,850082000.0,681162000.0,681162000.0,0.98,0.96,0.98,6937708000.0,6850927250.0,6937708000.0,7266886760.0,11.0,8.548,878416000.0,1.66,1.0,2961709000.0,0.656,4058559000.0,0.0,2467855000.0,2005335750.0,0.0,1407853000.0,632396000.0,775457000.0,2768908000.0,1366680000.0,1402228000.0,9199165760.0,1261571000.0,-272568000.0,-190922000.0,991556000.0,0.0,866516000.0,-719066000.0,-209681000.0,1114121000.0,0.0,519204000.0,519204000.0,519204000.0,0.0,-245000.0,0.115,2249556000.0,712153000.0,262594000.0,0.0,1.326,17.718,17.612,576415000.0,0.0,17.26,2.036,2.022,444000000.0,-3068565000.0,4517927000.0,4517927000.0,1031312000.0,0.055,0.076,0.34,0.151,153389000.0,1184325000.0,1.0,532976000.0,529286000,536583000.0,8.536,5648533000.0,167549000.0,161958000.0,148384000.0,10.672,2764910000.0
40,JNPR,MRT,2011-06-30,2011-06-30,2011-06-30,2021-08-02,10770000.0,9793117000.0,8961391250.0,4285943000.0,5507174000.0,0.494,13.063,-218084000.0,2931239000.0,2931239000.0,1496646000.0,569625000.0,2.999,0.407,998960000.0,0.0,998960000.0,998960000.0,930224000.0,165201000.0,0.0,0.0,0.0,756048000.0,921249000.0,0.208,921249000.0,756048000.0,756048000.0,1.08,1.05,1.08,6961462000.0,6695537500.0,6961462000.0,14744088500.0,20.0,16.004,842284000.0,1.581,1.0,2927892000.0,0.662,4064619000.0,0.0,2366871000.0,1714091000.0,0.0,1382384000.0,631781000.0,750603000.0,2831187000.0,1429348000.0,1401839000.0,16791673500.0,1178016000.0,-341658000.0,-88687000.0,991556000.0,0.0,998944000.0,-881296000.0,-320214000.0,1060368000.0,0.0,570084000.0,570084000.0,570084000.0,0.0,-459000.0,0.129,2157229000.0,770663000.0,250068000.0,0.0,2.412,29.455,29.167,544389000.0,0.0,31.5,3.795,3.794,488037000.0,-3090731000.0,4424538000.0,4424538000.0,1005367000.0,0.064,0.085,0.441,0.171,135335000.0,1133414000.0,1.0,533069000.0,532909000,546452000.0,8.303,5728498000.0,152858000.0,185964000.0,138509000.0,10.749,2856595000.0
41,JNPR,MRT,2011-03-31,2011-03-31,2011-03-31,2021-08-02,9746000.0,9693700000.0,8449193750.0,4304427000.0,5389273000.0,0.507,12.993,-201465000.0,3046508000.0,3046508000.0,1416630000.0,584450000.0,3.066,0.406,998923000.0,0.0,998923000.0,998923000.0,950273000.0,160789000.0,0.0,0.0,0.0,787985000.0,948774000.0,0.222,948774000.0,787985000.0,787985000.0,1.11,1.08,1.11,6896339000.0,6497884250.0,6896339000.0,20578284760.0,26.0,21.689,761939000.0,1.435,1.0,2865664000.0,0.669,4070786000.0,0.0,2171585000.0,1386047500.0,0.0,1139166000.0,493557000.0,645609000.0,2796851000.0,1403744000.0,1393107000.0,22509517760.0,1220470000.0,-403373000.0,-98153000.0,991556000.0,0.0,966373000.0,-709307000.0,-93619000.0,963404000.0,0.0,585035000.0,585035000.0,585035000.0,0.0,-585000.0,0.137,2080943000.0,784721000.0,228275000.0,0.0,3.264,38.476,37.91,516445000.0,0.0,42.08,5.256,5.216,471012000.0,-3111537000.0,4282294000.0,4282294000.0,972885000.0,0.069,0.09,0.569,0.184,117804000.0,1090702000.0,1.0,534922000.0,530789000,548825000.0,8.068,5622914000.0,160032000.0,202950000.0,127281000.0,10.594,2900683000.0
42,JNPR,MRT,2010-12-31,2010-12-31,2010-12-31,2021-08-02,-1251000.0,8467851000.0,7945452500.0,3214370000.0,5253481000.0,0.515,12.65,-185300000.0,1931233000.0,1931233000.0,1351500000.0,619400000.0,2.184,0.281,0.0,0.0,0.0,0.0,884429000.0,155300000.0,0.0,0.0,0.0,777200000.0,932500000.0,0.228,932500000.0,777200000.0,777200000.0,1.18,1.15,1.18,6608200000.0,6303599250.0,6608200000.0,17776623840.0,23.0,19.063,627000000.0,1.2,1.0,2741800000.0,0.67,4049610000.0,0.0,1015032000.0,1086393500.0,0.0,1009692000.0,474514000.0,535178000.0,1859051000.0,1471976000.0,387075000.0,19316617840.0,207200000.0,-374800000.0,-114400000.0,0.0,0.0,-72400000.0,-532700000.0,39800000.0,812300000.0,0.0,618400000.0,618400000.0,618400000.0,0.0,1000000.0,0.151,1974200000.0,767600000.0,292270000.0,0.0,2.923,31.236,31.288,493881000.0,0.0,36.92,4.719,4.712,596622000.0,-3108337000.0,4093300000.0,4093300000.0,917900000.0,0.078,0.098,0.715,0.19,129300000.0,1035000000.0,1.0,523202000.0,522400000,538800000.0,7.836,4418241000.0,161535000.0,158800000.0,128823000.0,8.458,1742394000.0
43,JNPR,MRT,2010-09-30,2010-09-30,2010-09-30,2021-08-02,4427000.0,7890897000.0,7726055500.0,2866811000.0,5024086000.0,0.498,12.133,-177372000.0,1539994000.0,1539994000.0,1263787000.0,450423000.0,2.311,0.249,0.0,0.0,0.0,0.0,785138000.0,148936000.0,0.0,0.0,0.0,551113000.0,700049000.0,0.182,700049000.0,551113000.0,551113000.0,0.86,0.83,0.86,6316149000.0,6107083250.0,6316149000.0,14045986300.0,25.0,20.064,523533000.0,1.006,1.0,2580992000.0,0.671,3807260000.0,0.0,1302876000.0,1053532250.0,0.0,1237559000.0,638523000.0,599036000.0,1573998000.0,1240767000.0,333231000.0,15779511300.0,-157676000.0,-133333000.0,-310596000.0,0.0,0.0,-273158000.0,-585423000.0,-262286000.0,700905000.0,0.0,451073000.0,451073000.0,451073000.0,0.0,-650000.0,0.117,2034354000.0,546638000.0,251431000.0,0.0,2.498,34.982,35.291,484802000.0,0.0,30.35,4.104,4.109,473953000.0,-3137836000.0,3844779000.0,3844779000.0,850123000.0,0.058,0.074,0.523,0.143,130654000.0,984657000.0,1.0,519918000.0,520581000,534880000.0,7.386,4083637000.0,181955000.0,100040000.0,127960000.0,7.844,1626044000.0
44,JNPR,MRT,2010-06-30,2010-06-30,2010-06-30,2021-08-02,-10667000.0,7744327000.0,7606943000.0,2899306000.0,4845021000.0,0.481,11.766,-156834000.0,1733525000.0,1733525000.0,1209796000.0,399872000.0,2.374,0.255,0.0,0.0,0.0,0.0,767795000.0,145766000.0,0.0,0.0,0.0,484854000.0,630620000.0,0.172,630620000.0,484854000.0,484854000.0,0.76,0.74,0.76,6170849000.0,6017401500.0,6170849000.0,10227151980.0,21.0,16.218,636606000.0,1.214,1.0,2446488000.0,0.669,3735086000.0,0.0,1054697000.0,973702500.0,0.0,1076132000.0,563315000.0,512817000.0,1572522000.0,1221019000.0,351503000.0,12006491980.0,105935000.0,-64215000.0,-247999000.0,0.0,0.0,-203838000.0,-483667000.0,-240321000.0,793440000.0,0.0,400316000.0,400316000.0,400316000.0,0.0,-444000.0,0.109,1967431000.0,479057000.0,243228000.0,0.0,1.946,29.993,30.026,466172000.0,0.0,22.82,3.284,3.273,391545000.0,-3181733000.0,3656284000.0,3656284000.0,804176000.0,0.053,0.067,0.498,0.133,118738000.0,959481000.0,1.0,526139000.0,524463000,538947000.0,6.971,4009241000.0,232997000.0,84538000.0,148527000.0,7.644,1678287000.0
45,JNPR,MRT,2010-03-31,2010-03-31,2010-03-31,2021-08-02,-4466000.0,7678735000.0,7477301750.0,2996980000.0,4681755000.0,0.463,11.742,-156682000.0,1779340000.0,1779340000.0,1171415000.0,284298000.0,2.388,0.255,0.0,0.0,0.0,0.0,789888000.0,146106000.0,0.0,0.0,0.0,392606000.0,538712000.0,0.156,538712000.0,392606000.0,392606000.0,0.54,0.53,0.54,6119199000.0,5928896500.0,6119199000.0,14331868960.0,37.0,26.604,564096000.0,1.082,1.0,2292932000.0,0.662,3671274000.0,0.0,972969000.0,931994750.0,0.0,1043129000.0,592679000.0,450450000.0,1557412000.0,1255152000.0,302260000.0,15990323960.0,-281034000.0,0.0,-149768000.0,0.0,0.0,-84147000.0,-917665000.0,-748157000.0,720778000.0,0.0,284574000.0,284574000.0,284574000.0,0.0,-276000.0,0.082,1903163000.0,389769000.0,230330000.0,0.0,2.613,56.19,56.815,457957000.0,0.0,30.68,4.616,4.615,402934000.0,-3143924000.0,3464347000.0,3464347000.0,763302000.0,0.038,0.048,0.421,0.113,125738000.0,927028000.0,1.0,521197000.0,521141000,536718000.0,6.648,4007461000.0,219344000.0,108032000.0,153479000.0,7.69,1741828000.0
46,JNPR,MRT,2009-12-31,2009-12-31,2009-12-31,2021-08-02,-1433000.0,7590263000.0,7324154000.0,2878959000.0,4711304000.0,0.453,11.119,-153101000.0,1658455000.0,1658455000.0,1132709000.0,115228000.0,2.093,0.303,0.0,0.0,0.0,0.0,753589000.0,148373000.0,0.0,0.0,0.0,313832000.0,462205000.0,0.139,462205000.0,313832000.0,313832000.0,0.22,0.22,0.22,5822136000.0,5856512750.0,5822136000.0,12340334130.0,39.0,26.699,642996000.0,1.228,1.0,2183203000.0,0.658,3672436000.0,0.0,883587000.0,773428000.0,0.0,1054027000.0,570522000.0,483505000.0,1765498000.0,1375785000.0,389713000.0,14013458130.0,-414361000.0,0.0,-289681000.0,0.0,0.0,-262158000.0,-948300000.0,-783923000.0,796097000.0,0.0,116999000.0,116999000.0,116999000.0,0.0,-1771000.0,0.035,1872508000.0,310695000.0,242591000.0,0.0,2.407,119.774,121.227,455651000.0,0.0,26.67,4.226,4.211,458652000.0,-3236525000.0,3315912000.0,3315912000.0,741708000.0,0.016,0.02,0.406,0.095,136149000.0,918590000.0,1.0,525439000.0,523603000,534015000.0,6.333,3917827000.0,206873000.0,196833000.0,205181000.0,7.482,1503174000.0
47,JNPR,MRT,2009-09-30,2009-09-30,2009-09-30,2021-08-02,3461000.0,7414447000.0,7223423500.0,2653771000.0,4760676000.0,0.457,11.372,-156086000.0,1673124000.0,1673124000.0,1097698000.0,226571000.0,2.45,0.245,0.0,0.0,0.0,0.0,643195000.0,149633000.0,0.0,0.0,0.0,492886000.0,642519000.0,0.195,642519000.0,492886000.0,492886000.0,0.43,0.44,0.43,5957422000.0,5876330000.0,5957422000.0,12565434300.0,25.0,19.557,595517000.0,1.137,1.0,2200253000.0,0.667,3674497000.0,0.0,983557000.0,647716750.0,0.0,980495000.0,448986000.0,531509000.0,1457025000.0,1083269000.0,373756000.0,14164289300.0,-159907000.0,0.0,-148577000.0,-1000.0,0.0,-123161000.0,-788349000.0,-620996000.0,751603000.0,0.0,226571000.0,226571000.0,226571000.0,0.0,0.0,0.069,1705536000.0,494717000.0,243585000.0,0.0,2.378,62.516,62.837,449814000.0,0.0,27.02,4.295,4.292,373241000.0,-3052395000.0,3297951000.0,3297951000.0,734632000.0,0.031,0.039,0.761,0.149,129948000.0,939204000.0,1.0,524215000.0,523878000,538132000.0,6.295,3739950000.0,174313000.0,266315000.0,234488000.0,7.139,1570502000.0
48,JNPR,MRT,2009-06-30,2009-06-30,2009-06-30,2021-08-02,-521000.0,7225762000.0,7117718750.0,2595149000.0,4630613000.0,0.481,11.12,-163181000.0,1598855000.0,1598855000.0,1124648000.0,291293000.0,2.444,0.242,0.0,0.0,0.0,0.0,648588000.0,152044000.0,0.0,0.0,0.0,574894000.0,726938000.0,0.212,726938000.0,574894000.0,574894000.0,0.54,0.55,0.54,5816829000.0,5831171250.0,5816829000.0,10298237600.0,18.0,14.167,569100000.0,1.088,1.0,2296353000.0,0.671,3677196000.0,0.0,887866000.0,525052000.0,0.0,844453000.0,423955000.0,420498000.0,1408933000.0,1061845000.0,347088000.0,12346599600.0,-486254000.0,0.0,-559762000.0,-12000.0,0.0,-517860000.0,-700675000.0,-530690000.0,732281000.0,0.0,291293000.0,291293000.0,291293000.0,0.0,0.0,0.085,1727635000.0,568718000.0,236529000.0,0.0,2.123,42.386,43.704,448296000.0,0.0,23.6,3.609,3.609,429130000.0,-3064463000.0,3421001000.0,3421001000.0,743442000.0,0.041,0.05,1.095,0.168,98390000.0,954126000.0,1.0,523161000.0,523105000,532850000.0,6.54,3548566000.0,147021000.0,283601000.0,196722000.0,6.784,1533304000.0
49,JNPR,MRT,2009-03-31,2009-03-31,2009-03-31,2021-08-02,-18354000.0,7066144000.0,7126276750.0,2757815000.0,4308329000.0,0.493,11.116,-165418000.0,2048362000.0,2048362000.0,1133948000.0,396934000.0,2.766,0.212,0.0,0.0,0.0,0.0,612347000.0,154600000.0,0.0,0.0,0.0,650069000.0,804669000.0,0.229,804669000.0,650069000.0,650069000.0,0.74,0.74,0.74,5829664000.0,5878294000.0,5829664000.0,5795605750.0,9.0,7.202,618724000.0,1.18,1.0,2379724000.0,0.677,3682104000.0,0.0,338702000.0,416310750.0,0.0,302599000.0,212616000.0,89983000.0,1236480000.0,996976000.0,239504000.0,7858131750.0,-32431000.0,0.0,-570642000.0,-288000.0,0.0,-527462000.0,-289111000.0,-115079000.0,784142000.0,0.0,396934000.0,396934000.0,396934000.0,0.0,0.0,0.113,1746246000.0,633478000.0,215706000.0,0.0,1.348,19.797,20.338,435228000.0,0.0,15.05,2.236,2.246,361958000.0,-3030090000.0,3513672000.0,3513672000.0,745905000.0,0.056,0.068,1.561,0.185,76881000.0,964343000.0,1.0,522135000.0,524429000,524429000.0,6.7,3384040000.0,167871000.0,253135000.0,122421000.0,6.453,1760839000.0
50,JNPR,MRT,2008-12-31,2008-12-31,2008-12-31,2021-08-02,-4245000.0,7187341000.0,7124537250.0,2816206000.0,4371135000.0,0.501,11.128,-164604000.0,2062526000.0,2062526000.0,1136893000.0,511749000.0,2.665,0.218,0.0,0.0,0.0,0.0,590263000.0,172453000.0,0.0,0.0,0.0,728891000.0,901344000.0,0.252,901344000.0,728891000.0,728891000.0,0.96,0.93,0.96,5901405000.0,5791450750.0,5901405000.0,7422459010.0,10.0,8.235,710575000.0,1.34,1.0,2435483000.0,0.682,3687463000.0,0.0,380742000.0,400268750.0,0.0,274311000.0,172896000.0,101415000.0,1285936000.0,1056610000.0,229326000.0,9244422010.0,302974000.0,0.0,-485250000.0,-288000.0,0.0,-422393000.0,-149812000.0,22886000.0,875179000.0,0.0,511749000.0,511749000.0,511749000.0,0.0,0.0,0.143,1740509000.0,694974000.0,249854000.0,0.0,1.566,18.064,18.24,436433000.0,0.0,17.51,2.588,2.599,429970000.0,-2905852000.0,3572376000.0,3572376000.0,731151000.0,0.072,0.088,1.821,0.204,67951000.0,956850000.0,1.0,527951000.0,530337000,551433000.0,6.736,3499878000.0,216309000.0,217142000.0,111211000.0,6.599,1759596000.0
51,JNPR,MRT,2008-09-30,2008-09-30,2008-09-30,2021-08-02,-5347000.0,6991628000.0,7049053500.0,2602291000.0,4389337000.0,0.491,10.678,-157634000.0,1821963000.0,1821963000.0,1124165000.0,502177000.0,2.648,0.21,0.0,0.0,0.0,0.0,562534000.0,184539000.0,0.0,0.0,0.0,712109000.0,896648000.0,0.259,896648000.0,712109000.0,712109000.0,0.94,0.9,0.94,5776787000.0,5654564500.0,5776787000.0,9373946800.0,13.0,10.454,746792000.0,1.38,1.0,2333900000.0,0.675,3694022000.0,0.0,492898000.0,409330250.0,0.0,353184000.0,242440000.0,110744000.0,1214841000.0,982745000.0,232096000.0,11452387800.0,429220000.0,0.0,-400453000.0,-287000.0,0.0,-345882000.0,-129324000.0,36413000.0,904426000.0,0.0,502177000.0,502177000.0,502177000.0,0.0,0.0,0.145,1681220000.0,652680000.0,231129000.0,0.0,1.982,22.805,22.415,427211000.0,0.0,21.07,3.312,3.296,368604000.0,-2995858000.0,3458065000.0,3458065000.0,716296000.0,0.071,0.089,1.74,0.206,55424000.0,897230000.0,1.0,543540000.0,540983000,554350000.0,6.392,3297606000.0,172009000.0,209932000.0,135747000.0,6.096,1619546000.0
52,JNPR,MRT,2008-06-30,2008-06-30,2008-06-30,2021-08-02,9745000.0,7259994000.0,6927097000.0,2943784000.0,4316210000.0,0.469,11.353,-152654000.0,2078441000.0,2078441000.0,1048872000.0,438768000.0,2.863,0.209,0.0,0.0,0.0,0.0,592811000.0,193736000.0,0.0,0.0,0.0,631121000.0,824857000.0,0.254,824857000.0,631121000.0,631121000.0,0.84,0.78,0.84,6005320000.0,5500311000.0,6005320000.0,9970422000.0,16.0,12.087,738573000.0,1.396,1.0,2197279000.0,0.677,3700581000.0,0.0,452901000.0,418247750.0,0.0,308425000.0,263248000.0,45177000.0,1254674000.0,1028071000.0,226603000.0,11643391000.0,1180335000.0,0.0,221229000.0,-276000.0,0.0,255760000.0,33348000.0,198567000.0,891227000.0,0.0,438768000.0,438768000.0,438768000.0,0.0,0.0,0.135,1633792000.0,563487000.0,233707000.0,0.0,1.939,26.537,26.405,422429000.0,0.0,22.18,3.587,3.614,423791000.0,-2703786000.0,3246151000.0,3246151000.0,690169000.0,0.063,0.08,1.509,0.194,68504000.0,865951000.0,1.0,524950000.0,528963000,559328000.0,6.137,3559413000.0,174284000.0,192353000.0,119741000.0,6.729,1915713000.0
53,JNPR,MRT,2008-03-31,2008-03-31,2008-03-31,2021-08-02,15303000.0,7059186000.0,6641261000.0,2766762000.0,4292424000.0,0.457,10.469,-147897000.0,2072409000.0,2072409000.0,980365000.0,404538000.0,1.974,0.288,399440000.0,399440000.0,0.0,399440000.0,565941000.0,202295000.0,0.0,0.0,0.0,577458000.0,779753000.0,0.257,779753000.0,577458000.0,577458000.0,0.77,0.71,0.77,5482291000.0,5199102000.0,5482291000.0,11737371000.0,20.0,15.053,742063000.0,1.417,1.0,2051674000.0,0.677,3709952000.0,0.0,274534000.0,467380750.0,0.0,189669000.0,146775000.0,42894000.0,1576895000.0,1401731000.0,175164000.0,13089500000.0,-425000.0,0.0,-1266281000.0,0.0,0.0,-1235153000.0,344768000.0,502145000.0,889960000.0,0.0,404538000.0,404538000.0,404538000.0,0.0,0.0,0.133,1562414000.0,489260000.0,212392000.0,0.0,2.388,32.357,32.468,407591000.0,0.0,25.0,4.317,4.318,369057000.0,-2756006000.0,3032039000.0,3032039000.0,652514000.0,0.061,0.078,1.236,0.19,64623000.0,824845000.0,1.0,523580000.0,523672000,560407000.0,5.79,3349234000.0,178712000.0,172920000.0,131040000.0,6.396,1365031000.0
54,JNPR,MRT,2007-12-31,2007-12-31,2007-12-31,2021-08-02,12251000.0,6885406000.0,6745048250.0,2555115000.0,4330291000.0,0.42,9.956,-146858000.0,1751625000.0,1751625000.0,927638000.0,360830000.0,1.852,0.286,399496000.0,399496000.0,0.0,399496000.0,513269000.0,193166000.0,0.0,0.0,0.0,510583000.0,703749000.0,0.248,703749000.0,510583000.0,510583000.0,0.67,0.62,0.67,5353860000.0,5377950500.0,5353860000.0,16332107000.0,32.0,23.207,639665000.0,1.189,1.0,1908450000.0,0.673,3736446000.0,0.0,416988000.0,713475750.0,0.0,299684000.0,240355000.0,59329000.0,1531546000.0,1379843000.0,151703000.0,17317120000.0,119777000.0,-375000.0,-1268183000.0,0.0,0.0,-1238497000.0,571751000.0,726391000.0,786523000.0,0.0,360830000.0,360830000.0,360830000.0,0.0,0.0,0.127,1501388000.0,407062000.0,219101000.0,0.0,3.235,47.992,49.552,401818000.0,0.0,33.2,6.106,6.295,379759000.0,-2813328000.0,2836088000.0,2836088000.0,622961000.0,0.053,0.067,0.716,0.18,68304000.0,783177000.0,1.0,521600000.0,537767000,579145000.0,5.274,3148960000.0,230623000.0,149753000.0,93806000.0,5.856,1175272000.0
55,JNPR,MRT,2007-09-30,2007-09-30,2007-09-30,2021-08-02,12380000.0,6503802000.0,6865795500.0,2104917000.0,4398885000.0,0.382,10.006,-143226000.0,1384777000.0,1384777000.0,855404000.0,308908000.0,1.708,0.26,399764000.0,399764000.0,0.0,399764000.0,453306000.0,187666000.0,0.0,0.0,0.0,432309000.0,619975000.0,0.236,619975000.0,432309000.0,435019000.0,0.58,0.54,0.58,5159773000.0,5568256500.0,5159773000.0,18328946000.0,42.0,29.564,633167000.0,1.228,1.0,1767332000.0,0.674,3758001000.0,-2710000.0,528568000.0,1001710000.0,0.0,403062000.0,272961000.0,130101000.0,1344029000.0,1232220000.0,111809000.0,18821201000.0,15922000.0,-375000.0,-1314491000.0,0.0,0.0,-1296974000.0,536503000.0,687773000.0,776393000.0,0.0,308908000.0,308908000.0,308908000.0,0.0,0.0,0.118,1445500000.0,321832000.0,205671000.0,0.0,3.648,60.928,63.121,389661000.0,0.0,36.61,7.176,7.198,279530000.0,-2936232000.0,2622736000.0,2622736000.0,584630000.0,0.045,0.055,0.432,0.165,69700000.0,748159000.0,1.0,514100000.0,515658000,561401000.0,5.086,2745801000.0,202694000.0,126111000.0,0.0,5.325,872697000.0
56,JNPR,MRT,2007-06-30,2007-06-30,2007-06-30,2021-08-02,10674000.0,6116650000.0,7041307000.0,1670286000.0,4446364000.0,0.35,8.821,-133729000.0,892199000.0,892199000.0,813303000.0,282083000.0,1.389,0.274,399944000.0,399944000.0,0.0,399944000.0,450683000.0,183692000.0,0.0,0.0,0.0,387954000.0,571646000.0,0.232,571646000.0,387954000.0,389856000.0,0.51,0.49,0.51,4800484000.0,5785039000.0,4800484000.0,12582246000.0,32.0,22.011,616153000.0,1.132,1.0,1647952000.0,0.67,3772223000.0,-1902000.0,649433000.0,1299175750.0,0.0,515973000.0,342956000.0,173017000.0,1316166000.0,1202739000.0,113427000.0,14253771000.0,-227544000.0,-2414000.0,-1515801000.0,0.0,0.0,-1506148000.0,528722000.0,660686000.0,749882000.0,0.0,282083000.0,282083000.0,282083000.0,0.0,0.0,0.115,1381140000.0,266812000.0,176669000.0,0.0,2.969,50.53,49.353,380041000.0,0.0,25.17,5.791,5.566,258838000.0,-3025137000.0,2461255000.0,2461255000.0,540132000.0,0.04,0.049,0.299,0.158,79192000.0,705127000.0,1.0,566300000.0,544224000,580736000.0,4.523,2344427000.0,216835000.0,107773000.0,0.0,4.308,467547000.0
57,JNPR,MRT,2007-03-31,2007-03-31,2007-03-31,2021-08-02,3570000.0,7474335000.0,7272212250.0,2937324000.0,4537011000.0,0.325,10.885,-116238000.0,2071469000.0,2071469000.0,781452000.0,-1010553000.0,3.92,0.206,399944000.0,0.0,399944000.0,399944000.0,410189000.0,177922000.0,0.0,0.0,0.0,-915333000.0,-737411000.0,-0.312,-737411000.0,-915333000.0,-914244000.0,-1.78,-1.79,-1.78,6197685000.0,6060315500.0,6197685000.0,9960526120.0,-11.0,-13.507,652273000.0,1.146,1.0,1582350000.0,0.669,3794667000.0,-1089000.0,1258914000.0,1586117750.0,0.0,686089000.0,426725000.0,259364000.0,1276650000.0,749229000.0,527421000.0,11202525120.0,1133544000.0,-15477000.0,21891000.0,0.0,0.0,31723000.0,333310000.0,448058000.0,768511000.0,0.0,-1010553000.0,-1010553000.0,-1010553000.0,0.0,0.0,-0.428,2610562000.0,-1028212000.0,180465000.0,0.0,1.808,-11.086,-11.056,360665000.0,0.0,19.68,4.739,4.741,257838000.0,-1517718000.0,2363802000.0,2363802000.0,507652000.0,-0.139,-0.167,-0.577,-0.387,80690000.0,680453000.0,1.0,569234000.0,569400000,604905000.0,4.151,3679668000.0,221693000.0,96309000.0,0.0,6.462,2188095000.0
58,JNPR,MRT,2006-12-31,2006-12-31,2006-12-31,2021-08-02,1266000.0,7368395000.0,7412569500.0,2521806000.0,4846589000.0,0.311,10.776,-102093000.0,1641943000.0,1641943000.0,754290000.0,-1001437000.0,3.307,0.205,399944000.0,0.0,399944000.0,399944000.0,385579000.0,173490000.0,0.0,0.0,0.0,-897049000.0,-723559000.0,-0.314,-723559000.0,-897049000.0,-897049000.0,-1.76,-1.76,-1.76,6115084000.0,6240794000.0,6115084000.0,10151060000.0,-11.0,-14.029,653511000.0,1.152,1.0,1549290000.0,0.673,3793854000.0,0.0,1569925000.0,1694015500.0,0.0,1017971000.0,443910000.0,574061000.0,1253311000.0,762617000.0,490694000.0,10715305000.0,677932000.0,-15102000.0,-99248000.0,0.0,0.0,-89598000.0,11926000.0,108657000.0,755604000.0,0.0,-1001437000.0,-1001437000.0,-1001437000.0,0.0,0.0,-0.435,2547072000.0,-997782000.0,179553000.0,0.0,1.752,-10.7,-10.761,349930000.0,0.0,18.94,4.652,4.666,249445000.0,-1532235000.0,2303580000.0,2303580000.0,480247000.0,-0.135,-0.16,-0.53,-0.389,77995000.0,655067000.0,1.0,565750000.0,567454000,567454000.0,4.06,3574541000.0,231488000.0,104388000.0,38499000.0,6.299,1759189000.0
59,JNPR,MRT,2006-09-30,2006-09-30,2006-09-30,2021-08-02,-1467000.0,7205848000.0,7616373500.0,2294941000.0,4910907000.0,0.3,10.6,-109138000.0,1378703000.0,1378703000.0,746110000.0,-967562000.0,3.323,0.196,399944000.0,0.0,399944000.0,399944000.0,345958000.0,168261000.0,0.0,0.0,0.0,-856562000.0,-688301000.0,-0.301,-688301000.0,-856562000.0,-856547000.0,-1.72,-1.73,-1.72,6026903000.0,6484081500.0,6026903000.0,9211915000.0,-11.0,-13.384,609748000.0,1.072,1.0,1537104000.0,0.673,3817995000.0,-15000.0,1718431000.0,1757052500.0,0.0,1080693000.0,514218000.0,566475000.0,1178945000.0,690663000.0,488282000.0,9776160000.0,444951000.0,-125931000.0,-56295000.0,0.0,0.0,-48495000.0,-225440000.0,16651000.0,718886000.0,0.0,-967562000.0,-967562000.0,-967562000.0,0.0,0.0,-0.424,2481742000.0,-944638000.0,159512000.0,0.0,1.622,-10.104,-10.047,335830000.0,0.0,17.28,4.282,4.303,285459000.0,-1603217000.0,2283214000.0,2283214000.0,452944000.0,-0.127,-0.149,-0.487,-0.375,99883000.0,619674000.0,1.0,565750000.0,568561000,599626000.0,4.016,3387853000.0,240850000.0,111015000.0,61375000.0,5.959,1604278000.0
60,JNPR,MRT,2006-06-30,2006-06-30,2006-06-30,2021-08-02,-8418000.0,7040271000.0,7769361250.0,2057049000.0,4983222000.0,0.29,10.425,-100970000.0,1134810000.0,1134810000.0,727686000.0,-942340000.0,3.1,0.193,399944000.0,0.0,399944000.0,399944000.0,309252000.0,160713000.0,0.0,0.0,0.0,-817692000.0,-656979000.0,-0.291,-656979000.0,-817692000.0,-817720000.0,-1.67,-1.69,-1.67,5901590000.0,6655080500.0,5901590000.0,8482097500.0,-10.0,-12.911,597926000.0,1.056,1.0,1528314000.0,0.677,3844609000.0,28000.0,1797201000.0,1740956250.0,0.0,1160008000.0,548345000.0,611663000.0,1138681000.0,663595000.0,475086000.0,9046342500.0,230553000.0,-167696000.0,-46373000.0,0.0,0.0,-42584000.0,-425759000.0,-148287000.0,698896000.0,0.0,-942340000.0,-942340000.0,-942340000.0,0.0,0.0,-0.418,2422737000.0,-894423000.0,136614000.0,0.0,1.533,-9.6,-9.575,328953000.0,0.0,15.99,4.01,4.012,250818000.0,-1661491000.0,2256000000.0,2256000000.0,424244000.0,-0.121,-0.142,-0.47,-0.362,118776000.0,601108000.0,1.0,565750000.0,566098000,566098000.0,3.985,3195662000.0,248804000.0,124620000.0,61682000.0,5.645,1393454000.0
61,JNPR,MRT,2006-03-31,2006-03-31,2006-03-31,2021-08-02,0.0,8035764000.0,7855247500.0,1853572000.0,6182192000.0,0.278,12.227,-93871000.0,964189000.0,964189000.0,694478000.0,352276000.0,2.936,0.161,399944000.0,0.0,399944000.0,399944000.0,293830000.0,150456000.0,0.0,0.0,0.0,498965000.0,649421000.0,0.298,649421000.0,498965000.0,498655000.0,0.62,0.59,0.62,6919599000.0,6760404500.0,6919599000.0,10177214240.0,20.0,15.671,553241000.0,0.978,1.0,1487081000.0,0.682,5149638000.0,310000.0,1690505000.0,1679536500.0,0.0,1133875000.0,510606000.0,623269000.0,1116165000.0,631376000.0,484789000.0,10761730240.0,84747000.0,-309889000.0,-28235000.0,0.0,0.0,-27678000.0,-534687000.0,-102242000.0,647112000.0,0.0,352276000.0,352276000.0,352276000.0,0.0,0.0,0.161,1054276000.0,432805000.0,160278000.0,0.0,1.555,30.549,30.839,321388000.0,0.0,19.12,4.933,4.96,304750000.0,,2181559000.0,2181559000.0,392116000.0,0.045,0.052,0.297,0.229,140635000.0,560484000.0,1.0,562852000.0,565927000,603589000.0,3.855,2886126000.0,92539000.0,146379000.0,65617000.0,5.1,1222196000.0
62,JNPR,MRT,2005-12-31,2005-12-31,2005-12-31,2021-08-02,-8324000.0,8183611000.0,7636604000.0,1888787000.0,6294824000.0,0.27,12.789,-98192000.0,984475000.0,984475000.0,653457000.0,350701000.0,3.01,0.155,399959000.0,0.0,399959000.0,399959000.0,252812000.0,138904000.0,0.0,0.0,0.0,497516000.0,636420000.0,0.308,636420000.0,497516000.0,497516000.0,0.63,0.58,0.63,7088234000.0,6564243750.0,7088234000.0,12156234679.0,24.0,19.101,544751000.0,0.983,1.0,1410500000.0,0.683,5149621000.0,0.0,1822073000.0,1654028250.0,0.0,1128706000.0,510364000.0,618342000.0,1095377000.0,627401000.0,467976000.0,12593622679.0,205219000.0,-309889000.0,146012000.0,0.0,0.0,146012000.0,-583736000.0,-140807000.0,642943000.0,0.0,350701000.0,350701000.0,350701000.0,0.0,0.0,0.17,969454000.0,441046000.0,165172000.0,0.0,1.777,35.91,35.397,319885000.0,0.0,22.3,6.102,5.988,268907000.0,-344410000.0,2063957000.0,2063957000.0,357284000.0,0.046,0.053,0.301,0.241,150460000.0,516578000.0,1.0,564736443.0,554223000,600189000.0,3.724,3033990000.0,255675000.0,146815000.0,56360000.0,5.474,1261386000.0
63,JNPR,MRT,2005-09-30,2005-09-30,2005-09-30,2021-08-02,-7818000.0,7817799000.0,7340629750.0,1741443000.0,6076356000.0,0.261,11.946,-77369000.0,926730000.0,926730000.0,602437000.0,305574000.0,2.984,0.165,489342000.0,0.0,489342000.0,489342000.0,243220000.0,92084000.0,0.0,0.0,0.0,459926000.0,552010000.0,0.288,552010000.0,459926000.0,456789000.0,0.56,0.53,0.56,6710899000.0,6290369500.0,6710899000.0,12927261667.0,28.0,23.419,510515000.0,0.909,1.0,1316109000.0,0.686,5142827000.0,3137000.0,1654046000.0,1570841750.0,0.0,1096685000.0,497716000.0,598969000.0,1106900000.0,583538000.0,523362000.0,13346324667.0,220690000.0,-199060000.0,148731000.0,0.0,0.0,148731000.0,-515925000.0,-232279000.0,587884000.0,0.0,305574000.0,305574000.0,305574000.0,0.0,0.0,0.159,909469000.0,406640000.0,149042000.0,0.0,1.989,43.676,42.5,296234000.0,0.0,23.8,6.956,6.969,240888000.0,386126000.0,1918546000.0,1918546000.0,351762000.0,0.042,0.049,0.293,0.24,229334000.0,512750000.0,1.0,560769944.0,561775000,606327000.0,3.415,2674972000.0,0.0,151215000.0,0.0,4.762,1157905000.0
64,JNPR,MRT,2005-06-30,2005-06-30,2005-06-30,2021-08-02,-5422000.0,7383816000.0,7078983000.0,1614432000.0,5769384000.0,0.247,11.566,-84142000.0,895451000.0,895451000.0,543710000.0,270837000.0,2.914,0.168,476388000.0,0.0,476388000.0,476388000.0,250273000.0,99539000.0,0.0,0.0,0.0,409094000.0,508633000.0,0.291,508633000.0,409094000.0,405821000.0,0.5,0.47,0.5,6322886000.0,6064986250.0,6322886000.0,13350356800.0,33.0,26.248,464038000.0,0.849,1.0,1203497000.0,0.689,4859165000.0,3273000.0,1551522000.0,1485460250.0,0.0,1025589000.0,445465000.0,580124000.0,1060930000.0,554066000.0,506864000.0,13722092800.0,181156000.0,-155256000.0,115439000.0,0.0,0.0,115439000.0,-482463000.0,-235742000.0,548180000.0,0.0,270837000.0,270837000.0,270837000.0,0.0,0.0,0.155,833897000.0,369600000.0,116145000.0,0.0,2.17,50.666,50.36,291705000.0,0.0,25.18,7.854,7.878,205366000.0,302073000.0,1747207000.0,1747207000.0,321954000.0,0.038,0.045,0.275,0.234,191597000.0,461783000.0,1.0,544960000.0,546662000,592231000.0,3.196,2524651000.0,0.0,134984000.0,0.0,4.618,1060366000.0
65,JNPR,MRT,2005-03-31,2005-03-31,2005-03-31,2021-08-02,-5657000.0,7161190000.0,6902909250.0,1554600000.0,5606590000.0,0.226,11.306,-78122000.0,850847000.0,850847000.0,484765000.0,170123000.0,3.014,0.167,479111000.0,0.0,479111000.0,479111000.0,229199000.0,114699000.0,0.0,0.0,0.0,273647000.0,388346000.0,0.249,388346000.0,273647000.0,269989000.0,0.32,0.3,0.32,6134956000.0,5921596750.0,6134956000.0,11649922840.0,43.0,29.999,422950000.0,0.779,1.0,1076313000.0,0.689,4685198000.0,3658000.0,1588472000.0,1402868000.0,0.0,1038956000.0,435301000.0,603655000.0,1026234000.0,515784000.0,510450000.0,11994330840.0,391054000.0,40889000.0,109859000.0,-144967000.0,0.0,-35108000.0,-74910000.0,-37353000.0,501072000.0,0.0,170123000.0,170123000.0,170123000.0,0.0,0.0,0.109,829944000.0,246369000.0,106723000.0,0.0,1.955,70.504,68.938,286438000.0,0.0,22.06,7.683,7.668,184789000.0,213062000.0,1561078000.0,1561078000.0,295953000.0,0.025,0.029,0.195,0.175,149794000.0,435268000.0,1.0,543714000.0,542651000,587659000.0,2.877,2475992000.0,0.0,99866000.0,0.0,4.563,1038816000.0
66,JNPR,MRT,2004-12-31,2004-12-31,2004-12-31,2021-08-02,-716000.0,6999714000.0,5741758750.0,1413733000.0,5585981000.0,0.233,12.154,-63185000.0,744408000.0,744408000.0,415130000.0,128228000.0,2.849,0.168,400000000.0,0.0,400000000.0,400000000.0,182450000.0,97625000.0,0.0,0.0,0.0,213496000.0,311121000.0,0.233,311121000.0,213496000.0,208117000.0,0.26,0.24,0.26,5992737000.0,4797494250.0,5992737000.0,14367452470.0,67.0,46.18,376263000.0,0.763,1.0,920889000.0,0.689,4669809000.0,5379000.0,1489327000.0,1317909750.0,0.0,999893000.0,404659000.0,595234000.0,1006977000.0,496170000.0,510807000.0,14617697470.0,347576000.0,40889000.0,111562000.0,-144967000.0,0.0,-33405000.0,-58467000.0,-35922000.0,439448000.0,0.0,128228000.0,128228000.0,128228000.0,0.0,0.0,0.096,728580000.0,192309000.0,113890000.0,0.0,2.439,113.998,104.577,275612000.0,0.0,27.19,10.941,10.035,187306000.0,137627000.0,1336019000.0,1336019000.0,264448000.0,0.022,0.027,0.162,0.16,117461000.0,379821000.0,1.0,537613000.0,493073000,543688000.0,2.71,2329905000.0,66010000.0,79889000.0,29794000.0,4.725,917563000.0
67,JNPR,MRT,2004-09-30,2004-09-30,2004-09-30,2021-08-02,729000.0,6771212000.0,4594604500.0,1187043000.0,5584169000.0,0.242,10.89,-49941000.0,698823000.0,698823000.0,354419000.0,84478000.0,2.313,0.166,448578000.0,0.0,448578000.0,448578000.0,172656000.0,110294000.0,0.0,0.0,0.0,148286000.0,258580000.0,0.232,258580000.0,148286000.0,137909000.0,0.2,0.17,0.2,5809366000.0,3689920750.0,5809366000.0,12343377600.0,83.0,47.735,310001000.0,0.581,1.0,758502000.0,0.682,4695179000.0,10377000.0,1312520000.0,1255747750.0,0.0,878950000.0,290798000.0,588152000.0,961846000.0,513268000.0,448578000.0,12602069600.0,210204000.0,40889000.0,80240000.0,-555821000.0,0.0,-475581000.0,325843000.0,340864000.0,359942000.0,0.0,84478000.0,84478000.0,84478000.0,0.0,0.0,0.076,610812000.0,147690000.0,105391000.0,0.0,2.169,149.176,118.0,269729000.0,0.0,23.6,11.323,11.312,162040000.0,71626000.0,1112921000.0,1112921000.0,216224000.0,0.018,0.023,0.118,0.133,12850000.0,291507000.0,1.0,533986000.0,533447000,582578000.0,2.086,2076033000.0,0.0,53431000.0,0.0,3.892,673775000.0
68,JNPR,MRT,2004-06-30,2004-06-30,2004-06-30,2021-08-02,-1553000.0,6679521000.0,3583780500.0,1187621000.0,5491900000.0,0.254,11.358,-29563000.0,706972000.0,706972000.0,304324000.0,42924000.0,2.464,0.162,448280000.0,0.0,448280000.0,448280000.0,162492000.0,83993000.0,0.0,0.0,0.0,98186000.0,182179000.0,0.2,182179000.0,98186000.0,79410000.0,0.13,0.11,0.13,5749328000.0,2618750000.0,5749328000.0,13119798080.0,134.0,72.016,268096000.0,0.53,1.0,605711000.0,0.666,4717763000.0,18776000.0,1221153000.0,1393585000.0,0.0,793912000.0,308425000.0,485487000.0,930193000.0,481913000.0,448280000.0,13020724080.0,159412000.0,40889000.0,128117000.0,-839927000.0,0.0,-711810000.0,573563000.0,568164000.0,297659000.0,0.0,42924000.0,42924000.0,42924000.0,0.0,0.0,0.047,521899000.0,83812000.0,92799000.0,0.0,2.265,303.344,189.0,257583000.0,0.0,24.57,14.308,13.667,140650000.0,22867000.0,910035000.0,910035000.0,196275000.0,0.012,0.016,0.07,0.108,12850000.0,238362000.0,1.0,529944000.0,506189000,506189000.0,1.798,1961758000.0,0.0,36486000.0,0.0,3.876,705708000.0
69,JNPR,MRT,2004-03-31,2004-03-31,2004-03-31,2021-08-02,5421000.0,2516588000.0,2658975250.0,774609000.0,1741979000.0,0.289,4.154,-21778000.0,459329000.0,459329000.0,269984000.0,69056000.0,2.423,0.536,558403000.0,0.0,558403000.0,558403000.0,100320000.0,56422000.0,0.0,0.0,0.0,131937000.0,188359000.0,0.245,188359000.0,131937000.0,102287000.0,0.19,0.16,0.19,1638546000.0,1551859250.0,1638546000.0,10450642720.0,79.0,55.483,217139000.0,0.55,1.0,498255000.0,0.649,1047384000.0,29650000.0,1248639000.0,1675310500.0,0.0,653405000.0,233195000.0,420210000.0,878042000.0,319639000.0,558403000.0,10289244720.0,178152000.0,0.0,121774000.0,-399263000.0,0.0,-277489000.0,216724000.0,269337000.0,238917000.0,0.0,69056000.0,69056000.0,69056000.0,0.0,0.0,0.09,398782000.0,99473000.0,65229000.0,0.0,6.279,148.999,136.947,243550000.0,0.0,26.02,13.393,13.361,87442000.0,35421000.0,768239000.0,768239000.0,181189000.0,0.026,0.044,0.079,0.172,12850000.0,186340000.0,1.0,395436000.0,394496000,441719000.0,1.947,1469204000.0,0.0,33231000.0,0.0,3.724,454970000.0
70,JNPR,MRT,2003-12-31,2003-12-31,2003-12-31,2021-08-02,4414000.0,2411097000.0,2686785750.0,690809000.0,1720288000.0,0.261,4.088,-19388000.0,396443000.0,396443000.0,257316000.0,39199000.0,2.603,0.543,542076000.0,0.0,542076000.0,542076000.0,75312000.0,64387000.0,0.0,0.0,0.0,98093000.0,162480000.0,0.232,162480000.0,98093000.0,58994000.0,0.1,0.09,0.1,1562443000.0,1503666750.0,1562443000.0,7730548840.0,79.0,47.578,159166000.0,0.416,1.0,444077000.0,0.633,1050663000.0,39099000.0,1240679000.0,1864104000.0,0.0,610203000.0,215906000.0,394297000.0,848654000.0,265388000.0,583266000.0,7270965840.0,171171000.0,0.0,91755000.0,-399263000.0,0.0,-307508000.0,300125000.0,350350000.0,178554000.0,0.0,39199000.0,39199000.0,39199000.0,0.0,0.0,0.056,387066000.0,57011000.0,61237000.0,0.0,4.654,185.489,186.8,244491000.0,0.0,18.68,10.366,10.178,77964000.0,1881000.0,701393000.0,701393000.0,178029000.0,0.015,0.026,0.053,0.14,12850000.0,174391000.0,1.0,389238000.0,382180000,413821000.0,1.835,1360434000.0,0.0,19795000.0,0.0,3.56,425421000.0
71,JNPR,MRT,2003-09-30,2003-09-30,2003-09-30,2021-08-02,7175000.0,2727916000.0,2737678750.0,839588000.0,1888328000.0,0.237,3.962,-25508000.0,482493000.0,482493000.0,249812000.0,32918000.0,3.215,0.789,942076000.0,0.0,942076000.0,942076000.0,53779000.0,67744000.0,0.0,0.0,0.0,94483000.0,162227000.0,0.25,162227000.0,94483000.0,48715000.0,0.1,0.09,0.1,1524683000.0,1470688750.0,1524683000.0,6452051000.0,68.0,39.772,96377000.0,0.25,1.0,399892000.0,0.615,1062473000.0,45768000.0,1863869000.0,2063236750.0,0.0,866489000.0,309143000.0,557346000.0,1203233000.0,261157000.0,942076000.0,5753550000.0,208740000.0,0.0,85838000.0,11591000.0,0.0,97429000.0,-10574000.0,39934000.0,121885000.0,0.0,32918000.0,32918000.0,32918000.0,0.0,0.0,0.051,365841000.0,34051000.0,54057000.0,0.0,3.774,174.784,150.0,243526000.0,0.0,15.0,8.856,8.884,48526000.0,-12852000.0,649704000.0,649704000.0,175690000.0,0.012,0.022,0.046,0.145,0.0,164780000.0,1.0,383570000.0,384795000,408083000.0,1.688,1665443000.0,0.0,15797000.0,0.0,4.328,578431000.0
72,JNPR,MRT,2003-06-30,2003-06-30,2003-06-30,2021-08-02,11198000.0,2980300000.0,2710847250.0,931811000.0,2048489000.0,0.232,3.909,-25040000.0,541493000.0,541493000.0,255738000.0,-62617000.0,3.604,1.011,1239994000.0,0.0,1239994000.0,1239994000.0,55319000.0,77332000.0,0.0,0.0,0.0,-3007000.0,74325000.0,0.118,74325000.0,-3007000.0,-53020000.0,-0.16,-0.17,-0.16,1481765000.0,1442919000.0,1481765000.0,5404958140.0,-1797.0,72.721,10191000.0,0.027,1.0,373864000.0,0.594,1072205000.0,50013000.0,2348055000.0,2086864500.0,0.0,1014488000.0,315870000.0,698618000.0,1498535000.0,258541000.0,1239994000.0,4713186140.0,-73333000.0,-375803000.0,53163000.0,149722000.0,0.0,202885000.0,-311449000.0,114394000.0,35231000.0,0.0,-62617000.0,-62617000.0,-62617000.0,0.0,0.0,-0.099,476863000.0,-102999000.0,58109000.0,0.0,3.181,-75.27,-77.938,252666000.0,0.0,12.47,7.486,7.507,73767000.0,-20057000.0,629602000.0,629602000.0,179529000.0,-0.023,-0.043,-0.001,-0.005,0.0,170403000.0,1.0,377962000.0,379032000,399542000.0,1.661,1908095000.0,0.0,9597000.0,0.0,5.034,673270000.0
73,JNPR,MRT,2003-03-31,2003-03-31,2003-03-31,2021-08-02,15331000.0,2627830000.0,2550049250.0,666868000.0,1960962000.0,0.228,3.85,-35573000.0,250342000.0,250342000.0,241463000.0,-69964000.0,2.779,0.818,942114000.0,0.0,942114000.0,942114000.0,51558000.0,60767000.0,0.0,0.0,0.0,-11412000.0,49355000.0,0.085,49355000.0,-11412000.0,-63834000.0,-0.18,-0.18,-0.18,1445776000.0,1315467500.0,1445776000.0,3821967001.0,-335.0,77.438,-32745000.0,-0.087,1.0,340072000.0,0.585,1075849000.0,52422000.0,2003813000.0,2170384000.0,0.0,931483000.0,305687000.0,625796000.0,1182054000.0,239940000.0,942114000.0,3074288001.0,-454842000.0,-375803000.0,30279000.0,-145975000.0,0.0,-115696000.0,-341974000.0,69402000.0,2828000.0,0.0,-69964000.0,-69964000.0,-69964000.0,0.0,0.0,-0.12,447453000.0,-107381000.0,61729000.0,0.0,2.126,-43.941,-45.389,259317000.0,0.0,8.17,5.287,5.276,84508000.0,-33635000.0,581535000.0,581535000.0,170292000.0,-0.027,-0.053,-0.005,-0.02,0.0,164395000.0,1.0,376289841.0,375549000,390947000.0,1.548,1551981000.0,0.0,6130000.0,0.0,4.133,426928000.0
74,JNPR,MRT,2002-12-31,2002-12-31,2002-12-31,2021-08-02,17052000.0,2614669000.0,2473339500.0,680929000.0,1933740000.0,0.221,4.079,-36127000.0,194435000.0,194435000.0,230108000.0,-119650000.0,2.813,0.828,942114000.0,0.0,942114000.0,942114000.0,46146000.0,63047000.0,0.0,0.0,0.0,-59545000.0,3502000.0,0.006,3502000.0,-59545000.0,-115150000.0,-0.34,-0.34,-0.34,1430531000.0,1195663250.0,1430531000.0,3223509848.0,-54.0,920.477,-33717000.0,-0.096,1.0,316439000.0,0.579,1083114000.0,55605000.0,2037210000.0,2309774500.0,0.0,967700000.0,384036000.0,583664000.0,1184138000.0,242024000.0,942114000.0,2530165848.0,-412410000.0,-375803000.0,26620000.0,-145975000.0,0.0,-119355000.0,-295465000.0,116465000.0,2410000.0,0.0,-119650000.0,-119650000.0,-119650000.0,0.0,0.0,-0.219,443476000.0,-127037000.0,51747000.0,0.0,1.769,-21.146,-20.0,266962000.0,0.0,6.8,4.629,4.363,78501000.0,-37318000.0,546547000.0,546547000.0,161891000.0,-0.048,-0.1,-0.026,-0.109,0.0,161066000.0,1.0,372083213.0,350695000,350695000.0,1.558,1531555000.0,0.0,4500000.0,0.0,4.367,438905000.0
75,JNPR,MRT,2002-09-30,2002-09-30,2002-09-30,2021-08-02,14606000.0,2620590000.0,2417069250.0,738246000.0,1882344000.0,0.224,3.821,-32840000.0,248770000.0,248770000.0,225799000.0,-133228000.0,2.787,0.854,942114000.0,0.0,942114000.0,942114000.0,44979000.0,154432000.0,0.0,0.0,0.0,-74246000.0,80186000.0,0.148,80186000.0,-74246000.0,-133542000.0,-0.37,-0.37,-0.37,1413604000.0,1087372750.0,1413604000.0,2337535539.0,-31.0,29.151,-52077000.0,-0.141,1.0,316515000.0,0.584,1090682000.0,59296000.0,1958380000.0,2397228750.0,0.0,907963000.0,387794000.0,520169000.0,1206986000.0,264872000.0,942114000.0,1777361539.0,-417702000.0,-373075000.0,38958000.0,-145975000.0,0.0,-107017000.0,-291448000.0,114467000.0,-19237000.0,0.0,-133228000.0,-133228000.0,-133228000.0,0.0,0.0,-0.246,465497000.0,-148982000.0,58066000.0,0.0,1.257,-13.341,-12.973,271493000.0,0.0,4.8,3.277,3.274,74046000.0,-45770000.0,542314000.0,542314000.0,150175000.0,-0.055,-0.123,-0.031,-0.137,24995000.0,156975000.0,1.0,370283654.0,369944000,369944000.0,1.466,1529908000.0,0.0,-314000.0,0.0,4.136,473374000.0
76,JNPR,MRT,2002-06-30,2002-06-30,2002-06-30,2021-08-02,7605000.0,2337108000.0,2328615750.0,1054115000.0,1282993000.0,0.254,2.937,-35990000.0,589826000.0,589826000.0,276701000.0,-74624000.0,4.899,1.405,1150000000.0,0.0,1150000000.0,1150000000.0,32476000.0,145617000.0,0.0,0.0,0.0,-16948000.0,128669000.0,0.217,128669000.0,-16948000.0,-77703000.0,-0.22,-0.22,-0.22,971959000.0,939883500.0,971959000.0,2318030758.0,-137.0,18.015,68449000.0,0.207,1.0,315290000.0,0.533,0.0,60755000.0,2682133000.0,2521927500.0,0.0,1124753000.0,374476000.0,750277000.0,1365149000.0,215149000.0,1150000000.0,1873214758.0,77411000.0,2728000.0,34473000.0,0.0,0.0,34473000.0,-61501000.0,-28239000.0,104439000.0,0.0,-74624000.0,-74624000.0,-74624000.0,0.0,0.0,-0.126,360965000.0,-45675000.0,55534000.0,0.0,1.927,-25.102,-25.682,258442000.0,0.0,5.65,3.164,3.159,62264000.0,42560000.0,591991000.0,591991000.0,139301000.0,-0.032,-0.079,-0.007,-0.029,24995000.0,152894000.0,1.0,331542435.0,330957000,342172000.0,1.789,2337108000.0,0.0,-3079000.0,0.0,7.062,838966000.0
77,JNPR,MRT,2002-03-31,2002-03-31,2002-03-31,2021-08-02,5591000.0,2320991000.0,2307273500.0,1147329000.0,1173662000.0,0.293,2.935,-27537000.0,705184000.0,705184000.0,309026000.0,-117986000.0,5.612,1.401,1150000000.0,0.0,1150000000.0,1150000000.0,30628000.0,169830000.0,0.0,0.0,0.0,-56178000.0,113652000.0,0.168,113652000.0,-56178000.0,-117708000.0,-0.36,-0.36,-0.36,966559000.0,907392750.0,966559000.0,4562324128.0,-81.0,40.143,148768000.0,0.452,1.0,368110000.0,0.544,0.0,61530000.0,2561375000.0,2508789500.0,0.0,992554000.0,346882000.0,645672000.0,1354432000.0,204432000.0,1150000000.0,4078796128.0,147442000.0,10328000.0,44999000.0,0.0,0.0,44999000.0,-73862000.0,-56653000.0,176305000.0,0.0,-117986000.0,-117986000.0,-117986000.0,0.0,0.0,-0.174,429495000.0,-61385000.0,53127000.0,0.0,4.22,-34.57,-35.056,253917000.0,0.0,12.62,6.024,6.139,65916000.0,36329000.0,677136000.0,677136000.0,147608000.0,-0.051,-0.13,-0.022,-0.083,24995000.0,163298000.0,1.0,323200961.0,329367000,329367000.0,2.056,2320991000.0,0.0,278000.0,0.0,7.047,942897000.0
78,JNPR,MRT,2001-12-31,2001-12-31,2001-12-31,2021-08-02,18418000.0,2389588000.0,2284268750.0,1126048000.0,1263540000.0,0.388,3.123,-241129000.0,606845000.0,606845000.0,372771000.0,-13417000.0,4.649,1.396,1150000000.0,0.0,1150000000.0,1150000000.0,36842000.0,151489000.0,0.0,0.0,0.0,77914000.0,229403000.0,0.259,229403000.0,77914000.0,16537000.0,-0.04,-0.04,-0.04,997369000.0,873444000.0,997369000.0,6608186211.0,85.0,28.806,51630000.0,0.162,1.0,514251000.0,0.58,303497000.0,61377000.0,2387027000.0,2512879250.0,0.0,1091029000.0,382797000.0,708232000.0,1392219000.0,242219000.0,1150000000.0,6124658211.0,43840000.0,2728000.0,58497000.0,0.0,0.0,58497000.0,-307416000.0,-69015000.0,292759000.0,0.0,-13417000.0,-13417000.0,-13417000.0,0.0,0.0,-0.015,473388000.0,40863000.0,76417000.0,0.0,6.141,-456.485,-473.75,251811000.0,0.0,18.95,6.905,6.823,103524000.0,82332000.0,887022000.0,887022000.0,155530000.0,-0.006,-0.015,0.031,0.088,24995000.0,177961000.0,1.0,323200961.0,319378000,319378000.0,2.777,2086091000.0,0.0,29954000.0,0.0,6.532,883829000.0
79,JNPR,MRT,2001-09-30,2001-09-30,2001-09-30,2021-08-02,16266000.0,2266776000.0,2212654000.0,1215603000.0,1051173000.0,0.466,2.572,-240379000.0,666472000.0,666472000.0,415398000.0,53866000.0,4.147,1.752,1150000000.0,0.0,1150000000.0,1150000000.0,32064000.0,79465000.0,0.0,0.0,0.0,185004000.0,264469000.0,0.256,264469000.0,185004000.0,124557000.0,0.19,0.14,0.19,823647000.0,806602250.0,823647000.0,3757685700.0,20.0,14.208,196328000.0,0.613,1.0,615977000.0,0.597,0.0,60447000.0,2457175000.0,2502219500.0,0.0,1022210000.0,411450000.0,610760000.0,1443129000.0,293129000.0,1150000000.0,3120100700.0,95271000.0,-39974000.0,-68378000.0,0.0,0.0,-68378000.0,-273058000.0,7295000.0,436707000.0,0.0,53866000.0,53866000.0,53866000.0,0.0,0.0,0.052,473462000.0,142515000.0,56484000.0,0.0,3.788,57.923,51.053,252715000.0,0.0,9.7,3.025,3.011,111905000.0,87458000.0,1031375000.0,1031375000.0,153208000.0,0.024,0.067,0.074,0.179,81686000.0,185405000.0,1.0,321659866.0,320178000,320178000.0,3.221,2266776000.0,0.0,70691000.0,45779000.0,7.08,922474000.0
80,JNPR,MRT,2001-06-30,2001-06-30,2001-06-30,2021-08-02,16054000.0,2251739000.0,2132316250.0,1175975000.0,1075764000.0,0.483,2.646,-239867000.0,512415000.0,512415000.0,365922000.0,141663000.0,4.527,1.674,1150000000.0,0.0,1150000000.0,1150000000.0,29830000.0,63163000.0,0.0,0.0,0.0,303365000.0,366528000.0,0.356,366528000.0,303365000.0,243400000.0,0.47,0.4,0.47,841996000.0,748950250.0,841996000.0,10569703697.0,35.0,28.837,175241000.0,0.551,1.0,664951000.0,0.645,0.0,59965000.0,2629581000.0,2473925250.0,0.0,1113713000.0,494953000.0,618760000.0,1409743000.0,259743000.0,1150000000.0,9975089697.0,-284710000.0,-3524000.0,-63356000.0,0.0,0.0,-63356000.0,-636462000.0,-393071000.0,415108000.0,0.0,141663000.0,141663000.0,141663000.0,0.0,0.0,0.137,419526000.0,245425000.0,62947000.0,0.0,11.847,70.414,66.17,252215000.0,0.0,31.1,9.676,9.6,137121000.0,117184000.0,1030873000.0,1030873000.0,138911000.0,0.066,0.189,0.123,0.294,81686000.0,171460000.0,1.0,320742434.0,318196000,318196000.0,3.24,2251739000.0,0.0,101737000.0,0.0,7.077,916232000.0
81,JNPR,MRT,2001-03-31,2001-03-31,2001-03-31,2021-08-02,8012000.0,2228972000.0,2026969500.0,1281914000.0,947058000.0,0.465,2.633,-248058000.0,557742000.0,557742000.0,326194000.0,198411000.0,5.214,1.683,1152356000.0,0.0,1152356000.0,1152356000.0,25506000.0,37870000.0,0.0,0.0,0.0,366028000.0,403898000.0,0.429,403898000.0,366028000.0,306843000.0,0.65,0.58,0.65,830764000.0,670650500.0,830764000.0,12727392268.0,35.0,31.511,128230000.0,0.406,1.0,615526000.0,0.654,0.0,59185000.0,2577734000.0,2332310500.0,0.0,952628000.0,504872000.0,447756000.0,1398208000.0,245852000.0,1152356000.0,12133678268.0,-510787000.0,-30399000.0,-72806000.0,0.0,0.0,-72806000.0,-814269000.0,-535812000.0,376288000.0,0.0,198411000.0,198411000.0,198411000.0,0.0,0.0,0.211,340323000.0,275203000.0,86074000.0,0.0,14.605,61.154,58.4,250702000.0,0.0,37.96,12.885,12.72,193169000.0,154315000.0,941720000.0,941720000.0,114834000.0,0.098,0.296,0.157,0.389,81686000.0,147476000.0,1.0,319643790.0,315571000,344918000.0,2.984,2228972000.0,0.0,108432000.0,0.0,7.063,1036062000.0
82,JNPR,MRT,2000-12-31,2000-12-31,2000-12-31,2021-08-02,10963000.0,2103129000.0,1893447750.0,1348547000.0,754582000.0,0.356,2.398,-34999000.0,563005000.0,563005000.0,237554000.0,147916000.0,6.232,1.881,1156719000.0,0.0,1156719000.0,1156719000.0,34625000.0,34795000.0,0.0,0.0,0.0,278474000.0,313269000.0,0.465,313269000.0,278474000.0,230372000.0,0.49,0.43,0.49,730002000.0,580568250.0,730002000.0,40633974325.0,146.0,129.71,234084000.0,0.769,1.0,435947000.0,0.647,136047000.0,48102000.0,2344388000.0,2113353500.0,0.0,1032306000.0,581738000.0,450568000.0,1373127000.0,216408000.0,1156719000.0,40044095325.0,404962000.0,-39974000.0,-93285000.0,1123325000.0,0.0,1030040000.0,-894161000.0,-819188000.0,269083000.0,0.0,147916000.0,147916000.0,147916000.0,0.0,0.0,0.22,241858000.0,194089000.0,72347000.0,0.0,54.855,270.722,257.347,36440000.0,0.0,126.1,59.457,56.989,176535000.0,95749000.0,673501000.0,673501000.0,87833000.0,0.078,0.255,0.132,0.413,81686000.0,110205000.0,1.0,317558250.0,304381000,347858000.0,2.213,1967082000.0,0.0,82456000.0,0.0,6.463,1132139000.0
83,JNPR,MRT,2000-09-30,2000-09-30,2000-09-30,2021-08-02,20727000.0,1945425000.0,1496010000.0,1276026000.0,669399000.0,0.283,1.927,-32275000.0,571201000.0,571201000.0,154533000.0,88839000.0,6.67,2.28,1161080000.0,0.0,1161080000.0,1161080000.0,34770000.0,8588000.0,0.0,0.0,0.0,169032000.0,177620000.0,0.419,177620000.0,169032000.0,135772000.0,0.31,0.28,0.31,593039000.0,512496500.0,593039000.0,69400242046.0,411.0,390.723,120816000.0,0.393,1.0,269024000.0,0.635,0.0,33260000.0,2343998000.0,1597835750.0,0.0,1076361000.0,567731000.0,508630000.0,1352386000.0,191306000.0,1161080000.0,69031642046.0,534726000.0,-1456000.0,337459000.0,1123325000.0,0.0,1460784000.0,-1079149000.0,-1045418000.0,153091000.0,0.0,88839000.0,88839000.0,88839000.0,0.0,0.0,0.21,167495000.0,101529000.0,48431000.0,0.0,116.403,777.042,706.129,33039000.0,0.0,218.9,162.981,159.013,116319000.0,33592000.0,423557000.0,423557000.0,73410000.0,0.059,0.173,0.106,0.399,0.0,75418000.0,1.0,315356976.0,307679000,349721000.0,1.377,1945425000.0,0.0,46933000.0,0.0,6.323,1084720000.0
84,JNPR,MRT,2000-06-30,2000-06-30,2000-06-30,2021-08-02,25129000.0,1830352000.0,1046559000.0,1258414000.0,571938000.0,0.241,1.752,-27137000.0,797125000.0,797125000.0,96732000.0,29181000.0,9.265,2.461,1165725000.0,0.0,1165725000.0,1165725000.0,30872000.0,7838000.0,0.0,0.0,0.0,65534000.0,73372000.0,0.291,73372000.0,65534000.0,46736000.0,0.11,0.1,0.11,528797000.0,392531750.0,528797000.0,45817207301.0,699.0,624.451,78452000.0,0.26,1.0,155188000.0,0.616,0.0,18798000.0,2063122000.0,1031024500.0,0.0,797138000.0,384764000.0,412374000.0,1301555000.0,135830000.0,1165725000.0,45735736301.0,704696000.0,-37906000.0,327292000.0,1119651000.0,0.0,1446943000.0,-847836000.0,-782793000.0,105589000.0,0.0,29181000.0,29181000.0,29181000.0,0.0,0.0,0.116,132415000.0,22773000.0,37914000.0,0.0,86.49,1567.312,1323.636,28397000.0,0.0,145.6,181.549,174.474,60733000.0,-24479000.0,251920000.0,251920000.0,61320000.0,0.028,0.074,0.064,0.26,0.0,53898000.0,1.0,314119068.0,301879000,346411000.0,0.835,1830352000.0,0.0,17555000.0,0.0,6.063,1122584000.0
85,JNPR,MRT,2000-03-31,2000-03-31,2000-03-31,2021-08-02,-923000.0,1694885000.0,624753750.0,1391812000.0,303073000.0,0.25,1.592,-14907000.0,1068529000.0,1068529000.0,64026000.0,5712000.0,18.695,2.603,1150000000.0,0.0,1150000000.0,1150000000.0,19448000.0,6286000.0,0.0,0.0,0.0,16778000.0,23064000.0,0.147,23064000.0,16778000.0,12567000.0,0.01,0.0,0.01,470435000.0,288826000.0,470435000.0,41096525539.0,2449.0,1781.847,28436000.0,0.096,1.0,92422000.0,0.591,0.0,4211000.0,1701906000.0,521560750.0,0.0,496020000.0,281475000.0,214545000.0,1224450000.0,74450000.0,1150000000.0,41254568539.0,1019582000.0,-18631000.0,394862000.0,1119356000.0,0.0,1514218000.0,-537979000.0,-504441000.0,43343000.0,0.0,5712000.0,5712000.0,5712000.0,0.0,0.0,0.037,94390000.0,-1968000.0,55002000.0,0.0,87.695,7222.438,13180.0,16694000.0,0.0,131.8,263.695,248.99,29964000.0,-44096000.0,156448000.0,156448000.0,51311000.0,0.009,0.02,0.032,0.107,0.0,37306000.0,1.0,313008866.0,295554000,350290000.0,0.529,1694885000.0,0.0,6855000.0,0.0,5.735,1317362000.0
86,JNPR,MRT,1999-12-31,1999-12-31,1999-12-31,2021-08-02,-815000.0,513378000.0,217813750.0,377833000.0,135545000.0,0.471,2.418,-10020000.0,158043000.0,158043000.0,45272000.0,-9034000.0,6.788,0.122,0.0,0.0,0.0,0.0,19270000.0,5306000.0,0.0,0.0,0.0,-6081000.0,-775000.0,-0.008,-775000.0,-6081000.0,-6609000.0,-0.05,-0.05,-0.05,457715000.0,183001000.0,457715000.0,17571094460.0,-2890.0,-22672.38,10439000.0,0.055,1.0,57334000.0,0.559,17355000.0,528000.0,282317000.0,97332000.0,0.0,285116000.0,187915000.0,97201000.0,55663000.0,55663000.0,0.0,17607569460.0,137945000.0,-1456000.0,396326000.0,-7381000.0,0.0,422893000.0,-305407000.0,-293931000.0,20459000.0,0.0,-9034000.0,-9034000.0,-9034000.0,0.0,0.0,-0.088,71954000.0,-14620000.0,15368000.0,0.0,38.468,-1949.034,-1133.333,12416000.0,0.0,56.667,171.604,104.558,23950000.0,-52167000.0,102606000.0,102606000.0,41502000.0,-0.041,-0.049,-0.062,-0.059,0.0,26166000.0,1.0,310721814.0,189322000,189322000.0,0.542,496023000.0,0.0,2425000.0,2259000.0,2.62,322170000.0
87,JNPR,MRT,1999-09-30,1999-09-30,1999-09-30,2021-08-02,0.0,147621000.0,98637000.0,101693000.0,45928000.0,0.618,0.418,-8055000.0,36475000.0,36475000.0,30698000.0,-21398000.0,2.957,0.304,0.0,0.0,0.0,0.0,15359000.0,4577000.0,0.0,0.0,0.0,-19901000.0,-15324000.0,-0.251,-15324000.0,-19901000.0,-20873000.0,-0.222,-0.222,-0.222,113180000.0,72838500.0,113180000.0,9016616948.0,-453.0,-588.398,-8978000.0,-0.033,1.0,30273000.0,0.497,0.0,972000.0,76753000.0,27816750.0,0.0,84700000.0,48124000.0,36576000.0,34441000.0,34393000.0,48000.0,9107844948.0,6375000.0,0.0,72139000.0,-12100000.0,0.0,99692000.0,-92394000.0,-84339000.0,-923000.0,0.0,-21398000.0,-21398000.0,-21398000.0,0.0,0.0,-0.351,53188000.0,-22915000.0,8375000.0,0.0,80.472,-425.64,-136.712,9352000.0,0.0,30.35,149.38,134.857,13623000.0,-55247000.0,60971000.0,60971000.0,31827000.0,-0.217,-0.294,-0.715,-0.326,-628000.0,18116000.0,1.0,300093738.0,270918000,270918000.0,0.225,147621000.0,0.0,525000.0,0.0,0.545,67300000.0
88,JNPR,MRT,1999-06-30,1999-06-30,1999-06-30,2021-08-02,0.0,143131000.0,,125994000.0,17137000.0,,1.062,-7905000.0,92429000.0,92429000.0,18590000.0,-30390000.0,4.73,0.256,1201000.0,1201000.0,0.0,1201000.0,12815000.0,3740000.0,0.0,0.0,0.0,-29442000.0,-25702000.0,-0.818,-25702000.0,-29442000.0,-30268000.0,-0.348,-0.348,-0.348,113974000.0,,113974000.0,7260919481.0,-247.0,-282.504,-26007000.0,-0.242,1.0,12817000.0,0.408,0.0,826000.0,25267000.0,,0.0,23411000.0,15372000.0,8039000.0,29157000.0,26636000.0,2521000.0,7305897481.0,59570000.0,0.0,72371000.0,-6574000.0,0.0,105450000.0,-27778000.0,-19873000.0,-18102000.0,0.0,-30390000.0,-30390000.0,-30390000.0,0.0,0.0,-0.968,44000000.0,-31183000.0,6380000.0,0.0,64.101,-240.405,-71.36,9098000.0,0.0,24.833,232.62,84.835,17312000.0,-53660000.0,31407000.0,31407000.0,28601000.0,,,,-0.937,0.0,12582000.0,1.0,294197214.0,107292000,107292000.0,0.293,143131000.0,0.0,122000.0,0.0,1.334,99358000.0
89,JNPR,MRT,1999-03-31,1999-03-31,1999-03-31,2021-08-02,0.0,67125000.0,,58912000.0,8213000.0,,0.524,,48947000.0,48947000.0,10724000.0,-33741000.0,3.434,0.424,3969000.0,1183000.0,2786000.0,3969000.0,7858000.0,,0.0,,0.0,-33066000.0,,,,-33066000.0,-33721000.0,-0.408,-0.408,-0.408,47135000.0,,47135000.0,,,,,,1.0,3127000.0,0.226,0.0,655000.0,4991000.0,,0.0,502000.0,502000.0,0.0,19990000.0,17156000.0,2834000.0,,,,,,,,,,,,-33741000.0,-33741000.0,-33741000.0,0.0,0.0,-2.436,37753000.0,-34626000.0,5378000.0,0.0,,,,8078000.0,0.0,,,,8618000.0,-49808000.0,13851000.0,13851000.0,26671000.0,,,,-2.387,,8964000.0,1.0,294197214.0,89940000,89940000.0,0.154,67125000.0,0.0,20000.0,0.0,0.746,41756000.0
90,JNPR,MRT,1998-12-31,1998-12-31,1998-12-31,2021-08-02,0.0,36671000.0,43440500.0,28834000.0,7837000.0,0.088,0.22,-6531000.0,20098000.0,20098000.0,4416000.0,-30971000.0,2.002,1.149,2220000.0,2220000.0,0.0,2220000.0,5639000.0,2171000.0,0.0,,0.0,-30314000.0,-28143000.0,-7.392,-28143000.0,-30314000.0,-30969000.0,-0.4,-0.4,-0.4,17065000.0,31556500.0,17065000.0,,,,-31373000.0,-0.404,1.0,-609000.0,-0.16,135000.0,655000.0,4256000.0,12389000.0,0.0,0.0,0.0,0.0,19606000.0,14402000.0,5204000.0,,-10344000.0,0.0,696000.0,-1157000.0,0.0,5244000.0,9254000.0,15785000.0,-24842000.0,0.0,-30971000.0,-30971000.0,-30971000.0,0.0,0.0,-8.135,31661000.0,-32270000.0,4245000.0,0.0,,,,7702000.0,0.0,,,,8056000.0,-43133000.0,3807000.0,3807000.0,23987000.0,-0.713,-0.981,-2.447,-7.963,0.0,6439000.0,1.0,,77742000,77742000.0,0.049,36536000.0,0.0,2000.0,0.0,0.47,14432000.0
91,JNPR,MRT,1998-09-30,1998-09-30,1998-09-30,2021-08-02,,,,,,,,,,,,,,,,,,,,,,,0.0,,,,,,,,,,,,,,,,,,1.0,,,,,,,,,,,,,,,,,,,,,,,,,,,,,,,,,,,,,,,,,,,,,,,,,,,,,,1.0,,77370000,,,,,,,,
92,JNPR,MRT,1998-06-30,1998-06-30,1998-06-30,2021-08-02,,,,,,,,,,,,,,,,,,,,,,,0.0,,,,,,,,,,,,,,,,,,1.0,,,,,,,,,,,,,,,,,,,,,,,,,,,,,,,,,,,,,,,,,,,,,,,,,,,,,,1.0,,71700000,,,,,,,,
93,JNPR,MRT,1998-03-31,1998-03-31,1998-03-31,2021-08-02,,,,,,,,,,,,,,,,,,,,,,,0.0,,,,,,,,,,,,,,,,,,1.0,,,,,,,,,,,,,,,,,,,,,,,,,,,,,,,,,,,,,,,,,,,,,,,,,,,,,,1.0,,65232000,,,,,,,,
94,JNPR,MRT,1997-12-31,1997-12-31,1997-12-31,2021-08-02,0.0,50210000.0,,46770000.0,3440000.0,,0.893,-3110000.0,30442000.0,30442000.0,0.0,-10363000.0,22.496,0.09,2833000.0,750000.0,2083000.0,2833000.0,0.0,712000.0,0.0,,0.0,-10363000.0,-9651000.0,,-9651000.0,-10363000.0,-10363000.0,-0.2,-0.2,-0.2,46048000.0,,46048000.0,,,,-11724000.0,-0.227,1.0,0.0,,0.0,0.0,20522000.0,,0.0,15785000.0,15785000.0,0.0,4162000.0,2079000.0,2083000.0,,26844000.0,0.0,366000.0,-439000.0,0.0,48483000.0,-13025000.0,-9915000.0,-8614000.0,0.0,-10363000.0,-10363000.0,-10363000.0,0.0,0.0,,11598000.0,-11598000.0,661000.0,0.0,,,,3315000.0,0.0,,,,0.0,-12162000.0,0.0,0.0,9406000.0,,,,,0.0,2192000.0,1.0,,51546000,51546000.0,0.0,50210000.0,0.0,0.0,0.0,0.974,44691000.0
