None,ticker,dimension,calendardate,datekey,reportperiod,lastupdated,accoci,assets,assetsavg,assetsc,assetsnc,assetturnover,bvps,capex,cashneq,cashnequsd,cor,consolinc,currentratio,de,debt,debtc,debtnc,debtusd,deferredrev,depamor,deposits,divyield,dps,ebit,ebitda,ebitdamargin,ebitdausd,ebitusd,ebt,eps,epsdil,epsusd,equity,equityavg,equityusd,ev,evebit,evebitda,fcf,fcfps,fxusd,gp,grossmargin,intangibles,intexp,invcap,invcapavg,inventory,investments,investmentsc,investmentsnc,liabilities,liabilitiesc,liabilitiesnc,marketcap,ncf,ncfbus,ncfcommon,ncfdebt,ncfdiv,ncff,ncfi,ncfinv,ncfo,ncfx,netinc,netinccmn,netinccmnusd,netincdis,netincnci,netmargin,opex,opinc,payables,payoutratio,pb,pe,pe1,ppnenet,prefdivis,price,ps,ps1,receivables,retearn,revenue,revenueusd,rnd,roa,roe,roic,ros,sbcomp,sgna,sharefactor,sharesbas,shareswa,shareswadil,sps,tangibles,taxassets,taxexp,taxliabilities,tbvps,workingcapital
0,VTRS,MRY,2020-12-31,2020-12-31,2020-12-31,2021-08-09,-858000000.0,61553000000.0,38274350000.0,12867500000.0,48685500000.0,0.312,38.18,-240900000.0,844400000.0,844400000.0,8149300000.0,-669900000.0,1.218,1.682,25838600000.0,3409400000.0,22429200000.0,25838600000.0,0.0,2216100000.0,0.0,0.0,0.0,-223400000.0,1992700000.0,0.167,1992700000.0,-223400000.0,-721200000.0,-1.11,-1.11,-1.11,22954100000.0,14627725000.0,22954100000.0,21823669454.0,-98.0,10.952,990900000.0,1.648,1.0,3796700000.0,0.318,42030200000.0,497800000.0,33954100000.0,20011275000.0,5471900000.0,0.0,0.0,0.0,38598900000.0,10562900000.0,28036000000.0,10148569454.0,358800000.0,435800000.0,600000.0,-401300000.0,0.0,-605700000.0,-301100000.0,-57800000.0,1231800000.0,33800000.0,-669900000.0,-669900000.0,-669900000.0,0.0,0.0,-0.056,4007500000.0,-210800000.0,1904200000.0,0.0,0.442,-15.149,-16.883,3459900000.0,0.0,18.74,0.85,0.943,4843800000.0,5361200000.0,11946000000.0,11946000000.0,555100000.0,-0.018,-0.046,-0.011,-0.019,79200000.0,3344600000.0,1.0,541545862.0,601200000,601200000.0,19.87,19522800000.0,2147900000.0,-51300000.0,3412300000.0,32.473,2304600000.0
1,VTRS,MRY,2019-12-31,2019-12-31,2019-12-31,2021-08-09,-1797200000.0,31255500000.0,31508125000.0,6757300000.0,24498200000.0,0.365,23.044,-213200000.0,475600000.0,475600000.0,7602900000.0,16800000.0,1.213,1.63,12722400000.0,1508100000.0,11214300000.0,12722400000.0,0.0,2019300000.0,0.0,0.0,0.0,671700000.0,2691000000.0,0.234,2691000000.0,671700000.0,154400000.0,0.03,0.03,0.03,11883800000.0,11785400000.0,11883800000.0,23081163652.0,34.0,8.577,1590500000.0,3.084,1.0,3897600000.0,0.339,21240500000.0,517300000.0,16692700000.0,17826375000.0,2670900000.0,0.0,0.0,0.0,19371700000.0,5569100000.0,13802600000.0,10374263652.0,101800000.0,-120700000.0,8100000.0,-1102900000.0,0.0,-1169000000.0,-525400000.0,1300000.0,1803700000.0,-7500000.0,16800000.0,16800000.0,16800000.0,0.0,0.0,0.001,3182100000.0,715500000.0,1528100000.0,0.0,0.873,617.516,670.0,2149600000.0,0.0,20.1,0.902,0.901,3058800000.0,6031100000.0,11500500000.0,11500500000.0,639900000.0,0.001,0.001,0.038,0.058,56800000.0,2563600000.0,1.0,516132520.0,515700000,516500000.0,22.301,10015000000.0,703100000.0,137600000.0,1840500000.0,19.42,1188200000.0
2,VTRS,MRY,2018-12-31,2018-12-31,2018-12-31,2021-08-09,-1441300000.0,32734900000.0,33661625000.0,6367700000.0,26367200000.0,0.34,23.648,-252100000.0,388100000.0,388100000.0,7432300000.0,352500000.0,1.388,1.69,13862900000.0,701700000.0,13161200000.0,13862900000.0,0.0,2109900000.0,0.0,0.0,0.0,840700000.0,2950600000.0,0.258,2950600000.0,840700000.0,298400000.0,0.69,0.68,0.69,12167100000.0,12404675000.0,12167100000.0,28147302853.0,33.0,9.54,2089600000.0,4.061,1.0,4001600000.0,0.35,23412400000.0,542300000.0,18209500000.0,18362600000.0,2580200000.0,0.0,0.0,0.0,20567800000.0,4587800000.0,15980000000.0,14128302853.0,19400000.0,-36600000.0,-414200000.0,-631700000.0,0.0,-1090900000.0,-1210400000.0,21800000.0,2341700000.0,-21000000.0,352500000.0,352500000.0,352500000.0,0.0,0.0,0.031,3096000000.0,905600000.0,1617000000.0,0.0,1.161,40.08,39.71,2170200000.0,0.0,27.4,1.236,1.233,2881000000.0,6010700000.0,11433900000.0,11433900000.0,704500000.0,0.01,0.028,0.046,0.074,-3300000.0,2441000000.0,1.0,515631491.0,514500000,516500000.0,22.223,9322500000.0,572200000.0,-54100000.0,1843500000.0,18.12,1779900000.0
3,VTRS,MRY,2017-12-31,2017-12-31,2017-12-31,2021-08-09,-361200000.0,35806300000.0,35351000000.0,7213300000.0,28593000000.0,0.337,24.897,-275900000.0,292100000.0,292100000.0,7124600000.0,696000000.0,1.13,1.691,14720700000.0,1855400000.0,12865300000.0,14720700000.0,0.0,1805800000.0,0.0,0.0,0.0,1437600000.0,3243400000.0,0.272,3243400000.0,1437600000.0,903000000.0,1.3,1.3,1.3,13307600000.0,12772025000.0,13307600000.0,36867120826.0,26.0,11.367,1788900000.0,3.347,1.0,4783100000.0,0.402,25451500000.0,534600000.0,18398100000.0,19553400000.0,2542700000.0,0.0,0.0,0.0,22498700000.0,6385300000.0,16113400000.0,22696620826.0,-777100000.0,-80300000.0,-482400000.0,-1359500000.0,0.0,-1893100000.0,-976400000.0,100000.0,2064800000.0,27600000.0,696000000.0,696000000.0,696000000.0,0.0,0.0,0.058,3345900000.0,1437200000.0,1452500000.0,0.0,1.706,32.61,32.546,2339100000.0,0.0,42.31,1.906,1.899,3612400000.0,5644500000.0,11907700000.0,11907700000.0,783300000.0,0.02,0.054,0.074,0.121,74700000.0,2575700000.0,1.0,536436323.0,534500000,536700000.0,22.278,10354800000.0,496800000.0,207000000.0,2125300000.0,19.373,828000000.0
4,VTRS,MRY,2016-12-31,2016-12-31,2016-12-31,2021-08-09,-2263700000.0,34726200000.0,30686275000.0,7522500000.0,27203700000.0,0.361,21.669,-390400000.0,998800000.0,998800000.0,6379900000.0,480000000.0,1.492,2.124,15539300000.0,336400000.0,15202900000.0,15539300000.0,0.0,1523000000.0,0.0,0.0,0.0,576500000.0,2099500000.0,0.19,2099500000.0,576500000.0,121700000.0,0.94,0.92,0.94,11116200000.0,10886700000.0,11116200000.0,34975065402.0,61.0,16.659,1656800000.0,3.23,1.0,4697000000.0,0.424,23679700000.0,454800000.0,20546300000.0,16899050000.0,2456400000.0,0.0,0.0,0.0,23608600000.0,5040700000.0,18567900000.0,20414265402.0,-295600000.0,-6481900000.0,13800000.0,5496700000.0,0.0,5344600000.0,-7677800000.0,-8700000.0,2047200000.0,-9600000.0,480000000.0,480000000.0,480000000.0,0.0,0.0,0.043,3997800000.0,699200000.0,1348100000.0,0.0,1.836,42.53,40.585,2322200000.0,0.0,38.15,1.843,1.767,3310900000.0,4942100000.0,11076900000.0,11076900000.0,826800000.0,0.016,0.044,0.034,0.052,88900000.0,2498500000.0,1.0,535105253.0,513000000,520500000.0,21.592,11046500000.0,633200000.0,-358300000.0,2104100000.0,21.533,2481800000.0
5,VTRS,MRY,2015-12-31,2015-12-31,2015-12-31,2021-08-09,-1764300000.0,22267700000.0,22125650000.0,6472700000.0,15795000000.0,0.426,20.679,-362900000.0,1236000000.0,1236000000.0,5213200000.0,847700000.0,1.57,1.28,7373900000.0,1078300000.0,6295600000.0,7373900000.0,0.0,1032100000.0,0.0,0.0,0.0,1254700000.0,2286800000.0,0.243,2286800000.0,1254700000.0,915300000.0,1.8,1.7,1.8,9764400000.0,9554800000.0,9764400000.0,32415861155.0,26.0,14.175,1645600000.0,3.485,1.0,4216100000.0,0.447,12602000000.0,339400000.0,11681400000.0,12441850000.0,1951000000.0,0.0,0.0,0.0,12501900000.0,4122200000.0,8379700000.0,26588761155.0,1010500000.0,-693100000.0,30200000.0,-1274100000.0,0.0,604800000.0,-1569700000.0,-29000000.0,2008500000.0,-33100000.0,847600000.0,847600000.0,847600000.0,0.0,100000.0,0.09,2755200000.0,1460900000.0,1109600000.0,0.0,2.723,31.369,30.039,1983900000.0,0.0,54.07,2.82,2.708,2689100000.0,4462100000.0,9429300000.0,9429300000.0,671900000.0,0.038,0.089,0.101,0.133,92800000.0,2180700000.0,1.0,491747016.0,472200000,497400000.0,19.969,9665700000.0,457600000.0,67700000.0,810500000.0,20.47,2350500000.0
6,VTRS,MRY,2014-12-31,2014-12-31,2014-12-31,2021-08-09,-987000000.0,15820500000.0,15488100000.0,6441200000.0,9379300000.0,0.498,8.713,-325300000.0,225500000.0,225500000.0,4191600000.0,933100000.0,1.214,3.853,8503500000.0,2803600000.0,5699900000.0,8503500000.0,0.0,566600000.0,0.0,0.0,0.0,1304000000.0,1870600000.0,0.242,1870600000.0,1304000000.0,970800000.0,2.49,2.34,2.49,3255900000.0,3287925000.0,3255900000.0,28979001310.0,22.0,15.492,689500000.0,1.845,1.0,3528000000.0,0.457,6396400000.0,333200000.0,12398100000.0,13079425000.0,1651400000.0,0.0,0.0,0.0,12544500000.0,5304000000.0,7240500000.0,21097801310.0,-65800000.0,-50000000.0,53800000.0,-168600000.0,0.0,-267400000.0,-800300000.0,300000.0,1014800000.0,-12900000.0,929400000.0,929400000.0,929400000.0,0.0,3700000.0,0.12,2175400000.0,1352600000.0,905600000.0,0.0,6.48,22.7,22.639,1785700000.0,0.0,56.37,2.733,2.729,2268500000.0,3614500000.0,7719600000.0,7719600000.0,581800000.0,0.06,0.283,0.1,0.169,66000000.0,1625700000.0,1.0,374273573.0,373700000,398000000.0,20.657,9424100000.0,397400000.0,41400000.0,364600000.0,25.218,1137200000.0
7,VTRS,MRY,2013-12-31,2013-12-31,2013-12-31,2021-08-09,-240100000.0,15294800000.0,13073279250.0,4471200000.0,10823600000.0,0.528,7.675,-309300000.0,291300000.0,291300000.0,3868800000.0,626500000.0,1.509,4.193,8029900000.0,443400000.0,7586500000.0,8029900000.0,0.0,516000000.0,0.0,0.0,0.0,1057800000.0,1573800000.0,0.228,1573800000.0,1057800000.0,744500000.0,1.63,1.58,1.63,2941800000.0,2989294000.0,2941800000.0,22556901073.0,21.0,14.333,797300000.0,2.08,1.0,3040300000.0,0.44,6858400000.0,313300000.0,13211000000.0,11162931000.0,1656900000.0,0.0,0.0,0.0,12334900000.0,2964000000.0,9370900000.0,16615987073.0,-58700000.0,-1261900000.0,-923800000.0,1635800000.0,0.0,692900000.0,-1868800000.0,-8700000.0,1106600000.0,10600000.0,623700000.0,623700000.0,623700000.0,0.0,2800000.0,0.09,1904800000.0,1135500000.0,1072800000.0,0.0,5.648,26.641,26.626,1665500000.0,0.0,43.4,2.405,2.408,1820000000.0,2685100000.0,6909100000.0,6909100000.0,507800000.0,0.048,0.209,0.095,0.153,47000000.0,1408500000.0,1.0,382856845.0,383300000,394500000.0,18.025,8436400000.0,327900000.0,120800000.0,566500000.0,22.01,1507200000.0
8,VTRS,MRY,2012-12-31,2012-12-31,2012-12-31,2021-08-09,-86498000.0,11931897000.0,11793620250.0,3902717000.0,8029180000.0,0.576,8.046,-289000000.0,349969000.0,349969000.0,3887800000.0,643000000.0,1.779,2.567,5734231000.0,397035000.0,5337196000.0,5734231000.0,0.0,546600000.0,0.0,0.0,0.0,1110800000.0,1657400000.0,0.244,1657400000.0,1110800000.0,802100000.0,1.54,1.52,1.54,3340718000.0,3475314250.0,3340718000.0,16214604345.0,15.0,9.783,660000000.0,1.59,1.0,2908300000.0,0.428,5740112000.0,308700000.0,9382544000.0,8918548750.0,1525242000.0,0.0,0.0,0.0,8576069000.0,2193503000.0,6382566000.0,11186639345.0,-25100000.0,0.0,-856100000.0,226900000.0,0.0,-611500000.0,-364200000.0,-1800000.0,949000000.0,1600000.0,640900000.0,640900000.0,640900000.0,0.0,2100000.0,0.094,1798900000.0,1109400000.0,777908000.0,0.0,3.349,17.455,17.825,1397216000.0,0.0,27.45,1.646,1.677,1554342000.0,2061370000.0,6796100000.0,6796100000.0,401300000.0,0.054,0.184,0.125,0.163,42600000.0,1392400000.0,1.0,407527845.0,415200000,420200000.0,16.368,6191785000.0,317003000.0,161200000.0,309273000.0,14.913,1709214000.0
9,VTRS,MRY,2011-12-31,2011-12-31,2011-12-31,2021-08-09,-87839000.0,11598143000.0,11650040250.0,3568844000.0,8029299000.0,0.526,8.105,-279848000.0,375056000.0,375056000.0,3566461000.0,538803000.0,1.392,2.318,5298748000.0,819668000.0,4479080000.0,5298748000.0,0.0,510688000.0,0.0,0.0,0.0,988587000.0,1499275000.0,0.245,1499275000.0,988587000.0,652643000.0,1.25,1.22,1.25,3491775000.0,3686454250.0,3491775000.0,13974345366.0,14.0,9.321,440576000.0,1.023,1.0,2563364000.0,0.418,6148682000.0,335944000.0,7809997000.0,8071766250.0,1396742000.0,0.0,0.0,0.0,8093361000.0,2563156000.0,5530205000.0,9152949366.0,-286996000.0,-80510000.0,-282260000.0,-201812000.0,0.0,-644996000.0,-332041000.0,-3131000.0,720424000.0,-30383000.0,536810000.0,536810000.0,536810000.0,0.0,1993000.0,0.088,1557915000.0,1005449000.0,703235000.0,0.0,2.621,17.051,17.168,1298034000.0,0.0,21.46,1.493,1.508,1426438000.0,1420520000.0,6129825000.0,6129825000.0,294728000.0,0.046,0.146,0.122,0.161,42576000.0,1214631000.0,1.0,426512086.0,430839000,438785000.0,14.228,5449461000.0,242275000.0,115833000.0,353010000.0,12.648,1005688000.0
10,VTRS,MRY,2010-12-31,2010-12-31,2010-12-31,2021-08-09,171867000.0,11536804000.0,11091042750.0,3559443000.0,7977361000.0,0.491,11.101,-187845000.0,686024000.0,686024000.0,3233125000.0,345542000.0,1.967,2.199,5433146000.0,169770000.0,5263376000.0,5433146000.0,0.0,422788000.0,0.0,0.0,0.0,686979000.0,1109767000.0,0.204,1109767000.0,686979000.0,355517000.0,0.69,0.68,0.69,3601879000.0,3316359250.0,3601879000.0,11280642783.0,16.0,10.165,743559000.0,2.292,1.0,2217397000.0,0.407,6100484000.0,331462000.0,8373830000.0,8244733250.0,1240271000.0,29085000.0,29085000.0,0.0,7921403000.0,1809612000.0,6111791000.0,6544611783.0,281536000.0,-562765000.0,54653000.0,213816000.0,-139035000.0,100350000.0,-725410000.0,-2954000.0,931404000.0,-24808000.0,345115000.0,223580000.0,223580000.0,0.0,427000.0,0.041,1495813000.0,721584000.0,564706000.0,0.0,1.817,29.272,30.623,1209342000.0,121535000.0,21.13,1.201,1.258,1157081000.0,883710000.0,5450522000.0,5450522000.0,282146000.0,0.02,0.067,0.083,0.126,31385000.0,1086609000.0,1.0,309730799.0,324453000,328979000.0,16.799,5436320000.0,317015000.0,10402000.0,495657000.0,16.755,1749831000.0
11,VTRS,MRY,2009-12-31,2009-12-31,2009-12-31,2021-08-09,11807000.0,10801734000.0,10425907500.0,3285386000.0,7516348000.0,0.488,10.261,-154402000.0,428481000.0,428481000.0,3018313000.0,247748000.0,1.912,2.445,5178861000.0,193874000.0,4984987000.0,5178861000.0,0.0,401157000.0,0.0,0.0,0.0,530294000.0,931451000.0,0.183,931451000.0,530294000.0,211798000.0,0.31,0.3,0.31,3131146000.0,2925953000.0,3131146000.0,10287787603.0,19.0,11.045,450673000.0,1.477,1.0,2074472000.0,0.407,5716095000.0,318496000.0,8117872000.0,7974723500.0,1114219000.0,27559000.0,27559000.0,0.0,7656536000.0,1718147000.0,5938389000.0,5631916603.0,-176631000.0,-236661000.0,19623000.0,-335016000.0,-139035000.0,-454428000.0,-334998000.0,0.0,605075000.0,7720000.0,232571000.0,93536000.0,93536000.0,0.0,15177000.0,0.018,1551120000.0,523352000.0,518252000.0,0.0,1.799,60.211,59.452,1122648000.0,139035000.0,18.43,1.106,1.104,1234634000.0,660130000.0,5092785000.0,5092785000.0,275258000.0,0.009,0.032,0.066,0.104,31166000.0,1050145000.0,1.0,305584189.0,305162000,306913000.0,16.689,5085639000.0,285527000.0,-20773000.0,538605000.0,16.665,1567239000.0
12,VTRS,MRY,2008-12-31,2008-12-31,2008-12-31,2021-08-09,-380802000.0,10409859000.0,11134081000.0,3174673000.0,7235186000.0,0.461,9.061,-165113000.0,597456000.0,597456000.0,3067364000.0,-200107000.0,2.055,2.764,5235145000.0,156208000.0,5078937000.0,5235145000.0,0.0,425279000.0,0.0,0.0,0.0,313253000.0,738532000.0,0.144,738532000.0,313253000.0,-67526000.0,-1.1,-1.1,-1.1,2757733000.0,3005510250.0,2757733000.0,7811179697.0,25.0,10.577,219334000.0,0.721,1.0,2070221000.0,0.403,5614741000.0,380779000.0,7888157000.0,7731672000.0,1065990000.0,42260000.0,42260000.0,0.0,7623018000.0,1544650000.0,6078368000.0,3013497697.0,72945000.0,0.0,63751000.0,83055000.0,-137495000.0,-166936000.0,-152830000.0,47680000.0,384447000.0,8264000.0,-196076000.0,-335111000.0,-335111000.0,0.0,-4031000.0,-0.065,1772336000.0,297885000.0,498815000.0,0.0,1.093,-8.993,-8.991,1063996000.0,139035000.0,9.89,0.587,0.586,1164613000.0,566594000.0,5137585000.0,5137585000.0,317217000.0,-0.03,-0.111,0.041,0.061,30639000.0,1053485000.0,1.0,304701486.0,304360000,304360000.0,16.88,4795118000.0,215771000.0,128550000.0,671472000.0,15.755,1630023000.0
13,VTRS,MRY,2007-12-31,2007-03-31,2007-03-31,2021-08-09,1544000.0,4253867000.0,2620109000.0,2412044000.0,1841823000.0,0.615,7.666,-161851000.0,1252365000.0,1252365000.0,768151000.0,217284000.0,3.443,1.554,1887973000.0,233041000.0,1654932000.0,1887973000.0,90673000.0,61512000.0,0.0,0.011,0.24,477577000.0,539089000.0,0.334,539089000.0,477577000.0,425301000.0,1.01,0.99,1.01,1648860000.0,1144535250.0,1648860000.0,5066435205.0,11.0,9.398,228341000.0,1.062,1.0,843668000.0,0.523,965522000.0,52276000.0,3223418000.0,2370624250.0,429111000.0,174207000.0,174207000.0,0.0,2561800000.0,700535000.0,1861265000.0,4663024205.0,1102241000.0,-761049000.0,752862000.0,876716000.0,-50751000.0,1442816000.0,-730735000.0,192572000.0,390192000.0,-32000.0,217284000.0,217284000.0,217284000.0,0.0,0.0,0.135,416114000.0,427554000.0,160286000.0,0.238,2.828,21.461,20.931,686739000.0,0.0,21.14,2.893,2.821,350294000.0,2103282000.0,1611819000.0,1611819000.0,103692000.0,0.083,0.19,0.201,0.296,22156000.0,215538000.0,1.0,220578250.0,215096000,219120000.0,7.493,3288345000.0,191122000.0,208017000.0,164287000.0,15.288,1711509000.0
14,VTRS,MRY,2006-12-31,2006-03-31,2006-03-31,2021-08-09,2450000.0,1870526000.0,1951682000.0,1191900000.0,678626000.0,0.644,3.434,-103689000.0,150124000.0,150124000.0,629548000.0,184542000.0,4.493,1.375,689524000.0,4336000.0,685188000.0,689524000.0,89417000.0,46827000.0,0.0,0.01,0.24,305890000.0,352717000.0,0.281,352717000.0,305890000.0,274605000.0,0.8,0.79,0.8,787651000.0,1064479250.0,787651000.0,5530333317.0,18.0,15.679,312872000.0,1.364,1.0,627616000.0,0.499,208174000.0,31285000.0,1936502000.0,1825962750.0,279008000.0,368003000.0,368003000.0,0.0,1082875000.0,265250000.0,817625000.0,4925453317.0,12391000.0,0.0,-1200978000.0,666150000.0,-49772000.0,-599262000.0,195092000.0,304491000.0,416561000.0,0.0,184542000.0,184542000.0,184542000.0,0.0,0.0,0.147,340228000.0,287388000.0,89464000.0,0.3,6.253,26.69,29.25,406875000.0,0.0,23.4,3.918,4.27,242193000.0,1939045000.0,1257164000.0,1257164000.0,102431000.0,0.095,0.173,0.168,0.243,0.0,225380000.0,1.0,210489458.0,229389000,234209000.0,5.48,1662352000.0,137672000.0,90063000.0,33548000.0,7.247,926650000.0
15,VTRS,MRY,2005-12-31,2005-03-31,2005-03-31,2021-08-09,870000.0,2135673000.0,2044136000.0,1528452000.0,607221000.0,0.613,6.863,-90746000.0,137733000.0,137733000.0,629834000.0,203592000.0,6.226,0.157,1586000.0,1586000.0,0.0,1586000.0,0.0,45100000.0,0.0,0.007,0.12,312247000.0,357347000.0,0.285,357347000.0,312247000.0,312247000.0,0.76,0.74,0.76,1845936000.0,1795584250.0,1845936000.0,4606401744.0,15.0,12.891,112965000.0,0.42,1.0,623540000.0,0.497,223072000.0,0.0,1530947000.0,1468505250.0,286267000.0,670348000.0,670348000.0,0.0,289737000.0,245507000.0,44230000.0,4770967744.0,26249000.0,0.0,10068000.0,19622000.0,-32261000.0,-2571000.0,-174891000.0,-87517000.0,203711000.0,0.0,203592000.0,203592000.0,203592000.0,0.0,0.0,0.162,321369000.0,302171000.0,86192000.0,0.158,2.585,23.434,23.316,336719000.0,0.0,17.72,3.806,3.803,297334000.0,1808802000.0,1253374000.0,1253374000.0,88254000.0,0.1,0.113,0.213,0.249,0.0,259105000.0,1.0,269241972.0,268985000,273621000.0,4.66,1912601000.0,119327000.0,108655000.0,69028000.0,7.11,1282945000.0
16,VTRS,MRY,2004-12-31,2004-03-31,2004-03-31,2021-08-09,2496000.0,1885061000.0,1814786500.0,1327612000.0,557449000.0,0.757,6.172,-118451000.0,111484000.0,111484000.0,612149000.0,334609000.0,7.233,0.136,20716000.0,1586000.0,19130000.0,20716000.0,0.0,44323000.0,0.0,0.005,0.104,512608000.0,556931000.0,0.405,556931000.0,512608000.0,512608000.0,1.24,1.21,1.24,1659788000.0,1562339750.0,1659788000.0,5984619514.0,12.0,10.746,107127000.0,0.398,1.0,762468000.0,0.555,237180000.0,0.0,1373574000.0,1218583750.0,320797000.0,585445000.0,585445000.0,0.0,225273000.0,183539000.0,41734000.0,6095545514.0,-147418000.0,12000000.0,-106417000.0,9771000.0,-26024000.0,-122670000.0,-250326000.0,-145759000.0,225578000.0,0.0,334609000.0,334609000.0,334609000.0,0.0,0.0,0.243,267667000.0,494801000.0,58462000.0,0.084,3.672,18.217,18.331,273051000.0,0.0,22.73,4.434,4.447,191094000.0,1637497000.0,1374617000.0,1374617000.0,100813000.0,0.184,0.214,0.421,0.373,0.0,201612000.0,1.0,268171822.0,268931000,276318000.0,5.111,1647881000.0,78477000.0,177999000.0,46441000.0,6.128,1144073000.0
17,VTRS,MRY,2003-12-31,2003-03-31,2003-03-31,2021-08-09,3718000.0,1745223000.0,1711037750.0,1228211000.0,517012000.0,0.742,5.188,-32595000.0,258902000.0,258902000.0,597756000.0,272353000.0,4.621,0.207,21529000.0,1586000.0,19943000.0,21529000.0,0.0,40580000.0,0.0,0.004,0.08,426513000.0,467093000.0,0.368,467093000.0,426513000.0,426513000.0,0.98,0.96,0.98,1446332000.0,1448139250.0,1446332000.0,5051427098.0,12.0,10.815,280548000.0,1.006,1.0,671436000.0,0.529,252837000.0,0.0,989242000.0,1044073000.0,237777000.0,427904000.0,427904000.0,0.0,298891000.0,265771000.0,33120000.0,5284031098.0,98112000.0,30000.0,-210107000.0,0.0,-21192000.0,-231299000.0,16268000.0,51361000.0,313143000.0,0.0,272353000.0,272353000.0,272353000.0,0.0,0.0,0.215,244923000.0,426513000.0,72048000.0,0.082,3.653,19.401,19.558,178330000.0,0.0,19.167,4.163,4.21,187587000.0,1330933000.0,1269192000.0,1269192000.0,86748000.0,0.159,0.188,0.409,0.336,0.0,173070000.0,1.0,275688579.0,278789000,282330000.0,4.553,1492386000.0,104173000.0,154160000.0,63777000.0,5.353,962440000.0
18,VTRS,MRY,2002-12-31,2002-03-31,2002-03-31,2021-08-09,7920000.0,1619880000.0,1634835750.0,1066645000.0,553235000.0,0.675,4.965,-20621000.0,160790000.0,160790000.0,480111000.0,260251000.0,6.093,0.155,23899000.0,16000.0,23883000.0,23899000.0,0.0,46111000.0,0.0,0.005,0.071,408323000.0,454434000.0,0.412,454434000.0,408323000.0,408323000.0,0.92,0.91,0.92,1402239000.0,1289982250.0,1402239000.0,3581720962.0,9.0,7.882,325850000.0,1.154,1.0,623939000.0,0.565,271118000.0,0.0,1036824000.0,904162750.0,195074000.0,478986000.0,456266000.0,22720000.0,217641000.0,175047000.0,42594000.0,3707876962.0,-68393000.0,4848000.0,20852000.0,-8095000.0,-20195000.0,-7438000.0,-407426000.0,-383458000.0,346471000.0,0.0,260251000.0,260251000.0,260251000.0,0.0,0.0,0.236,210897000.0,413042000.0,41601000.0,0.077,2.644,14.247,14.232,166531000.0,0.0,13.093,3.358,3.349,150054000.0,1080736000.0,1104050000.0,1104050000.0,58847000.0,0.159,0.202,0.452,0.37,0.0,169913000.0,1.0,283188159.0,282432000,286578000.0,3.909,1348762000.0,92642000.0,148072000.0,79903000.0,4.776,891598000.0
19,VTRS,MRY,2001-12-31,2001-03-31,2001-03-31,2021-08-09,2983000.0,1469312000.0,1391404000.0,882563000.0,586749000.0,0.609,4.002,-23575000.0,229183000.0,229183000.0,464521000.0,37128000.0,2.997,0.297,28590000.0,5245000.0,23345000.0,28590000.0,0.0,42392000.0,0.0,0.006,0.071,58013000.0,100405000.0,0.119,100405000.0,58013000.0,58013000.0,0.133,0.133,0.133,1132536000.0,1080432500.0,1132536000.0,3054264792.0,53.0,30.419,42366000.0,0.15,1.0,382175000.0,0.451,294384000.0,0.0,679809000.0,635963500.0,161810000.0,83336000.0,55715000.0,27621000.0,336776000.0,294526000.0,42250000.0,3229552792.0,25690000.0,0.0,-85785000.0,-5987000.0,-20144000.0,-111916000.0,71665000.0,89960000.0,65941000.0,0.0,37128000.0,37128000.0,37128000.0,0.0,0.0,0.044,322685000.0,59490000.0,53935000.0,0.534,2.852,86.984,86.383,170193000.0,0.0,11.489,3.814,3.84,235938000.0,840741000.0,846696000.0,846696000.0,64385000.0,0.027,0.034,0.091,0.069,0.0,151212000.0,1.0,281102274.0,283023000,285186000.0,2.992,1174928000.0,59474000.0,20885000.0,53253000.0,4.151,588037000.0
20,VTRS,MRY,2000-12-31,2000-03-31,2000-03-31,2021-08-09,6936000.0,1341230000.0,1287801500.0,686746000.0,654484000.0,0.614,4.14,-28704000.0,203493000.0,203493000.0,369377000.0,154246000.0,7.824,0.114,40504000.0,9874000.0,30630000.0,40504000.0,0.0,35706000.0,0.0,0.008,0.093,242743000.0,278449000.0,0.352,278449000.0,242743000.0,242743000.0,0.529,0.524,0.529,1203722000.0,1142698750.0,1203722000.0,3359181950.0,14.0,12.064,90428000.0,0.311,1.0,420768000.0,0.533,332142000.0,0.0,758329000.0,682377000.0,148673000.0,129018000.0,99557000.0,29461000.0,137508000.0,87770000.0,49738000.0,3556689950.0,13644000.0,0.0,3587000.0,-15696000.0,-20663000.0,-32772000.0,-72716000.0,-20233000.0,119132000.0,0.0,154246000.0,154246000.0,154246000.0,0.0,0.0,0.195,173832000.0,246936000.0,23175000.0,0.176,2.955,23.059,23.104,168000000.0,0.0,12.222,4.501,4.497,197760000.0,823570000.0,790145000.0,790145000.0,49121000.0,0.12,0.135,0.356,0.307,0.0,148688000.0,1.0,291001905.0,290745000,293004000.0,2.718,1009088000.0,30792000.0,88497000.0,26966000.0,3.471,598976000.0
21,VTRS,MRY,1999-12-31,1999-03-31,1999-03-31,2021-08-09,1105000.0,1206661000.0,1045075250.0,571759000.0,634902000.0,0.69,3.751,-18756000.0,189849000.0,189849000.0,339342000.0,115409000.0,5.934,0.138,43768000.0,16941000.0,26827000.0,43768000.0,0.0,26911000.0,0.0,0.006,0.071,192294000.0,219205000.0,0.304,219205000.0,192294000.0,192294000.0,0.409,0.404,0.409,1059905000.0,916468000.0,1059905000.0,3396116237.0,18.0,15.493,146713000.0,0.519,1.0,381781000.0,0.529,339603000.0,0.0,624616000.0,600293500.0,136493000.0,103986000.0,69872000.0,34114000.0,146756000.0,96361000.0,50395000.0,3539490237.0,86093000.0,1396000.0,10137000.0,-14740000.0,-19833000.0,-24436000.0,-54940000.0,-29665000.0,165469000.0,0.0,115409000.0,115409000.0,115409000.0,0.0,0.0,0.16,194969000.0,186812000.0,17320000.0,0.174,3.339,30.669,29.818,154636000.0,0.0,12.196,4.908,4.779,148896000.0,690003000.0,721123000.0,721123000.0,61843000.0,0.11,0.126,0.32,0.267,0.0,122468000.0,1.0,290227880.0,282564000,286101000.0,2.552,867058000.0,18199000.0,76885000.0,24389000.0,3.069,475398000.0
22,VTRS,MRY,1998-12-31,1998-03-31,1998-03-31,2021-08-09,1570000.0,847753000.0,812666500.0,451072000.0,396681000.0,0.683,2.71,-28853000.0,103756000.0,103756000.0,288290000.0,100777000.0,6.322,0.139,34695000.0,8477000.0,26218000.0,34695000.0,0.0,21708000.0,0.0,0.007,0.071,148389000.0,170097000.0,0.306,170097000.0,148389000.0,148389000.0,0.369,0.364,0.369,744465000.0,702102500.0,744465000.0,2742635647.0,18.0,16.124,23797000.0,0.087,1.0,267133000.0,0.481,128745000.0,0.0,578601000.0,532131500.0,146041000.0,71662000.0,41941000.0,29721000.0,103288000.0,71346000.0,31942000.0,2809433647.0,-22400000.0,0.0,-14000.0,-19198000.0,-19525000.0,-38737000.0,-36313000.0,524000.0,52650000.0,0.0,100777000.0,100777000.0,100777000.0,0.0,0.0,0.181,142986000.0,124147000.0,20857000.0,0.192,3.774,27.878,27.702,151412000.0,0.0,10.222,5.058,5.056,136864000.0,594847000.0,555423000.0,555423000.0,46278000.0,0.124,0.144,0.279,0.267,0.0,96708000.0,1.0,274835900.0,274711500,276846750.0,2.022,719008000.0,15791000.0,47612000.0,11101000.0,2.617,379726000.0
23,VTRS,MRY,1997-12-31,1997-03-31,1997-03-31,2021-08-09,-947000.0,777580000.0,,379020000.0,398560000.0,,2.405,-23354000.0,126156000.0,126156000.0,259666000.0,63127000.0,4.813,0.179,50046000.0,17453000.0,32593000.0,50046000.0,0.0,17347000.0,0.0,0.011,0.071,87195000.0,104542000.0,0.237,104542000.0,87195000.0,87195000.0,0.231,0.227,0.231,659740000.0,,659740000.0,,,,23183000.0,0.085,1.0,180526000.0,0.41,137062000.0,0.0,485662000.0,,100890000.0,62657000.0,13876000.0,48781000.0,117840000.0,78746000.0,39094000.0,,-50824000.0,0.0,1107000.0,-19788000.0,-19491000.0,-38172000.0,-59189000.0,-5161000.0,46537000.0,0.0,63127000.0,63127000.0,63127000.0,0.0,0.0,0.143,122581000.0,57945000.0,22932000.0,0.307,,,28.629,135829000.0,0.0,6.613,,4.122,115303000.0,513750000.0,440192000.0,440192000.0,42633000.0,,,,0.198,0.0,79948000.0,1.0,,274333500,276135750.0,1.605,640518000.0,13532000.0,24068000.0,20296000.0,2.335,300274000.0
24,VTRS,MRY,1996-12-31,1996-03-31,1996-03-31,2021-08-09,,,,,,,,-31419000.0,,,197697000.0,102325000.0,,,,,,,,13450000.0,,0.008,0.068,141757000.0,155207000.0,0.395,155207000.0,141757000.0,141757000.0,0.382,0.378,0.382,,,,,,,44151000.0,0.164,1.0,195163000.0,0.497,,0.0,,,,,,,,,,,49700000.0,-520000.0,1836000.0,-2879000.0,-17502000.0,-18545000.0,-7325000.0,41584000.0,75570000.0,0.0,102325000.0,102325000.0,102325000.0,0.0,0.0,0.26,94986000.0,100177000.0,,0.178,,,23.56,,0.0,9.0,,6.161,,,392860000.0,392860000.0,38913000.0,,,,0.361,0.0,56073000.0,1.0,,268942500,271588500.0,1.461,,,39432000.0,,,
0,VTRS,MRQ,2021-06-30,2021-06-30,2021-06-30,2021-08-09,-1205000000.0,57984100000.0,,11749800000.0,46234300000.0,,17.544,-73800000.0,673900000.0,673900000.0,3250100000.0,-279200000.0,1.16,1.734,24401900000.0,3484900000.0,20917000000.0,24401900000.0,0.0,1317100000.0,0.0,0.008,0.11,-52000000.0,1265100000.0,0.276,1265100000.0,-52000000.0,-219100000.0,-0.23,-0.23,-0.23,21206900000.0,,21206900000.0,40904087138.0,-49.0,12.431,485600000.0,0.402,1.0,1327700000.0,0.29,39854100000.0,167100000.0,31725400000.0,,4487600000.0,0.0,0.0,0.0,36777200000.0,10132600000.0,26644600000.0,17271687138.0,-134000000.0,83400000.0,0.0,-87000000.0,-133000000.0,-685500000.0,-16800000.0,-300000.0,559400000.0,8900000.0,-279200000.0,-279200000.0,-279200000.0,0.0,0.0,-0.061,1375500000.0,-47800000.0,1800200000.0,-0.478,0.814,-8.438,-6.159,3171400000.0,0.0,14.29,1.107,1.107,4478700000.0,3909900000.0,4577800000.0,4577800000.0,147700000.0,,,,,31000000.0,1204800000.0,1.0,1208655503.0,1208800000,1208800000.0,3.787,18130000000.0,2183700000.0,60100000.0,4121700000.0,14.998,1617200000.0
1,VTRS,MRQ,2021-03-31,2021-03-31,2021-03-31,2021-08-09,-1385600000.0,58979200000.0,,12318500000.0,46660700000.0,,17.735,-49500000.0,806900000.0,806900000.0,3303000000.0,-1037600000.0,1.235,1.754,24439300000.0,2337100000.0,22102200000.0,24439300000.0,0.0,1422500000.0,0.0,0.0,0.0,-272300000.0,1150200000.0,0.26,1150200000.0,-272300000.0,-441300000.0,-0.86,-0.86,-0.86,21414700000.0,,21414700000.0,41857144257.0,-65.0,16.241,799300000.0,0.662,1.0,1127300000.0,0.254,40396900000.0,169000000.0,32236600000.0,,4942200000.0,0.0,0.0,0.0,37564500000.0,9978100000.0,27586400000.0,16862944257.0,-36900000.0,277000000.0,0.0,-1063900000.0,0.0,-1099800000.0,236300000.0,0.0,848800000.0,-22200000.0,-1037600000.0,-1037600000.0,-1037600000.0,0.0,0.0,-0.234,1393500000.0,-266200000.0,2043200000.0,0.0,0.787,-9.757,-6.95,3246900000.0,0.0,13.97,1.226,1.226,4529000000.0,4323600000.0,4430300000.0,4430300000.0,184100000.0,,,,,32700000.0,1186500000.0,1.0,1207082624.0,1207500000,1207500000.0,3.669,18582300000.0,1997300000.0,596300000.0,3766600000.0,15.389,2340400000.0
2,VTRS,MRQ,2020-12-31,2020-12-31,2020-12-31,2021-08-09,-858000000.0,61553000000.0,,12867500000.0,48685500000.0,,38.18,-114800000.0,844400000.0,844400000.0,2917100000.0,-915800000.0,1.218,1.682,25838600000.0,3409400000.0,22429200000.0,25838600000.0,0.0,953100000.0,0.0,0.0,0.0,-869100000.0,84000000.0,0.023,84000000.0,-869100000.0,-1013500000.0,-1.59,-1.59,-1.59,22954100000.0,,22954100000.0,21823669454.0,-98.0,10.952,-78600000.0,-0.131,1.0,706400000.0,0.195,42030200000.0,144400000.0,33954100000.0,,5471900000.0,0.0,0.0,0.0,38598900000.0,10562900000.0,28036000000.0,10148569454.0,182800000.0,435800000.0,0.0,154100000.0,0.0,149100000.0,-22300000.0,-300000.0,36200000.0,19800000.0,-915800000.0,-915800000.0,-915800000.0,0.0,0.0,-0.253,1587500000.0,-881100000.0,1904200000.0,0.0,0.442,-15.149,-16.883,3459900000.0,0.0,18.74,0.85,0.943,4843800000.0,5361200000.0,3623500000.0,3623500000.0,154800000.0,,,,,29400000.0,1361400000.0,1.0,541545862.0,601200000,601200000.0,6.027,19522800000.0,2147900000.0,-97700000.0,3412300000.0,32.473,2304600000.0
3,VTRS,MRQ,2020-09-30,2020-09-30,2020-09-30,2021-08-09,-1423800000.0,31243100000.0,,7334700000.0,23908400000.0,,24.275,-38200000.0,664500000.0,664500000.0,1813600000.0,185700000.0,1.008,1.49,12339600000.0,3238100000.0,9101500000.0,12339600000.0,0.0,432300000.0,0.0,0.0,0.0,358900000.0,791200000.0,0.266,791200000.0,358900000.0,241600000.0,0.36,0.36,0.36,12547900000.0,,12547900000.0,19535523728.0,22.0,7.189,486800000.0,0.942,1.0,1158500000.0,0.39,20783100000.0,117300000.0,14859700000.0,,3022000000.0,0.0,0.0,0.0,18695200000.0,7275400000.0,11419800000.0,7666323728.0,342400000.0,0.0,0.0,400000.0,0.0,-145700000.0,-58700000.0,-400000.0,525000000.0,21800000.0,185700000.0,185700000.0,185700000.0,0.0,0.0,0.062,807100000.0,351400000.0,1447800000.0,0.0,0.611,28.777,28.519,2058300000.0,0.0,14.83,0.666,0.666,2964100000.0,6277000000.0,2972100000.0,2972100000.0,129800000.0,,,,,15100000.0,658400000.0,1.0,516946981.0,516900000,517700000.0,5.75,10460000000.0,658100000.0,55900000.0,1760700000.0,20.236,59300000.0
4,VTRS,MRQ,2020-06-30,2020-06-30,2020-06-30,2021-08-09,-2024900000.0,30155400000.0,,6464600000.0,23690800000.0,,22.724,-43200000.0,323600000.0,323600000.0,1705500000.0,39400000.0,0.927,1.567,12192800000.0,3198400000.0,8994400000.0,12192800000.0,0.0,415700000.0,0.0,0.0,0.0,136200000.0,551900000.0,0.202,551900000.0,136200000.0,20000000.0,0.08,0.08,0.08,11746200000.0,,11746200000.0,20425567078.0,24.0,7.535,336300000.0,0.651,1.0,1025700000.0,0.376,20479200000.0,116200000.0,14574100000.0,,2785700000.0,0.0,0.0,0.0,18409200000.0,6971300000.0,11437900000.0,8312467078.0,-263200000.0,0.0,0.0,-555900000.0,0.0,-584300000.0,-74500000.0,-21600000.0,379500000.0,16100000.0,39400000.0,39400000.0,39400000.0,0.0,0.0,0.014,891500000.0,134200000.0,1256700000.0,0.0,0.708,30.73,30.34,2037500000.0,0.0,16.08,0.723,0.723,2753200000.0,6091500000.0,2731200000.0,2731200000.0,156300000.0,,,,,15300000.0,719400000.0,1.0,516944470.0,516900000,517200000.0,5.284,9676200000.0,749400000.0,-19400000.0,1830200000.0,18.72,-506700000.0
5,VTRS,MRQ,2020-03-31,2020-03-31,2020-03-31,2021-08-09,-2453500000.0,30145900000.0,,6600500000.0,23545400000.0,,21.81,-43400000.0,572400000.0,572400000.0,1713100000.0,20800000.0,1.262,1.677,12685500000.0,1487700000.0,11197800000.0,12685500000.0,0.0,415000000.0,0.0,0.0,0.0,150600000.0,565600000.0,0.216,565600000.0,150600000.0,30700000.0,0.04,0.04,0.04,11262700000.0,,11262700000.0,19943001888.0,25.0,7.28,247700000.0,0.48,1.0,906100000.0,0.346,20373600000.0,119900000.0,16657200000.0,,2639600000.0,0.0,0.0,0.0,18883200000.0,5228200000.0,13655000000.0,7696201888.0,96800000.0,0.0,600000.0,100000.0,0.0,-24800000.0,-145600000.0,-35500000.0,291100000.0,-23900000.0,20800000.0,20800000.0,20800000.0,0.0,0.0,0.008,721400000.0,184700000.0,1273500000.0,0.0,0.683,122.943,124.25,2067000000.0,0.0,14.91,0.662,0.662,2774600000.0,6051900000.0,2619200000.0,2619200000.0,114200000.0,,,,,19400000.0,605400000.0,1.0,516177189.0,516400000,517000000.0,5.072,9772300000.0,701300000.0,9900000.0,1792500000.0,18.924,1372300000.0
6,VTRS,MRQ,2019-12-31,2019-12-31,2019-12-31,2021-08-09,-1797200000.0,31255500000.0,,6757300000.0,24498200000.0,,23.017,-73600000.0,475600000.0,475600000.0,2104400000.0,20500000.0,1.213,1.63,12722400000.0,1508100000.0,11214300000.0,12722400000.0,0.0,547700000.0,0.0,0.0,0.0,261200000.0,808900000.0,0.253,808900000.0,261200000.0,135200000.0,0.04,0.04,0.04,11883800000.0,,11883800000.0,23081163652.0,34.0,8.577,613100000.0,1.187,1.0,1087400000.0,0.341,21240500000.0,126000000.0,16692700000.0,,2670900000.0,0.0,0.0,0.0,19371700000.0,5569100000.0,13802600000.0,10374263652.0,116700000.0,28000000.0,100000.0,-450300000.0,0.0,-464400000.0,-114500000.0,1700000.0,686700000.0,8900000.0,20500000.0,20500000.0,20500000.0,0.0,0.0,0.006,815100000.0,272300000.0,1528100000.0,0.0,0.873,617.516,670.0,2149600000.0,0.0,20.1,0.902,0.901,3058800000.0,6031100000.0,3191800000.0,3191800000.0,151800000.0,,,,,5900000.0,654400000.0,1.0,516132520.0,516300000,519500000.0,6.182,10015000000.0,703100000.0,114700000.0,1840500000.0,19.398,1188200000.0
7,VTRS,MRQ,2019-09-30,2019-09-30,2019-09-30,2021-08-09,-2191200000.0,31053500000.0,,6645100000.0,24408400000.0,,22.216,-42400000.0,358900000.0,358900000.0,1889300000.0,189800000.0,1.431,1.709,13065800000.0,605300000.0,12460500000.0,13065800000.0,0.0,469700000.0,0.0,0.0,0.0,314700000.0,784400000.0,0.265,784400000.0,314700000.0,185800000.0,0.37,0.37,0.37,11463400000.0,,11463400000.0,23333107037.0,37.0,8.632,445400000.0,0.863,1.0,1072400000.0,0.362,21211400000.0,128900000.0,17904000000.0,,2763500000.0,0.0,0.0,0.0,19590100000.0,4645000000.0,14945100000.0,10203907037.0,161700000.0,-141600000.0,4000000.0,-126900000.0,0.0,-132700000.0,-176900000.0,-200000.0,487800000.0,-16500000.0,189800000.0,189800000.0,189800000.0,0.0,0.0,0.064,748700000.0,323700000.0,1511300000.0,0.0,0.89,214.819,219.778,2123900000.0,0.0,19.78,0.896,0.896,2948000000.0,6010600000.0,2961700000.0,2961700000.0,167900000.0,,,,,16100000.0,632700000.0,1.0,515869921.0,516000000,516200000.0,5.74,9842100000.0,628100000.0,-4000000.0,1710200000.0,19.074,2000100000.0
8,VTRS,MRQ,2019-06-30,2019-06-30,2019-06-30,2021-08-09,-1541700000.0,31816900000.0,,6265400000.0,25551500000.0,,23.09,-44100000.0,211500000.0,211500000.0,1918900000.0,-168500000.0,1.374,1.673,13340700000.0,750600000.0,12590100000.0,13340700000.0,0.0,501400000.0,0.0,0.0,0.0,79100000.0,580500000.0,0.204,580500000.0,79100000.0,-52100000.0,-0.33,-0.33,-0.33,11902800000.0,,11902800000.0,23374922003.0,37.0,8.507,624800000.0,1.212,1.0,932600000.0,0.327,22423600000.0,131200000.0,17962200000.0,,2776200000.0,0.0,0.0,0.0,19914100000.0,4560300000.0,15353800000.0,9813922003.0,-18200000.0,0.0,1600000.0,-524100000.0,0.0,-531800000.0,-158400000.0,0.0,668900000.0,3100000.0,-168500000.0,-168500000.0,-168500000.0,0.0,0.0,-0.059,837100000.0,95500000.0,1538200000.0,0.0,0.825,285.288,317.333,2146000000.0,0.0,19.04,0.869,0.87,2703800000.0,5820800000.0,2851500000.0,2851500000.0,147600000.0,,,,,16800000.0,668600000.0,1.0,515437080.0,515500000,515500000.0,5.532,9393300000.0,553100000.0,116400000.0,1773600000.0,18.222,1705100000.0
9,VTRS,MRQ,2019-03-31,2019-03-31,2019-03-31,2021-08-09,-1710500000.0,31906600000.0,,6262300000.0,25644300000.0,,23.09,-53100000.0,229800000.0,229800000.0,1690300000.0,-25000000.0,1.506,1.683,13790800000.0,703900000.0,13086900000.0,13790800000.0,0.0,500500000.0,0.0,0.0,0.0,16700000.0,517200000.0,0.207,517200000.0,16700000.0,-114500000.0,-0.05,-0.05,-0.05,11891600000.0,,11891600000.0,28096821470.0,39.0,9.938,-92800000.0,-0.18,1.0,805200000.0,0.323,22563400000.0,131200000.0,18746600000.0,,2708800000.0,0.0,0.0,0.0,20015000000.0,4157600000.0,15857400000.0,14622021470.0,-158400000.0,-7100000.0,2400000.0,-1600000.0,0.0,-40100000.0,-75600000.0,-200000.0,-39700000.0,-3000000.0,-25000000.0,-25000000.0,-25000000.0,0.0,0.0,-0.01,781200000.0,24000000.0,1316500000.0,0.0,1.23,60.824,61.609,2151400000.0,0.0,28.34,1.3,1.298,2778500000.0,5989300000.0,2495500000.0,2495500000.0,172600000.0,,,,,18000000.0,607900000.0,1.0,515949946.0,515000000,515000000.0,4.846,9343200000.0,507800000.0,-89500000.0,1666400000.0,18.142,2104700000.0
10,VTRS,MRQ,2018-12-31,2018-12-31,2018-12-31,2021-08-09,-1441300000.0,32734900000.0,,6367700000.0,26367200000.0,,23.635,-114700000.0,388100000.0,388100000.0,2063100000.0,51200000.0,1.388,1.69,13862900000.0,701700000.0,13161200000.0,13862900000.0,0.0,608900000.0,0.0,0.0,0.0,212200000.0,821100000.0,0.267,821100000.0,212200000.0,77000000.0,0.1,0.1,0.1,12167100000.0,,12167100000.0,28147302853.0,33.0,9.54,521400000.0,1.013,1.0,1015600000.0,0.33,23412400000.0,135200000.0,18209500000.0,,2580200000.0,0.0,0.0,0.0,20567800000.0,4587800000.0,15980000000.0,14128302853.0,-113800000.0,270500000.0,2200000.0,-564900000.0,0.0,-576200000.0,-175600000.0,-900000.0,636100000.0,1900000.0,51200000.0,51200000.0,51200000.0,0.0,0.0,0.017,782800000.0,232800000.0,1617000000.0,0.0,1.161,40.08,39.71,2170200000.0,0.0,27.4,1.236,1.233,2881000000.0,6010700000.0,3078700000.0,3078700000.0,148800000.0,,,,,5300000.0,632900000.0,1.0,515631491.0,514800000,516500000.0,5.98,9322500000.0,572200000.0,25800000.0,1843500000.0,18.109,1779900000.0
11,VTRS,MRQ,2018-09-30,2018-09-30,2018-09-30,2021-08-09,-1490900000.0,33455600000.0,,6541700000.0,26913900000.0,,23.452,-61500000.0,449200000.0,449200000.0,1823200000.0,176700000.0,1.262,1.773,14468200000.0,1176800000.0,13291400000.0,14468200000.0,0.0,500600000.0,0.0,0.0,0.0,328400000.0,829000000.0,0.29,829000000.0,328400000.0,192200000.0,0.34,0.34,0.34,12066200000.0,,12066200000.0,33281661496.0,31.0,10.698,592100000.0,1.151,1.0,1039200000.0,0.363,24035600000.0,136200000.0,18257000000.0,,2560600000.0,0.0,0.0,0.0,21389400000.0,5182000000.0,16207400000.0,18869761496.0,118900000.0,-243800000.0,1900000.0,-224400000.0,0.0,-224800000.0,-302100000.0,1800000.0,653600000.0,-7800000.0,176700000.0,176700000.0,176700000.0,0.0,0.0,0.062,701000000.0,338200000.0,1401100000.0,0.0,1.564,34.585,35.192,2119600000.0,0.0,36.6,1.628,1.624,2948700000.0,5965800000.0,2862400000.0,2862400000.0,144100000.0,,,,,-29200000.0,577300000.0,1.0,515567254.0,514500000,516500000.0,5.563,9420000000.0,514000000.0,15500000.0,1840100000.0,18.309,1359700000.0
12,VTRS,MRQ,2018-06-30,2018-06-30,2018-06-30,2021-08-09,-1199300000.0,33271500000.0,,6297800000.0,26973700000.0,,23.734,-45200000.0,330200000.0,330200000.0,1845800000.0,37500000.0,1.295,1.725,14742100000.0,1422100000.0,13320000000.0,14742100000.0,0.0,501900000.0,0.0,0.0,0.0,157900000.0,659800000.0,0.235,659800000.0,157900000.0,18700000.0,0.07,0.07,0.07,12208700000.0,,12208700000.0,33393484577.0,31.0,10.998,385000000.0,0.748,1.0,962500000.0,0.343,24033400000.0,139200000.0,18786800000.0,,2561000000.0,0.0,0.0,0.0,21062800000.0,4863200000.0,16199600000.0,18628184577.0,-60900000.0,0.0,2900000.0,-151900000.0,0.0,-168500000.0,-303800000.0,13400000.0,430200000.0,-18800000.0,37500000.0,37500000.0,37500000.0,0.0,0.0,0.013,783600000.0,178900000.0,1342100000.0,0.0,1.526,40.744,41.54,2186200000.0,0.0,36.14,1.59,1.586,2818200000.0,5789100000.0,2808300000.0,2808300000.0,206700000.0,,,,,-800000.0,623300000.0,1.0,515445063.0,514400000,516300000.0,5.459,9238100000.0,467800000.0,-18800000.0,1851100000.0,17.959,1434600000.0
13,VTRS,MRQ,2018-03-31,2018-03-31,2018-03-31,2021-08-09,-191500000.0,35184500000.0,,6761300000.0,28423200000.0,,25.616,-30700000.0,367400000.0,367400000.0,1700200000.0,87100000.0,1.059,1.67,15132700000.0,2681300000.0,12451400000.0,15132700000.0,0.0,498500000.0,0.0,0.0,0.0,142200000.0,640700000.0,0.239,640700000.0,142200000.0,10500000.0,0.17,0.17,0.17,13176700000.0,,13176700000.0,35622162960.0,26.0,10.931,591100000.0,1.149,1.0,984300000.0,0.367,25365900000.0,131700000.0,18197100000.0,,2641100000.0,0.0,0.0,0.0,22007800000.0,6386800000.0,15621000000.0,21193562960.0,75200000.0,-63300000.0,-421200000.0,309500000.0,0.0,-121400000.0,-428900000.0,7500000.0,621800000.0,3700000.0,87100000.0,87100000.0,87100000.0,0.0,0.0,0.032,828600000.0,155700000.0,1386600000.0,0.0,1.608,29.571,30.272,2275200000.0,0.0,41.17,1.785,1.784,3024800000.0,5751600000.0,2684500000.0,2684500000.0,204900000.0,,,,,21400000.0,607500000.0,1.0,514781709.0,514400000,516800000.0,5.219,9818600000.0,497600000.0,-76600000.0,2074000000.0,19.087,374500000.0
14,VTRS,MRQ,2017-12-31,2017-12-31,2017-12-31,2021-08-09,-361200000.0,35806300000.0,,7213300000.0,28593000000.0,,24.953,-119500000.0,292100000.0,292100000.0,1944300000.0,244300000.0,1.13,1.691,14720700000.0,1855400000.0,12865300000.0,14720700000.0,0.0,526000000.0,0.0,0.0,0.0,455400000.0,981400000.0,0.303,981400000.0,455400000.0,327100000.0,0.46,0.46,0.46,13307600000.0,,13307600000.0,36867120826.0,26.0,11.367,376000000.0,0.705,1.0,1294600000.0,0.4,25451500000.0,128300000.0,18398100000.0,,2542700000.0,0.0,0.0,0.0,22498700000.0,6385300000.0,16113400000.0,22696620826.0,-380900000.0,-8700000.0,-495200000.0,-119700000.0,0.0,-639200000.0,-220700000.0,100000.0,495500000.0,-16500000.0,244300000.0,244300000.0,244300000.0,0.0,0.0,0.075,875400000.0,419200000.0,1452500000.0,0.0,1.706,32.61,32.546,2339100000.0,0.0,42.31,1.906,1.899,3612400000.0,5644500000.0,3238900000.0,3238900000.0,202400000.0,,,,,10500000.0,660300000.0,1.0,536436323.0,533300000,535800000.0,6.073,10354800000.0,496800000.0,82800000.0,2125300000.0,19.416,828000000.0
15,VTRS,MRQ,2017-09-30,2017-09-30,2017-09-30,2021-08-09,-611200000.0,35818900000.0,,7266600000.0,28552300000.0,,24.835,-47100000.0,614900000.0,614900000.0,1809000000.0,88300000.0,1.458,1.695,14785400000.0,793000000.0,13992400000.0,14785400000.0,0.0,443100000.0,0.0,0.0,0.0,311400000.0,754500000.0,0.253,754500000.0,311400000.0,179600000.0,0.17,0.16,0.17,13291600000.0,,13291600000.0,31268226751.0,23.0,10.043,501500000.0,0.937,1.0,1178100000.0,0.394,25255200000.0,131800000.0,19750200000.0,,2548100000.0,0.0,0.0,0.0,22527300000.0,4984000000.0,17543300000.0,16823126751.0,2000000.0,0.0,3900000.0,-426200000.0,0.0,-423100000.0,-126900000.0,0.0,548600000.0,3400000.0,88300000.0,88300000.0,88300000.0,0.0,0.0,0.03,861600000.0,316500000.0,1276100000.0,0.0,1.266,19.355,18.784,2310000000.0,0.0,31.37,1.409,1.407,3220200000.0,5393800000.0,2987100000.0,2987100000.0,182300000.0,,,,,22200000.0,664100000.0,1.0,536280738.0,535200000,537000000.0,5.581,10563700000.0,559800000.0,91300000.0,2153200000.0,19.738,2282600000.0
16,VTRS,MRQ,2017-06-30,2017-06-30,2017-06-30,2021-08-09,-955600000.0,35506200000.0,,6965900000.0,28540300000.0,,23.987,-50900000.0,612800000.0,612800000.0,1736800000.0,297000000.0,1.347,1.767,15057900000.0,1032300000.0,14025600000.0,15057900000.0,0.0,421200000.0,0.0,0.0,0.0,461000000.0,882200000.0,0.298,882200000.0,461000000.0,324700000.0,0.56,0.55,0.56,12832900000.0,,12832900000.0,35107998061.0,41.0,13.381,516900000.0,0.966,1.0,1225400000.0,0.414,25003000000.0,136300000.0,19778600000.0,,2610200000.0,0.0,0.0,0.0,22673300000.0,5169700000.0,17503600000.0,20805598061.0,-110800000.0,0.0,3900000.0,-246000000.0,0.0,-255100000.0,-452000000.0,0.0,567800000.0,28500000.0,297000000.0,297000000.0,297000000.0,0.0,0.0,0.1,751600000.0,473800000.0,1133400000.0,0.0,1.621,31.471,30.567,2366200000.0,0.0,38.82,1.733,1.73,2951000000.0,5305500000.0,2962200000.0,2962200000.0,181100000.0,,,,,18900000.0,620500000.0,1.0,535950491.0,535000000,537000000.0,5.537,10503200000.0,722500000.0,27700000.0,2145600000.0,19.632,1796200000.0
17,VTRS,MRQ,2017-03-31,2017-03-31,2017-03-31,2021-08-09,-1813000000.0,34272600000.0,,7065500000.0,27207100000.0,,21.807,-58400000.0,723800000.0,723800000.0,1634500000.0,66400000.0,1.562,1.94,15026200000.0,325400000.0,14700800000.0,15026200000.0,0.0,415500000.0,0.0,0.0,0.0,209800000.0,625300000.0,0.23,625300000.0,209800000.0,71600000.0,0.12,0.12,0.12,11656000000.0,,11656000000.0,35419527562.0,51.0,15.147,394500000.0,0.738,1.0,1085000000.0,0.399,23764100000.0,138200000.0,20286700000.0,,2547800000.0,0.0,0.0,0.0,22616600000.0,4524200000.0,18092400000.0,20879027562.0,-287400000.0,-71600000.0,5000000.0,-567600000.0,0.0,-575700000.0,-176800000.0,0.0,452900000.0,12200000.0,66400000.0,66400000.0,66400000.0,0.0,0.0,0.024,857300000.0,227700000.0,1141400000.0,0.0,1.791,39.209,37.49,2338000000.0,0.0,38.99,1.799,1.796,2872000000.0,5008500000.0,2719500000.0,2719500000.0,217500000.0,,,,,23100000.0,630800000.0,1.0,535496988.0,534500000,536900000.0,5.088,10508500000.0,564000000.0,5200000.0,2050100000.0,19.66,2541300000.0
18,VTRS,MRQ,2016-12-31,2016-12-31,2016-12-31,2021-08-09,-2263700000.0,34726200000.0,,7522500000.0,27203700000.0,,20.805,-150900000.0,998800000.0,998800000.0,1932800000.0,417500000.0,1.492,2.124,15539300000.0,336400000.0,15202900000.0,15539300000.0,0.0,476600000.0,0.0,0.0,0.0,374700000.0,851300000.0,0.261,851300000.0,374700000.0,224900000.0,0.82,0.8,0.82,11116200000.0,,11116200000.0,34975065402.0,61.0,16.659,198600000.0,0.372,1.0,1335000000.0,0.409,23679700000.0,149800000.0,20546300000.0,,2456400000.0,0.0,0.0,0.0,23608600000.0,5040700000.0,18567900000.0,20414265402.0,-316200000.0,-330200000.0,2700000.0,-4700000.0,0.0,-44800000.0,-596200000.0,-1700000.0,349500000.0,-24700000.0,417500000.0,417500000.0,417500000.0,0.0,0.0,0.128,1021600000.0,313400000.0,1348100000.0,0.0,1.836,42.53,40.585,2322200000.0,0.0,38.15,1.843,1.767,3310900000.0,4942100000.0,3267800000.0,3267800000.0,194600000.0,,,,,17800000.0,710900000.0,1.0,535105253.0,534300000,536400000.0,6.116,11046500000.0,633200000.0,-192600000.0,2104100000.0,20.675,2481800000.0
19,VTRS,MRQ,2016-09-30,2016-09-30,2016-09-30,2021-08-09,-1120400000.0,36538500000.0,,7965100000.0,28573400000.0,,22.588,-118500000.0,1256600000.0,1256600000.0,1773800000.0,-119800000.0,0.834,2.089,15817400000.0,4488800000.0,11328600000.0,15817400000.0,0.0,445900000.0,0.0,0.0,0.0,-180900000.0,265000000.0,0.087,265000000.0,-180900000.0,-325300000.0,-0.23,-0.23,-0.23,11827300000.0,,11827300000.0,27512326266.0,56.0,14.649,1082100000.0,2.067,1.0,1283300000.0,0.42,25246500000.0,144400000.0,16298800000.0,,2687500000.0,0.0,0.0,0.0,24709700000.0,9554000000.0,15155700000.0,20390826266.0,-5105300000.0,-5208400000.0,4300000.0,-532100000.0,0.0,-531000000.0,-5780300000.0,-600000.0,1200600000.0,5400000.0,-119800000.0,-119800000.0,-119800000.0,0.0,0.0,-0.039,1414000000.0,-130700000.0,1254900000.0,0.0,1.724,79.311,71.925,2284200000.0,0.0,38.12,1.98,1.938,3098900000.0,4524600000.0,3057100000.0,3057100000.0,199100000.0,,,,,19200000.0,656900000.0,1.0,534911497.0,523600000,523600000.0,5.839,11292000000.0,441800000.0,-205500000.0,2354100000.0,21.566,-1588900000.0
20,VTRS,MRQ,2016-06-30,2016-06-30,2016-06-30,2021-08-09,-1431300000.0,28836300000.0,,12186700000.0,16649600000.0,,20.48,-69200000.0,6361900000.0,6361900000.0,1389000000.0,168400000.0,3.229,1.791,13483400000.0,710600000.0,12772800000.0,13483400000.0,0.0,303400000.0,0.0,0.0,0.0,293400000.0,596800000.0,0.233,596800000.0,293400000.0,203100000.0,0.33,0.33,0.33,10329900000.0,,10329900000.0,28255938780.0,23.0,11.671,347400000.0,0.689,1.0,1171700000.0,0.458,13546700000.0,90300000.0,18636500000.0,,2191300000.0,0.0,0.0,0.0,18505000000.0,3774600000.0,14730400000.0,21980738780.0,5162500000.0,-943300000.0,3200000.0,5968400000.0,0.0,5889900000.0,-1141300000.0,-3800000.0,416600000.0,-2700000.0,168400000.0,168400000.0,168400000.0,0.0,0.0,0.066,760800000.0,410900000.0,1017600000.0,0.0,2.128,27.288,26.528,2057600000.0,0.0,43.24,2.212,2.195,2917400000.0,4644400000.0,2560700000.0,2560700000.0,179500000.0,,,,,25400000.0,581400000.0,1.0,508342710.0,504400000,509700000.0,5.077,15289600000.0,326300000.0,34700000.0,803900000.0,30.312,8412100000.0
21,VTRS,MRQ,2016-03-31,2016-03-31,2016-03-31,2021-08-09,-1290500000.0,22644100000.0,,6627600000.0,16016500000.0,,20.975,-51800000.0,1199400000.0,1199400000.0,1284300000.0,13900000.0,1.674,1.204,7474600000.0,1148900000.0,6325700000.0,7474600000.0,0.0,297100000.0,0.0,0.0,0.0,89300000.0,386400000.0,0.176,386400000.0,89300000.0,19000000.0,0.03,0.03,0.03,10273400000.0,,10273400000.0,28881282589.0,24.0,12.251,28700000.0,0.059,1.0,907000000.0,0.414,12845300000.0,70300000.0,12114600000.0,,2144100000.0,0.0,0.0,0.0,12369200000.0,3959400000.0,8409800000.0,22743382589.0,-36600000.0,0.0,3600000.0,65100000.0,0.0,30500000.0,-160000000.0,-2600000.0,80500000.0,12400000.0,13900000.0,13900000.0,13900000.0,0.0,0.0,0.006,801400000.0,105600000.0,1076200000.0,0.0,2.214,28.256,28.262,1998800000.0,0.0,46.35,2.333,2.329,2587400000.0,4476000000.0,2191300000.0,2191300000.0,253600000.0,,,,,26500000.0,549300000.0,1.0,490687866.0,489800000,509600000.0,4.474,9798800000.0,441000000.0,5100000.0,787400000.0,20.006,2668200000.0
22,VTRS,MRQ,2015-12-31,2015-12-31,2015-12-31,2021-08-09,-1764300000.0,22267700000.0,,6472700000.0,15795000000.0,,19.919,-155600000.0,1236000000.0,1236000000.0,1428100000.0,194600000.0,1.57,1.28,7373900000.0,1078300000.0,6295600000.0,7373900000.0,0.0,340700000.0,0.0,0.0,0.0,289200000.0,629900000.0,0.253,629900000.0,289200000.0,218300000.0,0.4,0.38,0.4,9764400000.0,,9764400000.0,32415861155.0,26.0,14.175,496400000.0,1.013,1.0,1062600000.0,0.427,12602000000.0,70900000.0,11681400000.0,,1951000000.0,0.0,0.0,0.0,12501900000.0,4122200000.0,8379700000.0,26588761155.0,649000000.0,-693100000.0,-62600000.0,999700000.0,0.0,923500000.0,-930400000.0,700000.0,652000000.0,3900000.0,194600000.0,194600000.0,194600000.0,0.0,0.0,0.078,638700000.0,423900000.0,1109600000.0,0.0,2.723,31.369,30.039,1983900000.0,0.0,54.07,2.82,2.708,2689100000.0,4462100000.0,2490700000.0,2490700000.0,159000000.0,,,,,26400000.0,596200000.0,1.0,491747016.0,490200000,510000000.0,5.081,9665700000.0,457600000.0,23700000.0,810500000.0,19.718,2350500000.0
23,VTRS,MRQ,2015-09-30,2015-09-30,2015-09-30,2021-08-09,-1553600000.0,21316500000.0,,6485900000.0,14830600000.0,,20.007,-85300000.0,587000000.0,587000000.0,1379900000.0,428600000.0,1.761,1.172,6414100000.0,568300000.0,5845800000.0,6414100000.0,0.0,257700000.0,0.0,0.0,0.0,550200000.0,807900000.0,0.3,807900000.0,550200000.0,455100000.0,0.87,0.83,0.87,9813600000.0,,9813600000.0,27845294842.0,21.0,12.782,889500000.0,1.813,1.0,1315300000.0,0.488,12013500000.0,95100000.0,11446000000.0,,1944100000.0,0.0,0.0,0.0,11501500000.0,3684100000.0,7817400000.0,19794894842.0,147300000.0,0.0,6400000.0,-1710800000.0,0.0,-432100000.0,-371500000.0,300000.0,974800000.0,-23900000.0,428600000.0,428600000.0,428600000.0,0.0,0.0,0.159,714200000.0,601100000.0,1236200000.0,0.0,2.017,23.504,21.651,1884700000.0,0.0,40.27,2.194,2.19,2917100000.0,4267500000.0,2695200000.0,2695200000.0,174800000.0,,,,,16100000.0,537100000.0,1.0,491554379.0,490500000,514000000.0,5.495,9303000000.0,522000000.0,26500000.0,715600000.0,18.966,2801800000.0
24,VTRS,MRQ,2015-06-30,2015-06-30,2015-06-30,2021-08-09,-1351600000.0,22794600000.0,,7891400000.0,14903200000.0,,19.522,-73900000.0,439700000.0,439700000.0,1363600000.0,167900000.0,1.47,1.382,8490100000.0,2599700000.0,5890400000.0,8490100000.0,0.0,258700000.0,0.0,0.0,0.0,274500000.0,533200000.0,0.225,533200000.0,274500000.0,180600000.0,0.34,0.32,0.34,9567900000.0,,9567900000.0,41507458109.0,33.0,20.749,40800000.0,0.083,1.0,1008100000.0,0.425,12038800000.0,93900000.0,13436800000.0,,1934300000.0,0.0,0.0,0.0,13225300000.0,5369400000.0,7855900000.0,33253658109.0,162500000.0,0.0,19000000.0,-401400000.0,0.0,222400000.0,-180300000.0,-2100000.0,114700000.0,5700000.0,167800000.0,167800000.0,167800000.0,0.0,100000.0,0.071,731500000.0,276600000.0,1101800000.0,0.0,3.476,36.434,29.25,1899300000.0,0.0,67.86,3.954,3.955,2861200000.0,3838900000.0,2371700000.0,2371700000.0,168200000.0,,,,,15900000.0,564200000.0,1.0,490033276.0,490100000,521900000.0,4.839,10755800000.0,481300000.0,12800000.0,667400000.0,21.946,2522000000.0
25,VTRS,MRQ,2015-03-31,2015-03-31,2015-03-31,2021-08-09,-1610900000.0,22123800000.0,,7426400000.0,14697400000.0,,21.706,-48100000.0,277200000.0,277200000.0,1041600000.0,56600000.0,1.404,1.436,8531000000.0,2780600000.0,5750400000.0,8531000000.0,0.0,175000000.0,0.0,0.0,0.0,140800000.0,315800000.0,0.169,315800000.0,140800000.0,61300000.0,0.14,0.13,0.14,9073300000.0,,9073300000.0,30768877196.0,25.0,16.929,218900000.0,0.524,1.0,830100000.0,0.444,11886400000.0,79500000.0,13203200000.0,,1908300000.0,0.0,0.0,0.0,13030600000.0,5288000000.0,7742600000.0,22456477196.0,51700000.0,0.0,67400000.0,-161600000.0,0.0,-109000000.0,-87500000.0,-27900000.0,267000000.0,-18800000.0,56600000.0,56600000.0,56600000.0,0.0,0.0,0.03,670800000.0,159300000.0,997000000.0,0.0,2.475,25.809,25.582,1872300000.0,0.0,59.35,2.851,3.15,2264600000.0,3671100000.0,1871700000.0,1871700000.0,169900000.0,,,,,34400000.0,483200000.0,1.0,378373668.0,418000000,443800000.0,4.478,10237400000.0,457700000.0,4700000.0,685100000.0,24.491,2138400000.0
26,VTRS,MRQ,2014-12-31,2014-12-31,2014-12-31,2021-08-09,-987000000.0,15820500000.0,,6441200000.0,9379300000.0,,8.692,-113800000.0,225500000.0,225500000.0,1113700000.0,190500000.0,1.214,3.853,8503500000.0,2803600000.0,5699900000.0,8503500000.0,0.0,168500000.0,0.0,0.0,0.0,353100000.0,521600000.0,0.25,521600000.0,353100000.0,271100000.0,0.51,0.48,0.51,3255900000.0,,3255900000.0,28979001310.0,22.0,15.492,12800000.0,0.034,1.0,969000000.0,0.465,6396400000.0,82000000.0,12398100000.0,,1651400000.0,0.0,0.0,0.0,12544500000.0,5304000000.0,7240500000.0,21097801310.0,25900000.0,0.0,19600000.0,-33500000.0,0.0,-13700000.0,-83400000.0,1500000.0,126600000.0,-3600000.0,189200000.0,189200000.0,189200000.0,0.0,1300000.0,0.091,576500000.0,392500000.0,905600000.0,0.0,6.48,22.7,22.639,1785700000.0,0.0,56.37,2.733,2.729,2268500000.0,3614500000.0,2082700000.0,2082700000.0,150200000.0,,,,,18000000.0,425600000.0,1.0,374273573.0,374600000,400700000.0,5.56,9424100000.0,397400000.0,81900000.0,364600000.0,25.158,1137200000.0
27,VTRS,MRQ,2014-09-30,2014-09-30,2014-09-30,2021-08-09,-620300000.0,15174100000.0,,5817800000.0,9356300000.0,,9.055,-63200000.0,199600000.0,199600000.0,1071600000.0,499400000.0,1.3,3.474,8080800000.0,2357300000.0,5723500000.0,8080800000.0,0.0,133700000.0,0.0,0.0,0.0,496200000.0,629900000.0,0.302,629900000.0,496200000.0,412300000.0,1.33,1.26,1.33,3387500000.0,,3387500000.0,25045713542.0,20.0,14.205,377500000.0,1.009,1.0,1012400000.0,0.486,6729600000.0,83900000.0,11851800000.0,,1707500000.0,0.0,0.0,0.0,11767800000.0,4473900000.0,7293900000.0,17015413542.0,5700000.0,-17000000.0,4300000.0,118200000.0,0.0,-26200000.0,-397600000.0,1500000.0,440700000.0,-11200000.0,499100000.0,499100000.0,499100000.0,0.0,300000.0,0.239,517400000.0,495000000.0,857900000.0,0.0,5.023,18.487,18.492,1738300000.0,0.0,45.49,2.285,2.286,1733300000.0,3425300000.0,2084000000.0,2084000000.0,158200000.0,,,,,15500000.0,418300000.0,1.0,374047341.0,374100000,397300000.0,5.571,8444500000.0,393400000.0,-86800000.0,380500000.0,22.573,1343900000.0
28,VTRS,MRQ,2014-06-30,2014-06-30,2014-06-30,2021-08-09,-152700000.0,15602800000.0,,4477100000.0,11125700000.0,,8.919,-76000000.0,193900000.0,193900000.0,1028500000.0,126600000.0,1.721,3.674,8224200000.0,306000000.0,7918200000.0,8224200000.0,0.0,129200000.0,0.0,0.0,0.0,221000000.0,350200000.0,0.191,350200000.0,221000000.0,136400000.0,0.34,0.32,0.34,3334000000.0,,3334000000.0,27230983405.0,27.0,17.812,103400000.0,0.277,1.0,808800000.0,0.44,6809000000.0,84600000.0,14222800000.0,,1791100000.0,0.0,0.0,0.0,12250100000.0,2601300000.0,9648800000.0,19269583405.0,-49100000.0,-33000000.0,8000000.0,-122200000.0,0.0,-112900000.0,-118100000.0,-2800000.0,179400000.0,2500000.0,125200000.0,125200000.0,125200000.0,0.0,1400000.0,0.068,582700000.0,226100000.0,962500000.0,0.0,5.78,33.212,33.265,1755800000.0,0.0,51.56,2.703,2.704,1761600000.0,2926200000.0,1837300000.0,1837300000.0,155400000.0,,,,,17100000.0,404100000.0,1.0,373731253.0,373800000,397400000.0,4.915,8793800000.0,350100000.0,11200000.0,503700000.0,23.525,1875800000.0
29,VTRS,MRQ,2014-03-31,2014-03-31,2014-03-31,2021-08-09,-159400000.0,15355000000.0,,4342200000.0,11012800000.0,,8.526,-72300000.0,243000000.0,243000000.0,977800000.0,116600000.0,1.639,3.832,8204400000.0,423800000.0,7780600000.0,8204400000.0,0.0,135200000.0,0.0,0.0,0.0,233700000.0,368900000.0,0.215,368900000.0,233700000.0,151000000.0,0.31,0.29,0.31,3174300000.0,,3174300000.0,25899086717.0,24.0,16.215,195800000.0,0.526,1.0,737800000.0,0.43,6822100000.0,82700000.0,13845000000.0,,1737900000.0,0.0,0.0,0.0,12163300000.0,2649300000.0,9514000000.0,18160487717.0,-48300000.0,0.0,21900000.0,-131100000.0,0.0,-114600000.0,-201200000.0,100000.0,268100000.0,-600000.0,115900000.0,115900000.0,115900000.0,0.0,700000.0,0.068,498800000.0,239000000.0,928500000.0,0.0,5.721,28.703,29.065,1705000000.0,0.0,48.83,2.597,2.6,1678600000.0,2801000000.0,1715600000.0,1715600000.0,118000000.0,,,,,15400000.0,377700000.0,1.0,371912507.0,372300000,396700000.0,4.608,8532900000.0,308400000.0,35100000.0,516300000.0,22.919,1692900000.0
30,VTRS,MRQ,2013-12-31,2013-12-31,2013-12-31,2021-08-09,-240100000.0,15294800000.0,,4471200000.0,10823600000.0,,7.809,-70800000.0,291300000.0,291300000.0,1012600000.0,180900000.0,1.509,4.193,8029900000.0,443400000.0,7586500000.0,8029900000.0,0.0,142100000.0,0.0,0.0,0.0,272000000.0,414100000.0,0.229,414100000.0,272000000.0,192400000.0,0.48,0.45,0.48,2941800000.0,,2941800000.0,22556901073.0,21.0,14.333,347100000.0,0.921,1.0,795900000.0,0.44,6858400000.0,79600000.0,13211000000.0,,1656900000.0,0.0,0.0,0.0,12334900000.0,2964000000.0,9370900000.0,16615987073.0,-73600000.0,-1211000000.0,-480500000.0,1498700000.0,0.0,1008900000.0,-1505600000.0,-3000000.0,417900000.0,5200000.0,180200000.0,180200000.0,180200000.0,0.0,700000.0,0.1,522700000.0,273200000.0,1072800000.0,0.0,5.648,26.641,26.626,1665500000.0,0.0,43.4,2.405,2.408,1820000000.0,2685100000.0,1808500000.0,1808500000.0,155900000.0,,,,,11000000.0,380000000.0,1.0,382856845.0,376700000,396300000.0,4.801,8436400000.0,327900000.0,12200000.0,566500000.0,22.396,1507200000.0
31,VTRS,MRQ,2013-09-30,2013-09-30,2013-09-30,2021-08-09,-250947000.0,12901574000.0,,4343167000.0,8558407000.0,,8.415,-112800000.0,364920000.0,364920000.0,958900000.0,159400000.0,1.696,3.007,6305834000.0,526396000.0,5779438000.0,6305834000.0,0.0,126900000.0,0.0,0.0,0.0,268700000.0,395600000.0,0.224,395600000.0,268700000.0,194800000.0,0.42,0.4,0.42,3215319000.0,,3215319000.0,20516642429.0,20.0,13.204,301900000.0,0.79,1.0,808500000.0,0.457,5350570000.0,73900000.0,10930495000.0,,1645806000.0,0.0,0.0,0.0,9668900000.0,2561423000.0,7107477000.0,14573763429.0,87500000.0,-13800000.0,18000000.0,-217800000.0,0.0,-208300000.0,-132000000.0,-1500000.0,414700000.0,13100000.0,158900000.0,158900000.0,158900000.0,0.0,500000.0,0.09,468700000.0,339800000.0,875394000.0,0.0,4.533,24.068,24.626,1459046000.0,0.0,38.17,2.136,2.137,1717281000.0,2504849000.0,1767400000.0,1767400000.0,114000000.0,,,,,12700000.0,349800000.0,1.0,381811984.0,382100000,395500000.0,4.625,7551004000.0,341498000.0,35900000.0,378294000.0,19.762,1781744000.0
32,VTRS,MRQ,2013-06-30,2013-06-30,2013-06-30,2021-08-09,-354716000.0,12211711000.0,,4212299000.0,7999412000.0,,7.683,-72600000.0,277379000.0,277379000.0,959300000.0,178700000.0,1.811,3.164,6220258000.0,408088000.0,5812170000.0,6220258000.0,0.0,118100000.0,0.0,0.0,0.0,300500000.0,418600000.0,0.246,418600000.0,300500000.0,218700000.0,0.47,0.46,0.47,2928581000.0,,2928581000.0,17793152271.0,16.0,10.658,113800000.0,0.299,1.0,742400000.0,0.436,5331689000.0,81800000.0,10496569000.0,,1637373000.0,0.0,0.0,0.0,9266395000.0,2326332000.0,6940063000.0,11825208271.0,-17000000.0,-5000000.0,10600000.0,-115800000.0,0.0,-114300000.0,-88900000.0,-4500000.0,186400000.0,-200000.0,177700000.0,177700000.0,177700000.0,0.0,1000000.0,0.104,433700000.0,308700000.0,838035000.0,0.0,4.038,17.975,18.806,1431455000.0,0.0,31.03,1.724,1.725,1651389000.0,2345941000.0,1701700000.0,1701700000.0,111400000.0,,,,,11200000.0,315400000.0,1.0,381089535.0,381200000,387100000.0,4.464,6880022000.0,303985000.0,41000000.0,368323000.0,18.048,1885967000.0
33,VTRS,MRQ,2013-03-31,2013-03-31,2013-03-31,2021-08-09,-208402000.0,11885032000.0,,3950394000.0,7934638000.0,,7.303,-53100000.0,294421000.0,294421000.0,938000000.0,107500000.0,1.731,3.134,6262365000.0,590223000.0,5672142000.0,6262365000.0,0.0,128900000.0,0.0,0.0,0.0,216600000.0,345500000.0,0.212,345500000.0,216600000.0,138600000.0,0.27,0.27,0.27,2871476000.0,,2871476000.0,16837437557.0,15.0,10.274,34500000.0,0.088,1.0,693500000.0,0.425,5556946000.0,78000000.0,10013660000.0,,1623246000.0,0.0,0.0,0.0,8997840000.0,2282370000.0,6715470000.0,11453175557.0,-55600000.0,-32100000.0,-471900000.0,470700000.0,0.0,6600000.0,-142300000.0,300000.0,87600000.0,-7500000.0,106900000.0,106900000.0,106900000.0,0.0,600000.0,0.066,479700000.0,213800000.0,766075000.0,0.0,3.989,18.511,19.175,1421889000.0,0.0,28.955,1.673,1.664,1514480000.0,2168252000.0,1631500000.0,1631500000.0,126500000.0,,,,,12100000.0,351400000.0,1.0,395550874.0,393200000,399000000.0,4.149,6328086000.0,344454000.0,31700000.0,285925000.0,16.094,1668024000.0
34,VTRS,MRQ,2012-12-31,2012-12-31,2012-12-31,2021-08-09,-86498000.0,11931897000.0,,3902717000.0,8029180000.0,,8.212,-145421000.0,349969000.0,349969000.0,980532000.0,162272000.0,1.779,2.567,5734231000.0,397035000.0,5337196000.0,5734231000.0,0.0,128778000.0,0.0,0.0,0.0,265339000.0,394117000.0,0.229,394117000.0,265339000.0,190765000.0,0.39,0.39,0.39,3340718000.0,,3340718000.0,16214604345.0,15.0,9.783,145618000.0,0.358,1.0,742312000.0,0.431,5740112000.0,74574000.0,9382544000.0,,1525242000.0,0.0,0.0,0.0,8576069000.0,2193503000.0,6382566000.0,11186639345.0,17640000.0,0.0,-408629000.0,270102000.0,0.0,-126242000.0,-146372000.0,2265000.0,291039000.0,-785000.0,162014000.0,162014000.0,162014000.0,0.0,258000.0,0.094,479611000.0,262701000.0,777908000.0,0.0,3.349,17.455,17.825,1397216000.0,0.0,27.45,1.646,1.677,1554342000.0,2061370000.0,1722844000.0,1722844000.0,117730000.0,,,,,10501000.0,354598000.0,1.0,407527845.0,406800000,412475000.0,4.235,6191785000.0,317003000.0,28751000.0,309273000.0,15.221,1709214000.0
35,VTRS,MRQ,2012-09-30,2012-09-30,2012-09-30,2021-08-09,-35813000.0,11706418000.0,,3750734000.0,7955684000.0,,8.88,-44661000.0,333758000.0,333758000.0,1008664000.0,212086000.0,1.729,2.239,5361723000.0,515128000.0,4846595000.0,5361723000.0,0.0,171174000.0,0.0,0.0,0.0,340070000.0,511244000.0,0.284,511244000.0,340070000.0,264019000.0,0.52,0.51,0.52,3609491000.0,,3609491000.0,15246866237.0,14.0,9.547,417707000.0,1.028,1.0,793122000.0,0.44,5923226000.0,76051000.0,8641584000.0,,1495924000.0,33680000.0,33680000.0,0.0,8082182000.0,2169573000.0,5912609000.0,9892169237.0,17985000.0,0.0,24806000.0,-428761000.0,0.0,-402875000.0,-51945000.0,-2676000.0,462368000.0,10437000.0,211257000.0,211257000.0,211257000.0,0.0,829000.0,0.117,458432000.0,334690000.0,677364000.0,0.0,2.741,16.26,16.693,1335837000.0,0.0,24.372,1.498,1.5,1499633000.0,1899405000.0,1801786000.0,1801786000.0,108250000.0,,,,,9664000.0,342232000.0,1.0,405887535.0,406469000,411562000.0,4.433,5783192000.0,301833000.0,52762000.0,367803000.0,14.228,1581161000.0
36,VTRS,MRQ,2012-06-30,2012-06-30,2012-06-30,2021-08-09,-212874000.0,11601971000.0,,3751927000.0,7850044000.0,,7.579,-63173000.0,315743000.0,315743000.0,985178000.0,139172000.0,1.734,2.638,5670440000.0,504509000.0,5165931000.0,5670440000.0,0.0,122981000.0,0.0,0.0,0.0,265059000.0,388040000.0,0.23,388040000.0,265059000.0,189393000.0,0.33,0.33,0.33,3185189000.0,,3185189000.0,14305523336.0,14.0,9.507,239492000.0,0.57,1.0,702637000.0,0.416,5959301000.0,75666000.0,8833355000.0,,1473360000.0,32240000.0,32240000.0,0.0,8402850000.0,2164012000.0,6238838000.0,9123577336.0,56293000.0,0.0,-489459000.0,313312000.0,0.0,-174310000.0,-57665000.0,-1291000.0,302665000.0,-14397000.0,138550000.0,138550000.0,138550000.0,0.0,622000.0,0.082,441166000.0,261471000.0,678451000.0,0.0,2.864,16.474,16.313,1298587000.0,0.0,21.37,1.43,1.408,1526315000.0,1688149000.0,1687815000.0,1687815000.0,94361000.0,,,,,10132000.0,359011000.0,1.0,426933895.0,420281000,424394000.0,4.016,5642670000.0,279808000.0,50843000.0,352673000.0,13.426,1587915000.0
37,VTRS,MRQ,2012-03-31,2012-03-31,2012-03-31,2021-08-09,28877000.0,11934195000.0,,3739138000.0,8195057000.0,,8.814,-35745000.0,266760000.0,266760000.0,913426000.0,129470000.0,1.771,2.165,5448706000.0,542335000.0,4906371000.0,5448706000.0,0.0,123667000.0,0.0,0.0,0.0,240332000.0,363999000.0,0.23,363999000.0,240332000.0,157923000.0,0.3,0.3,0.3,3765859000.0,,3765859000.0,14926017838.0,15.0,9.761,-142817000.0,-0.334,1.0,670229000.0,0.423,6188149000.0,82409000.0,8816712000.0,,1488281000.0,31041000.0,31041000.0,0.0,8154840000.0,2111280000.0,6043560000.0,10011599838.0,-117018000.0,0.0,17182000.0,72247000.0,0.0,91927000.0,-108218000.0,-98000.0,-107072000.0,6345000.0,129079000.0,129079000.0,129079000.0,0.0,391000.0,0.082,419691000.0,250538000.0,679841000.0,0.0,2.659,17.823,17.765,1315728000.0,0.0,23.45,1.598,1.599,1537698000.0,1549599000.0,1583655000.0,1583655000.0,80959000.0,,,,,12303000.0,336559000.0,1.0,426933895.0,427251000,432365000.0,3.707,5746046000.0,285941000.0,28844000.0,413629000.0,13.449,1627858000.0
38,VTRS,MRQ,2011-12-31,2011-12-31,2011-12-31,2021-08-09,-87839000.0,11598143000.0,,3568844000.0,8029299000.0,,8.186,-113774000.0,375056000.0,375056000.0,886636000.0,129894000.0,1.392,2.318,5298748000.0,819668000.0,4479080000.0,5298748000.0,0.0,124237000.0,0.0,0.0,0.0,209581000.0,333818000.0,0.218,333818000.0,209581000.0,128473000.0,0.31,0.3,0.31,3491775000.0,,3491775000.0,13974345366.0,14.0,9.321,180312000.0,0.423,1.0,644599000.0,0.421,6148682000.0,81108000.0,7809997000.0,,1396742000.0,0.0,0.0,0.0,8093361000.0,2563156000.0,5530205000.0,9152949366.0,-137781000.0,-80510000.0,2703000.0,-218382000.0,0.0,-232703000.0,-178989000.0,-1623000.0,294086000.0,-20175000.0,129491000.0,129491000.0,129491000.0,0.0,403000.0,0.085,397203000.0,247396000.0,703235000.0,0.0,2.621,17.051,17.168,1298034000.0,0.0,21.46,1.493,1.508,1426438000.0,1420520000.0,1531235000.0,1531235000.0,76077000.0,,,,,9773000.0,301027000.0,1.0,426512086.0,426561000,429689000.0,3.59,5449461000.0,242275000.0,-1018000.0,353010000.0,12.775,1005688000.0
39,VTRS,MRQ,2011-09-30,2011-09-30,2011-09-30,2021-08-09,43871000.0,11118118000.0,,3609038000.0,7509080000.0,,8.165,-54661000.0,522166000.0,522166000.0,917365000.0,157378000.0,1.52,2.19,5343562000.0,860341000.0,4483221000.0,5343562000.0,0.0,141574000.0,0.0,0.0,0.0,277301000.0,418875000.0,0.266,418875000.0,277301000.0,191529000.0,0.37,0.36,0.37,3481557000.0,,3481557000.0,12436517343.0,14.0,9.099,228331000.0,0.535,1.0,658391000.0,0.418,5784960000.0,85772000.0,7779620000.0,,1386541000.0,30249000.0,30249000.0,0.0,7623981000.0,2374934000.0,5249047000.0,7242204343.0,77898000.0,0.0,3869000.0,14112000.0,0.0,-129939000.0,-41452000.0,811000.0,282992000.0,-33703000.0,156698000.0,156698000.0,156698000.0,0.0,680000.0,0.099,392483000.0,265908000.0,532921000.0,0.0,2.08,17.668,18.467,1238762000.0,0.0,16.99,1.2,1.201,1280011000.0,1291029000.0,1575756000.0,1575756000.0,70847000.0,,,,,11605000.0,319389000.0,1.0,426262763.0,426412000,431587000.0,3.695,5333158000.0,267164000.0,34831000.0,485479000.0,12.507,1234104000.0
40,VTRS,MRQ,2011-06-30,2011-06-30,2011-06-30,2021-08-09,454251000.0,12005775000.0,,3759613000.0,8246162000.0,,8.93,-70074000.0,459090000.0,459090000.0,904448000.0,146986000.0,1.491,2.1,5653403000.0,824302000.0,4829101000.0,5653403000.0,0.0,125326000.0,0.0,0.0,0.0,287149000.0,412475000.0,0.262,412475000.0,287149000.0,202495000.0,0.34,0.33,0.34,3868769000.0,,3868769000.0,15743265036.0,19.0,12.381,118852000.0,0.274,1.0,669429000.0,0.425,6203179000.0,84654000.0,8475857000.0,,1408960000.0,31199000.0,31199000.0,0.0,8124790000.0,2521052000.0,5603738000.0,10836334036.0,-173148000.0,0.0,-311975000.0,9224000.0,0.0,-300333000.0,-68225000.0,-157000.0,188926000.0,6484000.0,146446000.0,146446000.0,146446000.0,0.0,540000.0,0.093,388958000.0,280471000.0,670259000.0,0.0,2.801,29.965,27.411,1261249000.0,0.0,24.67,1.864,1.839,1441378000.0,1134330000.0,1573877000.0,1573877000.0,72494000.0,,,,,10941000.0,314220000.0,1.0,439251481.0,433236000,445391000.0,3.633,5802596000.0,337208000.0,56049000.0,490972000.0,13.394,1238561000.0
41,VTRS,MRQ,2011-03-31,2011-03-31,2011-03-31,2021-08-09,338404000.0,11878125000.0,,3756753000.0,8121372000.0,,8.93,-41339000.0,631963000.0,631963000.0,858012000.0,104545000.0,1.57,2.039,5538894000.0,772026000.0,4766868000.0,5538894000.0,0.0,119551000.0,0.0,0.0,0.0,214556000.0,334107000.0,0.231,334107000.0,214556000.0,130146000.0,0.24,0.23,0.24,3903716000.0,,3903716000.0,14650840509.0,21.0,12.849,-86919000.0,-0.199,1.0,590946000.0,0.408,6170185000.0,84410000.0,8221591000.0,,1326761000.0,30884000.0,30884000.0,0.0,7961151000.0,2393280000.0,5567871000.0,9903718509.0,-53965000.0,0.0,23143000.0,-6766000.0,0.0,17979000.0,-43375000.0,-2162000.0,-45580000.0,17011000.0,104175000.0,104175000.0,104175000.0,0.0,370000.0,0.072,379271000.0,211675000.0,634536000.0,0.0,2.537,37.14,31.041,1217174000.0,0.0,22.66,1.766,1.767,1335590000.0,987884000.0,1448958000.0,1448958000.0,75310000.0,,,,,10257000.0,279995000.0,1.0,437057304.0,437148000,448473000.0,3.315,5707940000.0,307690000.0,25971000.0,477479000.0,13.057,1363473000.0
42,VTRS,MRQ,2010-12-31,2010-12-31,2010-12-31,2021-08-09,171867000.0,11536804000.0,,3559443000.0,7977361000.0,,9.672,-96522000.0,686024000.0,686024000.0,855307000.0,20799000.0,1.967,2.199,5433146000.0,169770000.0,5263376000.0,5433146000.0,0.0,112916000.0,0.0,0.0,0.0,88481000.0,201397000.0,0.14,201397000.0,88481000.0,-2996000.0,-0.03,-0.03,-0.03,3601879000.0,,3601879000.0,11280642783.0,16.0,10.165,97934000.0,0.263,1.0,579192000.0,0.404,6100484000.0,91477000.0,8373830000.0,,1240271000.0,29085000.0,29085000.0,0.0,7921403000.0,1809612000.0,6111791000.0,6544611783.0,51131000.0,-6653000.0,17438000.0,-5224000.0,-34759000.0,-27925000.0,-104710000.0,142000.0,194456000.0,-10690000.0,19847000.0,2588000.0,2588000.0,0.0,952000.0,0.002,485018000.0,94174000.0,564706000.0,0.0,1.817,29.272,30.623,1209342000.0,17259000.0,21.13,1.201,1.258,1157081000.0,883710000.0,1434499000.0,1434499000.0,82070000.0,,,,,7229000.0,290189000.0,1.0,309730799.0,372402000,376874000.0,3.852,5436320000.0,317015000.0,-22843000.0,495657000.0,14.598,1749831000.0
43,VTRS,MRQ,2010-09-30,2010-09-30,2010-09-30,2021-08-09,124268000.0,11407041000.0,,3463285000.0,7943756000.0,,11.408,-38023000.0,634734000.0,634734000.0,775056000.0,143539000.0,2.011,2.228,5370765000.0,158536000.0,5212229000.0,5370765000.0,0.0,104939000.0,0.0,0.0,0.0,218693000.0,323632000.0,0.239,323632000.0,218693000.0,131157000.0,0.35,0.33,0.35,3530128000.0,,3530128000.0,10180633150.0,16.0,9.637,339790000.0,1.098,1.0,580057000.0,0.428,6130906000.0,87536000.0,8289825000.0,,1221765000.0,30108000.0,30108000.0,0.0,7864101000.0,1722341000.0,6141760000.0,5819079150.0,-198500000.0,-556112000.0,1208000.0,-7079000.0,-34758000.0,-43939000.0,-566308000.0,-7723000.0,377813000.0,33934000.0,143183000.0,108424000.0,108424000.0,0.0,356000.0,0.08,345739000.0,234318000.0,551329000.0,0.0,1.648,25.847,25.419,1150750000.0,34759000.0,18.81,1.084,1.084,1251862000.0,881123000.0,1355113000.0,1355113000.0,71992000.0,,,,,8539000.0,272285000.0,1.0,309360933.0,309446000,437921000.0,4.379,5276135000.0,292121000.0,-12026000.0,527606000.0,17.05,1740944000.0
44,VTRS,MRQ,2010-06-30,2010-06-30,2010-06-30,2021-08-09,-317358000.0,10597818000.0,,3629328000.0,6968490000.0,,9.602,-33142000.0,857484000.0,857484000.0,826686000.0,86933000.0,2.227,2.568,5219038000.0,171654000.0,5047384000.0,5219038000.0,0.0,102467000.0,0.0,0.0,0.0,178642000.0,281109000.0,0.205,281109000.0,178642000.0,100240000.0,0.17,0.16,0.17,2966684000.0,,2966684000.0,9904561635.0,20.0,11.041,85320000.0,0.276,1.0,541850000.0,0.396,5263401000.0,78402000.0,8066436000.0,,1096365000.0,23791000.0,23791000.0,0.0,7618862000.0,1629535000.0,5989327000.0,5262719635.0,286978000.0,0.0,11040000.0,273129000.0,-34759000.0,229016000.0,-26642000.0,6617000.0,118462000.0,-33858000.0,86228000.0,51469000.0,51469000.0,0.0,705000.0,0.038,347264000.0,194586000.0,527844000.0,0.0,1.774,68.622,65.538,1091674000.0,34759000.0,17.04,0.997,0.998,1249017000.0,772699000.0,1368536000.0,1368536000.0,66787000.0,,,,,8367000.0,268373000.0,1.0,308845049.0,308968000,314407000.0,4.429,5334417000.0,303689000.0,14012000.0,577902000.0,17.265,1999793000.0
45,VTRS,MRQ,2010-03-31,2010-03-31,2010-03-31,2021-08-09,-43195000.0,10822508000.0,,3354610000.0,7467898000.0,,10.315,-20158000.0,570290000.0,570290000.0,776076000.0,94270000.0,2.046,2.414,5212132000.0,153932000.0,5058200000.0,5212132000.0,0.0,102466000.0,0.0,0.0,0.0,201163000.0,303629000.0,0.235,303629000.0,201163000.0,127116000.0,0.2,0.2,0.2,3166746000.0,,3166746000.0,11715060953.0,23.0,12.846,220515000.0,0.718,1.0,516298000.0,0.399,5575608000.0,74047000.0,8248842000.0,,1158412000.0,28987000.0,28987000.0,0.0,7644030000.0,1639900000.0,6004130000.0,6964680953.0,141927000.0,0.0,24967000.0,-47010000.0,-34759000.0,-56802000.0,-27750000.0,-1990000.0,240673000.0,-14194000.0,95857000.0,61098000.0,61098000.0,0.0,-1587000.0,0.047,317791000.0,198507000.0,549016000.0,0.0,2.199,83.577,81.107,1111046000.0,34759000.0,22.71,1.346,1.347,1197485000.0,721229000.0,1292374000.0,1292374000.0,61296000.0,,,,,7250000.0,255761000.0,1.0,306679038.0,306996000,311948000.0,4.21,5246900000.0,285317000.0,31259000.0,567846000.0,17.091,1714710000.0
46,VTRS,MRQ,2009-12-31,2009-12-31,2009-12-31,2021-08-09,11807000.0,10801734000.0,,3285386000.0,7516348000.0,,10.239,-71267000.0,428481000.0,428481000.0,835825000.0,47423000.0,1.912,2.445,5178861000.0,193874000.0,4984987000.0,5178861000.0,0.0,104208000.0,0.0,0.0,0.0,43879000.0,148087000.0,0.11,148087000.0,43879000.0,-34408000.0,0.02,0.01,0.02,3131146000.0,,3131146000.0,10287787603.0,19.0,11.045,-12742000.0,-0.042,1.0,515992000.0,0.382,5716095000.0,78287000.0,8117872000.0,,1114219000.0,27559000.0,27559000.0,0.0,7656536000.0,1718147000.0,5938389000.0,5631916603.0,-203895000.0,-25452000.0,10820000.0,-187677000.0,-34759000.0,-211616000.0,-52055000.0,-34025000.0,58525000.0,1251000.0,38904000.0,4145000.0,4145000.0,0.0,8519000.0,0.003,455972000.0,60020000.0,518252000.0,0.0,1.799,60.211,59.452,1122648000.0,34759000.0,18.43,1.106,1.104,1234634000.0,660130000.0,1351817000.0,1351817000.0,72593000.0,,,,,7575000.0,269192000.0,1.0,305584189.0,305795000,309394000.0,4.421,5085639000.0,285527000.0,-73312000.0,538605000.0,16.631,1567239000.0
47,VTRS,MRQ,2009-09-30,2009-09-30,2009-09-30,2021-08-09,-45335000.0,10762568000.0,,3261929000.0,7500639000.0,,10.02,-30128000.0,647757000.0,647757000.0,759094000.0,-4421000.0,2.06,2.514,5303628000.0,174801000.0,5128827000.0,5303628000.0,0.0,103588000.0,0.0,0.0,0.0,60680000.0,164268000.0,0.13,164268000.0,60680000.0,-16354000.0,-0.13,-0.13,-0.13,3058835000.0,,3058835000.0,9539748389.0,19.0,10.507,180206000.0,0.59,1.0,504980000.0,0.399,5782523000.0,77034000.0,8052580000.0,,1119042000.0,34034000.0,34034000.0,0.0,7690676000.0,1583336000.0,6107340000.0,4888347389.0,154934000.0,-37850000.0,7386000.0,43561000.0,-34758000.0,16212000.0,-76620000.0,-1427000.0,210334000.0,5008000.0,-5262000.0,-40021000.0,-40021000.0,0.0,841000.0,-0.032,443702000.0,61278000.0,476605000.0,0.0,1.598,140.317,145.545,1085174000.0,34759000.0,16.01,0.989,0.989,1102380000.0,655985000.0,1264074000.0,1264074000.0,69812000.0,,,,,8939000.0,259609000.0,1.0,305330880.0,305285000,305285000.0,4.141,4980045000.0,293885000.0,-11092000.0,636377000.0,16.313,1678593000.0
48,VTRS,MRQ,2009-06-30,2009-06-30,2009-06-30,2021-08-09,-270750000.0,10242684000.0,,3022575000.0,7220109000.0,,9.496,-21913000.0,485527000.0,485527000.0,739210000.0,95671000.0,2.126,2.531,5136928000.0,158639000.0,4978289000.0,5136928000.0,0.0,98724000.0,0.0,0.0,0.0,197220000.0,295944000.0,0.234,295944000.0,197220000.0,119048000.0,0.19,0.19,0.19,2896053000.0,,2896053000.0,8597954442.0,8.0,6.063,187977000.0,0.616,1.0,527767000.0,0.417,5608427000.0,78172000.0,7864241000.0,,1077088000.0,30117000.0,30117000.0,0.0,7330396000.0,1421417000.0,5908979000.0,3980812442.0,-23585000.0,-173359000.0,908000.0,-32380000.0,-34759000.0,-67100000.0,-176722000.0,33162000.0,209890000.0,10347000.0,92870000.0,58111000.0,58111000.0,0.0,2801000.0,0.046,353054000.0,174713000.0,443473000.0,0.0,1.375,15.476,15.536,1077726000.0,34759000.0,13.05,0.746,0.746,1140605000.0,696006000.0,1266977000.0,1266977000.0,74016000.0,,,,,6247000.0,279672000.0,1.0,305043099.0,304991000,306256000.0,4.154,4634257000.0,221760000.0,26178000.0,611940000.0,15.195,1601158000.0
49,VTRS,MRQ,2009-03-31,2009-03-31,2009-03-31,2021-08-09,-599401000.0,9896644000.0,,2912252000.0,6984392000.0,,8.595,-31094000.0,493083000.0,493083000.0,684184000.0,109074000.0,2.173,2.769,5110225000.0,145656000.0,4964569000.0,5110225000.0,0.0,94637000.0,0.0,0.0,0.0,228514000.0,323151000.0,0.267,323151000.0,228514000.0,143512000.0,0.23,0.23,0.23,2617778000.0,,2617778000.0,8810257970.0,10.0,6.706,95232000.0,0.313,1.0,525733000.0,0.435,5309602000.0,85002000.0,7864201000.0,,1018603000.0,40371000.0,40371000.0,0.0,7247416000.0,1339983000.0,5907433000.0,4086086970.0,-104085000.0,0.0,509000.0,-158520000.0,-34759000.0,-191924000.0,-29601000.0,2290000.0,126326000.0,-8886000.0,106058000.0,71299000.0,71299000.0,0.0,3016000.0,0.059,298392000.0,227341000.0,440701000.0,0.0,1.561,22.353,22.35,1042055000.0,34759000.0,13.41,0.775,0.775,1080319000.0,637893000.0,1209917000.0,1209917000.0,58836000.0,,,,,8405000.0,241673000.0,1.0,304704472.0,304578000,458049000.0,3.972,4587042000.0,188730000.0,37454000.0,584528000.0,15.06,1572269000.0
50,VTRS,MRQ,2008-12-31,2008-12-31,2008-12-31,2021-08-09,-380802000.0,10409859000.0,,3174673000.0,7235186000.0,,9.056,-63414000.0,597456000.0,597456000.0,808501000.0,-21517000.0,2.055,2.764,5235145000.0,156208000.0,5078937000.0,5235145000.0,0.0,97488000.0,0.0,0.0,0.0,27110000.0,124598000.0,0.104,124598000.0,27110000.0,-71264000.0,-0.18,-0.18,-0.18,2757733000.0,,2757733000.0,7811179697.0,25.0,10.577,71860000.0,0.236,1.0,394654000.0,0.328,5614741000.0,98374000.0,7888157000.0,,1065990000.0,42260000.0,42260000.0,0.0,7623018000.0,1544650000.0,6078368000.0,3013497697.0,-98519000.0,0.0,93000.0,-152333000.0,-34759000.0,-187859000.0,-53619000.0,5080000.0,135274000.0,7685000.0,-19752000.0,-54551000.0,-54551000.0,0.0,-1765000.0,-0.045,360063000.0,34591000.0,498815000.0,0.0,1.093,-8.993,-8.991,1063996000.0,34799000.0,9.89,0.587,0.586,1164613000.0,566594000.0,1203155000.0,1203155000.0,77897000.0,,,,,7451000.0,265532000.0,1.0,304701486.0,304525000,304525000.0,3.951,4795118000.0,215771000.0,-51512000.0,671472000.0,15.746,1630023000.0
51,VTRS,MRQ,2008-09-30,2008-09-30,2008-09-30,2021-08-09,-138349000.0,11024319000.0,,3417959000.0,7606360000.0,,9.785,-30749000.0,700494000.0,700494000.0,745711000.0,216970000.0,1.876,2.691,5498176000.0,287369000.0,5210807000.0,5498176000.0,21181000.0,107605000.0,0.0,0.0,0.0,566749000.0,674354000.0,0.407,674354000.0,566749000.0,473209000.0,0.6,0.47,0.6,2978955000.0,,2978955000.0,8271578926.0,-8.0,-13.918,56173000.0,0.185,1.0,911137000.0,0.55,5960605000.0,93540000.0,8039300000.0,,1119946000.0,48010000.0,48010000.0,0.0,8015720000.0,1822096000.0,6193624000.0,3477259926.0,177158000.0,0.0,63025000.0,262981000.0,-34759000.0,116286000.0,-16130000.0,4551000.0,86922000.0,-9920000.0,217121000.0,182362000.0,182362000.0,0.0,-151000.0,0.11,350305000.0,560832000.0,582052000.0,0.0,1.167,-2.077,-1.793,1051095000.0,34759000.0,11.42,0.683,0.683,1250894000.0,634344000.0,1656848000.0,1656848000.0,74721000.0,,,,,7609000.0,275584000.0,1.0,304488610.0,304449000,458350000.0,5.442,5063714000.0,233749000.0,256088000.0,980406000.0,16.632,1595863000.0
52,VTRS,MRQ,2008-06-30,2008-06-30,2008-06-30,2021-08-09,253417000.0,11502962000.0,,3475157000.0,8027805000.0,,10.285,-25471000.0,518508000.0,518508000.0,788912000.0,18374000.0,1.65,2.665,5312827000.0,583973000.0,4728854000.0,5312827000.0,435875000.0,109676000.0,0.0,0.0,0.0,81927000.0,191603000.0,0.159,191603000.0,81927000.0,-10459000.0,-0.05,-0.05,-0.05,3129554000.0,,3129554000.0,8266289530.0,-6.0,-8.436,-193727000.0,-0.637,1.0,414210000.0,0.344,6526267000.0,92386000.0,7664366000.0,,1150605000.0,53476000.0,53476000.0,0.0,8341784000.0,2106648000.0,6235136000.0,3674701530.0,-214043000.0,0.0,395000.0,7881000.0,-34758000.0,-26921000.0,-31467000.0,841000.0,-168256000.0,12601000.0,18446000.0,-16313000.0,-16313000.0,0.0,-72000.0,-0.014,340210000.0,74000000.0,666563000.0,0.0,1.174,-2.153,-1.895,1111161000.0,34759000.0,12.07,0.94,0.939,1318177000.0,462344000.0,1203122000.0,1203122000.0,80753000.0,,,,,8777000.0,259457000.0,1.0,304449174.0,304284000,304284000.0,3.954,4976695000.0,391918000.0,-28905000.0,1014470000.0,16.355,1368509000.0
53,VTRS,MRQ,2008-03-31,2008-03-31,2008-03-31,2021-08-09,280455000.0,11599184000.0,,3486453000.0,8112731000.0,,10.375,-45479000.0,732551000.0,732551000.0,724240000.0,-413933000.0,1.57,2.665,5324139000.0,557653000.0,4766486000.0,5324139000.0,447821000.0,110510000.0,0.0,0.005,0.0,-362533000.0,-252023000.0,-0.235,-252023000.0,-362533000.0,-459012000.0,-1.47,-1.47,-1.47,3155799000.0,,3155799000.0,8308521970.0,-7.0,-8.369,285028000.0,0.937,1.0,350221000.0,0.326,6635374000.0,96479000.0,7334865000.0,,1133572000.0,54790000.0,54790000.0,0.0,8410926000.0,2220533000.0,6190393000.0,3530718970.0,208349000.0,0.0,238000.0,-35474000.0,-33219000.0,-68442000.0,-51614000.0,37208000.0,330507000.0,-2102000.0,-411891000.0,-446609000.0,-446609000.0,0.0,-2042000.0,-0.416,721757000.0,-371536000.0,667996000.0,0.0,1.119,-2.192,-1.933,1123363000.0,34718000.0,11.6,1.085,1.085,1123408000.0,470710000.0,1074461000.0,1074461000.0,83844000.0,,,,,6802000.0,252913000.0,1.0,304372325.0,304181000,304181000.0,3.532,4963810000.0,350585000.0,-47121000.0,1049285000.0,16.319,1265920000.0
54,VTRS,MRQ,2007-12-31,2007-12-31,2007-12-31,2021-08-09,83044000.0,11353176000.0,,3059301000.0,8293875000.0,,12.407,-53189000.0,484202000.0,484202000.0,799250000.0,-1380956000.0,1.528,2.326,5262005000.0,555289000.0,4706716000.0,5262005000.0,122870000.0,103591000.0,0.0,0.009,0.0,-1311827000.0,-1208236000.0,-1.046,-1208236000.0,-1311827000.0,-1462136000.0,-5.45,-5.44,-5.45,3403426000.0,,3403426000.0,4015545248.0,-4.0,-5.626,25776000.0,0.094,1.0,356099000.0,0.308,6834677000.0,150309000.0,7293951000.0,,1063840000.0,91361000.0,91361000.0,0.0,7915425000.0,2002351000.0,5913074000.0,3499416248.0,-719439000.0,-7001930000.0,748580000.0,3523436000.0,0.0,6256371000.0,-7082550000.0,-25802000.0,78965000.0,27775000.0,-1377844000.0,-1393843000.0,-1393843000.0,0.0,-3112000.0,-1.206,1624334000.0,-1268235000.0,608070000.0,0.0,1.028,-2.832,-2.875,1102932000.0,15999000.0,14.06,1.313,1.447,1132121000.0,922857000.0,1155349000.0,1155349000.0,80766000.0,,,,,6891000.0,275703000.0,1.0,248891625.0,274312000,269346000.0,4.212,4518499000.0,210816000.0,-84292000.0,1070678000.0,16.472,1056950000.0
55,VTRS,MRQ,2007-09-30,2007-09-30,2007-09-30,2021-08-09,12130000.0,4476573000.0,,2616555000.0,1860018000.0,,7.587,-29480000.0,1203641000.0,1203641000.0,255450000.0,149827000.0,3.415,1.354,1719770000.0,150319000.0,1569451000.0,1719770000.0,100366000.0,27341000.0,0.0,0.011,0.0,261432000.0,288773000.0,0.605,288773000.0,261432000.0,238325000.0,0.6,0.6,0.6,1886671000.0,,1886671000.0,4549452270.0,7.0,6.287,-25307000.0,-0.102,1.0,221641000.0,0.465,949317000.0,23107000.0,3277196000.0,,430538000.0,65953000.0,65953000.0,0.0,2555477000.0,766189000.0,1789288000.0,3970874270.0,-111916000.0,0.0,1122000.0,-181315000.0,-14923000.0,-193462000.0,78469000.0,110990000.0,4173000.0,-1096000.0,149827000.0,149827000.0,149827000.0,0.0,0.0,0.314,129745000.0,91896000.0,179889000.0,0.0,2.105,13.52,13.3,725427000.0,0.0,15.96,2.076,2.075,488107000.0,2306434000.0,477091000.0,477091000.0,33577000.0,,,,,5872000.0,97016000.0,1.0,248801646.0,248660000,250500000.0,1.919,3527256000.0,184842000.0,88498000.0,167313000.0,14.185,1850366000.0
56,VTRS,MRQ,2007-06-30,2007-06-30,2007-06-30,2021-08-09,10286000.0,4475521000.0,,2622024000.0,1853497000.0,,6.942,-27869000.0,1315557000.0,1315557000.0,249613000.0,79727000.0,3.163,1.573,1894135000.0,238071000.0,1656064000.0,1894135000.0,102995000.0,26868000.0,0.0,0.013,0.06,151853000.0,178721000.0,0.327,178721000.0,151853000.0,128934000.0,0.32,0.32,0.32,1724979000.0,,1724979000.0,5158709626.0,10.0,8.905,56682000.0,0.228,1.0,296708000.0,0.543,954056000.0,22919000.0,3271076000.0,,432348000.0,174885000.0,174885000.0,0.0,2713875000.0,828967000.0,1884908000.0,4523101626.0,63192000.0,0.0,6081000.0,14184000.0,-14902000.0,5873000.0,-31243000.0,-3068000.0,84551000.0,4011000.0,79727000.0,79727000.0,79727000.0,0.0,0.0,0.146,108634000.0,188074000.0,161734000.0,0.188,2.622,20.427,18.753,707064000.0,0.0,18.19,2.51,2.508,401071000.0,2156667000.0,546321000.0,546321000.0,31720000.0,,,,,4569000.0,76914000.0,1.0,248658693.0,248477000,251604000.0,2.199,3521465000.0,207876000.0,49207000.0,176940000.0,14.172,1793057000.0
57,VTRS,MRQ,2007-03-31,2007-03-31,2007-03-31,2021-08-09,1544000.0,4253867000.0,,2412044000.0,1841823000.0,,7.259,-80022000.0,1252365000.0,1252365000.0,252415000.0,-71289000.0,3.443,1.554,1887973000.0,233041000.0,1654932000.0,1887973000.0,90673000.0,24504000.0,0.0,0.011,0.06,2445000.0,26949000.0,0.055,26949000.0,2445000.0,-18539000.0,-0.36,-0.35,-0.36,1648860000.0,,1648860000.0,5066435205.0,11.0,9.398,59216000.0,0.261,1.0,234847000.0,0.482,965522000.0,20984000.0,3223418000.0,,429111000.0,174207000.0,174207000.0,0.0,2561800000.0,700535000.0,1861265000.0,4663024205.0,965485000.0,-550448000.0,716437000.0,885259000.0,-12785000.0,1450524000.0,-624245000.0,5043000.0,139238000.0,-32000.0,-71289000.0,-71289000.0,-71289000.0,0.0,0.0,-0.146,242640000.0,-7793000.0,160286000.0,-0.167,2.828,21.461,20.931,686739000.0,0.0,21.14,2.893,2.821,350294000.0,2103282000.0,487262000.0,487262000.0,36848000.0,,,,,4939000.0,62754000.0,1.0,220578250.0,227159000,230655000.0,2.145,3288345000.0,191122000.0,52750000.0,164287000.0,14.476,1711509000.0
58,VTRS,MRQ,2006-12-31,2006-12-31,2006-12-31,2021-08-09,2238000.0,2206648000.0,,1275172000.0,931476000.0,,5.191,-32031000.0,286880000.0,286880000.0,177230000.0,135445000.0,4.462,1.003,690291000.0,3291000.0,687000000.0,690291000.0,93252000.0,13121000.0,0.0,0.012,0.06,216074000.0,229195000.0,0.57,229195000.0,216074000.0,205583000.0,0.64,0.63,0.64,1101905000.0,,1101905000.0,4760132156.0,8.0,7.681,62739000.0,0.296,1.0,224531000.0,0.559,195408000.0,10491000.0,2128873000.0,,314936000.0,389356000.0,179125000.0,210231000.0,1104743000.0,285778000.0,818965000.0,4231332156.0,127094000.0,-210601000.0,14721000.0,0.0,-12713000.0,2813000.0,29511000.0,272836000.0,94770000.0,0.0,135445000.0,135445000.0,135445000.0,0.0,0.0,0.337,40879000.0,183652000.0,58229000.0,0.094,3.84,12.221,12.245,461653000.0,0.0,19.96,2.92,2.924,312282000.0,2189473000.0,401761000.0,401761000.0,22922000.0,,,,,4382000.0,52602000.0,1.0,211990589.0,212271000,215958000.0,1.893,2011240000.0,136533000.0,70138000.0,55744000.0,9.475,989394000.0
59,VTRS,MRQ,2006-09-30,2006-09-30,2006-09-30,2021-08-09,2264000.0,2035661000.0,,1333086000.0,702575000.0,,4.535,-22081000.0,159786000.0,159786000.0,170567000.0,77541000.0,5.128,1.128,688586000.0,1586000.0,687000000.0,688586000.0,90031000.0,12100000.0,0.0,0.012,0.06,132324000.0,144424000.0,0.394,144424000.0,132324000.0,121883000.0,0.37,0.36,0.37,956823000.0,,956823000.0,4778754483.0,11.0,9.868,41214000.0,0.195,1.0,196090000.0,0.535,198732000.0,10441000.0,2105775000.0,,303267000.0,451882000.0,451882000.0,0.0,1078838000.0,259954000.0,818884000.0,4243627483.0,5863000.0,0.0,15403000.0,-938000.0,-12648000.0,3320000.0,-60752000.0,-37934000.0,63295000.0,0.0,77541000.0,77541000.0,77541000.0,0.0,0.0,0.211,61544000.0,134546000.0,73788000.0,0.162,4.435,16.386,16.5,439431000.0,0.0,20.13,3.124,3.126,252515000.0,2066812000.0,366657000.0,366657000.0,22696000.0,,,,,6029000.0,50348000.0,1.0,210811102.0,210999000,215077000.0,1.738,1836929000.0,145606000.0,44342000.0,37313000.0,8.706,1073132000.0
60,VTRS,MRQ,2006-06-30,2006-06-30,2006-06-30,2021-08-09,2287000.0,1984260000.0,,1292782000.0,691478000.0,,4.146,-27717000.0,153923000.0,153923000.0,167940000.0,75587000.0,4.414,1.279,689050000.0,2050000.0,687000000.0,689050000.0,91514000.0,11787000.0,0.0,0.012,0.06,126733000.0,138520000.0,0.389,138520000.0,126733000.0,116374000.0,0.36,0.35,0.36,870553000.0,,870553000.0,4744013300.0,13.0,11.442,65172000.0,0.31,1.0,188200000.0,0.528,202065000.0,10359000.0,2024431000.0,,289755000.0,414001000.0,414001000.0,0.0,1113707000.0,292891000.0,820816000.0,4204613300.0,3799000.0,0.0,6301000.0,-7605000.0,-12605000.0,-13841000.0,-75249000.0,-47373000.0,92889000.0,0.0,75587000.0,75587000.0,75587000.0,0.0,0.0,0.212,71051000.0,117149000.0,73810000.0,0.167,4.83,19.357,19.802,426185000.0,0.0,20.0,3.26,3.255,269473000.0,2001984000.0,356140000.0,356140000.0,21225000.0,,,,,6806000.0,49826000.0,1.0,210230665.0,209955000,214791000.0,1.696,1782195000.0,152097000.0,40787000.0,75427000.0,8.488,999891000.0
61,VTRS,MRQ,2006-03-31,2006-03-31,2006-03-31,2021-08-09,2450000.0,1870526000.0,,1191900000.0,678626000.0,,3.756,-26824000.0,150124000.0,150124000.0,163791000.0,57650000.0,4.493,1.375,689524000.0,4336000.0,685188000.0,689524000.0,89417000.0,11693000.0,0.0,0.01,0.06,95883000.0,107576000.0,0.331,107576000.0,95883000.0,84161000.0,0.26,0.26,0.26,787651000.0,,787651000.0,5530333317.0,18.0,15.679,71987000.0,0.343,1.0,160755000.0,0.495,208174000.0,11722000.0,1936502000.0,,279008000.0,368003000.0,368003000.0,0.0,1082875000.0,265250000.0,817625000.0,4925453317.0,-20207000.0,0.0,-17713000.0,-78082000.0,-12605000.0,-108416000.0,-10602000.0,18494000.0,98811000.0,0.0,57650000.0,57650000.0,57650000.0,0.0,0.0,0.178,68954000.0,91801000.0,89464000.0,0.231,6.253,26.69,29.25,406875000.0,0.0,23.4,3.918,4.27,242193000.0,1939045000.0,324546000.0,324546000.0,19624000.0,,,,,0.0,49320000.0,1.0,210489458.0,209718000,215609000.0,1.548,1662352000.0,137672000.0,26511000.0,33548000.0,7.927,926650000.0
62,VTRS,MRQ,2005-12-31,2005-12-31,2005-12-31,2021-08-09,2606000.0,1835108000.0,,1169400000.0,665708000.0,,3.56,-25552000.0,170331000.0,170331000.0,155449000.0,48207000.0,4.453,1.416,775211000.0,4336000.0,770875000.0,775211000.0,0.0,11206000.0,0.0,0.011,0.06,82555000.0,93761000.0,0.301,93761000.0,82555000.0,71934000.0,0.23,0.22,0.23,759478000.0,,759478000.0,4892093718.0,18.0,15.592,97120000.0,0.455,1.0,155797000.0,0.501,211827000.0,10621000.0,1965558000.0,,253724000.0,386807000.0,386807000.0,0.0,1075630000.0,262603000.0,813027000.0,4297598718.0,-11760000.0,0.0,-118889000.0,-35989000.0,-12905000.0,-168529000.0,34097000.0,61383000.0,122672000.0,0.0,48207000.0,48207000.0,48207000.0,0.0,0.0,0.155,77759000.0,78038000.0,68350000.0,0.261,5.659,26.042,28.928,390969000.0,0.0,19.96,3.441,3.409,212240000.0,1894000000.0,311246000.0,311246000.0,29375000.0,,,,,0.0,48039000.0,1.0,215310557.0,213351000,218705000.0,1.459,1623281000.0,129861000.0,23727000.0,31759000.0,7.608,906797000.0
63,VTRS,MRQ,2005-09-30,2005-09-30,2005-09-30,2021-08-09,3373000.0,1914063000.0,,1266664000.0,647399000.0,,3.691,-26171000.0,182091000.0,182091000.0,154763000.0,35770000.0,4.704,1.304,776586000.0,4336000.0,772250000.0,776586000.0,0.0,12423000.0,0.0,0.009,0.06,62330000.0,74753000.0,0.251,74753000.0,62330000.0,53388000.0,0.16,0.16,0.16,830661000.0,,830661000.0,3886694596.0,16.0,13.683,62471000.0,0.278,1.0,143231000.0,0.481,216887000.0,8942000.0,2022415000.0,,255413000.0,449422000.0,449422000.0,0.0,1083402000.0,269256000.0,814146000.0,4210273596.0,-160742000.0,0.0,-1069381000.0,780221000.0,-16184000.0,-319244000.0,69860000.0,95893000.0,88642000.0,0.0,35770000.0,35770000.0,35770000.0,0.0,0.0,0.12,85248000.0,57983000.0,88356000.0,0.375,5.069,27.774,32.644,371072000.0,0.0,19.26,3.426,3.527,239049000.0,1858398000.0,297994000.0,297994000.0,28253000.0,,,,,0.0,56995000.0,1.0,218601952.0,225042000,229259000.0,1.324,1697176000.0,127926000.0,17618000.0,27529000.0,7.542,997408000.0
64,VTRS,MRQ,2005-06-30,2005-06-30,2005-06-30,2021-08-09,2351000.0,2187031000.0,,1566695000.0,620336000.0,,6.978,-25142000.0,342833000.0,342833000.0,155544000.0,42915000.0,5.932,0.163,19254000.0,0.0,19254000.0,19254000.0,0.0,11505000.0,0.0,0.008,0.06,65121000.0,76626000.0,0.237,76626000.0,65121000.0,65121000.0,0.16,0.16,0.16,1880127000.0,,1880127000.0,5065320793.0,20.0,17.122,81294000.0,0.302,1.0,167834000.0,0.519,219974000.0,0.0,1379376000.0,,261123000.0,543929000.0,543929000.0,0.0,306904000.0,264102000.0,42802000.0,5182142793.0,205100000.0,0.0,5005000.0,0.0,-8078000.0,-3073000.0,101737000.0,128721000.0,106436000.0,0.0,42915000.0,42915000.0,42915000.0,0.0,0.0,0.133,108269000.0,59565000.0,50978000.0,0.375,2.756,31.507,31.541,353549000.0,0.0,19.24,4.187,4.188,269121000.0,1835533000.0,323378000.0,323378000.0,25180000.0,,,,,0.0,71089000.0,1.0,269342141.0,269445000,273262000.0,1.2,1967057000.0,134454000.0,22206000.0,70899000.0,7.3,1302593000.0
65,VTRS,MRQ,2005-03-31,2005-03-31,2005-03-31,2021-08-09,870000.0,2135673000.0,,1528452000.0,607221000.0,,6.855,-27541000.0,137733000.0,137733000.0,163248000.0,38135000.0,6.226,0.157,1586000.0,1586000.0,0.0,1586000.0,0.0,11674000.0,0.0,0.007,0.03,56950000.0,68624000.0,0.217,68624000.0,56950000.0,56950000.0,0.14,0.14,0.14,1845936000.0,,1845936000.0,4606401744.0,15.0,12.891,-46053000.0,-0.171,1.0,153187000.0,0.484,223072000.0,0.0,1530947000.0,,286267000.0,670348000.0,670348000.0,0.0,289737000.0,245507000.0,44230000.0,4770967744.0,-55351000.0,0.0,707000.0,19622000.0,-8077000.0,12252000.0,-49091000.0,-19718000.0,-18512000.0,0.0,38135000.0,38135000.0,38135000.0,0.0,0.0,0.121,100018000.0,53169000.0,86192000.0,0.214,2.585,23.434,23.316,336719000.0,0.0,17.72,3.806,3.803,297334000.0,1808802000.0,316435000.0,316435000.0,21550000.0,,,,,0.0,78473000.0,1.0,269241972.0,269276000,273006000.0,1.175,1912601000.0,119327000.0,18815000.0,69028000.0,7.103,1282945000.0
66,VTRS,MRQ,2004-12-31,2004-12-31,2004-12-31,2021-08-09,1688000.0,2028594000.0,,1439690000.0,588904000.0,,6.743,-25008000.0,183313000.0,183313000.0,155625000.0,34770000.0,8.489,0.118,18747000.0,0.0,18747000.0,18747000.0,0.0,11377000.0,0.0,0.007,0.03,52681000.0,64058000.0,0.22,64058000.0,52681000.0,52681000.0,0.13,0.13,0.13,1815026000.0,,1815026000.0,4648397438.0,13.0,11.293,39704000.0,0.148,1.0,135347000.0,0.465,225853000.0,0.0,1468576000.0,,292385000.0,651952000.0,651952000.0,0.0,213568000.0,169599000.0,43969000.0,4757749438.0,55201000.0,0.0,1311000.0,0.0,-8072000.0,-6761000.0,-2750000.0,18707000.0,64712000.0,0.0,34770000.0,34770000.0,34770000.0,0.0,0.0,0.119,86365000.0,48982000.0,60857000.0,0.231,2.621,19.799,19.865,316902000.0,0.0,17.68,3.745,3.746,196390000.0,1778745000.0,290972000.0,290972000.0,23167000.0,,,,,0.0,63198000.0,1.0,269103475.0,269165000,273139000.0,1.081,1802741000.0,84083000.0,17911000.0,25222000.0,6.698,1270091000.0
67,VTRS,MRQ,2004-09-30,2004-09-30,2004-09-30,2021-08-09,2207000.0,1993629000.0,,1420052000.0,573577000.0,,6.634,-18697000.0,128112000.0,128112000.0,151702000.0,48654000.0,8.451,0.117,18760000.0,0.0,18760000.0,18760000.0,0.0,11088000.0,0.0,0.007,0.03,75433000.0,86521000.0,0.282,86521000.0,75433000.0,75433000.0,0.18,0.18,0.18,1784055000.0,,1784055000.0,4680912948.0,11.0,9.574,-10462000.0,-0.039,1.0,155253000.0,0.506,229691000.0,0.0,1486543000.0,,296604000.0,671360000.0,671360000.0,0.0,209574000.0,168043000.0,41531000.0,4837200948.0,-47193000.0,0.0,5013000.0,0.0,-8060000.0,-3047000.0,-52381000.0,-33367000.0,8235000.0,0.0,48654000.0,48654000.0,48654000.0,0.0,0.0,0.159,81730000.0,73523000.0,42775000.0,0.167,2.711,16.671,16.667,298650000.0,0.0,18.0,3.639,3.642,210695000.0,1752052000.0,306955000.0,306955000.0,22042000.0,,,,,0.0,59688000.0,1.0,268733386.0,268945000,272930000.0,1.141,1763938000.0,84926000.0,26779000.0,36572000.0,6.559,1252009000.0
68,VTRS,MRQ,2004-06-30,2004-06-30,2004-06-30,2021-08-09,2039000.0,2018648000.0,,1451857000.0,566791000.0,,6.469,-19500000.0,175305000.0,175305000.0,159259000.0,82033000.0,6.042,0.162,19017000.0,0.0,19017000.0,19017000.0,0.0,10961000.0,0.0,0.006,0.03,127183000.0,138144000.0,0.407,138144000.0,127183000.0,127183000.0,0.31,0.3,0.31,1737320000.0,,1737320000.0,5357257545.0,11.0,9.657,129776000.0,0.483,1.0,179753000.0,0.53,234130000.0,0.0,1387955000.0,,315578000.0,637686000.0,637686000.0,0.0,281328000.0,240275000.0,41053000.0,5438254545.0,73592000.0,0.0,3037000.0,0.0,-8052000.0,-5015000.0,-70669000.0,-53139000.0,149276000.0,0.0,82033000.0,82033000.0,82033000.0,0.0,0.0,0.242,53256000.0,126497000.0,57843000.0,0.097,3.13,16.342,16.331,286371000.0,0.0,20.25,3.934,3.934,213931000.0,1711470000.0,339012000.0,339012000.0,21495000.0,,,,,0.0,57746000.0,1.0,268555780.0,268553000,275409000.0,1.262,1784518000.0,84890000.0,45150000.0,83902000.0,6.645,1211582000.0
69,VTRS,MRQ,2004-03-31,2004-03-31,2004-03-31,2021-08-09,2496000.0,1885061000.0,,1327612000.0,557449000.0,,6.186,-41472000.0,111484000.0,111484000.0,155216000.0,74850000.0,7.233,0.136,20716000.0,1586000.0,19130000.0,20716000.0,0.0,11605000.0,0.0,0.005,0.03,111301000.0,122906000.0,0.369,122906000.0,111301000.0,111301000.0,0.27,0.27,0.27,1659788000.0,,1659788000.0,5984619514.0,12.0,10.746,-24879000.0,-0.093,1.0,178147000.0,0.534,237180000.0,0.0,1373574000.0,,320797000.0,585445000.0,585445000.0,0.0,225273000.0,183539000.0,41734000.0,6095545514.0,-19148000.0,12000000.0,2302000.0,9771000.0,-8044000.0,4029000.0,-39770000.0,-13680000.0,16593000.0,0.0,74850000.0,74850000.0,74850000.0,0.0,0.0,0.225,69926000.0,108221000.0,58462000.0,0.111,3.672,18.217,18.331,273051000.0,0.0,22.73,4.434,4.447,191094000.0,1637497000.0,333363000.0,333363000.0,26880000.0,,,,,0.0,53459000.0,1.0,268171822.0,268301000,275838000.0,1.242,1647881000.0,78477000.0,36451000.0,46441000.0,6.142,1144073000.0
70,VTRS,MRQ,2003-12-31,2003-12-31,2003-12-31,2021-08-09,3212000.0,1880972000.0,,1335732000.0,545240000.0,,5.922,-29872000.0,130632000.0,130632000.0,150602000.0,84618000.0,5.39,0.183,19706000.0,0.0,19706000.0,19706000.0,0.0,11669000.0,0.0,0.004,0.03,129683000.0,141352000.0,0.404,141352000.0,129683000.0,129683000.0,0.32,0.31,0.32,1590385000.0,,1590385000.0,6617030908.0,13.0,11.788,105430000.0,0.393,1.0,199184000.0,0.569,242331000.0,0.0,1279882000.0,,311605000.0,569790000.0,569790000.0,0.0,290587000.0,247833000.0,42754000.0,6791095908.0,-63513000.0,0.0,-29735000.0,0.0,-5974000.0,-35709000.0,-163106000.0,-119736000.0,135302000.0,0.0,84618000.0,84618000.0,84618000.0,0.0,0.0,0.242,73695000.0,125489000.0,63649000.0,0.094,4.27,20.357,20.371,250245000.0,0.0,25.26,4.868,4.863,208647000.0,1570656000.0,349786000.0,349786000.0,25248000.0,,,,,0.0,51123000.0,1.0,268847819.0,268560000,276881000.0,1.302,1638641000.0,84870000.0,45065000.0,92306000.0,6.102,1087899000.0
71,VTRS,MRQ,2003-09-30,2003-09-30,2003-09-30,2021-08-09,6056000.0,1800372000.0,,1275343000.0,525029000.0,,5.708,-37473000.0,194145000.0,194145000.0,152352000.0,91278000.0,5.603,0.174,20080000.0,0.0,20080000.0,20080000.0,0.0,10723000.0,0.0,0.003,0.022,141604000.0,152327000.0,0.423,152327000.0,141604000.0,141604000.0,0.34,0.33,0.34,1533325000.0,,1533325000.0,6726508242.0,14.0,12.529,5631000.0,0.021,1.0,207708000.0,0.577,245316000.0,0.0,1153355000.0,,290742000.0,444207000.0,444207000.0,0.0,267047000.0,227636000.0,39411000.0,6914566242.0,-14012000.0,0.0,-19974000.0,0.0,-5975000.0,-25949000.0,-31167000.0,-5917000.0,43104000.0,0.0,91278000.0,91278000.0,91278000.0,0.0,0.0,0.254,73532000.0,134176000.0,54493000.0,0.065,4.51,21.784,22.023,214396000.0,0.0,25.767,5.063,5.069,232479000.0,1494125000.0,360060000.0,360060000.0,23946000.0,,,,,0.0,49586000.0,1.0,268353153.0,268644000,276424000.0,1.34,1555056000.0,90731000.0,50326000.0,83437000.0,5.789,1047707000.0
72,VTRS,MRQ,2003-06-30,2003-06-30,2003-06-30,2021-08-09,4369000.0,1692741000.0,,1179396000.0,513345000.0,,5.425,-9634000.0,208157000.0,208157000.0,153979000.0,83863000.0,6.242,0.155,20099000.0,0.0,20099000.0,20099000.0,0.0,10326000.0,0.0,0.004,0.022,130020000.0,140346000.0,0.423,140346000.0,130020000.0,130020000.0,0.31,0.3,0.31,1465861000.0,,1465861000.0,5985275967.0,13.0,11.956,20945000.0,0.078,1.0,177429000.0,0.535,248220000.0,0.0,1067524000.0,,258166000.0,451973000.0,435843000.0,16130000.0,226880000.0,188939000.0,37941000.0,6222648967.0,-50745000.0,0.0,-59010000.0,0.0,-6031000.0,-65041000.0,-16283000.0,-6426000.0,30579000.0,0.0,83863000.0,83863000.0,83863000.0,0.0,0.0,0.253,50514000.0,126915000.0,54537000.0,0.071,4.245,21.139,21.664,182511000.0,0.0,23.18,4.696,4.727,165916000.0,1408821000.0,331408000.0,331408000.0,24739000.0,,,,,0.0,47444000.0,1.0,268449050.0,270220000,276128000.0,1.226,1444521000.0,89065000.0,46157000.0,43778000.0,5.346,990457000.0
73,VTRS,MRQ,2003-03-31,2003-03-31,2003-03-31,2021-08-09,3718000.0,1745223000.0,,1228211000.0,517012000.0,,5.295,-10441000.0,258902000.0,258902000.0,166160000.0,73843000.0,4.621,0.207,21529000.0,1586000.0,19943000.0,21529000.0,0.0,10450000.0,0.0,0.004,0.022,116839000.0,127289000.0,0.36,127289000.0,116839000.0,116839000.0,0.27,0.26,0.27,1446332000.0,,1446332000.0,5051427098.0,12.0,10.815,48698000.0,0.178,1.0,187526000.0,0.53,252837000.0,0.0,989242000.0,,237777000.0,427904000.0,427904000.0,0.0,298891000.0,265771000.0,33120000.0,5284031098.0,5440000.0,30000.0,-70674000.0,0.0,-6119000.0,-76793000.0,23094000.0,34163000.0,59139000.0,0.0,73843000.0,73843000.0,73843000.0,0.0,0.0,0.209,63352000.0,124174000.0,72048000.0,0.081,3.653,19.401,19.558,178330000.0,0.0,19.167,4.163,4.21,187587000.0,1330933000.0,353686000.0,353686000.0,26795000.0,,,,,0.0,51452000.0,1.0,275688579.0,273173000,278532000.0,1.295,1492386000.0,104173000.0,42996000.0,63777000.0,5.463,962440000.0
74,VTRS,MRQ,2002-12-31,2002-12-31,2002-12-31,2021-08-09,6952000.0,1754428000.0,,1225274000.0,529154000.0,,5.253,-9045000.0,253462000.0,253462000.0,150918000.0,68432000.0,4.664,0.208,20858000.0,0.0,20858000.0,20858000.0,0.0,10482000.0,0.0,0.005,0.022,106427000.0,116909000.0,0.365,116909000.0,106427000.0,106427000.0,0.25,0.24,0.25,1452504000.0,,1452504000.0,4080659086.0,10.0,8.955,120252000.0,0.435,1.0,169576000.0,0.529,258246000.0,0.0,1000843000.0,,214574000.0,472748000.0,454500000.0,18248000.0,301924000.0,262735000.0,39189000.0,4274787086.0,38168000.0,0.0,-94269000.0,0.0,-5007000.0,-99276000.0,8147000.0,19062000.0,129297000.0,0.0,68432000.0,68432000.0,68432000.0,0.0,0.0,0.214,66883000.0,102693000.0,54918000.0,0.088,2.943,16.083,16.449,173385000.0,0.0,15.511,3.568,3.58,183821000.0,1262951000.0,320494000.0,320494000.0,22941000.0,,,,,0.0,43942000.0,1.0,275595156.0,276522000,279891000.0,1.159,1496182000.0,106199000.0,37995000.0,116838000.0,5.411,962539000.0
75,VTRS,MRQ,2002-09-30,2002-09-30,2002-09-30,2021-08-09,6486000.0,1708993000.0,,1179197000.0,529796000.0,,5.208,-7347000.0,215294000.0,215294000.0,152807000.0,68229000.0,5.946,0.163,21166000.0,0.0,21166000.0,21166000.0,0.0,9468000.0,0.0,0.005,0.018,106608000.0,116076000.0,0.363,116076000.0,106608000.0,106608000.0,0.24,0.24,0.24,1469126000.0,,1469126000.0,4037494322.0,9.0,8.517,95698000.0,0.339,1.0,166732000.0,0.522,262961000.0,0.0,1053599000.0,,196253000.0,487102000.0,467540000.0,19562000.0,239867000.0,198305000.0,41562000.0,4102738322.0,130315000.0,0.0,-8473000.0,0.0,-5011000.0,-13484000.0,40754000.0,48035000.0,103045000.0,0.0,68229000.0,68229000.0,68229000.0,0.0,0.0,0.214,61737000.0,104995000.0,35459000.0,0.075,2.793,14.89,15.048,169405000.0,0.0,14.551,3.492,3.494,180580000.0,1200806000.0,319539000.0,319539000.0,20169000.0,,,,,0.0,41568000.0,1.0,281953611.0,282064000,285248000.0,1.133,1446032000.0,109655000.0,38379000.0,94701000.0,5.127,980892000.0
76,VTRS,MRQ,2002-06-30,2002-06-30,2002-06-30,2021-08-09,10077000.0,1635507000.0,,1086021000.0,549486000.0,,5.027,-5762000.0,84979000.0,84979000.0,127871000.0,61849000.0,6.389,0.148,19735000.0,0.0,19735000.0,19735000.0,0.0,10180000.0,0.0,0.005,0.018,96639000.0,106819000.0,0.388,106819000.0,96639000.0,96639000.0,0.22,0.213,0.22,1424595000.0,,1424595000.0,3798371299.0,9.0,8.064,15900000.0,0.056,1.0,147602000.0,0.536,267675000.0,0.0,1132608000.0,,207634000.0,530843000.0,509515000.0,21328000.0,210912000.0,169980000.0,40932000.0,3937291299.0,-75811000.0,0.0,-36691000.0,0.0,-5055000.0,-41746000.0,-55727000.0,-49899000.0,21662000.0,0.0,61849000.0,61849000.0,61849000.0,0.0,0.0,0.225,52951000.0,94651000.0,43201000.0,0.082,2.764,14.505,14.62,166771000.0,0.0,13.933,3.449,3.459,175309000.0,1137574000.0,275473000.0,275473000.0,16843000.0,,,,,0.0,36108000.0,1.0,282580715.0,283392000,285648000.0,0.972,1367832000.0,98305000.0,34790000.0,70017000.0,4.827,916041000.0
77,VTRS,MRQ,2002-03-31,2002-03-31,2002-03-31,2021-08-09,7920000.0,1619880000.0,,1066645000.0,553235000.0,,4.942,-10778000.0,160790000.0,160790000.0,121667000.0,67291000.0,6.093,0.155,23899000.0,16000.0,23883000.0,23899000.0,0.0,10512000.0,0.0,0.005,0.018,105389000.0,115901000.0,0.41,115901000.0,105389000.0,105389000.0,0.233,0.237,0.233,1402239000.0,,1402239000.0,3581720962.0,9.0,7.882,30488000.0,0.107,1.0,160931000.0,0.569,271118000.0,0.0,1036824000.0,,195074000.0,478986000.0,456266000.0,22720000.0,217641000.0,175047000.0,42594000.0,3707876962.0,7367000.0,4848000.0,8249000.0,-4868000.0,-5174000.0,-1793000.0,-32106000.0,-13099000.0,41266000.0,0.0,67291000.0,67291000.0,67291000.0,0.0,0.0,0.238,31413000.0,129518000.0,41601000.0,0.077,2.644,14.247,14.232,166531000.0,0.0,13.093,3.358,3.349,150054000.0,1080736000.0,282598000.0,282598000.0,12160000.0,,,,,0.0,37116000.0,1.0,283188159.0,283737000,287707500.0,0.996,1348762000.0,92642000.0,38098000.0,79903000.0,4.754,891598000.0
78,VTRS,MRQ,2001-12-31,2001-12-31,2001-12-31,2021-08-09,6660000.0,1736674000.0,,1171381000.0,565293000.0,,4.696,-3222000.0,153423000.0,153423000.0,119819000.0,78176000.0,3.228,0.309,27267000.0,2028000.0,25239000.0,27267000.0,0.0,12140000.0,0.0,0.004,0.018,123112000.0,135252000.0,0.455,135252000.0,123112000.0,123112000.0,0.273,0.273,0.273,1326883000.0,,1326883000.0,4538543288.0,12.0,10.918,117379000.0,0.415,1.0,177372000.0,0.597,280616000.0,0.0,967015000.0,,196777000.0,455988000.0,432038000.0,23950000.0,409791000.0,362887000.0,46904000.0,4709327288.0,-47310000.0,0.0,5638000.0,-1227000.0,-5019000.0,-608000.0,-167303000.0,-172332000.0,120601000.0,0.0,78176000.0,78176000.0,78176000.0,0.0,0.0,0.263,57425000.0,119947000.0,43343000.0,0.066,3.549,20.038,20.008,163460000.0,0.0,16.667,4.401,4.401,165443000.0,1018651000.0,297191000.0,297191000.0,13441000.0,,,,,0.0,43984000.0,1.0,282559637.0,282582000,287754000.0,1.052,1456058000.0,81184000.0,44936000.0,111166000.0,5.153,808494000.0
79,VTRS,MRQ,2001-09-30,2001-09-30,2001-09-30,2021-08-09,5130000.0,1647807000.0,,1066889000.0,580918000.0,,4.419,-3887000.0,200733000.0,200733000.0,122551000.0,64136000.0,2.995,0.322,29949000.0,3260000.0,26689000.0,29949000.0,0.0,12389000.0,0.0,0.005,0.018,100684000.0,113073000.0,0.395,113073000.0,100684000.0,100684000.0,0.227,0.222,0.227,1246513000.0,,1246513000.0,3931864652.0,13.0,11.225,123069000.0,0.436,1.0,163777000.0,0.572,287625000.0,0.0,833153000.0,,182373000.0,282772000.0,257070000.0,25702000.0,401294000.0,356245000.0,45049000.0,4088289652.0,16914000.0,0.0,4150000.0,-2000000.0,-5005000.0,-2855000.0,-107187000.0,-99750000.0,126956000.0,0.0,64136000.0,64136000.0,64136000.0,0.0,0.0,0.224,64539000.0,99238000.0,57412000.0,0.079,3.28,21.02,20.92,164102000.0,0.0,14.498,4.104,4.105,209337000.0,945500000.0,286328000.0,286328000.0,16463000.0,,,,,0.0,48076000.0,1.0,281994228.0,282087000,286510500.0,1.015,1360182000.0,76070000.0,36548000.0,88861000.0,4.822,710644000.0
80,VTRS,MRQ,2001-06-30,2001-06-30,2001-06-30,2021-08-09,6232000.0,1534982000.0,,946718000.0,588264000.0,,4.21,-2734000.0,183819000.0,183819000.0,116074000.0,50648000.0,3.08,0.296,27394000.0,5241000.0,22153000.0,27394000.0,0.0,11070000.0,0.0,0.006,0.018,79138000.0,90208000.0,0.379,90208000.0,79138000.0,79138000.0,0.182,0.178,0.182,1184294000.0,,1184294000.0,3480350077.0,14.0,11.62,54914000.0,0.195,1.0,121859000.0,0.512,291538000.0,0.0,779659000.0,,170983000.0,185894000.0,158990000.0,26904000.0,350688000.0,307360000.0,43328000.0,3680943077.0,-45364000.0,0.0,2815000.0,0.0,-4997000.0,-2182000.0,-100830000.0,-98277000.0,57648000.0,0.0,50648000.0,50648000.0,50648000.0,0.0,0.0,0.213,57520000.0,64339000.0,56959000.0,0.099,3.108,22.463,21.299,166237000.0,0.0,12.502,4.012,3.834,221477000.0,886384000.0,237933000.0,237933000.0,16783000.0,,,,,0.0,40737000.0,1.0,294423104.0,281319750,284341500.0,0.846,1243444000.0,71503000.0,28490000.0,62941000.0,4.42,639358000.0
81,VTRS,MRQ,2001-03-31,2001-03-31,2001-03-31,2021-08-09,2983000.0,1469312000.0,,882563000.0,586749000.0,,4.029,-3792000.0,229183000.0,229183000.0,142848000.0,42063000.0,2.997,0.297,28590000.0,5245000.0,23345000.0,28590000.0,0.0,11427000.0,0.0,0.006,0.018,65723000.0,77150000.0,0.31,77150000.0,65723000.0,65723000.0,0.151,0.151,0.151,1132536000.0,,1132536000.0,3054264792.0,53.0,30.419,29088000.0,0.103,1.0,105800000.0,0.426,294384000.0,0.0,679809000.0,,161810000.0,83336000.0,55715000.0,27621000.0,336776000.0,294526000.0,42250000.0,3229552792.0,16786000.0,0.0,1221000.0,-4597000.0,-4993000.0,-8369000.0,-7725000.0,28355000.0,32880000.0,0.0,42063000.0,42063000.0,42063000.0,0.0,0.0,0.169,8215000.0,97585000.0,53935000.0,0.119,2.852,86.984,86.383,170193000.0,0.0,11.489,3.814,3.84,235938000.0,840741000.0,248648000.0,248648000.0,14771000.0,,,,,0.0,33356000.0,1.0,281102274.0,281072250,282704250.0,0.885,1174928000.0,59474000.0,23660000.0,53253000.0,4.18,588037000.0
82,VTRS,MRQ,2000-12-31,2000-12-31,2000-12-31,2021-08-09,4337000.0,1397273000.0,,783519000.0,613754000.0,,3.901,-4115000.0,212397000.0,212397000.0,118148000.0,37645000.0,2.938,0.275,37109000.0,11769000.0,25340000.0,37109000.0,0.0,11037000.0,0.0,0.006,0.018,58821000.0,69858000.0,0.313,69858000.0,58821000.0,58821000.0,0.133,0.133,0.133,1095554000.0,,1095554000.0,2962986687.0,47.0,28.993,-23141000.0,-0.082,1.0,105090000.0,0.471,310367000.0,0.0,644941000.0,,178067000.0,62355000.0,33953000.0,28402000.0,301719000.0,266677000.0,35042000.0,3143872687.0,-6942000.0,0.0,846000.0,-200000.0,-4990000.0,-4344000.0,16428000.0,-843000.0,-19026000.0,0.0,37645000.0,37645000.0,37645000.0,0.0,0.0,0.169,56416000.0,48674000.0,43055000.0,0.135,2.87,78.877,78.842,173635000.0,0.0,11.196,3.868,3.868,204359000.0,803677000.0,223238000.0,223238000.0,15816000.0,,,,,0.0,40600000.0,1.0,280814353.0,280820250,283509000.0,0.795,1086906000.0,47158000.0,21176000.0,27753000.0,3.87,516842000.0
83,VTRS,MRQ,2000-09-30,2000-09-30,2000-09-30,2021-08-09,5945000.0,1334213000.0,,685468000.0,648745000.0,,3.786,-6892000.0,219339000.0,219339000.0,113559000.0,33509000.0,2.994,0.256,38453000.0,11746000.0,26707000.0,38453000.0,0.0,9945000.0,0.0,0.008,0.018,52358000.0,62303000.0,0.3,62303000.0,52358000.0,52358000.0,0.12,0.12,0.12,1062512000.0,,1062512000.0,3218973416.0,48.0,30.515,459000.0,0.002,1.0,93996000.0,0.453,319694000.0,0.0,604719000.0,,198391000.0,62812000.0,35585000.0,27227000.0,271701000.0,228914000.0,42787000.0,3359523416.0,38035000.0,0.0,1381000.0,-1095000.0,-4987000.0,-4701000.0,35385000.0,24996000.0,7351000.0,0.0,33509000.0,33509000.0,33509000.0,0.0,0.0,0.161,41535000.0,52461000.0,28940000.0,0.15,3.162,78.775,81.451,174956000.0,0.0,11.973,4.234,4.235,173096000.0,771025000.0,207555000.0,207555000.0,17263000.0,,,,,0.0,35860000.0,1.0,280583804.0,280620000,282721500.0,0.74,1014519000.0,53232000.0,18849000.0,16080000.0,3.615,456554000.0
84,VTRS,MRQ,2000-06-30,2000-06-30,2000-06-30,2021-08-09,4575000.0,1364818000.0,,707664000.0,657154000.0,,3.561,-8776000.0,181304000.0,181304000.0,92279000.0,-76089000.0,2.496,0.324,40754000.0,7925000.0,32829000.0,40754000.0,0.0,9983000.0,0.0,0.012,0.018,-118889000.0,-108906000.0,-0.651,-108906000.0,-118889000.0,-118889000.0,-0.262,-0.262,-0.262,1031128000.0,,1031128000.0,2134479156.0,29.0,19.272,35960000.0,0.124,1.0,74976000.0,0.448,326419000.0,0.0,614385000.0,,208326000.0,85909000.0,58472000.0,27437000.0,333690000.0,283464000.0,50226000.0,2297468156.0,-22189000.0,0.0,-89233000.0,-95000.0,-5174000.0,-94502000.0,27577000.0,37452000.0,44736000.0,0.0,-76089000.0,-76089000.0,-76089000.0,0.0,0.0,-0.455,-91382000.0,166358000.0,81079000.0,-0.069,2.228,49.724,51.652,172521000.0,0.0,8.058,2.944,2.99,179517000.0,742494000.0,167255000.0,167255000.0,16535000.0,,,,,0.0,39083000.0,1.0,285124288.0,289577250,291811500.0,0.578,1038399000.0,71112000.0,-42800000.0,17397000.0,3.586,424200000.0
85,VTRS,MRQ,2000-03-31,2000-03-31,2000-03-31,2021-08-09,6936000.0,1341230000.0,,686746000.0,654484000.0,,4.137,-6936000.0,203493000.0,203493000.0,112127000.0,44793000.0,7.824,0.114,40504000.0,9874000.0,30630000.0,40504000.0,0.0,8367000.0,0.0,0.008,0.018,70573000.0,78940000.0,0.368,78940000.0,70573000.0,70573000.0,0.151,0.151,0.151,1203722000.0,,1203722000.0,3359181950.0,14.0,12.064,-12149000.0,-0.042,1.0,102557000.0,0.478,332142000.0,0.0,758329000.0,,148673000.0,129018000.0,99557000.0,29461000.0,137508000.0,87770000.0,49738000.0,3556689950.0,-34035000.0,0.0,1505000.0,-9510000.0,-5169000.0,-13174000.0,-15648000.0,3104000.0,-5213000.0,0.0,44793000.0,44793000.0,44793000.0,0.0,0.0,0.209,20770000.0,81787000.0,23175000.0,0.119,2.955,23.059,23.104,168000000.0,0.0,12.222,4.501,4.497,197760000.0,823570000.0,214684000.0,214684000.0,13470000.0,,,,,0.0,31277000.0,1.0,291001905.0,290994750,293436000.0,0.738,1009088000.0,30792000.0,25780000.0,26966000.0,3.468,598976000.0
86,VTRS,MRQ,1999-12-31,1999-12-31,1999-12-31,2021-08-09,2320000.0,1309042000.0,,683862000.0,625180000.0,,3.982,-9254000.0,237528000.0,237528000.0,92725000.0,40434000.0,6.683,0.131,40020000.0,16336000.0,23684000.0,40020000.0,0.0,9473000.0,0.0,0.008,0.04,63678000.0,73151000.0,0.359,73151000.0,63678000.0,63678000.0,0.138,0.138,0.138,1157870000.0,,1157870000.0,3061981521.0,13.0,11.643,46702000.0,0.161,1.0,111152000.0,0.545,325225000.0,0.0,683982000.0,,140219000.0,126719000.0,95559000.0,31160000.0,151172000.0,102327000.0,48845000.0,3255296521.0,4744000.0,0.0,492000.0,-158000.0,-5167000.0,-4833000.0,-46379000.0,-33794000.0,55956000.0,0.0,40434000.0,40434000.0,40434000.0,0.0,0.0,0.198,52804000.0,58348000.0,22057000.0,0.29,2.811,22.402,22.302,163853000.0,0.0,11.196,4.249,4.249,162687000.0,783952000.0,203877000.0,203877000.0,12387000.0,,,,,0.0,40417000.0,1.0,290766859.0,290772000,292558500.0,0.701,983817000.0,32032000.0,23244000.0,36619000.0,3.383,581535000.0
87,VTRS,MRQ,1999-09-30,1999-09-30,1999-09-30,2021-08-09,2016000.0,1259828000.0,,639840000.0,619988000.0,,3.857,-7078000.0,232784000.0,232784000.0,83677000.0,37066000.0,7.321,0.124,39469000.0,15417000.0,24052000.0,39469000.0,0.0,9197000.0,0.0,0.009,0.018,58373000.0,67570000.0,0.347,67570000.0,58373000.0,58373000.0,0.129,0.124,0.129,1121091000.0,,1121091000.0,2212263922.0,12.0,9.81,16693000.0,0.057,1.0,110812000.0,0.57,330191000.0,0.0,648920000.0,,139844000.0,94097000.0,61297000.0,32800000.0,138737000.0,87402000.0,51335000.0,2374440922.0,30986000.0,0.0,636000.0,-1014000.0,-5165000.0,-5543000.0,12758000.0,27506000.0,23771000.0,0.0,37066000.0,37066000.0,37066000.0,0.0,0.0,0.191,50353000.0,60459000.0,22277000.0,0.14,2.118,21.007,20.892,159253000.0,0.0,8.169,3.173,3.173,162419000.0,748688000.0,194489000.0,194489000.0,11473000.0,,,,,0.0,38880000.0,1.0,290668774.0,290659500,292824000.0,0.669,929637000.0,27120000.0,21307000.0,27283000.0,3.198,552438000.0
88,VTRS,MRQ,1999-06-30,1999-06-30,1999-06-30,2021-08-09,1572000.0,1241106000.0,,616253000.0,624853000.0,,3.745,-5436000.0,201798000.0,201798000.0,80848000.0,31953000.0,5.844,0.141,39621000.0,14850000.0,24771000.0,39621000.0,0.0,8669000.0,0.0,0.006,0.018,50119000.0,58788000.0,0.332,58788000.0,50119000.0,50119000.0,0.111,0.111,0.111,1088112000.0,,1088112000.0,3276481742.0,17.0,14.892,39182000.0,0.135,1.0,96247000.0,0.543,335194000.0,0.0,638277000.0,,138278000.0,121564000.0,87639000.0,33925000.0,152994000.0,105458000.0,47536000.0,3422562742.0,11949000.0,0.0,954000.0,-5014000.0,-5162000.0,-9222000.0,-23447000.0,-17049000.0,44618000.0,0.0,31953000.0,31953000.0,31953000.0,0.0,0.0,0.18,49905000.0,46342000.0,24831000.0,0.162,3.145,30.24,29.742,156366000.0,0.0,11.778,4.679,4.678,151224000.0,716790000.0,177095000.0,177095000.0,11791000.0,,,,,0.0,38114000.0,1.0,290594950.0,290556000,293195250.0,0.61,905912000.0,21721000.0,18166000.0,39707000.0,3.118,510795000.0
89,VTRS,MRQ,1999-03-31,1999-03-31,1999-03-31,2021-08-09,1105000.0,1206661000.0,,571759000.0,634902000.0,,3.652,-7489000.0,189849000.0,189849000.0,85751000.0,35858000.0,5.934,0.138,43768000.0,16941000.0,26827000.0,43768000.0,0.0,7916000.0,0.0,0.006,0.018,55559000.0,63475000.0,0.333,63475000.0,55559000.0,55559000.0,0.124,0.124,0.124,1059905000.0,,1059905000.0,3396116237.0,18.0,15.493,49829000.0,0.172,1.0,104867000.0,0.55,339603000.0,0.0,624616000.0,,136493000.0,103986000.0,69872000.0,34114000.0,146756000.0,96361000.0,50395000.0,3539490237.0,1735000.0,-71000.0,1571000.0,-8067000.0,-5154000.0,-11650000.0,-43933000.0,-31855000.0,57318000.0,0.0,35858000.0,35858000.0,35858000.0,0.0,0.0,0.188,36798000.0,68069000.0,17320000.0,0.145,3.339,30.669,29.818,154636000.0,0.0,12.196,4.908,4.779,148896000.0,690003000.0,190618000.0,190618000.0,22103000.0,,,,,0.0,33037000.0,1.0,290227880.0,290225250,293397750.0,0.657,867058000.0,18199000.0,19701000.0,24389000.0,2.988,475398000.0
90,VTRS,MRQ,1998-12-31,1998-12-31,1998-12-31,2021-08-09,-653000.0,1158313000.0,,531326000.0,626987000.0,,3.538,-3163000.0,188114000.0,188114000.0,86479000.0,8154000.0,5.898,0.131,44740000.0,19195000.0,25545000.0,44740000.0,0.0,7841000.0,0.0,0.005,0.018,27843000.0,35684000.0,0.192,35684000.0,27843000.0,27843000.0,0.027,0.027,0.027,1023950000.0,,1023950000.0,3957492432.0,21.0,18.81,48095000.0,0.166,1.0,99716000.0,0.536,328217000.0,0.0,596635000.0,,146989000.0,70523000.0,17061000.0,53462000.0,134363000.0,90087000.0,44276000.0,4051584432.0,49891000.0,1467000.0,5742000.0,-534000.0,-4898000.0,310000.0,-1677000.0,332000.0,51258000.0,0.0,8154000.0,8154000.0,8154000.0,0.0,0.0,0.044,77261000.0,22455000.0,17291000.0,0.667,3.957,36.384,35.0,152496000.0,0.0,14.0,5.844,5.845,150760000.0,659272000.0,186195000.0,186195000.0,12274000.0,,,,,0.0,35987000.0,1.0,289398888.0,289449000,293262750.0,0.643,830096000.0,15790000.0,19689000.0,21978000.0,2.868,441239000.0
91,VTRS,MRQ,1998-09-30,1998-09-30,1998-09-30,2021-08-09,-470000.0,924428000.0,,486912000.0,437516000.0,,2.931,-2674000.0,138223000.0,138223000.0,85548000.0,37215000.0,5.679,0.145,44131000.0,18414000.0,25717000.0,44131000.0,0.0,5626000.0,0.0,0.005,0.018,56447000.0,62073000.0,0.35,62073000.0,56447000.0,56447000.0,0.133,0.133,0.133,807312000.0,,807312000.0,3506919088.0,19.0,16.602,9536000.0,0.035,1.0,92044000.0,0.518,138860000.0,0.0,605742000.0,,151028000.0,70573000.0,15956000.0,54617000.0,117116000.0,85734000.0,31382000.0,3610495088.0,-888000.0,0.0,839000.0,-6124000.0,-4893000.0,-10178000.0,-2920000.0,1322000.0,12210000.0,0.0,37215000.0,37215000.0,37215000.0,0.0,0.0,0.21,41817000.0,50227000.0,18243000.0,0.135,4.472,28.841,28.943,152304000.0,0.0,13.111,5.672,5.672,157618000.0,656309000.0,177592000.0,177592000.0,13382000.0,,,,,0.0,28435000.0,1.0,275376744.0,275418000,278570250.0,0.645,785568000.0,15732000.0,19232000.0,9160000.0,2.852,401178000.0
92,VTRS,MRQ,1998-06-30,1998-06-30,1998-06-30,2021-08-09,78000.0,890899000.0,,467998000.0,422901000.0,,2.815,-5430000.0,139111000.0,139111000.0,81564000.0,34182000.0,5.424,0.15,35535000.0,9118000.0,26417000.0,35535000.0,0.0,5528000.0,0.0,0.005,0.018,52445000.0,57973000.0,0.348,57973000.0,52445000.0,52445000.0,0.124,0.124,0.124,774705000.0,,774705000.0,3631754371.0,20.0,18.106,39253000.0,0.143,1.0,85154000.0,0.511,126855000.0,0.0,574181000.0,,150032000.0,70911000.0,17979000.0,52932000.0,116194000.0,86287000.0,29907000.0,3700815371.0,35355000.0,0.0,1985000.0,-15000.0,-4888000.0,-2918000.0,-6410000.0,536000.0,44683000.0,0.0,34182000.0,34182000.0,34182000.0,0.0,0.0,0.205,39093000.0,46061000.0,23724000.0,0.145,4.777,31.267,31.194,153207000.0,0.0,13.444,6.038,6.035,137229000.0,624134000.0,166718000.0,166718000.0,14084000.0,,,,,0.0,25009000.0,1.0,275267259.0,275163750,279175500.0,0.606,764044000.0,17449000.0,18263000.0,21866000.0,2.777,381711000.0
93,VTRS,MRQ,1998-03-31,1998-03-31,1998-03-31,2021-08-09,1570000.0,847753000.0,,451072000.0,396681000.0,,2.709,-9150000.0,103756000.0,103756000.0,80633000.0,31806000.0,6.322,0.139,34695000.0,8477000.0,26218000.0,34695000.0,0.0,5725000.0,0.0,0.007,0.018,48936000.0,54661000.0,0.336,54661000.0,48936000.0,48936000.0,0.116,0.116,0.116,744465000.0,,744465000.0,2742635647.0,18.0,16.124,8622000.0,0.031,1.0,82130000.0,0.505,128745000.0,0.0,578601000.0,,146041000.0,71662000.0,41941000.0,29721000.0,103288000.0,71346000.0,31942000.0,2809433647.0,-11374000.0,0.0,186000.0,-15011000.0,-4874000.0,-19699000.0,-9447000.0,927000.0,17772000.0,0.0,31806000.0,31806000.0,31806000.0,0.0,0.0,0.195,38819000.0,43311000.0,20857000.0,0.155,3.774,27.878,27.702,151412000.0,0.0,10.222,5.058,5.056,136864000.0,594847000.0,162763000.0,162763000.0,14571000.0,,,,,0.0,24248000.0,1.0,274835900.0,274846500,275888250.0,0.592,719008000.0,15791000.0,17130000.0,11101000.0,2.616,379726000.0
94,VTRS,MRQ,1997-12-31,1997-12-31,1997-12-31,2021-08-09,646000.0,814983000.0,,398961000.0,416022000.0,,2.606,-8507000.0,115130000.0,115130000.0,75077000.0,21983000.0,5.972,0.138,48332000.0,16336000.0,31996000.0,48332000.0,0.0,5454000.0,0.0,0.008,0.018,31072000.0,36526000.0,0.282,36526000.0,31072000.0,31072000.0,0.08,0.08,0.08,716178000.0,,716178000.0,,,,33349000.0,0.121,1.0,54440000.0,0.42,131267000.0,0.0,550109000.0,,135601000.0,68577000.0,18492000.0,50085000.0,98805000.0,66809000.0,31996000.0,2557806112.0,22068000.0,0.0,5000.0,-2771000.0,-4887000.0,-7653000.0,-12135000.0,-1333000.0,41856000.0,0.0,21983000.0,21983000.0,21983000.0,0.0,0.0,0.17,29130000.0,25310000.0,19892000.0,0.225,3.571,30.944,30.817,145840000.0,0.0,9.307,5.002,5.001,108044000.0,568069000.0,129517000.0,129517000.0,7891000.0,,,,,0.0,21239000.0,1.0,274835900.0,274785750,277679250.0,0.471,683716000.0,14290000.0,9089000.0,7701000.0,2.488,332152000.0
95,VTRS,MRQ,1997-09-30,1997-09-30,1997-09-30,2021-08-09,,,,,,,,-4869000.0,,,71201000.0,30391000.0,,,,,,,,5383000.0,,0.007,0.018,46041000.0,51424000.0,0.334,51424000.0,46041000.0,46041000.0,0.111,0.111,0.111,,,,,,,-9428000.0,-0.034,1.0,82754000.0,0.538,,0.0,,,,,,,,,,,-15933000.0,0.0,-285000.0,-1408000.0,-4882000.0,-6575000.0,-4799000.0,228000.0,-4559000.0,0.0,30391000.0,30391000.0,30391000.0,0.0,0.0,0.197,43606000.0,39148000.0,,0.162,,,34.51,,0.0,9.973,,5.523,,,153955000.0,153955000.0,12124000.0,,,,,0.0,31482000.0,1.0,,274565250,276979500.0,0.561,,,15650000.0,,,
96,VTRS,MRQ,1997-06-30,1997-06-30,1997-06-30,2021-08-09,,,,,,,,-6327000.0,,,61379000.0,16598000.0,,,,,,,,5146000.0,,0.011,0.018,22341000.0,27487000.0,0.252,27487000.0,22341000.0,22341000.0,0.062,0.058,0.062,,,,,,,-8746000.0,-0.032,1.0,47809000.0,0.438,,0.0,,,,,,,,,,,-17161000.0,0.0,80000.0,-8000.0,-4882000.0,-4810000.0,-9932000.0,702000.0,-2419000.0,0.0,16598000.0,16598000.0,16598000.0,0.0,0.0,0.152,31430000.0,16379000.0,,0.29,,,,,0.0,6.556,,,,,109188000.0,109188000.0,11691000.0,,,,,0.0,19739000.0,1.0,,274646250,276837750.0,0.398,,,5743000.0,,,
97,VTRS,MRQ,1997-03-31,1997-03-31,1997-03-31,2021-08-09,-947000.0,777580000.0,,379020000.0,398560000.0,,2.403,-3260000.0,126156000.0,126156000.0,73322000.0,13687000.0,4.813,0.179,50046000.0,17453000.0,32593000.0,50046000.0,0.0,3451000.0,0.0,0.011,0.018,19104000.0,22555000.0,0.19,22555000.0,19104000.0,19104000.0,0.049,0.044,0.049,659740000.0,,659740000.0,,,,-2819000.0,-0.01,1.0,45365000.0,0.382,137062000.0,0.0,485662000.0,,100890000.0,62657000.0,13876000.0,48781000.0,117840000.0,78746000.0,39094000.0,,-28567000.0,0.0,195000.0,-18365000.0,-4874000.0,-23044000.0,-5964000.0,-1287000.0,441000.0,0.0,13687000.0,13687000.0,13687000.0,0.0,0.0,0.115,30738000.0,14627000.0,22932000.0,0.367,,,28.629,135829000.0,0.0,6.613,,4.122,115303000.0,513750000.0,118687000.0,118687000.0,11072000.0,,,,,0.0,19666000.0,1.0,,274563000,281772000.0,0.432,640518000.0,13532000.0,5417000.0,20296000.0,2.333,300274000.0
98,VTRS,MRQ,1996-12-31,1996-12-31,1996-12-31,2021-08-09,,,,,,,,,,,66729000.0,18081000.0,,,,,,,,,,0.01,0.018,23878000.0,,,,23878000.0,23878000.0,0.067,0.067,0.067,,,,,,,,,1.0,47252000.0,0.415,,0.0,,,,,,,,,,,,,,,,,,,,,18081000.0,18081000.0,18081000.0,0.0,0.0,0.159,30341000.0,16911000.0,,0.269,,,,,0.0,7.391,,,,,113981000.0,113981000.0,10775000.0,,,,,,19566000.0,1.0,,274311000,274311000.0,0.416,,,5797000.0,,,
0,VTRS,MRT,2021-06-30,2021-06-30,2021-06-30,2021-08-09,-1205000000.0,57984100000.0,52439850000.0,11749800000.0,46234300000.0,0.298,17.544,-276300000.0,673900000.0,673900000.0,11283800000.0,-2046900000.0,1.16,1.734,24401900000.0,3484900000.0,20917000000.0,24401900000.0,0.0,4125000000.0,0.0,0.008,0.11,-834500000.0,3290500000.0,0.211,3290500000.0,-834500000.0,-1432300000.0,-2.32,-2.32,-2.32,21206900000.0,19530900000.0,21206900000.0,40904087138.0,-49.0,12.431,1693100000.0,1.401,1.0,4319900000.0,0.277,39854100000.0,597800000.0,31725400000.0,28193950000.0,4487600000.0,0.0,0.0,0.0,36777200000.0,10132600000.0,26644600000.0,17271687138.0,354300000.0,796200000.0,0.0,-996400000.0,-133000000.0,-1781900000.0,138500000.0,-1000000.0,1969400000.0,28300000.0,-2046900000.0,-2046900000.0,-2046900000.0,0.0,0.0,-0.131,5163600000.0,-843700000.0,1800200000.0,-0.047,0.814,-8.438,-6.159,3171400000.0,0.0,14.29,1.107,1.107,4478700000.0,3909900000.0,15603700000.0,15603700000.0,616400000.0,-0.039,-0.105,-0.03,-0.053,108200000.0,4411100000.0,1.0,1208655503.0,1208800000,1208800000.0,12.908,18130000000.0,2183700000.0,614600000.0,4121700000.0,14.998,1617200000.0
1,VTRS,MRT,2021-03-31,2021-03-31,2021-03-31,2021-08-09,-1385600000.0,58979200000.0,45482675000.0,12318500000.0,46660700000.0,0.302,17.735,-245700000.0,806900000.0,806900000.0,9739200000.0,-1728300000.0,1.235,1.754,24439300000.0,2337100000.0,22102200000.0,24439300000.0,0.0,3223600000.0,0.0,0.0,0.0,-646300000.0,2577300000.0,0.187,2577300000.0,-646300000.0,-1193200000.0,-2.01,-2.01,-2.01,21414700000.0,17165725000.0,21414700000.0,41857144257.0,-65.0,16.241,1543800000.0,1.279,1.0,4017900000.0,0.292,40396900000.0,546900000.0,32236600000.0,23906125000.0,4942200000.0,0.0,0.0,0.0,37564500000.0,9978100000.0,27586400000.0,16862944257.0,225100000.0,712800000.0,0.0,-1465300000.0,0.0,-1680700000.0,80800000.0,-22300000.0,1789500000.0,35500000.0,-1728300000.0,-1728300000.0,-1728300000.0,0.0,0.0,-0.126,4679600000.0,-661700000.0,2043200000.0,0.0,0.787,-9.757,-6.95,3246900000.0,0.0,13.97,1.226,1.226,4529000000.0,4323600000.0,13757100000.0,13757100000.0,625000000.0,-0.038,-0.101,-0.027,-0.047,92500000.0,3925700000.0,1.0,1207082624.0,1207500000,1207500000.0,11.393,18582300000.0,1997300000.0,535100000.0,3766600000.0,15.389,2340400000.0
2,VTRS,MRT,2020-12-31,2020-12-31,2020-12-31,2021-08-09,-858000000.0,61553000000.0,38274350000.0,12867500000.0,48685500000.0,0.312,38.18,-240900000.0,844400000.0,844400000.0,8149300000.0,-669900000.0,1.218,1.682,25838600000.0,3409400000.0,22429200000.0,25838600000.0,0.0,2216100000.0,0.0,0.0,0.0,-223400000.0,1992700000.0,0.167,1992700000.0,-223400000.0,-721200000.0,-1.11,-1.11,-1.11,22954100000.0,14627725000.0,22954100000.0,21823669454.0,-98.0,10.952,990900000.0,1.648,1.0,3796700000.0,0.318,42030200000.0,497800000.0,33954100000.0,20011275000.0,5471900000.0,0.0,0.0,0.0,38598900000.0,10562900000.0,28036000000.0,10148569454.0,358800000.0,435800000.0,600000.0,-401300000.0,0.0,-605700000.0,-301100000.0,-57800000.0,1231800000.0,33800000.0,-669900000.0,-669900000.0,-669900000.0,0.0,0.0,-0.056,4007500000.0,-210800000.0,1904200000.0,0.0,0.442,-15.149,-16.883,3459900000.0,0.0,18.74,0.85,0.943,4843800000.0,5361200000.0,11946000000.0,11946000000.0,555100000.0,-0.018,-0.046,-0.011,-0.019,79200000.0,3344600000.0,1.0,541545862.0,601200000,601200000.0,19.87,19522800000.0,2147900000.0,-51300000.0,3412300000.0,32.473,2304600000.0
3,VTRS,MRT,2020-09-30,2020-09-30,2020-09-30,2021-08-09,-1423800000.0,31243100000.0,30699975000.0,7334700000.0,23908400000.0,0.375,24.275,-198400000.0,664500000.0,664500000.0,7336600000.0,266400000.0,1.008,1.49,12339600000.0,3238100000.0,9101500000.0,12339600000.0,0.0,1810700000.0,0.0,0.0,0.0,906900000.0,2717600000.0,0.236,2717600000.0,906900000.0,427500000.0,0.52,0.52,0.52,12547900000.0,11860150000.0,12547900000.0,19535523728.0,22.0,7.189,1683900000.0,3.258,1.0,4177700000.0,0.363,20783100000.0,479400000.0,14859700000.0,15695925000.0,3022000000.0,0.0,0.0,0.0,18695200000.0,7275400000.0,11419800000.0,7666323728.0,292700000.0,28000000.0,700000.0,-1005700000.0,0.0,-1219200000.0,-393300000.0,-55800000.0,1882300000.0,22900000.0,266400000.0,266400000.0,266400000.0,0.0,0.0,0.023,3235100000.0,942600000.0,1447800000.0,0.0,0.611,28.777,28.519,2058300000.0,0.0,14.83,0.666,0.666,2964100000.0,6277000000.0,11514300000.0,11514300000.0,552100000.0,0.009,0.022,0.058,0.079,55700000.0,2637600000.0,1.0,516946981.0,516900000,517700000.0,22.276,10460000000.0,658100000.0,161100000.0,1760700000.0,20.236,59300000.0
4,VTRS,MRT,2020-06-30,2020-06-30,2020-06-30,2021-08-09,-2024900000.0,30155400000.0,30652575000.0,6464600000.0,23690800000.0,0.375,22.724,-202600000.0,323600000.0,323600000.0,7412300000.0,270500000.0,0.927,1.567,12192800000.0,3198400000.0,8994400000.0,12192800000.0,0.0,1848100000.0,0.0,0.0,0.0,862700000.0,2710800000.0,0.236,2710800000.0,862700000.0,371700000.0,0.53,0.53,0.53,11746200000.0,11589025000.0,11746200000.0,20425567078.0,24.0,7.535,1642500000.0,3.178,1.0,4091600000.0,0.356,20479200000.0,491000000.0,14574100000.0,16457000000.0,2785700000.0,0.0,0.0,0.0,18409200000.0,6971300000.0,11437900000.0,8312467078.0,112000000.0,-113600000.0,4700000.0,-1133000000.0,0.0,-1206200000.0,-511500000.0,-55600000.0,1845100000.0,-15400000.0,270500000.0,270500000.0,270500000.0,0.0,0.0,0.024,3176700000.0,914900000.0,1256700000.0,0.0,0.708,30.73,30.34,2037500000.0,0.0,16.08,0.723,0.723,2753200000.0,6091500000.0,11503900000.0,11503900000.0,590200000.0,0.009,0.023,0.052,0.075,56700000.0,2611900000.0,1.0,516944470.0,516900000,517200000.0,22.256,9676200000.0,749400000.0,101200000.0,1830200000.0,18.72,-506700000.0
5,VTRS,MRT,2020-03-31,2020-03-31,2020-03-31,2021-08-09,-2453500000.0,30145900000.0,31067950000.0,6600500000.0,23545400000.0,0.374,21.81,-203500000.0,572400000.0,572400000.0,7625700000.0,62600000.0,1.262,1.677,12685500000.0,1487700000.0,11197800000.0,12685500000.0,0.0,1933800000.0,0.0,0.0,0.0,805600000.0,2739400000.0,0.236,2739400000.0,805600000.0,299600000.0,0.12,0.12,0.12,11262700000.0,11628175000.0,11262700000.0,19943001888.0,25.0,7.28,1931000000.0,3.739,1.0,3998500000.0,0.344,20373600000.0,506000000.0,16657200000.0,17304025000.0,2639600000.0,0.0,0.0,0.0,18883200000.0,5228200000.0,13655000000.0,7696201888.0,357000000.0,-113600000.0,6300000.0,-1101200000.0,0.0,-1153700000.0,-595400000.0,-34000000.0,2134500000.0,-28400000.0,62600000.0,62600000.0,62600000.0,0.0,0.0,0.005,3122300000.0,876200000.0,1273500000.0,0.0,0.683,122.943,124.25,2067000000.0,0.0,14.91,0.662,0.662,2774600000.0,6051900000.0,11624200000.0,11624200000.0,581500000.0,0.002,0.005,0.047,0.069,58200000.0,2561100000.0,1.0,516177189.0,516400000,517000000.0,22.51,9772300000.0,701300000.0,237000000.0,1792500000.0,18.924,1372300000.0
6,VTRS,MRT,2019-12-31,2019-12-31,2019-12-31,2021-08-09,-1797200000.0,31255500000.0,31508125000.0,6757300000.0,24498200000.0,0.365,23.044,-213200000.0,475600000.0,475600000.0,7602900000.0,16800000.0,1.213,1.63,12722400000.0,1508100000.0,11214300000.0,12722400000.0,0.0,2019300000.0,0.0,0.0,0.0,671700000.0,2691000000.0,0.234,2691000000.0,671700000.0,154400000.0,0.03,0.03,0.03,11883800000.0,11785400000.0,11883800000.0,23081163652.0,34.0,8.577,1590500000.0,3.084,1.0,3897600000.0,0.339,21240500000.0,517300000.0,16692700000.0,17826375000.0,2670900000.0,0.0,0.0,0.0,19371700000.0,5569100000.0,13802600000.0,10374263652.0,101800000.0,-120700000.0,8100000.0,-1102900000.0,0.0,-1169000000.0,-525400000.0,1300000.0,1803700000.0,-7500000.0,16800000.0,16800000.0,16800000.0,0.0,0.0,0.001,3182100000.0,715500000.0,1528100000.0,0.0,0.873,617.516,670.0,2149600000.0,0.0,20.1,0.902,0.901,3058800000.0,6031100000.0,11500500000.0,11500500000.0,639900000.0,0.001,0.001,0.038,0.058,56800000.0,2563600000.0,1.0,516132520.0,515700000,516500000.0,22.301,10015000000.0,703100000.0,137600000.0,1840500000.0,19.42,1188200000.0
7,VTRS,MRT,2019-09-30,2019-09-30,2019-09-30,2021-08-09,-2191200000.0,31053500000.0,31877975000.0,6645100000.0,24408400000.0,0.357,22.216,-254300000.0,358900000.0,358900000.0,7561600000.0,47500000.0,1.431,1.709,13065800000.0,605300000.0,12460500000.0,13065800000.0,0.0,2080500000.0,0.0,0.0,0.0,622700000.0,2703200000.0,0.237,2703200000.0,622700000.0,96200000.0,0.09,0.09,0.09,11463400000.0,11856225000.0,11463400000.0,23333107037.0,37.0,8.632,1498800000.0,2.905,1.0,3825800000.0,0.336,21211400000.0,526500000.0,17904000000.0,18205575000.0,2763500000.0,0.0,0.0,0.0,19590100000.0,4645000000.0,14945100000.0,10203907037.0,-128700000.0,121800000.0,10200000.0,-1217500000.0,0.0,-1280800000.0,-586500000.0,-1300000.0,1753100000.0,-14500000.0,47500000.0,47500000.0,47500000.0,0.0,0.0,0.004,3149800000.0,676000000.0,1511300000.0,0.0,0.89,214.819,219.778,2123900000.0,0.0,19.78,0.896,0.896,2948000000.0,6010600000.0,11387400000.0,11387400000.0,636900000.0,0.001,0.004,0.034,0.055,56200000.0,2542100000.0,1.0,515869921.0,516000000,516200000.0,22.069,9842100000.0,628100000.0,48700000.0,1710200000.0,19.074,2000100000.0
8,VTRS,MRT,2019-06-30,2019-06-30,2019-06-30,2021-08-09,-1541700000.0,31816900000.0,32478500000.0,6265400000.0,25551500000.0,0.348,23.09,-273400000.0,211500000.0,211500000.0,7495500000.0,34400000.0,1.374,1.673,13340700000.0,750600000.0,12590100000.0,13340700000.0,0.0,2111400000.0,0.0,0.0,0.0,636400000.0,2747800000.0,0.243,2747800000.0,636400000.0,102600000.0,0.06,0.06,0.06,11902800000.0,12006925000.0,11902800000.0,23374922003.0,37.0,8.507,1645500000.0,3.192,1.0,3792600000.0,0.336,22423600000.0,533800000.0,17962200000.0,18293825000.0,2776200000.0,0.0,0.0,0.0,19914100000.0,4560300000.0,15353800000.0,9813922003.0,-171500000.0,19600000.0,8100000.0,-1315000000.0,0.0,-1372900000.0,-711700000.0,700000.0,1918900000.0,-5800000.0,34400000.0,34400000.0,34400000.0,0.0,0.0,0.003,3102100000.0,690500000.0,1538200000.0,0.0,0.825,285.288,317.333,2146000000.0,0.0,19.04,0.869,0.87,2703800000.0,5820800000.0,11288100000.0,11288100000.0,613100000.0,0.001,0.003,0.035,0.056,10900000.0,2486700000.0,1.0,515437080.0,515500000,515500000.0,21.897,9393300000.0,553100000.0,68200000.0,1773600000.0,18.222,1705100000.0
9,VTRS,MRT,2019-03-31,2019-03-31,2019-03-31,2021-08-09,-1710500000.0,31906600000.0,32842150000.0,6262300000.0,25644300000.0,0.342,23.09,-274500000.0,229800000.0,229800000.0,7422400000.0,240400000.0,1.506,1.683,13790800000.0,703900000.0,13086900000.0,13790800000.0,0.0,2111900000.0,0.0,0.0,0.0,715200000.0,2827100000.0,0.251,2827100000.0,715200000.0,173400000.0,0.46,0.46,0.46,11891600000.0,12083400000.0,11891600000.0,28096821470.0,39.0,9.938,1405700000.0,2.73,1.0,3822500000.0,0.34,22563400000.0,541800000.0,18746600000.0,18499975000.0,2708800000.0,0.0,0.0,0.0,20015000000.0,4157600000.0,15857400000.0,14622021470.0,-214200000.0,19600000.0,9400000.0,-942800000.0,0.0,-1009600000.0,-857100000.0,14100000.0,1680200000.0,-27700000.0,240400000.0,240400000.0,240400000.0,0.0,0.0,0.021,3048600000.0,773900000.0,1316500000.0,0.0,1.23,60.824,61.609,2151400000.0,0.0,28.34,1.3,1.298,2778500000.0,5989300000.0,11244900000.0,11244900000.0,672200000.0,0.007,0.02,0.039,0.064,-6700000.0,2441400000.0,1.0,515949946.0,515000000,515000000.0,21.835,9343200000.0,507800000.0,-67000000.0,1666400000.0,18.142,2104700000.0
10,VTRS,MRT,2018-12-31,2018-12-31,2018-12-31,2021-08-09,-1441300000.0,32734900000.0,33661625000.0,6367700000.0,26367200000.0,0.34,23.648,-252100000.0,388100000.0,388100000.0,7432300000.0,352500000.0,1.388,1.69,13862900000.0,701700000.0,13161200000.0,13862900000.0,0.0,2109900000.0,0.0,0.0,0.0,840700000.0,2950600000.0,0.258,2950600000.0,840700000.0,298400000.0,0.69,0.68,0.69,12167100000.0,12404675000.0,12167100000.0,28147302853.0,33.0,9.54,2089600000.0,4.061,1.0,4001600000.0,0.35,23412400000.0,542300000.0,18209500000.0,18362600000.0,2580200000.0,0.0,0.0,0.0,20567800000.0,4587800000.0,15980000000.0,14128302853.0,19400000.0,-36600000.0,-414200000.0,-631700000.0,0.0,-1090900000.0,-1210400000.0,21800000.0,2341700000.0,-21000000.0,352500000.0,352500000.0,352500000.0,0.0,0.0,0.031,3096000000.0,905600000.0,1617000000.0,0.0,1.161,40.08,39.71,2170200000.0,0.0,27.4,1.236,1.233,2881000000.0,6010700000.0,11433900000.0,11433900000.0,704500000.0,0.01,0.028,0.046,0.074,-3300000.0,2441000000.0,1.0,515631491.0,514500000,516500000.0,22.223,9322500000.0,572200000.0,-54100000.0,1843500000.0,18.12,1779900000.0
11,VTRS,MRT,2018-09-30,2018-09-30,2018-09-30,2021-08-09,-1490900000.0,33455600000.0,34429475000.0,6541700000.0,26913900000.0,0.337,23.452,-256900000.0,449200000.0,449200000.0,7313500000.0,545600000.0,1.262,1.773,14468200000.0,1176800000.0,13291400000.0,14468200000.0,0.0,2027000000.0,0.0,0.0,0.0,1083900000.0,3110900000.0,0.268,3110900000.0,1083900000.0,548500000.0,1.04,1.04,1.04,12066200000.0,12689800000.0,12066200000.0,33281661496.0,31.0,10.698,1944200000.0,3.779,1.0,4280600000.0,0.369,24035600000.0,535400000.0,18257000000.0,18409750000.0,2560600000.0,0.0,0.0,0.0,21389400000.0,5182000000.0,16207400000.0,18869761496.0,-247700000.0,-315800000.0,-911600000.0,-186500000.0,0.0,-1153900000.0,-1255500000.0,22800000.0,2201100000.0,-39400000.0,545600000.0,545600000.0,545600000.0,0.0,0.0,0.047,3188600000.0,1092000000.0,1401100000.0,0.0,1.564,34.585,35.192,2119600000.0,0.0,36.6,1.628,1.624,2948700000.0,5965800000.0,11594100000.0,11594100000.0,758100000.0,0.016,0.043,0.059,0.093,1900000.0,2468400000.0,1.0,515567254.0,514500000,516500000.0,22.535,9420000000.0,514000000.0,2900000.0,1840100000.0,18.309,1359700000.0
12,VTRS,MRT,2018-06-30,2018-06-30,2018-06-30,2021-08-09,-1199300000.0,33271500000.0,35020300000.0,6297800000.0,26973700000.0,0.335,23.734,-242500000.0,330200000.0,330200000.0,7299300000.0,457200000.0,1.295,1.725,14742100000.0,1422100000.0,13320000000.0,14742100000.0,0.0,1969500000.0,0.0,0.0,0.0,1066900000.0,3036400000.0,0.259,3036400000.0,1066900000.0,535900000.0,0.87,0.86,0.87,12208700000.0,12996150000.0,12208700000.0,33393484577.0,31.0,10.998,1853600000.0,3.603,1.0,4419500000.0,0.377,24033400000.0,531000000.0,18786800000.0,18783050000.0,2561000000.0,0.0,0.0,0.0,21062800000.0,4863200000.0,16199600000.0,18628184577.0,-364600000.0,-72000000.0,-909600000.0,-388300000.0,0.0,-1352200000.0,-1080300000.0,21000000.0,2096100000.0,-28200000.0,457200000.0,457200000.0,457200000.0,0.0,0.0,0.039,3349200000.0,1070300000.0,1342100000.0,0.0,1.526,40.744,41.54,2186200000.0,0.0,36.14,1.59,1.586,2818200000.0,5789100000.0,11718800000.0,11718800000.0,796300000.0,0.013,0.035,0.057,0.091,53300000.0,2555200000.0,1.0,515445063.0,514400000,516300000.0,22.781,9238100000.0,467800000.0,78700000.0,1851100000.0,17.959,1434600000.0
13,VTRS,MRT,2018-03-31,2018-03-31,2018-03-31,2021-08-09,-191500000.0,35184500000.0,35578975000.0,6761300000.0,28423200000.0,0.334,25.616,-248200000.0,367400000.0,367400000.0,7190300000.0,716700000.0,1.059,1.67,15132700000.0,2681300000.0,12451400000.0,15132700000.0,0.0,1888800000.0,0.0,0.0,0.0,1370000000.0,3258800000.0,0.274,3258800000.0,1370000000.0,841900000.0,1.36,1.34,1.36,13176700000.0,13152200000.0,13176700000.0,35622162960.0,26.0,10.931,1985500000.0,3.86,1.0,4682400000.0,0.394,25365900000.0,528100000.0,18197100000.0,19031000000.0,2641100000.0,0.0,0.0,0.0,22007800000.0,6386800000.0,15621000000.0,21193562960.0,-414500000.0,-72000000.0,-908600000.0,-482400000.0,0.0,-1438800000.0,-1228500000.0,7600000.0,2233700000.0,19100000.0,716700000.0,716700000.0,716700000.0,0.0,0.0,0.06,3317200000.0,1365200000.0,1386600000.0,0.0,1.608,29.571,30.272,2275200000.0,0.0,41.17,1.785,1.784,3024800000.0,5751600000.0,11872700000.0,11872700000.0,770700000.0,0.02,0.054,0.072,0.115,73000000.0,2552400000.0,1.0,514781709.0,514400000,516800000.0,23.081,9818600000.0,497600000.0,125200000.0,2074000000.0,19.087,374500000.0
14,VTRS,MRT,2017-12-31,2017-12-31,2017-12-31,2021-08-09,-361200000.0,35806300000.0,35351000000.0,7213300000.0,28593000000.0,0.337,24.897,-275900000.0,292100000.0,292100000.0,7124600000.0,696000000.0,1.13,1.691,14720700000.0,1855400000.0,12865300000.0,14720700000.0,0.0,1805800000.0,0.0,0.0,0.0,1437600000.0,3243400000.0,0.272,3243400000.0,1437600000.0,903000000.0,1.3,1.3,1.3,13307600000.0,12772025000.0,13307600000.0,36867120826.0,26.0,11.367,1788900000.0,3.347,1.0,4783100000.0,0.402,25451500000.0,534600000.0,18398100000.0,19553400000.0,2542700000.0,0.0,0.0,0.0,22498700000.0,6385300000.0,16113400000.0,22696620826.0,-777100000.0,-80300000.0,-482400000.0,-1359500000.0,0.0,-1893100000.0,-976400000.0,100000.0,2064800000.0,27600000.0,696000000.0,696000000.0,696000000.0,0.0,0.0,0.058,3345900000.0,1437200000.0,1452500000.0,0.0,1.706,32.61,32.546,2339100000.0,0.0,42.31,1.906,1.899,3612400000.0,5644500000.0,11907700000.0,11907700000.0,783300000.0,0.02,0.054,0.074,0.121,74700000.0,2575700000.0,1.0,536436323.0,534500000,536700000.0,22.278,10354800000.0,496800000.0,207000000.0,2125300000.0,19.373,828000000.0
15,VTRS,MRT,2017-09-30,2017-09-30,2017-09-30,2021-08-09,-611200000.0,35818900000.0,35080975000.0,7266600000.0,28552300000.0,0.34,24.835,-307300000.0,614900000.0,614900000.0,7113100000.0,869200000.0,1.458,1.695,14785400000.0,793000000.0,13992400000.0,14785400000.0,0.0,1756400000.0,0.0,0.0,0.0,1356900000.0,3113300000.0,0.261,3113300000.0,1356900000.0,800800000.0,1.67,1.63,1.67,13291600000.0,12224175000.0,13291600000.0,31268226751.0,23.0,10.043,1611500000.0,3.011,1.0,4823500000.0,0.404,25255200000.0,556100000.0,19750200000.0,20090450000.0,2548100000.0,0.0,0.0,0.0,22527300000.0,4984000000.0,17543300000.0,16823126751.0,-712400000.0,-401800000.0,15500000.0,-1244500000.0,0.0,-1298700000.0,-1351900000.0,-1700000.0,1918800000.0,19400000.0,869200000.0,869200000.0,869200000.0,0.0,0.0,0.073,3492100000.0,1331400000.0,1276100000.0,0.0,1.266,19.355,18.784,2310000000.0,0.0,31.37,1.409,1.407,3220200000.0,5393800000.0,11936600000.0,11936600000.0,775500000.0,0.025,0.071,0.068,0.114,82000000.0,2626300000.0,1.0,536280738.0,535200000,537000000.0,22.303,10563700000.0,559800000.0,-68400000.0,2153200000.0,19.738,2282600000.0
16,VTRS,MRT,2017-06-30,2017-06-30,2017-06-30,2021-08-09,-955600000.0,35506200000.0,35260875000.0,6965900000.0,28540300000.0,0.341,23.987,-378700000.0,612800000.0,612800000.0,7077900000.0,661100000.0,1.347,1.767,15057900000.0,1032300000.0,14025600000.0,15057900000.0,0.0,1759200000.0,0.0,0.0,0.0,864600000.0,2623800000.0,0.219,2623800000.0,864600000.0,295900000.0,1.27,1.24,1.27,12832900000.0,11858100000.0,12832900000.0,35107998061.0,41.0,13.381,2192100000.0,4.097,1.0,4928700000.0,0.41,25003000000.0,568700000.0,19778600000.0,19227600000.0,2610200000.0,0.0,0.0,0.0,22673300000.0,5169700000.0,17503600000.0,20805598061.0,-5819700000.0,-5610200000.0,15900000.0,-1350400000.0,0.0,-1406600000.0,-7005300000.0,-2300000.0,2570800000.0,21400000.0,661100000.0,661100000.0,661100000.0,0.0,0.0,0.055,4044500000.0,884200000.0,1133400000.0,0.0,1.621,31.471,30.567,2366200000.0,0.0,38.82,1.733,1.73,2951000000.0,5305500000.0,12006600000.0,12006600000.0,792300000.0,0.019,0.056,0.045,0.072,79000000.0,2619100000.0,1.0,535950491.0,535000000,537000000.0,22.442,10503200000.0,722500000.0,-365200000.0,2145600000.0,19.632,1796200000.0
17,VTRS,MRT,2017-03-31,2017-03-31,2017-03-31,2021-08-09,-1813000000.0,34272600000.0,33593400000.0,7065500000.0,27207100000.0,0.345,21.807,-397000000.0,723800000.0,723800000.0,6730100000.0,532500000.0,1.562,1.94,15026200000.0,325400000.0,14700800000.0,15026200000.0,0.0,1641400000.0,0.0,0.0,0.0,697000000.0,2338400000.0,0.201,2338400000.0,697000000.0,174300000.0,1.04,1.02,1.04,11656000000.0,11232350000.0,11656000000.0,35419527562.0,51.0,15.147,2022600000.0,3.784,1.0,4875000000.0,0.42,23764100000.0,522700000.0,20286700000.0,18942075000.0,2547800000.0,0.0,0.0,0.0,22616600000.0,4524200000.0,18092400000.0,20879027562.0,-546400000.0,-6553500000.0,15200000.0,4864000000.0,0.0,4738400000.0,-7694600000.0,-6100000.0,2419600000.0,-9800000.0,532500000.0,532500000.0,532500000.0,0.0,0.0,0.046,4053700000.0,821300000.0,1141400000.0,0.0,1.791,39.209,37.49,2338000000.0,0.0,38.99,1.799,1.796,2872000000.0,5008500000.0,11605100000.0,11605100000.0,790700000.0,0.016,0.047,0.037,0.06,85500000.0,2580000000.0,1.0,535496988.0,534500000,536900000.0,21.712,10508500000.0,564000000.0,-358200000.0,2050100000.0,19.66,2541300000.0
18,VTRS,MRT,2016-12-31,2016-12-31,2016-12-31,2021-08-09,-2263700000.0,34726200000.0,30686275000.0,7522500000.0,27203700000.0,0.361,21.669,-390400000.0,998800000.0,998800000.0,6379900000.0,480000000.0,1.492,2.124,15539300000.0,336400000.0,15202900000.0,15539300000.0,0.0,1523000000.0,0.0,0.0,0.0,576500000.0,2099500000.0,0.19,2099500000.0,576500000.0,121700000.0,0.94,0.92,0.94,11116200000.0,10886700000.0,11116200000.0,34975065402.0,61.0,16.659,1656800000.0,3.23,1.0,4697000000.0,0.424,23679700000.0,454800000.0,20546300000.0,16899050000.0,2456400000.0,0.0,0.0,0.0,23608600000.0,5040700000.0,18567900000.0,20414265402.0,-295600000.0,-6481900000.0,13800000.0,5496700000.0,0.0,5344600000.0,-7677800000.0,-8700000.0,2047200000.0,-9600000.0,480000000.0,480000000.0,480000000.0,0.0,0.0,0.043,3997800000.0,699200000.0,1348100000.0,0.0,1.836,42.53,40.585,2322200000.0,0.0,38.15,1.843,1.767,3310900000.0,4942100000.0,11076900000.0,11076900000.0,826800000.0,0.016,0.044,0.034,0.052,88900000.0,2498500000.0,1.0,535105253.0,513000000,520500000.0,21.592,11046500000.0,633200000.0,-358300000.0,2104100000.0,21.533,2481800000.0
19,VTRS,MRT,2016-09-30,2016-09-30,2016-09-30,2021-08-09,-1120400000.0,36538500000.0,27571650000.0,7965100000.0,28573400000.0,0.374,22.588,-395100000.0,1256600000.0,1256600000.0,5875200000.0,257100000.0,0.834,2.089,15817400000.0,4488800000.0,11328600000.0,15817400000.0,0.0,1387100000.0,0.0,0.0,0.0,491000000.0,1878100000.0,0.182,1878100000.0,491000000.0,115100000.0,0.53,0.51,0.53,11827300000.0,10548750000.0,11827300000.0,27512326266.0,56.0,14.649,1954600000.0,3.733,1.0,4424600000.0,0.43,25246500000.0,375900000.0,16298800000.0,14682825000.0,2687500000.0,0.0,0.0,0.0,24709700000.0,9554000000.0,15155700000.0,20390826266.0,669600000.0,-6844800000.0,-51500000.0,6501100000.0,0.0,6312900000.0,-8012000000.0,-6300000.0,2349700000.0,19000000.0,257100000.0,257100000.0,257100000.0,0.0,0.0,0.025,3614900000.0,809700000.0,1254900000.0,0.0,1.724,79.311,71.925,2284200000.0,0.0,38.12,1.98,1.938,3098900000.0,4524600000.0,10299800000.0,10299800000.0,791200000.0,0.009,0.024,0.033,0.048,97500000.0,2383800000.0,1.0,534911497.0,523600000,523600000.0,19.671,11292000000.0,441800000.0,-142000000.0,2354100000.0,21.566,-1588900000.0
20,VTRS,MRT,2016-06-30,2016-06-30,2016-06-30,2021-08-09,-1431300000.0,28836300000.0,23766150000.0,12186700000.0,16649600000.0,0.418,20.48,-361900000.0,6361900000.0,6361900000.0,5481300000.0,805500000.0,3.229,1.791,13483400000.0,710600000.0,12772800000.0,13483400000.0,0.0,1198900000.0,0.0,0.0,0.0,1222100000.0,2421000000.0,0.244,2421000000.0,1222100000.0,895500000.0,1.63,1.57,1.63,10329900000.0,10045325000.0,10329900000.0,28255938780.0,23.0,11.671,1762000000.0,3.493,1.0,4456600000.0,0.448,13546700000.0,326600000.0,18636500000.0,13469625000.0,2191300000.0,0.0,0.0,0.0,18505000000.0,3774600000.0,14730400000.0,21980738780.0,5922200000.0,-1636400000.0,-49400000.0,5322400000.0,0.0,6411800000.0,-2603200000.0,-5400000.0,2123900000.0,-10300000.0,805500000.0,805500000.0,805500000.0,0.0,0.0,0.081,2915100000.0,1541500000.0,1017600000.0,0.0,2.128,27.288,26.528,2057600000.0,0.0,43.24,2.212,2.195,2917400000.0,4644400000.0,9937900000.0,9937900000.0,766900000.0,0.034,0.08,0.091,0.123,94400000.0,2264000000.0,1.0,508342710.0,504400000,509700000.0,19.702,15289600000.0,326300000.0,90000000.0,803900000.0,30.312,8412100000.0
21,VTRS,MRT,2016-03-31,2016-03-31,2016-03-31,2021-08-09,-1290500000.0,22644100000.0,22255725000.0,6627600000.0,16016500000.0,0.438,20.975,-366600000.0,1199400000.0,1199400000.0,5455900000.0,805000000.0,1.674,1.204,7474600000.0,1148900000.0,6325700000.0,7474600000.0,0.0,1154200000.0,0.0,0.0,0.0,1203200000.0,2357400000.0,0.242,2357400000.0,1203200000.0,873000000.0,1.64,1.56,1.64,10273400000.0,9854825000.0,10273400000.0,28881282589.0,24.0,12.251,1455400000.0,2.971,1.0,4293000000.0,0.44,12845300000.0,330200000.0,12114600000.0,12169700000.0,2144100000.0,0.0,0.0,0.0,12369200000.0,3959400000.0,8409800000.0,22743382589.0,922200000.0,-693100000.0,-33600000.0,-1047400000.0,0.0,744300000.0,-1642200000.0,-3700000.0,1822000000.0,-1900000.0,804900000.0,804900000.0,804900000.0,0.0,100000.0,0.083,2885800000.0,1407200000.0,1076200000.0,0.0,2.214,28.256,28.262,1998800000.0,0.0,46.35,2.333,2.329,2587400000.0,4476000000.0,9748900000.0,9748900000.0,755600000.0,0.036,0.082,0.099,0.123,84900000.0,2246800000.0,1.0,490687866.0,489800000,509600000.0,19.904,9798800000.0,441000000.0,68100000.0,787400000.0,20.006,2668200000.0
22,VTRS,MRT,2015-12-31,2015-12-31,2015-12-31,2021-08-09,-1764300000.0,22267700000.0,22125650000.0,6472700000.0,15795000000.0,0.426,20.679,-362900000.0,1236000000.0,1236000000.0,5213200000.0,847700000.0,1.57,1.28,7373900000.0,1078300000.0,6295600000.0,7373900000.0,0.0,1032100000.0,0.0,0.0,0.0,1254700000.0,2286800000.0,0.243,2286800000.0,1254700000.0,915300000.0,1.8,1.7,1.8,9764400000.0,9554800000.0,9764400000.0,32415861155.0,26.0,14.175,1645600000.0,3.485,1.0,4216100000.0,0.447,12602000000.0,339400000.0,11681400000.0,12441850000.0,1951000000.0,0.0,0.0,0.0,12501900000.0,4122200000.0,8379700000.0,26588761155.0,1010500000.0,-693100000.0,30200000.0,-1274100000.0,0.0,604800000.0,-1569700000.0,-29000000.0,2008500000.0,-33100000.0,847600000.0,847600000.0,847600000.0,0.0,100000.0,0.09,2755200000.0,1460900000.0,1109600000.0,0.0,2.723,31.369,30.039,1983900000.0,0.0,54.07,2.82,2.708,2689100000.0,4462100000.0,9429300000.0,9429300000.0,671900000.0,0.038,0.089,0.101,0.133,92800000.0,2180700000.0,1.0,491747016.0,472200000,497400000.0,19.969,9665700000.0,457600000.0,67700000.0,810500000.0,20.47,2350500000.0
23,VTRS,MRT,2015-09-30,2015-09-30,2015-09-30,2021-08-09,-1553600000.0,21316500000.0,20513850000.0,6485900000.0,14830600000.0,0.44,20.007,-321100000.0,587000000.0,587000000.0,4898800000.0,843600000.0,1.761,1.172,6414100000.0,568300000.0,5845800000.0,6414100000.0,0.0,859900000.0,0.0,0.0,0.0,1318600000.0,2178500000.0,0.241,2178500000.0,1318600000.0,968100000.0,1.86,1.76,1.86,9813600000.0,7927675000.0,9813600000.0,27845294842.0,21.0,12.782,1162000000.0,2.369,1.0,4122500000.0,0.457,12013500000.0,350500000.0,11446000000.0,12621025000.0,1944100000.0,0.0,0.0,0.0,11501500000.0,3684100000.0,7817400000.0,19794894842.0,387400000.0,0.0,112400000.0,-2307300000.0,0.0,-332400000.0,-722700000.0,-28200000.0,1483100000.0,-40600000.0,842200000.0,842200000.0,842200000.0,0.0,1400000.0,0.093,2693000000.0,1429500000.0,1236200000.0,0.0,2.017,23.504,21.651,1884700000.0,0.0,40.27,2.194,2.19,2917100000.0,4267500000.0,9021300000.0,9021300000.0,663100000.0,0.041,0.106,0.104,0.146,84400000.0,2010100000.0,1.0,491554379.0,490500000,514000000.0,18.392,9303000000.0,522000000.0,125900000.0,715600000.0,18.966,2801800000.0
24,VTRS,MRT,2015-06-30,2015-06-30,2015-06-30,2021-08-09,-1351600000.0,22794600000.0,18978250000.0,7891400000.0,14903200000.0,0.443,19.522,-299000000.0,439700000.0,439700000.0,4590500000.0,914400000.0,1.47,1.382,8490100000.0,2599700000.0,5890400000.0,8490100000.0,0.0,735900000.0,0.0,0.0,0.0,1264600000.0,2000500000.0,0.238,2000500000.0,1264600000.0,925300000.0,2.32,2.19,2.32,9567900000.0,6321150000.0,9567900000.0,41507458109.0,33.0,20.749,650000000.0,1.326,1.0,3819600000.0,0.454,12038800000.0,339300000.0,13436800000.0,12722475000.0,1934300000.0,0.0,0.0,0.0,13225300000.0,5369400000.0,7855900000.0,33253658109.0,245800000.0,-17000000.0,110300000.0,-478300000.0,0.0,73500000.0,-748800000.0,-27000000.0,949000000.0,-27900000.0,912700000.0,912700000.0,912700000.0,0.0,1700000.0,0.109,2496200000.0,1323400000.0,1101800000.0,0.0,3.476,36.434,29.25,1899300000.0,0.0,67.86,3.954,3.955,2861200000.0,3838900000.0,8410100000.0,8410100000.0,646500000.0,0.048,0.144,0.099,0.15,83800000.0,1891300000.0,1.0,490033276.0,490100000,521900000.0,17.16,10755800000.0,481300000.0,12600000.0,667400000.0,21.946,2522000000.0
25,VTRS,MRT,2015-03-31,2015-03-31,2015-03-31,2021-08-09,-1610900000.0,22123800000.0,17180300000.0,7426400000.0,14697400000.0,0.458,21.706,-301100000.0,277200000.0,277200000.0,4255400000.0,873100000.0,1.404,1.436,8531000000.0,2780600000.0,5750400000.0,8531000000.0,0.0,606400000.0,0.0,0.0,0.0,1211100000.0,1817500000.0,0.231,1817500000.0,1211100000.0,881100000.0,2.32,2.19,2.32,9073300000.0,4762675000.0,9073300000.0,30768877196.0,25.0,16.929,712600000.0,1.705,1.0,3620300000.0,0.46,11886400000.0,330000000.0,13203200000.0,12918975000.0,1908300000.0,0.0,0.0,0.0,13030600000.0,5288000000.0,7742600000.0,22456477196.0,34200000.0,-50000000.0,99300000.0,-199100000.0,0.0,-261800000.0,-686600000.0,-27700000.0,1013700000.0,-31100000.0,870100000.0,870100000.0,870100000.0,0.0,3000000.0,0.11,2347400000.0,1272900000.0,997000000.0,0.0,2.475,25.809,25.582,1872300000.0,0.0,59.35,2.851,3.15,2264600000.0,3671100000.0,7875700000.0,7875700000.0,633700000.0,0.051,0.183,0.094,0.154,85000000.0,1731200000.0,1.0,378373668.0,418000000,443800000.0,18.841,10237400000.0,457700000.0,11000000.0,685100000.0,24.491,2138400000.0
26,VTRS,MRT,2014-12-31,2014-12-31,2014-12-31,2021-08-09,-987000000.0,15820500000.0,15488100000.0,6441200000.0,9379300000.0,0.498,8.713,-325300000.0,225500000.0,225500000.0,4191600000.0,933100000.0,1.214,3.853,8503500000.0,2803600000.0,5699900000.0,8503500000.0,0.0,566600000.0,0.0,0.0,0.0,1304000000.0,1870600000.0,0.242,1870600000.0,1304000000.0,970800000.0,2.49,2.34,2.49,3255900000.0,3287925000.0,3255900000.0,28979001310.0,22.0,15.492,689500000.0,1.845,1.0,3528000000.0,0.457,6396400000.0,333200000.0,12398100000.0,13079425000.0,1651400000.0,0.0,0.0,0.0,12544500000.0,5304000000.0,7240500000.0,21097801310.0,-65800000.0,-50000000.0,53800000.0,-168600000.0,0.0,-267400000.0,-800300000.0,300000.0,1014800000.0,-12900000.0,929400000.0,929400000.0,929400000.0,0.0,3700000.0,0.12,2175400000.0,1352600000.0,905600000.0,0.0,6.48,22.7,22.639,1785700000.0,0.0,56.37,2.733,2.729,2268500000.0,3614500000.0,7719600000.0,7719600000.0,581800000.0,0.06,0.283,0.1,0.169,66000000.0,1625700000.0,1.0,374273573.0,373700000,398000000.0,20.657,9424100000.0,397400000.0,41400000.0,364600000.0,25.218,1137200000.0
27,VTRS,MRT,2014-09-30,2014-09-30,2014-09-30,2021-08-09,-620300000.0,15174100000.0,15356675000.0,5817800000.0,9356300000.0,0.485,9.055,-282300000.0,199600000.0,199600000.0,4090500000.0,923500000.0,1.3,3.474,8080800000.0,2357300000.0,5723500000.0,8080800000.0,0.0,540200000.0,0.0,0.0,0.0,1222900000.0,1763100000.0,0.237,1763100000.0,1222900000.0,892100000.0,2.46,2.32,2.46,3387500000.0,3209400000.0,3387500000.0,25045713542.0,20.0,14.205,1023800000.0,2.737,1.0,3354900000.0,0.451,6729600000.0,330800000.0,11851800000.0,13282650000.0,1707500000.0,0.0,0.0,0.0,11767800000.0,4473900000.0,7293900000.0,17015413542.0,-165300000.0,-1261000000.0,-446300000.0,1363600000.0,0.0,755200000.0,-2222500000.0,-4200000.0,1306100000.0,-4100000.0,920400000.0,920400000.0,920400000.0,0.0,3100000.0,0.124,2121600000.0,1233300000.0,857900000.0,0.0,5.023,18.487,18.492,1738300000.0,0.0,45.49,2.285,2.286,1733300000.0,3425300000.0,7445400000.0,7445400000.0,587500000.0,0.06,0.287,0.092,0.164,59000000.0,1580100000.0,1.0,374047341.0,374100000,397300000.0,19.902,8444500000.0,393400000.0,-28300000.0,380500000.0,22.573,1343900000.0
28,VTRS,MRT,2014-06-30,2014-06-30,2014-06-30,2021-08-09,-152700000.0,15602800000.0,14788543500.0,4477100000.0,11125700000.0,0.482,8.919,-331900000.0,193900000.0,193900000.0,3977800000.0,583500000.0,1.721,3.674,8224200000.0,306000000.0,7918200000.0,8224200000.0,0.0,533400000.0,0.0,0.0,0.0,995400000.0,1528800000.0,0.214,1528800000.0,995400000.0,674600000.0,1.55,1.46,1.55,3334000000.0,3166354750.0,3334000000.0,27230983405.0,27.0,17.812,948200000.0,2.537,1.0,3151000000.0,0.442,6809000000.0,320800000.0,14222800000.0,13052323750.0,1791100000.0,0.0,0.0,0.0,12250100000.0,2601300000.0,9648800000.0,19269583405.0,-83500000.0,-1257800000.0,-432600000.0,1027600000.0,0.0,573100000.0,-1956900000.0,-7200000.0,1280100000.0,20200000.0,580200000.0,580200000.0,580200000.0,0.0,3300000.0,0.081,2072900000.0,1078100000.0,962500000.0,0.0,5.78,33.212,33.265,1755800000.0,0.0,51.56,2.703,2.704,1761600000.0,2926200000.0,7128800000.0,7128800000.0,543300000.0,0.039,0.183,0.076,0.14,56200000.0,1511600000.0,1.0,373731253.0,373800000,397400000.0,19.071,8793800000.0,350100000.0,94400000.0,503700000.0,23.525,1875800000.0
29,VTRS,MRT,2014-03-31,2014-03-31,2014-03-31,2021-08-09,-159400000.0,15355000000.0,13940771250.0,4342200000.0,11012800000.0,0.502,8.526,-328500000.0,243000000.0,243000000.0,3908600000.0,635600000.0,1.639,3.832,8204400000.0,423800000.0,7780600000.0,8204400000.0,0.0,522300000.0,0.0,0.0,0.0,1074900000.0,1597200000.0,0.228,1597200000.0,1074900000.0,756900000.0,1.68,1.6,1.68,3174300000.0,3065000000.0,3174300000.0,25899086717.0,24.0,16.215,958600000.0,2.575,1.0,3084600000.0,0.441,6822100000.0,318000000.0,13845000000.0,12120766000.0,1737900000.0,0.0,0.0,0.0,12163300000.0,2649300000.0,9514000000.0,18160487717.0,-51400000.0,-1229800000.0,-430000000.0,1034000000.0,0.0,571700000.0,-1927700000.0,-8900000.0,1287100000.0,17500000.0,632700000.0,632700000.0,632700000.0,0.0,2900000.0,0.09,1923900000.0,1160700000.0,928500000.0,0.0,5.721,28.703,29.065,1705000000.0,0.0,48.83,2.597,2.6,1678600000.0,2801000000.0,6993200000.0,6993200000.0,499300000.0,0.045,0.206,0.089,0.154,50300000.0,1422900000.0,1.0,371912507.0,372300000,396700000.0,18.784,8532900000.0,308400000.0,124200000.0,516300000.0,22.919,1692900000.0
30,VTRS,MRT,2013-12-31,2013-12-31,2013-12-31,2021-08-09,-240100000.0,15294800000.0,13073279250.0,4471200000.0,10823600000.0,0.528,7.675,-309300000.0,291300000.0,291300000.0,3868800000.0,626500000.0,1.509,4.193,8029900000.0,443400000.0,7586500000.0,8029900000.0,0.0,516000000.0,0.0,0.0,0.0,1057800000.0,1573800000.0,0.228,1573800000.0,1057800000.0,744500000.0,1.63,1.58,1.63,2941800000.0,2989294000.0,2941800000.0,22556901073.0,21.0,14.333,797300000.0,2.08,1.0,3040300000.0,0.44,6858400000.0,313300000.0,13211000000.0,11162931000.0,1656900000.0,0.0,0.0,0.0,12334900000.0,2964000000.0,9370900000.0,16615987073.0,-58700000.0,-1261900000.0,-923800000.0,1635800000.0,0.0,692900000.0,-1868800000.0,-8700000.0,1106600000.0,10600000.0,623700000.0,623700000.0,623700000.0,0.0,2800000.0,0.09,1904800000.0,1135500000.0,1072800000.0,0.0,5.648,26.641,26.626,1665500000.0,0.0,43.4,2.405,2.408,1820000000.0,2685100000.0,6909100000.0,6909100000.0,507800000.0,0.048,0.209,0.095,0.153,47000000.0,1408500000.0,1.0,382856845.0,383300000,394500000.0,18.025,8436400000.0,327900000.0,120800000.0,566500000.0,22.01,1507200000.0
31,VTRS,MRT,2013-09-30,2013-09-30,2013-09-30,2021-08-09,-250947000.0,12901574000.0,12232553500.0,4343167000.0,8558407000.0,0.558,8.415,-383921000.0,364920000.0,364920000.0,3836732000.0,607872000.0,1.696,3.007,6305834000.0,526396000.0,5779438000.0,6305834000.0,0.0,502678000.0,0.0,0.0,0.0,1051139000.0,1553817000.0,0.228,1553817000.0,1051139000.0,742865000.0,1.55,1.52,1.55,3215319000.0,3089023500.0,3215319000.0,20516642429.0,20.0,13.204,595818000.0,1.559,1.0,2986712000.0,0.438,5350570000.0,308274000.0,10930495000.0,10205817000.0,1645806000.0,0.0,0.0,0.0,9668900000.0,2561423000.0,7107477000.0,14573763429.0,32540000.0,-50900000.0,-851929000.0,407202000.0,0.0,-442242000.0,-509572000.0,-3435000.0,979739000.0,4615000.0,605514000.0,605514000.0,605514000.0,0.0,2358000.0,0.089,1861711000.0,1125001000.0,875394000.0,0.0,4.533,24.068,24.626,1459046000.0,0.0,38.17,2.136,2.137,1717281000.0,2504849000.0,6823444000.0,6823444000.0,469630000.0,0.05,0.196,0.103,0.154,46501000.0,1371198000.0,1.0,381811984.0,382100000,395500000.0,17.858,7551004000.0,341498000.0,137351000.0,378294000.0,19.762,1781744000.0
32,VTRS,MRT,2013-06-30,2013-06-30,2013-06-30,2021-08-09,-354716000.0,12211711000.0,11933764500.0,4212299000.0,7999412000.0,0.575,7.683,-315782000.0,277379000.0,277379000.0,3886496000.0,660558000.0,1.811,3.164,6220258000.0,408088000.0,5812170000.0,6220258000.0,0.0,546952000.0,0.0,0.0,0.0,1122509000.0,1669461000.0,0.243,1669461000.0,1122509000.0,812084000.0,1.65,1.63,1.65,2928581000.0,3187566500.0,2928581000.0,17793152271.0,16.0,10.658,711625000.0,1.867,1.0,2971334000.0,0.433,5331689000.0,310425000.0,10496569000.0,9633589250.0,1637373000.0,0.0,0.0,0.0,9266395000.0,2326332000.0,6940063000.0,11825208271.0,-36975000.0,-37100000.0,-845123000.0,196241000.0,0.0,-636817000.0,-429517000.0,-4611000.0,1027407000.0,1952000.0,657871000.0,657871000.0,657871000.0,0.0,2687000.0,0.096,1851443000.0,1119891000.0,838035000.0,0.0,4.038,17.975,18.806,1431455000.0,0.0,31.03,1.724,1.725,1651389000.0,2345941000.0,6857830000.0,6857830000.0,463880000.0,0.055,0.206,0.117,0.164,43465000.0,1363630000.0,1.0,381089535.0,381200000,387100000.0,17.99,6880022000.0,303985000.0,154213000.0,368323000.0,18.048,1885967000.0
33,VTRS,MRT,2013-03-31,2013-03-31,2013-03-31,2021-08-09,-208402000.0,11885032000.0,11781329500.0,3950394000.0,7934638000.0,0.581,7.303,-306355000.0,294421000.0,294421000.0,3912374000.0,621030000.0,1.731,3.134,6262365000.0,590223000.0,5672142000.0,6262365000.0,0.0,551833000.0,0.0,0.0,0.0,1087068000.0,1638901000.0,0.239,1638901000.0,1087068000.0,782777000.0,1.51,1.5,1.51,2871476000.0,3251718500.0,2871476000.0,16837437557.0,15.0,10.274,837317000.0,2.129,1.0,2931571000.0,0.428,5556946000.0,304291000.0,10013660000.0,9217785750.0,1623246000.0,0.0,0.0,0.0,8997840000.0,2282370000.0,6715470000.0,11453175557.0,36318000.0,-32100000.0,-1345182000.0,625353000.0,0.0,-696827000.0,-398282000.0,-1402000.0,1143672000.0,-12245000.0,618721000.0,618721000.0,618721000.0,0.0,2309000.0,0.09,1858909000.0,1072662000.0,766075000.0,0.0,3.989,18.511,19.175,1421889000.0,0.0,28.955,1.673,1.664,1514480000.0,2168252000.0,6843945000.0,6843945000.0,446841000.0,0.053,0.19,0.118,0.159,42397000.0,1407241000.0,1.0,395550874.0,393200000,399000000.0,17.406,6328086000.0,344454000.0,164056000.0,285925000.0,16.094,1668024000.0
34,VTRS,MRT,2012-12-31,2012-12-31,2012-12-31,2021-08-09,-86498000.0,11931897000.0,11793620250.0,3902717000.0,8029180000.0,0.576,8.046,-289000000.0,349969000.0,349969000.0,3887800000.0,643000000.0,1.779,2.567,5734231000.0,397035000.0,5337196000.0,5734231000.0,0.0,546600000.0,0.0,0.0,0.0,1110800000.0,1657400000.0,0.244,1657400000.0,1110800000.0,802100000.0,1.54,1.52,1.54,3340718000.0,3475314250.0,3340718000.0,16214604345.0,15.0,9.783,660000000.0,1.59,1.0,2908300000.0,0.428,5740112000.0,308700000.0,9382544000.0,8918548750.0,1525242000.0,0.0,0.0,0.0,8576069000.0,2193503000.0,6382566000.0,11186639345.0,-25100000.0,0.0,-856100000.0,226900000.0,0.0,-611500000.0,-364200000.0,-1800000.0,949000000.0,1600000.0,640900000.0,640900000.0,640900000.0,0.0,2100000.0,0.094,1798900000.0,1109400000.0,777908000.0,0.0,3.349,17.455,17.825,1397216000.0,0.0,27.45,1.646,1.677,1554342000.0,2061370000.0,6796100000.0,6796100000.0,401300000.0,0.054,0.184,0.125,0.163,42600000.0,1392400000.0,1.0,407527845.0,415200000,420200000.0,16.368,6191785000.0,317003000.0,161200000.0,309273000.0,14.913,1709214000.0
35,VTRS,MRT,2012-09-30,2012-09-30,2012-09-30,2021-08-09,-35813000.0,11706418000.0,11710181750.0,3750734000.0,7955684000.0,0.564,8.88,-257353000.0,333758000.0,333758000.0,3793904000.0,610622000.0,1.729,2.239,5361723000.0,515128000.0,4846595000.0,5361723000.0,0.0,542059000.0,0.0,0.0,0.0,1055042000.0,1597101000.0,0.242,1597101000.0,1055042000.0,739808000.0,1.46,1.44,1.46,3609491000.0,3513078500.0,3609491000.0,15246866237.0,14.0,9.547,694694000.0,1.709,1.0,2810587000.0,0.426,5923226000.0,315234000.0,8641584000.0,8525412000.0,1495924000.0,33680000.0,33680000.0,0.0,8082182000.0,2169573000.0,5912609000.0,9892169237.0,-180521000.0,-80510000.0,-444768000.0,-261584000.0,0.0,-717961000.0,-396817000.0,-5688000.0,952047000.0,-17790000.0,608377000.0,608377000.0,608377000.0,0.0,2245000.0,0.092,1716492000.0,1094095000.0,677364000.0,0.0,2.741,16.26,16.693,1335837000.0,0.0,24.372,1.498,1.5,1499633000.0,1899405000.0,6604491000.0,6604491000.0,359647000.0,0.052,0.173,0.124,0.16,41872000.0,1338829000.0,1.0,405887535.0,406469000,411562000.0,16.248,5783192000.0,301833000.0,131431000.0,367803000.0,14.228,1581161000.0
36,VTRS,MRT,2012-06-30,2012-06-30,2012-06-30,2021-08-09,-212874000.0,11601971000.0,11563106750.0,3751927000.0,7850044000.0,0.552,7.579,-267353000.0,315743000.0,315743000.0,3702605000.0,555914000.0,1.734,2.638,5670440000.0,504509000.0,5165931000.0,5670440000.0,0.0,512459000.0,0.0,0.0,0.0,992273000.0,1504732000.0,0.236,1504732000.0,992273000.0,667318000.0,1.31,1.29,1.31,3185189000.0,3481095000.0,3185189000.0,14305523336.0,14.0,9.507,505318000.0,1.202,1.0,2675856000.0,0.42,5959301000.0,324955000.0,8833355000.0,8309921000.0,1473360000.0,32240000.0,32240000.0,0.0,8402850000.0,2164012000.0,6238838000.0,9123577336.0,-120608000.0,-80510000.0,-465705000.0,181289000.0,0.0,-445025000.0,-386324000.0,-2201000.0,772671000.0,-61930000.0,553818000.0,553818000.0,553818000.0,0.0,2096000.0,0.087,1650543000.0,1025313000.0,678451000.0,0.0,2.864,16.474,16.313,1298587000.0,0.0,21.37,1.43,1.408,1526315000.0,1688149000.0,6378461000.0,6378461000.0,322244000.0,0.048,0.159,0.119,0.156,43813000.0,1315986000.0,1.0,426933895.0,420281000,424394000.0,15.177,5642670000.0,279808000.0,113500000.0,352673000.0,13.426,1587915000.0
37,VTRS,MRT,2012-03-31,2012-03-31,2012-03-31,2021-08-09,28877000.0,11934195000.0,11664057750.0,3739138000.0,8195057000.0,0.537,8.814,-274254000.0,266760000.0,266760000.0,3621875000.0,563728000.0,1.771,2.165,5448706000.0,542335000.0,4906371000.0,5448706000.0,0.0,514804000.0,0.0,0.0,0.0,1014363000.0,1529167000.0,0.244,1529167000.0,1014363000.0,680420000.0,1.32,1.29,1.32,3765859000.0,3651990000.0,3765859000.0,14926017838.0,15.0,9.761,384678000.0,0.9,1.0,2642648000.0,0.422,6188149000.0,333943000.0,8816712000.0,8220546500.0,1488281000.0,31041000.0,31041000.0,0.0,8154840000.0,2111280000.0,6043560000.0,10011599838.0,-350049000.0,-80510000.0,-288221000.0,-122799000.0,0.0,-571048000.0,-396884000.0,-1067000.0,658932000.0,-41049000.0,561714000.0,561714000.0,561714000.0,0.0,2014000.0,0.09,1598335000.0,1044313000.0,679841000.0,0.0,2.659,17.823,17.765,1315728000.0,0.0,23.45,1.598,1.599,1537698000.0,1549599000.0,6264523000.0,6264523000.0,300377000.0,0.048,0.154,0.123,0.162,44622000.0,1271195000.0,1.0,426933895.0,427251000,432365000.0,14.662,5746046000.0,285941000.0,118706000.0,413629000.0,13.449,1627858000.0
38,VTRS,MRT,2011-12-31,2011-12-31,2011-12-31,2021-08-09,-87839000.0,11598143000.0,11650040250.0,3568844000.0,8029299000.0,0.526,8.105,-279848000.0,375056000.0,375056000.0,3566461000.0,538803000.0,1.392,2.318,5298748000.0,819668000.0,4479080000.0,5298748000.0,0.0,510688000.0,0.0,0.0,0.0,988587000.0,1499275000.0,0.245,1499275000.0,988587000.0,652643000.0,1.25,1.22,1.25,3491775000.0,3686454250.0,3491775000.0,13974345366.0,14.0,9.321,440576000.0,1.023,1.0,2563364000.0,0.418,6148682000.0,335944000.0,7809997000.0,8071766250.0,1396742000.0,0.0,0.0,0.0,8093361000.0,2563156000.0,5530205000.0,9152949366.0,-286996000.0,-80510000.0,-282260000.0,-201812000.0,0.0,-644996000.0,-332041000.0,-3131000.0,720424000.0,-30383000.0,536810000.0,536810000.0,536810000.0,0.0,1993000.0,0.088,1557915000.0,1005449000.0,703235000.0,0.0,2.621,17.051,17.168,1298034000.0,0.0,21.46,1.493,1.508,1426438000.0,1420520000.0,6129825000.0,6129825000.0,294728000.0,0.046,0.146,0.122,0.161,42576000.0,1214631000.0,1.0,426512086.0,430839000,438785000.0,14.228,5449461000.0,242275000.0,115833000.0,353010000.0,12.648,1005688000.0
39,VTRS,MRT,2011-09-30,2011-09-30,2011-09-30,2021-08-09,43871000.0,11118118000.0,11634705500.0,3609038000.0,7509080000.0,0.519,8.165,-262596000.0,522166000.0,522166000.0,3535132000.0,429708000.0,1.52,2.19,5343562000.0,860341000.0,4483221000.0,5343562000.0,0.0,499367000.0,0.0,0.0,0.0,867487000.0,1366854000.0,0.227,1366854000.0,867487000.0,521174000.0,0.92,0.89,0.92,3481557000.0,3713980250.0,3481557000.0,12436517343.0,14.0,9.099,358198000.0,0.84,1.0,2497958000.0,0.414,5784960000.0,346313000.0,7779620000.0,8212724500.0,1386541000.0,30249000.0,30249000.0,0.0,7623981000.0,2374934000.0,5249047000.0,7242204343.0,-98084000.0,-6653000.0,-267525000.0,11346000.0,-34759000.0,-440218000.0,-257762000.0,-1366000.0,620794000.0,-20898000.0,427166000.0,409907000.0,409907000.0,0.0,2542000.0,0.068,1645730000.0,852228000.0,532921000.0,0.0,2.08,17.668,18.467,1238762000.0,17259000.0,16.99,1.2,1.201,1280011000.0,1291029000.0,6033090000.0,6033090000.0,300721000.0,0.035,0.11,0.106,0.144,40032000.0,1203793000.0,1.0,426262763.0,426412000,431587000.0,14.148,5333158000.0,267164000.0,94008000.0,485479000.0,12.507,1234104000.0
40,VTRS,MRT,2011-06-30,2011-06-30,2011-06-30,2021-08-09,454251000.0,12005775000.0,11706936250.0,3759613000.0,8246162000.0,0.496,8.93,-245958000.0,459090000.0,459090000.0,3392823000.0,415869000.0,1.491,2.1,5653403000.0,824302000.0,4829101000.0,5653403000.0,0.0,462732000.0,0.0,0.0,0.0,808879000.0,1271611000.0,0.219,1271611000.0,808879000.0,460802000.0,0.9,0.86,0.9,3868769000.0,3726123000.0,3868769000.0,15743265036.0,19.0,12.381,469657000.0,1.084,1.0,2419624000.0,0.416,6203179000.0,348077000.0,8475857000.0,8340275750.0,1408960000.0,31199000.0,31199000.0,0.0,8124790000.0,2521052000.0,5603738000.0,10836334036.0,-374482000.0,-562765000.0,-270186000.0,-9845000.0,-69517000.0,-354218000.0,-782618000.0,-9900000.0,715615000.0,46739000.0,413651000.0,361633000.0,361633000.0,0.0,2218000.0,0.062,1598986000.0,820638000.0,670259000.0,0.0,2.801,29.965,27.411,1261249000.0,52018000.0,24.67,1.864,1.839,1441378000.0,1134330000.0,5812447000.0,5812447000.0,301866000.0,0.031,0.097,0.097,0.139,36966000.0,1156689000.0,1.0,439251481.0,433236000,445391000.0,13.416,5802596000.0,337208000.0,47151000.0,490972000.0,13.394,1238561000.0
41,VTRS,MRT,2011-03-31,2011-03-31,2011-03-31,2021-08-09,338404000.0,11878125000.0,11354947000.0,3756753000.0,8121372000.0,0.494,8.93,-209026000.0,631963000.0,631963000.0,3315061000.0,355816000.0,1.57,2.039,5538894000.0,772026000.0,4766868000.0,5538894000.0,0.0,439873000.0,0.0,0.0,0.0,700372000.0,1140245000.0,0.203,1140245000.0,700372000.0,358547000.0,0.73,0.69,0.73,3903716000.0,3500601750.0,3903716000.0,14650840509.0,21.0,12.849,436125000.0,0.998,1.0,2292045000.0,0.409,6170185000.0,341825000.0,8221591000.0,8237920500.0,1326761000.0,30884000.0,30884000.0,0.0,7961151000.0,2393280000.0,5567871000.0,9903718509.0,85644000.0,-562765000.0,52829000.0,254060000.0,-104276000.0,175131000.0,-741035000.0,-3126000.0,645151000.0,6397000.0,353433000.0,266656000.0,266656000.0,0.0,2383000.0,0.048,1557292000.0,734753000.0,634536000.0,0.0,2.537,37.14,31.041,1217174000.0,86777000.0,22.66,1.766,1.767,1335590000.0,987884000.0,5607106000.0,5607106000.0,296159000.0,0.023,0.076,0.085,0.125,34392000.0,1110842000.0,1.0,437057304.0,437148000,448473000.0,12.827,5707940000.0,307690000.0,5114000.0,477479000.0,13.057,1363473000.0
42,VTRS,MRT,2010-12-31,2010-12-31,2010-12-31,2021-08-09,171867000.0,11536804000.0,11091042750.0,3559443000.0,7977361000.0,0.491,11.101,-187845000.0,686024000.0,686024000.0,3233125000.0,345542000.0,1.967,2.199,5433146000.0,169770000.0,5263376000.0,5433146000.0,0.0,422788000.0,0.0,0.0,0.0,686979000.0,1109767000.0,0.204,1109767000.0,686979000.0,355517000.0,0.69,0.68,0.69,3601879000.0,3316359250.0,3601879000.0,11280642783.0,16.0,10.165,743559000.0,2.292,1.0,2217397000.0,0.407,6100484000.0,331462000.0,8373830000.0,8244733250.0,1240271000.0,29085000.0,29085000.0,0.0,7921403000.0,1809612000.0,6111791000.0,6544611783.0,281536000.0,-562765000.0,54653000.0,213816000.0,-139035000.0,100350000.0,-725410000.0,-2954000.0,931404000.0,-24808000.0,345115000.0,223580000.0,223580000.0,0.0,427000.0,0.041,1495813000.0,721584000.0,564706000.0,0.0,1.817,29.272,30.623,1209342000.0,121535000.0,21.13,1.201,1.258,1157081000.0,883710000.0,5450522000.0,5450522000.0,282146000.0,0.02,0.067,0.083,0.126,31385000.0,1086609000.0,1.0,309730799.0,324453000,328979000.0,16.799,5436320000.0,317015000.0,10402000.0,495657000.0,16.755,1749831000.0
43,VTRS,MRT,2010-09-30,2010-09-30,2010-09-30,2021-08-09,124268000.0,11407041000.0,10907275250.0,3463285000.0,7943756000.0,0.492,11.408,-162590000.0,634734000.0,634734000.0,3213643000.0,372165000.0,2.011,2.228,5370765000.0,158536000.0,5212229000.0,5370765000.0,0.0,414080000.0,0.0,0.0,0.0,642377000.0,1056457000.0,0.197,1056457000.0,642377000.0,324105000.0,0.74,0.7,0.74,3530128000.0,3198676000.0,3530128000.0,10180633150.0,16.0,9.637,632883000.0,2.045,1.0,2154197000.0,0.401,6130906000.0,318272000.0,8289825000.0,8180743750.0,1221765000.0,30108000.0,30108000.0,0.0,7864101000.0,1722341000.0,6141760000.0,5819079150.0,26510000.0,-581564000.0,48035000.0,31363000.0,-139035000.0,-83341000.0,-672755000.0,-37121000.0,795473000.0,-12867000.0,364172000.0,225136000.0,225136000.0,0.0,7993000.0,0.042,1466766000.0,687431000.0,551329000.0,0.0,1.648,25.847,25.419,1150750000.0,139036000.0,18.81,1.084,1.084,1251862000.0,881123000.0,5367840000.0,5367840000.0,272668000.0,0.021,0.07,0.079,0.12,31731000.0,1065611000.0,1.0,309360933.0,309446000,437921000.0,17.347,5276135000.0,292121000.0,-40067000.0,527606000.0,17.05,1740944000.0
44,VTRS,MRT,2010-06-30,2010-06-30,2010-06-30,2021-08-09,-317358000.0,10597818000.0,10746157000.0,3629328000.0,6968490000.0,0.491,9.602,-154695000.0,857484000.0,857484000.0,3197681000.0,224205000.0,2.227,2.568,5219038000.0,171654000.0,5047384000.0,5219038000.0,0.0,412729000.0,0.0,0.0,0.0,484364000.0,897093000.0,0.17,897093000.0,484364000.0,176594000.0,0.26,0.24,0.26,2966684000.0,3080852750.0,2966684000.0,9904561635.0,20.0,11.041,473299000.0,1.532,1.0,2079120000.0,0.394,5263401000.0,307770000.0,8066436000.0,8121432500.0,1096365000.0,23791000.0,23791000.0,0.0,7618862000.0,1629535000.0,5989327000.0,5262719635.0,379944000.0,-63302000.0,54213000.0,82003000.0,-139035000.0,-23190000.0,-183067000.0,-30825000.0,627994000.0,-41793000.0,215727000.0,76691000.0,76691000.0,0.0,8478000.0,0.015,1564729000.0,514391000.0,527844000.0,0.0,1.774,68.622,65.538,1091674000.0,139036000.0,17.04,0.997,0.998,1249017000.0,772699000.0,5276801000.0,5276801000.0,270488000.0,0.007,0.025,0.06,0.092,32131000.0,1052935000.0,1.0,308845049.0,308968000,314407000.0,17.079,5334417000.0,303689000.0,-39133000.0,577902000.0,17.265,1999793000.0
45,VTRS,MRT,2010-03-31,2010-03-31,2010-03-31,2021-08-09,-43195000.0,10822508000.0,10657373500.0,3354610000.0,7467898000.0,0.486,10.315,-143466000.0,570290000.0,570290000.0,3110205000.0,232943000.0,2.046,2.414,5212132000.0,153932000.0,5058200000.0,5212132000.0,0.0,408986000.0,0.0,0.0,0.0,502942000.0,911928000.0,0.176,911928000.0,502942000.0,195402000.0,0.28,0.27,0.28,3166746000.0,3063195000.0,3166746000.0,11715060953.0,23.0,12.846,575956000.0,1.876,1.0,2065037000.0,0.399,5575608000.0,307540000.0,8248842000.0,8070883750.0,1158412000.0,28987000.0,28987000.0,0.0,7644030000.0,1639900000.0,6004130000.0,6964680953.0,69381000.0,-236661000.0,44081000.0,-223506000.0,-139035000.0,-319306000.0,-333147000.0,-4280000.0,719422000.0,2412000.0,222369000.0,83333000.0,83333000.0,0.0,10574000.0,0.016,1570519000.0,494518000.0,549016000.0,0.0,2.199,83.577,81.107,1111046000.0,139036000.0,22.71,1.346,1.347,1197485000.0,721229000.0,5175242000.0,5175242000.0,277717000.0,0.008,0.027,0.062,0.097,30011000.0,1064234000.0,1.0,306679038.0,306996000,311948000.0,16.858,5246900000.0,285317000.0,-26967000.0,567846000.0,17.091,1714710000.0
46,VTRS,MRT,2009-12-31,2009-12-31,2009-12-31,2021-08-09,11807000.0,10801734000.0,10425907500.0,3285386000.0,7516348000.0,0.488,10.261,-154402000.0,428481000.0,428481000.0,3018313000.0,247748000.0,1.912,2.445,5178861000.0,193874000.0,4984987000.0,5178861000.0,0.0,401157000.0,0.0,0.0,0.0,530294000.0,931451000.0,0.183,931451000.0,530294000.0,211798000.0,0.31,0.3,0.31,3131146000.0,2925953000.0,3131146000.0,10287787603.0,19.0,11.045,450673000.0,1.477,1.0,2074472000.0,0.407,5716095000.0,318496000.0,8117872000.0,7974723500.0,1114219000.0,27559000.0,27559000.0,0.0,7656536000.0,1718147000.0,5938389000.0,5631916603.0,-176631000.0,-236661000.0,19623000.0,-335016000.0,-139035000.0,-454428000.0,-334998000.0,0.0,605075000.0,7720000.0,232571000.0,93536000.0,93536000.0,0.0,15177000.0,0.018,1551120000.0,523352000.0,518252000.0,0.0,1.799,60.211,59.452,1122648000.0,139035000.0,18.43,1.106,1.104,1234634000.0,660130000.0,5092785000.0,5092785000.0,275258000.0,0.009,0.032,0.066,0.104,31166000.0,1050145000.0,1.0,305584189.0,305162000,306913000.0,16.689,5085639000.0,285527000.0,-20773000.0,538605000.0,16.665,1567239000.0
47,VTRS,MRT,2009-09-30,2009-09-30,2009-09-30,2021-08-09,-45335000.0,10762568000.0,10327938750.0,3261929000.0,7500639000.0,0.479,10.02,-146549000.0,647757000.0,647757000.0,2990989000.0,178807000.0,2.06,2.514,5303628000.0,174801000.0,5128827000.0,5303628000.0,0.0,394437000.0,0.0,0.0,0.0,513524000.0,907961000.0,0.184,907961000.0,513524000.0,174942000.0,0.11,0.11,0.11,3058835000.0,2832599750.0,3058835000.0,9539748389.0,19.0,10.507,535275000.0,1.753,1.0,1953134000.0,0.395,5782523000.0,338582000.0,8052580000.0,7917294750.0,1119042000.0,34034000.0,34034000.0,0.0,7690676000.0,1583336000.0,6107340000.0,4888347389.0,-71255000.0,-211209000.0,8896000.0,-299672000.0,-139035000.0,-430671000.0,-336562000.0,39105000.0,681824000.0,14154000.0,173914000.0,34838000.0,34838000.0,0.0,4893000.0,0.007,1455211000.0,497923000.0,476605000.0,0.0,1.598,140.317,145.545,1085174000.0,139076000.0,16.01,0.989,0.989,1102380000.0,655985000.0,4944123000.0,4944123000.0,280561000.0,0.003,0.012,0.065,0.104,31042000.0,1046486000.0,1.0,305330880.0,305285000,305285000.0,16.195,4980045000.0,293885000.0,1028000.0,636377000.0,16.313,1678593000.0
48,VTRS,MRT,2009-06-30,2009-06-30,2009-06-30,2021-08-09,-270750000.0,10242684000.0,10393376500.0,3022575000.0,7220109000.0,0.513,9.496,-147170000.0,485527000.0,485527000.0,2977606000.0,400198000.0,2.126,2.531,5136928000.0,158639000.0,4978289000.0,5136928000.0,0.0,398454000.0,0.0,0.0,0.0,1019593000.0,1418047000.0,0.266,1418047000.0,1019593000.0,664505000.0,0.84,0.71,0.84,2896053000.0,2812629750.0,2896053000.0,8597954442.0,8.0,6.063,411242000.0,1.348,1.0,2359291000.0,0.442,5608427000.0,355088000.0,7864241000.0,7913974750.0,1077088000.0,30117000.0,30117000.0,0.0,7330396000.0,1421417000.0,5908979000.0,3980812442.0,-49031000.0,-173359000.0,64535000.0,-80252000.0,-139036000.0,-330597000.0,-276072000.0,45083000.0,558412000.0,-774000.0,396297000.0,257221000.0,257221000.0,0.0,3901000.0,0.048,1361814000.0,997477000.0,443473000.0,0.0,1.375,15.476,15.536,1077726000.0,139076000.0,13.05,0.746,0.746,1140605000.0,696006000.0,5336897000.0,5336897000.0,285470000.0,0.025,0.091,0.129,0.191,29712000.0,1062461000.0,1.0,305043099.0,304991000,306256000.0,17.499,4634257000.0,221760000.0,268208000.0,611940000.0,15.195,1601158000.0
49,VTRS,MRT,2009-03-31,2009-03-31,2009-03-31,2021-08-09,-599401000.0,9896644000.0,10708446000.0,2912252000.0,6984392000.0,0.492,8.595,-150728000.0,493083000.0,493083000.0,3027308000.0,322901000.0,2.173,2.769,5110225000.0,145656000.0,4964569000.0,5110225000.0,0.0,409406000.0,0.0,0.0,0.0,904300000.0,1313706000.0,0.249,1313706000.0,904300000.0,534998000.0,0.6,0.47,0.6,2617778000.0,2871005000.0,2617778000.0,8810257970.0,10.0,6.706,29538000.0,0.097,1.0,2245734000.0,0.426,5309602000.0,369302000.0,7864201000.0,7864006000.0,1018603000.0,40371000.0,40371000.0,0.0,7247416000.0,1339983000.0,5907433000.0,4086086970.0,-239489000.0,0.0,64022000.0,-39991000.0,-139035000.0,-290418000.0,-130817000.0,12762000.0,180266000.0,1480000.0,321873000.0,182797000.0,182797000.0,0.0,1028000.0,0.035,1348970000.0,896764000.0,440701000.0,0.0,1.561,22.353,22.35,1042055000.0,139076000.0,13.41,0.775,0.775,1080319000.0,637893000.0,5273042000.0,5273042000.0,292207000.0,0.017,0.064,0.115,0.171,32242000.0,1042246000.0,1.0,304704472.0,304578000,458049000.0,17.313,4587042000.0,188730000.0,213125000.0,584528000.0,15.06,1572269000.0
50,VTRS,MRT,2008-12-31,2008-12-31,2008-12-31,2021-08-09,-380802000.0,10409859000.0,11134081000.0,3174673000.0,7235186000.0,0.461,9.061,-165113000.0,597456000.0,597456000.0,3067364000.0,-200107000.0,2.055,2.764,5235145000.0,156208000.0,5078937000.0,5235145000.0,0.0,425279000.0,0.0,0.0,0.0,313253000.0,738532000.0,0.144,738532000.0,313253000.0,-67526000.0,-1.1,-1.1,-1.1,2757733000.0,3005510250.0,2757733000.0,7811179697.0,25.0,10.577,219334000.0,0.721,1.0,2070221000.0,0.403,5614741000.0,380779000.0,7888157000.0,7731672000.0,1065990000.0,42260000.0,42260000.0,0.0,7623018000.0,1544650000.0,6078368000.0,3013497697.0,72945000.0,0.0,63751000.0,83055000.0,-137495000.0,-166936000.0,-152830000.0,47680000.0,384447000.0,8264000.0,-196076000.0,-335111000.0,-335111000.0,0.0,-4031000.0,-0.065,1772336000.0,297885000.0,498815000.0,0.0,1.093,-8.993,-8.991,1063996000.0,139035000.0,9.89,0.587,0.586,1164613000.0,566594000.0,5137585000.0,5137585000.0,317217000.0,-0.03,-0.111,0.041,0.061,30639000.0,1053485000.0,1.0,304701486.0,304360000,304360000.0,16.88,4795118000.0,215771000.0,128550000.0,671472000.0,15.755,1630023000.0
51,VTRS,MRT,2008-09-30,2008-09-30,2008-09-30,2021-08-09,-138349000.0,11024319000.0,11369910250.0,3417959000.0,7606360000.0,0.448,9.785,-154888000.0,700494000.0,700494000.0,3058113000.0,-1559545000.0,1.876,2.691,5498176000.0,287369000.0,5210807000.0,5498176000.0,21181000.0,431382000.0,0.0,0.0,0.0,-1025684000.0,-594302000.0,-0.117,-594302000.0,-1025684000.0,-1458398000.0,-6.37,-6.49,-6.37,2978955000.0,3166933500.0,2978955000.0,8271578926.0,-8.0,-13.918,173250000.0,0.569,1.0,2031667000.0,0.399,5960605000.0,432714000.0,8039300000.0,7583120500.0,1119946000.0,48010000.0,48010000.0,0.0,8015720000.0,1822096000.0,6193624000.0,3477259926.0,-547975000.0,-7001930000.0,812238000.0,3758824000.0,-102736000.0,6277294000.0,-7181761000.0,16798000.0,328138000.0,28354000.0,-1554168000.0,-1674403000.0,-1674403000.0,0.0,-5377000.0,-0.329,3036606000.0,-1004939000.0,582052000.0,0.0,1.167,-2.077,-1.793,1051095000.0,120235000.0,11.42,0.683,0.683,1250894000.0,634344000.0,5089780000.0,5089780000.0,320084000.0,-0.147,-0.529,-0.135,-0.202,30079000.0,1063657000.0,1.0,304488610.0,304449000,458350000.0,16.718,5063714000.0,233749000.0,95770000.0,980406000.0,16.632,1595863000.0
52,VTRS,MRT,2008-06-30,2008-06-30,2008-06-30,2021-08-09,253417000.0,11502962000.0,9732973750.0,3475157000.0,8027805000.0,0.402,10.285,-153619000.0,518508000.0,518508000.0,2567852000.0,-1626688000.0,1.65,2.665,5312827000.0,583973000.0,4728854000.0,5312827000.0,435875000.0,351118000.0,0.0,0.0,0.0,-1331001000.0,-979883000.0,-0.251,-979883000.0,-1331001000.0,-1693282000.0,-6.37,-6.36,-6.37,3129554000.0,2893862500.0,3129554000.0,8266289530.0,-6.0,-8.436,91770000.0,0.302,1.0,1342171000.0,0.343,6526267000.0,362281000.0,7664366000.0,6392594500.0,1150605000.0,53476000.0,53476000.0,0.0,8341784000.0,2106648000.0,6235136000.0,3674701530.0,-837049000.0,-7001930000.0,750335000.0,3314528000.0,-82900000.0,5967546000.0,-7087162000.0,123237000.0,245389000.0,37178000.0,-1621462000.0,-1706938000.0,-1706938000.0,0.0,-5226000.0,-0.437,2816046000.0,-1473875000.0,666563000.0,0.0,1.174,-2.153,-1.895,1111161000.0,85476000.0,12.07,0.94,0.939,1318177000.0,462344000.0,3910023000.0,3910023000.0,278940000.0,-0.175,-0.59,-0.208,-0.34,28342000.0,885089000.0,1.0,304449174.0,304284000,304284000.0,12.85,4976695000.0,391918000.0,-71820000.0,1014470000.0,16.355,1368509000.0
53,VTRS,MRT,2008-03-31,2008-03-31,2008-03-31,2021-08-09,280455000.0,11599184000.0,7976113500.0,3486453000.0,8112731000.0,0.408,10.375,-156017000.0,732551000.0,732551000.0,2028553000.0,-1565335000.0,1.57,2.665,5324139000.0,557653000.0,4766486000.0,5324139000.0,447821000.0,268310000.0,0.0,0.005,0.06,-1261075000.0,-992765000.0,-0.305,-992765000.0,-1261075000.0,-1553889000.0,-6.0,-5.99,-6.0,3155799000.0,2542718750.0,3155799000.0,8308521970.0,-7.0,-8.369,342179000.0,1.125,1.0,1224669000.0,0.376,6635374000.0,292814000.0,7334865000.0,5294272000.0,1133572000.0,54790000.0,54790000.0,0.0,8410926000.0,2220533000.0,6190393000.0,3530718970.0,-559814000.0,-7001930000.0,756021000.0,3320831000.0,-63044000.0,6000340000.0,-7086938000.0,119328000.0,498196000.0,28588000.0,-1560181000.0,-1610898000.0,-1610898000.0,0.0,-5154000.0,-0.495,2584470000.0,-1359801000.0,667996000.0,-0.01,1.119,-2.192,-1.933,1123363000.0,50717000.0,11.6,1.085,1.085,1123408000.0,470710000.0,3253222000.0,3253222000.0,229907000.0,-0.202,-0.634,-0.238,-0.388,24134000.0,702546000.0,1.0,304372325.0,304181000,304181000.0,10.695,4963810000.0,350585000.0,6292000.0,1049285000.0,16.319,1265920000.0
54,VTRS,MRT,2007-12-31,2007-12-31,2007-12-31,2021-08-09,83044000.0,11353176000.0,6139784250.0,3059301000.0,8293875000.0,0.434,12.407,-190560000.0,484202000.0,484202000.0,1556728000.0,-1222691000.0,1.528,2.326,5262005000.0,555289000.0,4706716000.0,5262005000.0,122870000.0,182304000.0,0.0,0.009,0.12,-896097000.0,-713793000.0,-0.268,-713793000.0,-896097000.0,-1113416000.0,-4.89,-4.87,-4.89,3403426000.0,2165984000.0,3403426000.0,4015545248.0,-4.0,-5.626,116367000.0,0.424,1.0,1109295000.0,0.416,6834677000.0,217319000.0,7293951000.0,4266410250.0,1063840000.0,91361000.0,91361000.0,0.0,7915425000.0,2002351000.0,5913074000.0,3499416248.0,197322000.0,-7552378000.0,1472220000.0,4241564000.0,-42610000.0,7519306000.0,-7659569000.0,87163000.0,306927000.0,30658000.0,-1219579000.0,-1235578000.0,-1235578000.0,0.0,-3112000.0,-0.463,2105353000.0,-996058000.0,608070000.0,-0.025,1.028,-2.832,-2.875,1102932000.0,15999000.0,14.06,1.313,1.447,1132121000.0,922857000.0,2666023000.0,2666023000.0,182911000.0,-0.201,-0.57,-0.21,-0.336,22271000.0,512387000.0,1.0,248891625.0,274312000,269346000.0,9.719,4518499000.0,210816000.0,106163000.0,1070678000.0,16.472,1056950000.0
55,VTRS,MRT,2007-09-30,2007-09-30,2007-09-30,2021-08-09,12130000.0,4476573000.0,3853152250.0,2616555000.0,1860018000.0,0.496,7.587,-169402000.0,1203641000.0,1203641000.0,934708000.0,293710000.0,3.415,1.354,1719770000.0,150319000.0,1569451000.0,1719770000.0,100366000.0,91834000.0,0.0,0.011,0.18,631804000.0,723638000.0,0.378,723638000.0,631804000.0,554303000.0,1.2,1.2,1.2,1886671000.0,1590603750.0,1886671000.0,4549452270.0,7.0,6.287,153330000.0,0.617,1.0,977727000.0,0.511,949317000.0,77501000.0,3277196000.0,2975140750.0,430538000.0,65953000.0,65953000.0,0.0,2555477000.0,766189000.0,1789288000.0,3970874270.0,1043855000.0,-761049000.0,738361000.0,718128000.0,-55323000.0,1265748000.0,-547508000.0,385801000.0,322732000.0,2883000.0,293710000.0,293710000.0,293710000.0,0.0,0.0,0.154,521898000.0,455829000.0,179889000.0,0.15,2.105,13.52,13.3,725427000.0,0.0,15.96,2.076,2.075,488107000.0,2306434000.0,1912435000.0,1912435000.0,125067000.0,0.076,0.185,0.212,0.33,19762000.0,289286000.0,1.0,248801646.0,248660000,250500000.0,7.691,3527256000.0,184842000.0,260593000.0,167313000.0,14.185,1850366000.0
56,VTRS,MRT,2007-06-30,2007-06-30,2007-06-30,2021-08-09,10286000.0,4475521000.0,3242924250.0,2622024000.0,1853497000.0,0.556,6.942,-162003000.0,1315557000.0,1315557000.0,849825000.0,221424000.0,3.163,1.573,1894135000.0,238071000.0,1656064000.0,1894135000.0,102995000.0,76593000.0,0.0,0.013,0.24,502696000.0,579289000.0,0.321,579289000.0,502696000.0,437861000.0,0.97,0.96,0.97,1724979000.0,1358141750.0,1724979000.0,5158709626.0,10.0,8.905,219851000.0,0.885,1.0,952176000.0,0.528,954056000.0,64835000.0,3271076000.0,2682285500.0,432348000.0,174885000.0,174885000.0,0.0,2713875000.0,828967000.0,1884908000.0,4523101626.0,1161634000.0,-761049000.0,752642000.0,898505000.0,-53048000.0,1462530000.0,-686729000.0,236877000.0,381854000.0,3979000.0,221424000.0,221424000.0,221424000.0,0.0,0.0,0.123,453697000.0,498479000.0,161734000.0,0.247,2.622,20.427,18.753,707064000.0,0.0,18.19,2.51,2.508,401071000.0,2156667000.0,1802001000.0,1802001000.0,114186000.0,0.068,0.163,0.187,0.279,19919000.0,242618000.0,1.0,248658693.0,248477000,251604000.0,7.252,3521465000.0,207876000.0,216437000.0,176940000.0,14.172,1793057000.0
57,VTRS,MRT,2007-03-31,2007-03-31,2007-03-31,2021-08-09,1544000.0,4253867000.0,2620109000.0,2412044000.0,1841823000.0,0.615,7.666,-161851000.0,1252365000.0,1252365000.0,768151000.0,217284000.0,3.443,1.554,1887973000.0,233041000.0,1654932000.0,1887973000.0,90673000.0,61512000.0,0.0,0.011,0.24,477577000.0,539089000.0,0.334,539089000.0,477577000.0,425301000.0,1.01,0.99,1.01,1648860000.0,1144535250.0,1648860000.0,5066435205.0,11.0,9.398,228341000.0,1.062,1.0,843668000.0,0.523,965522000.0,52276000.0,3223418000.0,2370624250.0,429111000.0,174207000.0,174207000.0,0.0,2561800000.0,700535000.0,1861265000.0,4663024205.0,1102241000.0,-761049000.0,752862000.0,876716000.0,-50751000.0,1442816000.0,-730735000.0,192572000.0,390192000.0,-32000.0,217284000.0,217284000.0,217284000.0,0.0,0.0,0.135,416114000.0,427554000.0,160286000.0,0.238,2.828,21.461,20.931,686739000.0,0.0,21.14,2.893,2.821,350294000.0,2103282000.0,1611819000.0,1611819000.0,103692000.0,0.083,0.19,0.201,0.296,22156000.0,215538000.0,1.0,220578250.0,215096000,219120000.0,7.493,3288345000.0,191122000.0,208017000.0,164287000.0,15.288,1711509000.0
58,VTRS,MRT,2006-12-31,2006-12-31,2006-12-31,2021-08-09,2238000.0,2206648000.0,2024273750.0,1275172000.0,931476000.0,0.716,5.191,-108653000.0,286880000.0,286880000.0,679528000.0,346223000.0,4.462,1.003,690291000.0,3291000.0,687000000.0,690291000.0,93252000.0,48701000.0,0.0,0.012,0.24,571014000.0,619715000.0,0.428,619715000.0,571014000.0,528001000.0,1.63,1.6,1.63,1101905000.0,929233000.0,1101905000.0,4760132156.0,8.0,7.681,241112000.0,1.136,1.0,769576000.0,0.531,195408000.0,43013000.0,2128873000.0,2048895250.0,314936000.0,389356000.0,179125000.0,210231000.0,1104743000.0,285778000.0,818965000.0,4231332156.0,116549000.0,-210601000.0,18712000.0,-86625000.0,-50571000.0,-116124000.0,-117092000.0,206023000.0,349765000.0,0.0,346223000.0,346223000.0,346223000.0,0.0,0.0,0.239,242428000.0,527148000.0,58229000.0,0.147,3.84,12.221,12.245,461653000.0,0.0,19.96,2.92,2.924,312282000.0,2189473000.0,1449104000.0,1449104000.0,86467000.0,0.171,0.373,0.279,0.394,17217000.0,202096000.0,1.0,211990589.0,212271000,215958000.0,6.827,2011240000.0,136533000.0,181778000.0,55744000.0,9.475,989394000.0
59,VTRS,MRT,2006-09-30,2006-09-30,2006-09-30,2021-08-09,2264000.0,2035661000.0,1931388750.0,1333086000.0,702575000.0,0.703,4.535,-102174000.0,159786000.0,159786000.0,657747000.0,258985000.0,5.128,1.128,688586000.0,1586000.0,687000000.0,688586000.0,90031000.0,46786000.0,0.0,0.012,0.24,437495000.0,484281000.0,0.356,484281000.0,437495000.0,394352000.0,1.22,1.19,1.22,956823000.0,843626250.0,956823000.0,4778754483.0,11.0,9.868,275493000.0,1.306,1.0,700842000.0,0.516,198732000.0,43143000.0,2105775000.0,2008066500.0,303267000.0,451882000.0,451882000.0,0.0,1078838000.0,259954000.0,818884000.0,4243627483.0,-22305000.0,0.0,-114898000.0,-122614000.0,-50763000.0,-287466000.0,-112506000.0,-5430000.0,377667000.0,0.0,258985000.0,258985000.0,258985000.0,0.0,0.0,0.191,279308000.0,421534000.0,73788000.0,0.197,4.435,16.386,16.5,439431000.0,0.0,20.13,3.124,3.126,252515000.0,2066812000.0,1358589000.0,1358589000.0,92920000.0,0.134,0.307,0.218,0.322,12835000.0,197533000.0,1.0,210811102.0,210999000,215077000.0,6.439,1836929000.0,145606000.0,135367000.0,37313000.0,8.706,1073132000.0
60,VTRS,MRT,2006-06-30,2006-06-30,2006-06-30,2021-08-09,2287000.0,1984260000.0,1900989250.0,1292782000.0,691478000.0,0.679,4.146,-106264000.0,153923000.0,153923000.0,641943000.0,217214000.0,4.414,1.279,689050000.0,2050000.0,687000000.0,689050000.0,91514000.0,47109000.0,0.0,0.012,0.24,367501000.0,414610000.0,0.321,414610000.0,367501000.0,325857000.0,1.01,0.99,1.01,870553000.0,812085750.0,870553000.0,4744013300.0,13.0,11.442,296750000.0,1.413,1.0,647983000.0,0.502,202065000.0,41644000.0,2024431000.0,1987226500.0,289755000.0,414001000.0,414001000.0,0.0,1113707000.0,292891000.0,820816000.0,4204613300.0,-188910000.0,0.0,-1199682000.0,658545000.0,-54299000.0,-610030000.0,18106000.0,128397000.0,403014000.0,0.0,217214000.0,217214000.0,217214000.0,0.0,0.0,0.168,303012000.0,344971000.0,73810000.0,0.238,4.83,19.357,19.802,426185000.0,0.0,20.0,3.26,3.255,269473000.0,2001984000.0,1289926000.0,1289926000.0,98477000.0,0.114,0.267,0.185,0.285,6806000.0,204180000.0,1.0,210230665.0,209955000,214791000.0,6.144,1782195000.0,152097000.0,108643000.0,75427000.0,8.488,999891000.0
61,VTRS,MRT,2006-03-31,2006-03-31,2006-03-31,2021-08-09,2450000.0,1870526000.0,1951682000.0,1191900000.0,678626000.0,0.644,3.434,-103689000.0,150124000.0,150124000.0,629548000.0,184542000.0,4.493,1.375,689524000.0,4336000.0,685188000.0,689524000.0,89417000.0,46827000.0,0.0,0.01,0.24,305890000.0,352717000.0,0.281,352717000.0,305890000.0,274605000.0,0.8,0.79,0.8,787651000.0,1064479250.0,787651000.0,5530333317.0,18.0,15.679,312872000.0,1.364,1.0,627616000.0,0.499,208174000.0,31285000.0,1936502000.0,1825962750.0,279008000.0,368003000.0,368003000.0,0.0,1082875000.0,265250000.0,817625000.0,4925453317.0,12391000.0,0.0,-1200978000.0,666150000.0,-49772000.0,-599262000.0,195092000.0,304491000.0,416561000.0,0.0,184542000.0,184542000.0,184542000.0,0.0,0.0,0.147,340228000.0,287388000.0,89464000.0,0.3,6.253,26.69,29.25,406875000.0,0.0,23.4,3.918,4.27,242193000.0,1939045000.0,1257164000.0,1257164000.0,102431000.0,0.095,0.173,0.168,0.243,0.0,225380000.0,1.0,210489458.0,229389000,234209000.0,5.48,1662352000.0,137672000.0,90063000.0,33548000.0,7.247,926650000.0
62,VTRS,MRT,2005-12-31,2005-12-31,2005-12-31,2021-08-09,2606000.0,1835108000.0,2017968750.0,1169400000.0,665708000.0,0.619,3.56,-104406000.0,170331000.0,170331000.0,629004000.0,165027000.0,4.453,1.416,775211000.0,4336000.0,770875000.0,775211000.0,0.0,46808000.0,0.0,0.011,0.21,266956000.0,313764000.0,0.251,313764000.0,266956000.0,247393000.0,0.69,0.68,0.69,759478000.0,1329050500.0,759478000.0,4892093718.0,18.0,15.592,194832000.0,0.913,1.0,620049000.0,0.496,211827000.0,19563000.0,1965558000.0,1724574000.0,253724000.0,386807000.0,386807000.0,0.0,1075630000.0,262603000.0,813027000.0,4297598718.0,-22753000.0,0.0,-1182558000.0,763854000.0,-45244000.0,-478594000.0,156603000.0,266279000.0,299238000.0,0.0,165027000.0,165027000.0,165027000.0,0.0,0.0,0.132,371294000.0,248755000.0,68350000.0,0.304,5.659,26.042,28.928,390969000.0,0.0,19.96,3.441,3.409,212240000.0,1894000000.0,1249053000.0,1249053000.0,104358000.0,0.082,0.124,0.155,0.214,0.0,254596000.0,1.0,215310557.0,213351000,218705000.0,5.854,1623281000.0,129861000.0,82366000.0,31759000.0,7.608,906797000.0
63,VTRS,MRT,2005-09-30,2005-09-30,2005-09-30,2021-08-09,3373000.0,1914063000.0,2066340250.0,1266664000.0,647399000.0,0.595,3.691,-103862000.0,182091000.0,182091000.0,629180000.0,151590000.0,4.704,1.304,776586000.0,4336000.0,772250000.0,776586000.0,0.0,46979000.0,0.0,0.009,0.18,237082000.0,284061000.0,0.231,284061000.0,237082000.0,228140000.0,0.59,0.59,0.59,830661000.0,1592937500.0,830661000.0,3886694596.0,16.0,13.683,137416000.0,0.611,1.0,599599000.0,0.488,216887000.0,8942000.0,2022415000.0,1600328500.0,255413000.0,449422000.0,449422000.0,0.0,1083402000.0,269256000.0,814146000.0,4210273596.0,44208000.0,0.0,-1062358000.0,799843000.0,-40411000.0,-316826000.0,119756000.0,223603000.0,241278000.0,0.0,151590000.0,151590000.0,151590000.0,0.0,0.0,0.123,379900000.0,219699000.0,88356000.0,0.305,5.069,27.774,32.644,371072000.0,0.0,19.26,3.426,3.527,239049000.0,1858398000.0,1228779000.0,1228779000.0,98150000.0,0.073,0.095,0.148,0.193,0.0,269755000.0,1.0,218601952.0,225042000,229259000.0,5.46,1697176000.0,127926000.0,76550000.0,27529000.0,7.542,997408000.0
64,VTRS,MRT,2005-06-30,2005-06-30,2005-06-30,2021-08-09,2351000.0,2187031000.0,2086231750.0,1566695000.0,620336000.0,0.593,6.978,-96388000.0,342833000.0,342833000.0,626119000.0,164474000.0,5.932,0.163,19254000.0,0.0,19254000.0,19254000.0,0.0,45644000.0,0.0,0.008,0.15,250185000.0,295829000.0,0.239,295829000.0,250185000.0,250185000.0,0.61,0.61,0.61,1880127000.0,1831286000.0,1880127000.0,5065320793.0,20.0,17.122,64483000.0,0.239,1.0,611621000.0,0.494,219974000.0,0.0,1379376000.0,1466360500.0,261123000.0,543929000.0,543929000.0,0.0,306904000.0,264102000.0,42802000.0,5182142793.0,157757000.0,0.0,12036000.0,19622000.0,-32287000.0,-629000.0,-2485000.0,94343000.0,160871000.0,0.0,164474000.0,164474000.0,164474000.0,0.0,0.0,0.133,376382000.0,235239000.0,50978000.0,0.246,2.756,31.507,31.541,353549000.0,0.0,19.24,4.187,4.188,269121000.0,1835533000.0,1237740000.0,1237740000.0,91939000.0,0.079,0.09,0.171,0.202,0.0,272448000.0,1.0,269342141.0,269445000,273262000.0,4.594,1967057000.0,134454000.0,85711000.0,70899000.0,7.3,1302593000.0
65,VTRS,MRT,2005-03-31,2005-03-31,2005-03-31,2021-08-09,870000.0,2135673000.0,2044136000.0,1528452000.0,607221000.0,0.613,6.863,-90746000.0,137733000.0,137733000.0,629834000.0,203592000.0,6.226,0.157,1586000.0,1586000.0,0.0,1586000.0,0.0,45100000.0,0.0,0.007,0.12,312247000.0,357347000.0,0.285,357347000.0,312247000.0,312247000.0,0.76,0.74,0.76,1845936000.0,1795584250.0,1845936000.0,4606401744.0,15.0,12.891,112965000.0,0.42,1.0,623540000.0,0.497,223072000.0,0.0,1530947000.0,1468505250.0,286267000.0,670348000.0,670348000.0,0.0,289737000.0,245507000.0,44230000.0,4770967744.0,26249000.0,0.0,10068000.0,19622000.0,-32261000.0,-2571000.0,-174891000.0,-87517000.0,203711000.0,0.0,203592000.0,203592000.0,203592000.0,0.0,0.0,0.162,321369000.0,302171000.0,86192000.0,0.158,2.585,23.434,23.316,336719000.0,0.0,17.72,3.806,3.803,297334000.0,1808802000.0,1253374000.0,1253374000.0,88254000.0,0.1,0.113,0.213,0.249,0.0,259105000.0,1.0,269241972.0,268985000,273621000.0,4.66,1912601000.0,119327000.0,108655000.0,69028000.0,7.11,1282945000.0
66,VTRS,MRT,2004-12-31,2004-12-31,2004-12-31,2021-08-09,1688000.0,2028594000.0,1981483000.0,1439690000.0,588904000.0,0.641,6.743,-104677000.0,183313000.0,183313000.0,621802000.0,240307000.0,8.489,0.118,18747000.0,0.0,18747000.0,18747000.0,0.0,45031000.0,0.0,0.007,0.12,366598000.0,411629000.0,0.324,411629000.0,366598000.0,366598000.0,0.89,0.88,0.89,1815026000.0,1749047250.0,1815026000.0,4648397438.0,13.0,11.293,134139000.0,0.498,1.0,648500000.0,0.511,225853000.0,0.0,1468576000.0,1429162000.0,292385000.0,651952000.0,651952000.0,0.0,213568000.0,169599000.0,43969000.0,4757749438.0,62452000.0,12000000.0,11663000.0,9771000.0,-32228000.0,-10794000.0,-165570000.0,-81479000.0,238816000.0,0.0,240307000.0,240307000.0,240307000.0,0.0,0.0,0.189,291277000.0,357223000.0,60857000.0,0.135,2.621,19.799,19.865,316902000.0,0.0,17.68,3.745,3.746,196390000.0,1778745000.0,1270302000.0,1270302000.0,93584000.0,0.121,0.137,0.257,0.289,0.0,234091000.0,1.0,269103475.0,269165000,273139000.0,4.719,1802741000.0,84083000.0,126291000.0,25222000.0,6.698,1270091000.0
67,VTRS,MRT,2004-09-30,2004-09-30,2004-09-30,2021-08-09,2207000.0,1993629000.0,1944577500.0,1420052000.0,573577000.0,0.683,6.634,-109541000.0,128112000.0,128112000.0,616779000.0,290155000.0,8.451,0.117,18760000.0,0.0,18760000.0,18760000.0,0.0,45323000.0,0.0,0.007,0.12,443600000.0,488923000.0,0.368,488923000.0,443600000.0,443600000.0,1.08,1.06,1.08,1784055000.0,1692887000.0,1784055000.0,4680912948.0,11.0,9.574,199865000.0,0.743,1.0,712337000.0,0.536,229691000.0,0.0,1486543000.0,1381988500.0,296604000.0,671360000.0,671360000.0,0.0,209574000.0,168043000.0,41531000.0,4837200948.0,-56262000.0,12000000.0,-19383000.0,9771000.0,-30130000.0,-39742000.0,-325926000.0,-219922000.0,309406000.0,0.0,290155000.0,290155000.0,290155000.0,0.0,0.0,0.218,278607000.0,433730000.0,42775000.0,0.111,2.711,16.671,16.667,298650000.0,0.0,18.0,3.639,3.642,210695000.0,1752052000.0,1329116000.0,1329116000.0,95665000.0,0.149,0.171,0.321,0.334,0.0,222016000.0,1.0,268733386.0,268945000,272930000.0,4.942,1763938000.0,84926000.0,153445000.0,36572000.0,6.559,1252009000.0
68,VTRS,MRT,2004-06-30,2004-06-30,2004-06-30,2021-08-09,2039000.0,2018648000.0,1896263250.0,1451857000.0,566791000.0,0.729,6.469,-128317000.0,175305000.0,175305000.0,617429000.0,332779000.0,6.042,0.162,19017000.0,0.0,19017000.0,19017000.0,0.0,44958000.0,0.0,0.006,0.112,509771000.0,554729000.0,0.401,554729000.0,509771000.0,509771000.0,1.24,1.21,1.24,1737320000.0,1630204500.0,1737320000.0,5357257545.0,11.0,9.657,215958000.0,0.804,1.0,764792000.0,0.553,234130000.0,0.0,1387955000.0,1298691500.0,315578000.0,637686000.0,637686000.0,0.0,281328000.0,240275000.0,41053000.0,5438254545.0,-23081000.0,12000000.0,-44370000.0,9771000.0,-28045000.0,-62644000.0,-304712000.0,-192472000.0,344275000.0,0.0,332779000.0,332779000.0,332779000.0,0.0,0.0,0.241,270409000.0,494383000.0,57843000.0,0.09,3.13,16.342,16.331,286371000.0,0.0,20.25,3.934,3.934,213931000.0,1711470000.0,1382221000.0,1382221000.0,97569000.0,0.175,0.204,0.393,0.369,0.0,211914000.0,1.0,268555780.0,268553000,275409000.0,5.147,1784518000.0,84890000.0,176992000.0,83902000.0,6.645,1211582000.0
69,VTRS,MRT,2004-03-31,2004-03-31,2004-03-31,2021-08-09,2496000.0,1885061000.0,1814786500.0,1327612000.0,557449000.0,0.757,6.172,-118451000.0,111484000.0,111484000.0,612149000.0,334609000.0,7.233,0.136,20716000.0,1586000.0,19130000.0,20716000.0,0.0,44323000.0,0.0,0.005,0.104,512608000.0,556931000.0,0.405,556931000.0,512608000.0,512608000.0,1.24,1.21,1.24,1659788000.0,1562339750.0,1659788000.0,5984619514.0,12.0,10.746,107127000.0,0.398,1.0,762468000.0,0.555,237180000.0,0.0,1373574000.0,1218583750.0,320797000.0,585445000.0,585445000.0,0.0,225273000.0,183539000.0,41734000.0,6095545514.0,-147418000.0,12000000.0,-106417000.0,9771000.0,-26024000.0,-122670000.0,-250326000.0,-145759000.0,225578000.0,0.0,334609000.0,334609000.0,334609000.0,0.0,0.0,0.243,267667000.0,494801000.0,58462000.0,0.084,3.672,18.217,18.331,273051000.0,0.0,22.73,4.434,4.447,191094000.0,1637497000.0,1374617000.0,1374617000.0,100813000.0,0.184,0.214,0.421,0.373,0.0,201612000.0,1.0,268171822.0,268931000,276318000.0,5.111,1647881000.0,78477000.0,177999000.0,46441000.0,6.128,1144073000.0
70,VTRS,MRT,2003-12-31,2003-12-31,2003-12-31,2021-08-09,3212000.0,1880972000.0,1779827000.0,1335732000.0,545240000.0,0.784,5.922,-87420000.0,130632000.0,130632000.0,623093000.0,333602000.0,5.39,0.183,19706000.0,0.0,19706000.0,19706000.0,0.0,43168000.0,0.0,0.004,0.097,518146000.0,561314000.0,0.402,561314000.0,518146000.0,518146000.0,1.24,1.2,1.24,1590385000.0,1508975750.0,1590385000.0,6617030908.0,13.0,11.788,180704000.0,0.673,1.0,771847000.0,0.553,242331000.0,0.0,1279882000.0,1122500750.0,311605000.0,569790000.0,569790000.0,0.0,290587000.0,247833000.0,42754000.0,6791095908.0,-122830000.0,30000.0,-179393000.0,0.0,-24099000.0,-203492000.0,-187462000.0,-97916000.0,268124000.0,0.0,333602000.0,333602000.0,333602000.0,0.0,0.0,0.239,261093000.0,510754000.0,63649000.0,0.078,4.27,20.357,20.371,250245000.0,0.0,25.26,4.868,4.863,208647000.0,1570656000.0,1394940000.0,1394940000.0,100728000.0,0.187,0.221,0.462,0.371,0.0,199605000.0,1.0,268847819.0,268560000,276881000.0,5.194,1638641000.0,84870000.0,184544000.0,92306000.0,6.102,1087899000.0
71,VTRS,MRT,2003-09-30,2003-09-30,2003-09-30,2021-08-09,6056000.0,1800372000.0,1748191000.0,1275343000.0,525029000.0,0.781,5.708,-66593000.0,194145000.0,194145000.0,623409000.0,317416000.0,5.603,0.174,20080000.0,0.0,20080000.0,20080000.0,0.0,41981000.0,0.0,0.003,0.089,494890000.0,536871000.0,0.393,536871000.0,494890000.0,494890000.0,1.17,1.13,1.17,1533325000.0,1474505500.0,1533325000.0,6726508242.0,14.0,12.529,195526000.0,0.728,1.0,742239000.0,0.544,245316000.0,0.0,1153355000.0,1052741000.0,290742000.0,444207000.0,444207000.0,0.0,267047000.0,227636000.0,39411000.0,6914566242.0,-21149000.0,30000.0,-243927000.0,0.0,-23132000.0,-267059000.0,-16209000.0,40882000.0,262119000.0,0.0,317416000.0,317416000.0,317416000.0,0.0,0.0,0.232,254281000.0,487958000.0,54493000.0,0.076,4.51,21.784,22.023,214396000.0,0.0,25.767,5.063,5.069,232479000.0,1494125000.0,1365648000.0,1365648000.0,98421000.0,0.182,0.215,0.47,0.362,0.0,192424000.0,1.0,268353153.0,268644000,276424000.0,5.083,1555056000.0,90731000.0,177474000.0,83437000.0,5.789,1047707000.0
72,VTRS,MRT,2003-06-30,2003-06-30,2003-06-30,2021-08-09,4369000.0,1692741000.0,1725346250.0,1179396000.0,513345000.0,0.768,5.425,-36467000.0,208157000.0,208157000.0,623864000.0,294367000.0,6.242,0.155,20099000.0,0.0,20099000.0,20099000.0,0.0,40726000.0,0.0,0.004,0.084,459894000.0,500620000.0,0.378,500620000.0,459894000.0,459894000.0,1.07,1.04,1.07,1465861000.0,1458455750.0,1465861000.0,5985275967.0,13.0,11.956,285593000.0,1.057,1.0,701263000.0,0.529,248220000.0,0.0,1067524000.0,1027802000.0,258166000.0,451973000.0,435843000.0,16130000.0,226880000.0,188939000.0,37941000.0,6222648967.0,123178000.0,30000.0,-232426000.0,0.0,-22168000.0,-254594000.0,55712000.0,94834000.0,322060000.0,0.0,294367000.0,294367000.0,294367000.0,0.0,0.0,0.222,242486000.0,458777000.0,54537000.0,0.079,4.245,21.139,21.664,182511000.0,0.0,23.18,4.696,4.727,165916000.0,1408821000.0,1325127000.0,1325127000.0,94644000.0,0.171,0.202,0.447,0.347,0.0,184406000.0,1.0,268449050.0,270220000,276128000.0,4.904,1444521000.0,89065000.0,165527000.0,43778000.0,5.346,990457000.0
73,VTRS,MRT,2003-03-31,2003-03-31,2003-03-31,2021-08-09,3718000.0,1745223000.0,1711037750.0,1228211000.0,517012000.0,0.742,5.188,-32595000.0,258902000.0,258902000.0,597756000.0,272353000.0,4.621,0.207,21529000.0,1586000.0,19943000.0,21529000.0,0.0,40580000.0,0.0,0.004,0.08,426513000.0,467093000.0,0.368,467093000.0,426513000.0,426513000.0,0.98,0.96,0.98,1446332000.0,1448139250.0,1446332000.0,5051427098.0,12.0,10.815,280548000.0,1.006,1.0,671436000.0,0.529,252837000.0,0.0,989242000.0,1044073000.0,237777000.0,427904000.0,427904000.0,0.0,298891000.0,265771000.0,33120000.0,5284031098.0,98112000.0,30000.0,-210107000.0,0.0,-21192000.0,-231299000.0,16268000.0,51361000.0,313143000.0,0.0,272353000.0,272353000.0,272353000.0,0.0,0.0,0.215,244923000.0,426513000.0,72048000.0,0.082,3.653,19.401,19.558,178330000.0,0.0,19.167,4.163,4.21,187587000.0,1330933000.0,1269192000.0,1269192000.0,86748000.0,0.159,0.188,0.409,0.336,0.0,173070000.0,1.0,275688579.0,278789000,282330000.0,4.553,1492386000.0,104173000.0,154160000.0,63777000.0,5.353,962440000.0
74,VTRS,MRT,2002-12-31,2002-12-31,2002-12-31,2021-08-09,6952000.0,1754428000.0,1679702000.0,1225274000.0,529154000.0,0.713,5.253,-32932000.0,253462000.0,253462000.0,553263000.0,265801000.0,4.664,0.208,20858000.0,0.0,20858000.0,20858000.0,0.0,40642000.0,0.0,0.005,0.076,415063000.0,455705000.0,0.38,455705000.0,415063000.0,415063000.0,0.943,0.93,0.943,1452504000.0,1437116000.0,1452504000.0,4080659086.0,10.0,8.955,262338000.0,0.949,1.0,644841000.0,0.538,258246000.0,0.0,1000843000.0,1055968500.0,214574000.0,472748000.0,454500000.0,18248000.0,301924000.0,262735000.0,39189000.0,4274787086.0,100039000.0,4848000.0,-131184000.0,-4868000.0,-20247000.0,-156299000.0,-38932000.0,4099000.0,295270000.0,0.0,265801000.0,265801000.0,265801000.0,0.0,0.0,0.222,212984000.0,431857000.0,54918000.0,0.081,2.943,16.083,16.449,173385000.0,0.0,15.511,3.568,3.58,183821000.0,1262951000.0,1198104000.0,1198104000.0,72113000.0,0.158,0.185,0.393,0.346,0.0,158734000.0,1.0,275595156.0,276522000,279891000.0,4.333,1496182000.0,106199000.0,149262000.0,116838000.0,5.411,962539000.0
75,VTRS,MRT,2002-09-30,2002-09-30,2002-09-30,2021-08-09,6486000.0,1708993000.0,1675263500.0,1179197000.0,529796000.0,0.701,5.208,-27109000.0,215294000.0,215294000.0,522164000.0,275545000.0,5.946,0.163,21166000.0,0.0,21166000.0,21166000.0,0.0,42300000.0,0.0,0.005,0.071,431748000.0,474048000.0,0.404,474048000.0,431748000.0,431748000.0,0.967,0.963,0.967,1469126000.0,1405710750.0,1469126000.0,4037494322.0,9.0,8.517,259465000.0,0.92,1.0,652637000.0,0.556,262961000.0,0.0,1053599000.0,1047511500.0,196253000.0,487102000.0,467540000.0,19562000.0,239867000.0,198305000.0,41562000.0,4102738322.0,14561000.0,4848000.0,-31277000.0,-6095000.0,-20259000.0,-57631000.0,-214382000.0,-187295000.0,286574000.0,0.0,275545000.0,275545000.0,275545000.0,0.0,0.0,0.235,203526000.0,449111000.0,35459000.0,0.073,2.793,14.89,15.048,169405000.0,0.0,14.551,3.492,3.494,180580000.0,1200806000.0,1174801000.0,1174801000.0,62613000.0,0.164,0.196,0.412,0.368,0.0,158776000.0,1.0,281953611.0,282064000,285248000.0,4.165,1446032000.0,109655000.0,156203000.0,94701000.0,5.127,980892000.0
76,VTRS,MRT,2002-06-30,2002-06-30,2002-06-30,2021-08-09,10077000.0,1635507000.0,1659967000.0,1086021000.0,549486000.0,0.688,5.027,-23649000.0,84979000.0,84979000.0,491908000.0,271452000.0,6.389,0.148,19735000.0,0.0,19735000.0,19735000.0,0.0,45221000.0,0.0,0.005,0.071,425824000.0,471045000.0,0.413,471045000.0,425824000.0,425824000.0,0.953,0.946,0.953,1424595000.0,1350057500.0,1424595000.0,3798371299.0,9.0,8.064,286836000.0,1.012,1.0,649682000.0,0.569,267675000.0,0.0,1132608000.0,992400000.0,207634000.0,530843000.0,509515000.0,21328000.0,210912000.0,169980000.0,40932000.0,3937291299.0,-98840000.0,4848000.0,-18654000.0,-8095000.0,-20253000.0,-47002000.0,-362323000.0,-335080000.0,310485000.0,0.0,271452000.0,271452000.0,271452000.0,0.0,0.0,0.238,206328000.0,443354000.0,43201000.0,0.075,2.764,14.505,14.62,166771000.0,0.0,13.933,3.449,3.459,175309000.0,1137574000.0,1141590000.0,1141590000.0,58907000.0,0.164,0.201,0.429,0.373,0.0,165284000.0,1.0,282580715.0,283392000,285648000.0,4.028,1367832000.0,98305000.0,154372000.0,70017000.0,4.827,916041000.0
77,VTRS,MRT,2002-03-31,2002-03-31,2002-03-31,2021-08-09,7920000.0,1619880000.0,1634835750.0,1066645000.0,553235000.0,0.675,4.965,-20621000.0,160790000.0,160790000.0,480111000.0,260251000.0,6.093,0.155,23899000.0,16000.0,23883000.0,23899000.0,0.0,46111000.0,0.0,0.005,0.071,408323000.0,454434000.0,0.412,454434000.0,408323000.0,408323000.0,0.92,0.91,0.92,1402239000.0,1289982250.0,1402239000.0,3581720962.0,9.0,7.882,325850000.0,1.154,1.0,623939000.0,0.565,271118000.0,0.0,1036824000.0,904162750.0,195074000.0,478986000.0,456266000.0,22720000.0,217641000.0,175047000.0,42594000.0,3707876962.0,-68393000.0,4848000.0,20852000.0,-8095000.0,-20195000.0,-7438000.0,-407426000.0,-383458000.0,346471000.0,0.0,260251000.0,260251000.0,260251000.0,0.0,0.0,0.236,210897000.0,413042000.0,41601000.0,0.077,2.644,14.247,14.232,166531000.0,0.0,13.093,3.358,3.349,150054000.0,1080736000.0,1104050000.0,1104050000.0,58847000.0,0.159,0.202,0.452,0.37,0.0,169913000.0,1.0,283188159.0,282432000,286578000.0,3.909,1348762000.0,92642000.0,148072000.0,79903000.0,4.776,891598000.0
78,VTRS,MRT,2001-12-31,2001-12-31,2001-12-31,2021-08-09,6660000.0,1736674000.0,1597193750.0,1171381000.0,565293000.0,0.67,4.696,-13635000.0,153423000.0,153423000.0,501292000.0,235023000.0,3.228,0.309,27267000.0,2028000.0,25239000.0,27267000.0,0.0,47026000.0,0.0,0.004,0.071,368657000.0,415683000.0,0.388,415683000.0,368657000.0,368657000.0,0.833,0.824,0.833,1326883000.0,1222556500.0,1326883000.0,4538543288.0,12.0,10.918,324450000.0,1.148,1.0,568808000.0,0.532,280616000.0,0.0,967015000.0,814909000.0,196777000.0,455988000.0,432038000.0,23950000.0,409791000.0,362887000.0,46904000.0,4709327288.0,-58974000.0,0.0,13824000.0,-7824000.0,-20014000.0,-14014000.0,-383045000.0,-342004000.0,338085000.0,0.0,235023000.0,235023000.0,235023000.0,0.0,0.0,0.22,187699000.0,381109000.0,43343000.0,0.085,3.549,20.038,20.008,163460000.0,0.0,16.667,4.401,4.401,165443000.0,1018651000.0,1070100000.0,1070100000.0,61458000.0,0.147,0.192,0.452,0.345,0.0,166153000.0,1.0,282559637.0,282582000,287754000.0,3.787,1456058000.0,81184000.0,133634000.0,111166000.0,5.153,808494000.0
79,VTRS,MRT,2001-09-30,2001-09-30,2001-09-30,2021-08-09,5130000.0,1647807000.0,1512343500.0,1066889000.0,580918000.0,0.659,4.419,-14528000.0,200733000.0,200733000.0,499621000.0,194492000.0,2.995,0.322,29949000.0,3260000.0,26689000.0,29949000.0,0.0,45923000.0,0.0,0.005,0.071,304366000.0,350289000.0,0.352,350289000.0,304366000.0,304366000.0,0.693,0.684,0.693,1246513000.0,1164724250.0,1246513000.0,3931864652.0,13.0,11.225,183930000.0,0.652,1.0,496526000.0,0.498,287625000.0,0.0,833153000.0,734390500.0,182373000.0,282772000.0,257070000.0,25702000.0,401294000.0,356245000.0,45049000.0,4088289652.0,-18606000.0,0.0,9032000.0,-6797000.0,-19985000.0,-17750000.0,-199314000.0,-170515000.0,198458000.0,0.0,194492000.0,194492000.0,194492000.0,0.0,0.0,0.195,186690000.0,309836000.0,57412000.0,0.102,3.28,21.02,20.92,164102000.0,0.0,14.498,4.104,4.105,209337000.0,945500000.0,996147000.0,996147000.0,63833000.0,0.129,0.167,0.414,0.306,0.0,162769000.0,1.0,281994228.0,282087000,286510500.0,3.531,1360182000.0,76070000.0,109874000.0,88861000.0,4.822,710644000.0
80,VTRS,MRT,2001-06-30,2001-06-30,2001-06-30,2021-08-09,6232000.0,1534982000.0,1433945000.0,946718000.0,588264000.0,0.64,4.21,-17533000.0,183819000.0,183819000.0,490629000.0,163865000.0,3.08,0.296,27394000.0,5241000.0,22153000.0,27394000.0,0.0,43479000.0,0.0,0.006,0.071,256040000.0,299519000.0,0.326,299519000.0,256040000.0,256040000.0,0.587,0.582,0.587,1184294000.0,1118724000.0,1184294000.0,3480350077.0,14.0,11.62,61320000.0,0.218,1.0,426745000.0,0.465,291538000.0,0.0,779659000.0,677282000.0,170983000.0,185894000.0,158990000.0,26904000.0,350688000.0,307360000.0,43328000.0,3680943077.0,2515000.0,0.0,6263000.0,-5892000.0,-19967000.0,-19596000.0,-56742000.0,-45769000.0,78853000.0,0.0,163865000.0,163865000.0,163865000.0,0.0,0.0,0.179,163686000.0,263059000.0,56959000.0,0.121,3.108,22.463,21.299,166237000.0,0.0,12.502,4.012,3.834,221477000.0,886384000.0,917374000.0,917374000.0,64633000.0,0.114,0.146,0.378,0.279,0.0,150553000.0,1.0,294423104.0,281319750,284341500.0,3.261,1243444000.0,71503000.0,92175000.0,62941000.0,4.42,639358000.0
81,VTRS,MRT,2001-03-31,2001-03-31,2001-03-31,2021-08-09,2983000.0,1469312000.0,1391404000.0,882563000.0,586749000.0,0.609,4.002,-23575000.0,229183000.0,229183000.0,464521000.0,37128000.0,2.997,0.297,28590000.0,5245000.0,23345000.0,28590000.0,0.0,42392000.0,0.0,0.006,0.071,58013000.0,100405000.0,0.119,100405000.0,58013000.0,58013000.0,0.133,0.133,0.133,1132536000.0,1080432500.0,1132536000.0,3054264792.0,53.0,30.419,42366000.0,0.15,1.0,382175000.0,0.451,294384000.0,0.0,679809000.0,635963500.0,161810000.0,83336000.0,55715000.0,27621000.0,336776000.0,294526000.0,42250000.0,3229552792.0,25690000.0,0.0,-85785000.0,-5987000.0,-20144000.0,-111916000.0,71665000.0,89960000.0,65941000.0,0.0,37128000.0,37128000.0,37128000.0,0.0,0.0,0.044,322685000.0,59490000.0,53935000.0,0.534,2.852,86.984,86.383,170193000.0,0.0,11.489,3.814,3.84,235938000.0,840741000.0,846696000.0,846696000.0,64385000.0,0.027,0.034,0.091,0.069,0.0,151212000.0,1.0,281102274.0,283023000,285186000.0,2.992,1174928000.0,59474000.0,20885000.0,53253000.0,4.151,588037000.0
82,VTRS,MRT,2000-12-31,2000-12-31,2000-12-31,2021-08-09,4337000.0,1397273000.0,1359383500.0,783519000.0,613754000.0,0.598,3.901,-26719000.0,212397000.0,212397000.0,436113000.0,39858000.0,2.938,0.275,37109000.0,11769000.0,25340000.0,37109000.0,0.0,39332000.0,0.0,0.006,0.071,62863000.0,102195000.0,0.126,102195000.0,62863000.0,62863000.0,0.142,0.142,0.142,1095554000.0,1098229000.0,1095554000.0,2962986687.0,47.0,28.993,1129000.0,0.004,1.0,376619000.0,0.463,310367000.0,0.0,644941000.0,655593500.0,178067000.0,62355000.0,33953000.0,28402000.0,301719000.0,266677000.0,35042000.0,3143872687.0,-25131000.0,0.0,-85501000.0,-10900000.0,-20320000.0,-116721000.0,63742000.0,64709000.0,27848000.0,0.0,39858000.0,39858000.0,39858000.0,0.0,0.0,0.049,27339000.0,349280000.0,43055000.0,0.5,2.87,78.877,78.842,173635000.0,0.0,11.196,3.868,3.868,204359000.0,803677000.0,812732000.0,812732000.0,63084000.0,0.029,0.036,0.096,0.077,0.0,146820000.0,1.0,280814353.0,280820250,283509000.0,2.894,1086906000.0,47158000.0,23005000.0,27753000.0,3.87,516842000.0
83,VTRS,MRT,2000-09-30,2000-09-30,2000-09-30,2021-08-09,5945000.0,1334213000.0,1337325750.0,685468000.0,648745000.0,0.593,3.786,-31858000.0,219339000.0,219339000.0,410690000.0,42647000.0,2.994,0.256,38453000.0,11746000.0,26707000.0,38453000.0,0.0,37768000.0,0.0,0.008,0.093,67720000.0,105488000.0,0.133,105488000.0,67720000.0,67720000.0,0.147,0.147,0.147,1062512000.0,1113808000.0,1062512000.0,3218973416.0,48.0,30.515,70972000.0,0.253,1.0,382681000.0,0.482,319694000.0,0.0,604719000.0,665353750.0,198391000.0,62812000.0,35585000.0,27227000.0,271701000.0,228914000.0,42787000.0,3359523416.0,-13445000.0,0.0,-85855000.0,-10858000.0,-20497000.0,-117210000.0,935000.0,31758000.0,102830000.0,0.0,42647000.0,42647000.0,42647000.0,0.0,0.0,0.054,23727000.0,358954000.0,28940000.0,0.633,3.162,78.775,81.451,174956000.0,0.0,11.973,4.234,4.235,173096000.0,771025000.0,793371000.0,793371000.0,59655000.0,0.032,0.038,0.102,0.085,0.0,146637000.0,1.0,280583804.0,280620000,282721500.0,2.827,1014519000.0,53232000.0,25073000.0,16080000.0,3.615,456554000.0
84,VTRS,MRT,2000-06-30,2000-06-30,2000-06-30,2021-08-09,4575000.0,1364818000.0,1318729500.0,707664000.0,657154000.0,0.592,3.561,-32044000.0,181304000.0,181304000.0,380808000.0,46204000.0,2.496,0.324,40754000.0,7925000.0,32829000.0,40754000.0,0.0,37020000.0,0.0,0.012,0.093,73735000.0,110755000.0,0.142,110755000.0,73735000.0,73735000.0,0.156,0.151,0.156,1031128000.0,1128452750.0,1031128000.0,2134479156.0,29.0,19.272,87206000.0,0.301,1.0,399497000.0,0.512,326419000.0,0.0,614385000.0,676404000.0,208326000.0,85909000.0,58472000.0,27437000.0,333690000.0,283464000.0,50226000.0,2297468156.0,-20494000.0,0.0,-86600000.0,-10777000.0,-20675000.0,-118052000.0,-21692000.0,34268000.0,119250000.0,0.0,46204000.0,46204000.0,46204000.0,0.0,0.0,0.059,32545000.0,366952000.0,81079000.0,0.596,2.228,49.724,51.652,172521000.0,0.0,8.058,2.944,2.99,179517000.0,742494000.0,780305000.0,780305000.0,53865000.0,0.035,0.041,0.109,0.094,0.0,149657000.0,1.0,285124288.0,289577250,291811500.0,2.695,1038399000.0,71112000.0,27531000.0,17397000.0,3.586,424200000.0
85,VTRS,MRT,2000-03-31,2000-03-31,2000-03-31,2021-08-09,6936000.0,1341230000.0,1287801500.0,686746000.0,654484000.0,0.614,4.14,-28704000.0,203493000.0,203493000.0,369377000.0,154246000.0,7.824,0.114,40504000.0,9874000.0,30630000.0,40504000.0,0.0,35706000.0,0.0,0.008,0.093,242743000.0,278449000.0,0.352,278449000.0,242743000.0,242743000.0,0.529,0.524,0.529,1203722000.0,1142698750.0,1203722000.0,3359181950.0,14.0,12.064,90428000.0,0.311,1.0,420768000.0,0.533,332142000.0,0.0,758329000.0,682377000.0,148673000.0,129018000.0,99557000.0,29461000.0,137508000.0,87770000.0,49738000.0,3556689950.0,13644000.0,0.0,3587000.0,-15696000.0,-20663000.0,-32772000.0,-72716000.0,-20233000.0,119132000.0,0.0,154246000.0,154246000.0,154246000.0,0.0,0.0,0.195,173832000.0,246936000.0,23175000.0,0.176,2.955,23.059,23.104,168000000.0,0.0,12.222,4.501,4.497,197760000.0,823570000.0,790145000.0,790145000.0,49121000.0,0.12,0.135,0.356,0.307,0.0,148688000.0,1.0,291001905.0,290745000,293004000.0,2.718,1009088000.0,30792000.0,88497000.0,26966000.0,3.471,598976000.0
86,VTRS,MRT,1999-12-31,1999-12-31,1999-12-31,2021-08-09,2320000.0,1309042000.0,1254159250.0,683862000.0,625180000.0,0.611,3.982,-29257000.0,237528000.0,237528000.0,343001000.0,145311000.0,6.683,0.131,40020000.0,16336000.0,23684000.0,40020000.0,0.0,35255000.0,0.0,0.008,0.093,227729000.0,262984000.0,0.343,262984000.0,227729000.0,227729000.0,0.502,0.498,0.502,1157870000.0,1106744500.0,1157870000.0,3061981521.0,13.0,11.643,152406000.0,0.524,1.0,423078000.0,0.552,325225000.0,0.0,683982000.0,648948750.0,140219000.0,126719000.0,95559000.0,31160000.0,151172000.0,102327000.0,48845000.0,3255296521.0,49414000.0,-71000.0,3653000.0,-14253000.0,-20648000.0,-31248000.0,-101001000.0,-55192000.0,181663000.0,0.0,145311000.0,145311000.0,145311000.0,0.0,0.0,0.19,189860000.0,233218000.0,22057000.0,0.185,2.811,22.402,22.302,163853000.0,0.0,11.196,4.249,4.249,162687000.0,783952000.0,766079000.0,766079000.0,57754000.0,0.116,0.131,0.351,0.297,0.0,150448000.0,1.0,290766859.0,290772000,292558500.0,2.635,983817000.0,32032000.0,82418000.0,36619000.0,3.383,581535000.0
87,VTRS,MRT,1999-09-30,1999-09-30,1999-09-30,2021-08-09,2016000.0,1259828000.0,1216477000.0,639840000.0,619988000.0,0.615,3.857,-23166000.0,232784000.0,232784000.0,336755000.0,113031000.0,7.321,0.124,39469000.0,15417000.0,24052000.0,39469000.0,0.0,33623000.0,0.0,0.009,0.071,191894000.0,225517000.0,0.301,225517000.0,191894000.0,191894000.0,0.391,0.387,0.391,1121091000.0,1073264500.0,1121091000.0,2212263922.0,12.0,9.81,153799000.0,0.529,1.0,411642000.0,0.55,330191000.0,0.0,648920000.0,627112000.0,139844000.0,94097000.0,61297000.0,32800000.0,138737000.0,87402000.0,51335000.0,2374440922.0,94561000.0,1396000.0,8903000.0,-14629000.0,-20379000.0,-26105000.0,-56299000.0,-21066000.0,176965000.0,0.0,113031000.0,113031000.0,113031000.0,0.0,0.0,0.151,214317000.0,197325000.0,22277000.0,0.182,2.118,21.007,20.892,159253000.0,0.0,8.169,3.173,3.173,162419000.0,748688000.0,748397000.0,748397000.0,57641000.0,0.093,0.105,0.306,0.256,0.0,146018000.0,1.0,290668774.0,290659500,292824000.0,2.575,929637000.0,27120000.0,78863000.0,27283000.0,3.198,552438000.0
88,VTRS,MRT,1999-06-30,1999-06-30,1999-06-30,2021-08-09,1572000.0,1241106000.0,1132627000.0,616253000.0,624853000.0,0.646,3.745,-18762000.0,201798000.0,201798000.0,338626000.0,113180000.0,5.844,0.141,39621000.0,14850000.0,24771000.0,39621000.0,0.0,30052000.0,0.0,0.006,0.071,189968000.0,220020000.0,0.301,220020000.0,189968000.0,189968000.0,0.396,0.396,0.396,1088112000.0,994819750.0,1088112000.0,3276481742.0,17.0,14.892,146642000.0,0.505,1.0,392874000.0,0.537,335194000.0,0.0,638277000.0,616317500.0,138278000.0,121564000.0,87639000.0,33925000.0,152994000.0,105458000.0,47536000.0,3422562742.0,62687000.0,1396000.0,9106000.0,-19739000.0,-20107000.0,-30740000.0,-71977000.0,-47250000.0,165404000.0,0.0,113180000.0,113180000.0,113180000.0,0.0,0.0,0.155,205781000.0,187093000.0,24831000.0,0.179,3.145,30.24,29.742,156366000.0,0.0,11.778,4.679,4.678,151224000.0,716790000.0,731500000.0,731500000.0,59550000.0,0.1,0.114,0.308,0.26,0.0,135573000.0,1.0,290594950.0,290556000,293195250.0,2.518,905912000.0,21721000.0,76788000.0,39707000.0,3.118,510795000.0
89,VTRS,MRT,1999-03-31,1999-03-31,1999-03-31,2021-08-09,1105000.0,1206661000.0,1045075250.0,571759000.0,634902000.0,0.69,3.751,-18756000.0,189849000.0,189849000.0,339342000.0,115409000.0,5.934,0.138,43768000.0,16941000.0,26827000.0,43768000.0,0.0,26911000.0,0.0,0.006,0.071,192294000.0,219205000.0,0.304,219205000.0,192294000.0,192294000.0,0.409,0.404,0.409,1059905000.0,916468000.0,1059905000.0,3396116237.0,18.0,15.493,146713000.0,0.519,1.0,381781000.0,0.529,339603000.0,0.0,624616000.0,600293500.0,136493000.0,103986000.0,69872000.0,34114000.0,146756000.0,96361000.0,50395000.0,3539490237.0,86093000.0,1396000.0,10137000.0,-14740000.0,-19833000.0,-24436000.0,-54940000.0,-29665000.0,165469000.0,0.0,115409000.0,115409000.0,115409000.0,0.0,0.0,0.16,194969000.0,186812000.0,17320000.0,0.174,3.339,30.669,29.818,154636000.0,0.0,12.196,4.908,4.779,148896000.0,690003000.0,721123000.0,721123000.0,61843000.0,0.11,0.126,0.32,0.267,0.0,122468000.0,1.0,290227880.0,282564000,286101000.0,2.552,867058000.0,18199000.0,76885000.0,24389000.0,3.069,475398000.0
90,VTRS,MRT,1998-12-31,1998-12-31,1998-12-31,2021-08-09,-653000.0,1158313000.0,955348250.0,531326000.0,626987000.0,0.726,3.538,-20417000.0,188114000.0,188114000.0,334224000.0,111357000.0,5.898,0.131,44740000.0,19195000.0,25545000.0,44740000.0,0.0,24720000.0,0.0,0.005,0.071,185671000.0,210391000.0,0.303,210391000.0,185671000.0,185671000.0,0.4,0.4,0.4,1023950000.0,837608000.0,1023950000.0,3957492432.0,21.0,18.81,105506000.0,0.365,1.0,359044000.0,0.518,328217000.0,0.0,596635000.0,588789750.0,146989000.0,70523000.0,17061000.0,53462000.0,134363000.0,90087000.0,44276000.0,4051584432.0,72984000.0,1467000.0,8752000.0,-21684000.0,-19553000.0,-32485000.0,-20454000.0,3117000.0,125923000.0,0.0,111357000.0,111357000.0,111357000.0,0.0,0.0,0.161,196990000.0,162054000.0,17291000.0,0.177,3.957,36.384,35.0,152496000.0,0.0,14.0,5.844,5.845,150760000.0,659272000.0,693268000.0,693268000.0,54311000.0,0.117,0.133,0.315,0.268,0.0,113679000.0,1.0,289398888.0,289449000,293262750.0,2.395,830096000.0,15790000.0,74314000.0,21978000.0,2.868,441239000.0
91,VTRS,MRT,1998-09-30,1998-09-30,1998-09-30,2021-08-09,-470000.0,924428000.0,869515750.0,486912000.0,437516000.0,0.732,2.931,-25761000.0,138223000.0,138223000.0,322822000.0,125186000.0,5.679,0.145,44131000.0,18414000.0,25717000.0,44131000.0,0.0,22333000.0,0.0,0.005,0.071,188900000.0,211233000.0,0.332,211233000.0,188900000.0,188900000.0,0.453,0.453,0.453,807312000.0,760665000.0,807312000.0,3506919088.0,19.0,16.602,90760000.0,0.33,1.0,313768000.0,0.493,138860000.0,0.0,605742000.0,577158250.0,151028000.0,70573000.0,15956000.0,54617000.0,117116000.0,85734000.0,31382000.0,3610495088.0,45161000.0,0.0,3015000.0,-23921000.0,-19542000.0,-40448000.0,-30912000.0,1452000.0,116521000.0,0.0,125186000.0,125186000.0,125186000.0,0.0,0.0,0.197,148859000.0,164909000.0,18243000.0,0.157,4.472,28.841,28.943,152304000.0,0.0,13.111,5.672,5.672,157618000.0,656309000.0,636590000.0,636590000.0,49928000.0,0.144,0.165,0.327,0.297,0.0,98931000.0,1.0,275376744.0,275418000,278570250.0,2.311,785568000.0,15732000.0,63714000.0,9160000.0,2.852,401178000.0
92,VTRS,MRT,1998-06-30,1998-06-30,1998-06-30,2021-08-09,78000.0,890899000.0,,467998000.0,422901000.0,,2.815,-27956000.0,139111000.0,139111000.0,308475000.0,118362000.0,5.424,0.15,35535000.0,9118000.0,26417000.0,35535000.0,0.0,22090000.0,0.0,0.005,0.071,178494000.0,200584000.0,0.327,200584000.0,178494000.0,178494000.0,0.431,0.431,0.431,774705000.0,,774705000.0,3631754371.0,20.0,18.106,71796000.0,0.261,1.0,304478000.0,0.497,126855000.0,0.0,574181000.0,,150032000.0,70911000.0,17979000.0,52932000.0,116194000.0,86287000.0,29907000.0,3700815371.0,30116000.0,0.0,1891000.0,-19205000.0,-19531000.0,-36845000.0,-32791000.0,358000.0,99752000.0,0.0,118362000.0,118362000.0,118362000.0,0.0,0.0,0.193,150648000.0,153830000.0,23724000.0,0.165,4.777,31.267,31.194,153207000.0,0.0,13.444,6.038,6.035,137229000.0,624134000.0,612953000.0,612953000.0,48670000.0,,,,0.291,0.0,101978000.0,1.0,275267259.0,275163750,279175500.0,2.228,764044000.0,17449000.0,60132000.0,21866000.0,2.777,381711000.0
93,VTRS,MRT,1998-03-31,1998-03-31,1998-03-31,2021-08-09,1570000.0,847753000.0,812666500.0,451072000.0,396681000.0,0.683,2.71,-28853000.0,103756000.0,103756000.0,288290000.0,100777000.0,6.322,0.139,34695000.0,8477000.0,26218000.0,34695000.0,0.0,21708000.0,0.0,0.007,0.071,148389000.0,170097000.0,0.306,170097000.0,148389000.0,148389000.0,0.369,0.364,0.369,744465000.0,702102500.0,744465000.0,2742635647.0,18.0,16.124,23797000.0,0.087,1.0,267133000.0,0.481,128745000.0,0.0,578601000.0,532131500.0,146041000.0,71662000.0,41941000.0,29721000.0,103288000.0,71346000.0,31942000.0,2809433647.0,-22400000.0,0.0,-14000.0,-19198000.0,-19525000.0,-38737000.0,-36313000.0,524000.0,52650000.0,0.0,100777000.0,100777000.0,100777000.0,0.0,0.0,0.181,142986000.0,124147000.0,20857000.0,0.192,3.774,27.878,27.702,151412000.0,0.0,10.222,5.058,5.056,136864000.0,594847000.0,555423000.0,555423000.0,46278000.0,0.124,0.144,0.279,0.267,0.0,96708000.0,1.0,274835900.0,274711500,276846750.0,2.022,719008000.0,15791000.0,47612000.0,11101000.0,2.617,379726000.0
94,VTRS,MRT,1997-12-31,1997-12-31,1997-12-31,2021-08-09,646000.0,814983000.0,,398961000.0,416022000.0,,2.606,-22963000.0,115130000.0,115130000.0,280979000.0,82659000.0,5.972,0.138,48332000.0,16336000.0,31996000.0,48332000.0,0.0,19434000.0,0.0,0.008,0.071,118558000.0,137992000.0,0.27,137992000.0,118558000.0,118558000.0,0.302,0.293,0.302,716178000.0,,716178000.0,,,,12356000.0,0.045,1.0,230368000.0,0.451,131267000.0,0.0,550109000.0,,135601000.0,68577000.0,18492000.0,50085000.0,98805000.0,66809000.0,31996000.0,2557806112.0,-39593000.0,0.0,-5000.0,-22552000.0,-19525000.0,-42082000.0,-32830000.0,-1690000.0,35319000.0,0.0,82659000.0,82659000.0,82659000.0,0.0,0.0,0.162,134904000.0,95464000.0,19892000.0,0.235,3.571,30.944,30.817,145840000.0,0.0,9.307,5.002,5.001,108044000.0,568069000.0,511347000.0,511347000.0,42778000.0,,,,0.232,0.0,92126000.0,1.0,274835900.0,274785750,277679250.0,1.861,683716000.0,14290000.0,35899000.0,7701000.0,2.488,332152000.0
95,VTRS,MRT,1997-09-30,1997-09-30,1997-09-30,2021-08-09,,,,,,,,,,,272631000.0,78757000.0,,,,,,,,,,0.007,0.071,111364000.0,,,,111364000.0,111364000.0,0.289,0.28,0.289,,,,,,,,,1.0,223180000.0,0.45,,0.0,,,,,,,,,,,,,,,,,,,,,78757000.0,78757000.0,78757000.0,0.0,0.0,0.159,136115000.0,87065000.0,,0.246,,,34.51,,0.0,9.973,,5.523,,,495811000.0,495811000.0,45662000.0,,,,0.225,,90453000.0,1.0,,274565250,276979500.0,1.806,,,32607000.0,,,
96,VTRS,MRT,1997-06-30,1997-06-30,1997-06-30,2021-08-09,,,,,,,,,,,,,,,,,,,,,,0.011,0.071,,,,,,,,,,,,,,,,,,1.0,,,,,,,,,,,,,,,,,,,,,,,,,,,,,,,,,,,,,,,,6.556,,,,,,,,,,,,,,1.0,,274646250,,,,,,,,
97,VTRS,MRT,1997-03-31,1997-03-31,1997-03-31,2021-08-09,-947000.0,777580000.0,,379020000.0,398560000.0,,2.405,-23354000.0,126156000.0,126156000.0,259666000.0,63127000.0,4.813,0.179,50046000.0,17453000.0,32593000.0,50046000.0,0.0,17347000.0,0.0,0.011,0.071,87195000.0,104542000.0,0.237,104542000.0,87195000.0,87195000.0,0.231,0.227,0.231,659740000.0,,659740000.0,,,,23183000.0,0.085,1.0,180526000.0,0.41,137062000.0,0.0,485662000.0,,100890000.0,62657000.0,13876000.0,48781000.0,117840000.0,78746000.0,39094000.0,,-50824000.0,0.0,1107000.0,-19788000.0,-19491000.0,-38172000.0,-59189000.0,-5161000.0,46537000.0,0.0,63127000.0,63127000.0,63127000.0,0.0,0.0,0.143,122581000.0,57945000.0,22932000.0,0.307,,,28.629,135829000.0,0.0,6.613,,4.122,115303000.0,513750000.0,440192000.0,440192000.0,42633000.0,,,,0.198,0.0,79948000.0,1.0,,274333500,276135750.0,1.605,640518000.0,13532000.0,24068000.0,20296000.0,2.335,300274000.0
98,VTRS,MRT,1996-12-31,1996-12-31,1996-12-31,2021-08-09,,,,,,,,,,,,,,,,,,,,,,0.01,0.071,,,,,,,,,,,,,,,,,,1.0,,,,,,,,,,,,,,,,,,,,,,,,,,,,,,,,,,,,,,,,7.391,,,,,,,,,,,,,,1.0,,274311000,,,,,,,,
99,VTRS,MRT,1996-03-31,1996-03-31,1996-03-31,2021-08-09,,,,,,,,-31419000.0,,,197697000.0,102325000.0,,,,,,,,13450000.0,,0.008,0.068,141757000.0,155207000.0,0.395,155207000.0,141757000.0,141757000.0,0.382,0.378,0.382,,,,,,,44151000.0,0.164,1.0,195163000.0,0.497,,0.0,,,,,,,,,,,49700000.0,-520000.0,1836000.0,-2879000.0,-17502000.0,-18545000.0,-7325000.0,41584000.0,75570000.0,0.0,102325000.0,102325000.0,102325000.0,0.0,0.0,0.26,94986000.0,100177000.0,,0.178,,,23.56,,0.0,9.0,,6.161,,,392860000.0,392860000.0,38913000.0,,,,0.361,0.0,56073000.0,1.0,,268942500,271588500.0,1.461,,,39432000.0,,,
