None,ticker,dimension,calendardate,datekey,reportperiod,lastupdated,accoci,assets,assetsavg,assetsc,assetsnc,assetturnover,bvps,capex,cashneq,cashnequsd,cor,consolinc,currentratio,de,debt,debtc,debtnc,debtusd,deferredrev,depamor,deposits,divyield,dps,ebit,ebitda,ebitdamargin,ebitdausd,ebitusd,ebt,eps,epsdil,epsusd,equity,equityavg,equityusd,ev,evebit,evebitda,fcf,fcfps,fxusd,gp,grossmargin,intangibles,intexp,invcap,invcapavg,inventory,investments,investmentsc,investmentsnc,liabilities,liabilitiesc,liabilitiesnc,marketcap,ncf,ncfbus,ncfcommon,ncfdebt,ncfdiv,ncff,ncfi,ncfinv,ncfo,ncfx,netinc,netinccmn,netinccmnusd,netincdis,netincnci,netmargin,opex,opinc,payables,payoutratio,pb,pe,pe1,ppnenet,prefdivis,price,ps,ps1,receivables,retearn,revenue,revenueusd,rnd,roa,roe,roic,ros,sbcomp,sgna,sharefactor,sharesbas,shareswa,shareswadil,sps,tangibles,taxassets,taxexp,taxliabilities,tbvps,workingcapital
0,LM,ARY,2020-12-31,2020-05-29,2020-03-31,2020-07-31,-195306000,8006120000.0,7923495250.0,2039624000.0,5966496000.0,0.369,42.639,-29606000.0,1047613000,1047613000,0.0,304486000.0,2.202,0.915,2329284000,77814000.0,2251470000.0,2329284000,0.0,67378000.0,0.0,0.032,1.6,467285000.0,534663000.0,0.183,534663000.0,467285000.0,357415000.0,2.8,2.79,2.8,3792639000,3754364000.0,3792639000,5713980834,12.0,10.687,530950000.0,5.969,1.0,2922125000.0,1.0,5203456000,109870000.0,3158278000.0,3408214500.0,0.0,455978000,455978000.0,0.0,3470025000.0,926057000.0,2543968000.0,4432309834,98882000.0,-10247000.0,0.0,-250000000.0,-137950000.0,-409011000.0,-45372000.0,-5519000.0,560556000.0,-7291000.0,251367000.0,251367000.0,251367000.0,0.0,53119000.0,0.086,2417880000.0,504245000.0,156981000,0.571,1.169,17.633,17.796,425765000,0.0,49.83,1.517,1.517,407893000,1820412000,2922125000.0,2922125000.0,0.0,0.032,0.067,0.137,0.16,67301000.0,2185930000.0,1.0,88948622,88948622,,32.852,2802664000.0,161977000.0,106048000.0,165038000.0,31.509,1113567000.0
1,LM,ARY,2019-12-31,2019-05-24,2019-03-31,2020-07-31,-131236000,7794122000.0,7819826500.0,2019856000.0,5774266000.0,0.371,42.261,-51335000.0,946503000,946503000,0.0,7934000.0,1.82,0.932,2221752000,250301000.0,1971451000.0,2221752000,0.0,72795000.0,0.0,0.037,1.36,109394000.0,182189000.0,0.063,182189000.0,109394000.0,-7947000.0,-0.38,-0.38,-0.38,3659755000,3748592250.0,3659755000,4497619632,41.0,24.687,509531000.0,5.884,1.0,2903259000.0,1.0,5270313000,117341000.0,2689314000.0,2868922250.0,0.0,506756000,506756000.0,0.0,3412207000.0,1109744000.0,2302463000.0,3222370632,177030000.0,923000.0,0.0,-125500000.0,-114761000.0,-331529000.0,-36501000.0,13911000.0,560866000.0,-15806000.0,-28508000.0,-28508000.0,-28508000.0,0.0,36442000.0,-0.01,2799586000.0,103673000.0,182921000,-3.579,0.88,-113.034,-97.921,149989000,0.0,37.21,1.11,1.11,425470000,1742764000,2903259000.0,2903259000.0,0.0,-0.004,-0.008,0.038,0.038,65884000.0,2170757000.0,1.0,86599587,86599587,,33.525,2523809000.0,199717000.0,20561000.0,123420000.0,29.143,910112000.0
2,LM,ARY,2018-12-31,2018-05-30,2018-03-31,2020-07-31,-55182000,8152534000.0,8119448500.0,1928382000.0,6224152000.0,0.387,44.751,-37346000.0,769358000,769358000,0.0,336350000.0,1.964,0.933,2347310000,125500000.0,2221810000.0,2347310000,0.0,72986000.0,0.0,0.029,1.12,300437000.0,373423000.0,0.119,373423000.0,300437000.0,182565000.0,3.03,3.01,3.03,3824405000,3890734750.0,3824405000,4850209388,16.0,12.989,455590000.0,5.331,1.0,3140322000.0,1.0,5730014000,117872000.0,3018430000.0,3136735500.0,0.0,539503000,539503000.0,0.0,3568103000.0,982042000.0,2586061000.0,3272257388,2421000.0,3078000.0,-479139000.0,125500000.0,-102178000.0,-462296000.0,-38972000.0,9068000.0,492936000.0,10753000.0,285075000.0,285075000.0,285075000.0,0.0,51275000.0,0.091,2847650000.0,292672000.0,175583000,0.37,0.856,11.479,12.637,148406000,0.0,38.29,1.042,1.042,475594000,1894762000,3140322000.0,3140322000.0,0.0,0.035,0.073,0.096,0.096,70875000.0,2305889000.0,1.0,85459843,85459843,,36.746,2422520000.0,202068000.0,-102510000.0,139787000.0,28.347,946340000.0
3,LM,ARY,2017-12-31,2017-05-24,2017-03-31,2020-07-31,-106784000,8290415000.0,8275357500.0,1801747000.0,6488668000.0,0.349,41.554,-39977000.0,750406000,750406000,0.0,286703000.0,2.226,0.904,2221867000,0.0,2221867000.0,2221867000,0.0,80213000.0,0.0,0.023,0.88,424604000.0,504817000.0,0.175,504817000.0,424604000.0,311431000.0,2.19,2.18,2.19,3983374000,4028681500.0,3983374000,5108415313,12.0,10.119,499795000.0,5.214,1.0,2886902000.0,1.0,5959269000,113173000.0,2993220000.0,3020790500.0,0.0,473520000,473520000.0,0.0,3601471000.0,809387000.0,2792084000.0,3636954313,-595417000.0,-990959000.0,-381672000.0,442361000.0,-87897000.0,-116877000.0,-1019665000.0,8289000.0,539772000.0,1353000.0,227256000.0,227256000.0,227256000.0,0.0,59447000.0,0.079,2464659000.0,422243000.0,181793000,0.402,0.913,16.004,17.324,159662000,0.0,37.94,1.26,1.26,433192000,1694859000,2886902000.0,2886902000.0,0.0,0.027,0.056,0.141,0.147,93008000.0,2196058000.0,1.0,95860683,95860683,,30.116,2331146000.0,202843000.0,84175000.0,329229000.0,24.318,992360000.0
4,LM,ARY,2016-12-31,2016-05-23,2016-03-31,2020-07-31,-66493000,7520446000.0,7016565250.0,2385128000.0,5135318000.0,0.379,39.976,-40330000.0,1349003000,1349003000,0.0,-32910000.0,2.834,0.738,1780985000,40000000.0,1740985000.0,1780985000,0.0,60297000.0,0.0,0.031,1.0,31123000.0,91420000.0,0.034,91420000.0,31123000.0,-17340000.0,-0.25,-0.25,-0.25,4213563000,4369634750.0,4213563000,3823825118,123.0,41.827,414121000.0,3.929,1.0,2660844000.0,1.0,4626001000,48463000.0,2484874000.0,2191315500.0,0.0,564050000,564050000.0,0.0,3108896000.0,841553000.0,2267343000.0,3391843118,659574000.0,-234053000.0,-209632000.0,726254000.0,-84093000.0,465772000.0,-244569000.0,8749000.0,454451000.0,-16080000.0,-25032000.0,-25032000.0,-25032000.0,0.0,-7878000.0,-0.009,2446973000.0,213871000.0,201572000,-4.0,0.805,-135.5,-128.72,163305000,0.0,32.18,1.275,1.275,334922000,1576242000,2660844000.0,2660844000.0,0.0,-0.004,-0.006,0.014,0.012,92927000.0,2038822000.0,1.0,105402210,105402210,,25.245,2894445000.0,206797000.0,7692000.0,260386000.0,27.461,1543575000.0
5,LM,ARY,2015-12-31,2015-05-22,2015-03-31,2020-07-31,-60742000,7073977000.0,7080043250.0,1922035000.0,5151942000.0,0.398,40.458,-45773000.0,704474000,704474000,0.0,242709000.0,2.358,0.567,1064525000,6436000.0,1058089000.0,1064525000,0.0,55086000.0,0.0,0.012,0.64,420638000.0,475724000.0,0.169,475724000.0,420638000.0,362364000.0,2.06,2.04,2.06,4484901000,4577123500.0,4484901000,6320599389,15.0,13.286,522345000.0,4.712,1.0,2819106000.0,1.0,4652844000,58274000.0,1966138000.0,2107656500.0,0.0,502735000,502735000.0,0.0,2543556000.0,815046000.0,1728510000.0,5960548389,-188470000.0,-136746000.0,-356522000.0,-71440000.0,-70815000.0,-507062000.0,-208043000.0,47000.0,568118000.0,-41483000.0,237080000.0,237080000.0,237080000.0,0.0,5629000.0,0.084,2320887000.0,498219000.0,208210000,0.311,1.329,25.142,26.102,179606000,0.0,53.77,2.114,2.114,368399000,1690055000,2819106000.0,2819106000.0,0.0,0.033,0.052,0.2,0.149,66245000.0,2119704000.0,1.0,110852676,110852676,,25.431,2421133000.0,331684000.0,125284000.0,362209000.0,21.841,1106989000.0
6,LM,ARY,2014-12-31,2014-05-23,2014-03-31,2020-07-31,37949000,7111349000.0,6986172250.0,2128383000.0,4982966000.0,0.392,40.45,-40452000.0,927849000,927849000,0.0,281836000.0,2.592,0.496,1128200000,89374000.0,1038826000.0,1128200000,0.0,62845000.0,0.0,0.011,0.52,475500000.0,538345000.0,0.196,538345000.0,475500000.0,422589000.0,2.34,2.33,2.34,4724724000,4744621250.0,4724724000,5917863675,12.0,10.993,396872000.0,3.398,1.0,2741757000.0,1.0,4412296000,52911000.0,2078159000.0,2273959250.0,0.0,549999000,518189000.0,31810000.0,2341481000.0,821245000.0,1520236000.0,5717512675,-75014000.0,1351000.0,-359996000.0,-243686000.0,-61966000.0,-639071000.0,137627000.0,182529000.0,437324000.0,-10894000.0,284784000.0,284784000.0,284784000.0,0.0,-2948000.0,0.104,2310864000.0,430893000.0,214819000,0.222,1.21,20.077,20.919,189241000,0.0,48.95,2.085,2.085,348633000,1526662000,2741757000.0,2741757000.0,0.0,0.041,0.06,0.209,0.173,66488000.0,2102563000.0,1.0,116803119,116803119,,23.473,2699053000.0,351852000.0,137805000.0,265583000.0,23.108,1307138000.0
7,LM,ARY,2013-12-31,2013-05-24,2013-03-31,2020-07-31,47539000,7269660000.0,7514656500.0,1942862000.0,5326798000.0,0.348,38.464,-38351000.0,988389000,988389000,0.0,-359748000.0,2.766,0.504,1352789000,50438000.0,1302351000.0,1352789000,0.0,87848000.0,0.0,0.013,0.44,-441267000.0,-353419000.0,-0.135,-353419000.0,-441267000.0,-504186000.0,-2.65,-2.65,-2.65,4818351000,5162387500.0,4818351000,4750089781,-11.0,-13.44,264981000.0,2.115,1.0,2612650000.0,1.0,4446727000,62919000.0,2484867000.0,2664594250.0,0.0,606425000,395872000.0,210553000.0,2430300000.0,702466000.0,1727834000.0,4385689781,-449227000.0,-55277000.0,-434832000.0,-241822000.0,-55250000.0,-735897000.0,-11023000.0,89850000.0,303332000.0,-5639000.0,-353327000.0,-353327000.0,-353327000.0,0.0,-6421000.0,-0.135,3047149000.0,-434499000.0,214803000,-0.166,0.91,-12.413,-13.211,201819000,0.0,35.01,1.679,1.679,350726000,1309088000,2612650000.0,2612650000.0,0.0,-0.047,-0.068,-0.166,-0.169,58983000.0,2110700000.0,1.0,125269631,125269631,,20.856,2822933000.0,364618000.0,-150859000.0,161298000.0,22.535,1240396000.0
8,LM,ARY,2012-12-31,2012-05-25,2012-03-31,2020-07-31,71472000,8555747000.0,8444724500.0,2457794000.0,6097953000.0,0.315,40.211,-28762000.0,1410569000,1410569000,0.0,231031000.0,2.519,0.503,1658599000,251278000.0,1407321000.0,1658599000,0.0,93795000.0,0.0,0.013,0.32,380453000.0,474248000.0,0.178,474248000.0,380453000.0,292869000.0,1.54,1.54,1.54,5677291000,5644099500.0,5677291000,3851153400,10.0,8.121,468007000.0,3.315,1.0,2662574000.0,1.0,5131911000,87584000.0,2696084000.0,2774018250.0,0.0,738547000,443694000.0,294853000.0,2854425000.0,975782000.0,1878643000.0,3603123400,6345000.0,0.0,-397259000.0,-19323000.0,-43602000.0,-481780000.0,2330000.0,19871000.0,496769000.0,-10974000.0,220817000.0,220817000.0,220817000.0,0.0,10214000.0,0.083,2323821000.0,338753000.0,195808000,0.208,0.635,16.317,16.571,239411000,0.0,25.52,1.353,1.353,333777000,1727616000,2662574000.0,2662574000.0,0.0,0.026,0.039,0.137,0.143,48735000.0,2078938000.0,1.0,141188221,141188221,,18.858,3423836000.0,260097000.0,72052000.0,242567000.0,24.25,1482012000.0
9,LM,ARY,2011-12-31,2011-05-27,2011-03-31,2020-07-31,93361000,8707756000.0,8532902250.0,2446556000.0,6261200000.0,0.326,38.786,-32904000.0,1422324000,1422324000,0.0,245763000.0,2.525,0.503,1730188000,250792000.0,1479396000.0,1730188000,0.0,102748000.0,0.0,0.006,0.2,465514000.0,568262000.0,0.204,568262000.0,465514000.0,373357000.0,1.63,1.63,1.63,5770384000,5705567000.0,5770384000,5271045638,11.0,9.276,379236000.0,2.549,1.0,2784317000.0,1.0,5188427000,92157000.0,2858221000.0,2846197250.0,0.0,796104000,483339000.0,312765000.0,2900660000.0,968972000.0,1931688000.0,4963181638,-89970000.0,0.0,-431025000.0,-3515000.0,-26813000.0,-468466000.0,-44471000.0,-11567000.0,412140000.0,10827000.0,253923000.0,253923000.0,253923000.0,0.0,-8160000.0,0.091,2397509000.0,386808000.0,207870000,0.123,0.86,19.546,20.466,286705000,0.0,33.36,1.783,1.783,366571000,1550906000,2784317000.0,2784317000.0,0.0,0.03,0.045,0.164,0.167,56245000.0,2152974000.0,1.0,148776428,148776428,,18.715,3519329000.0,314568000.0,119434000.0,266193000.0,23.655,1477584000.0
10,LM,ARY,2010-12-31,2010-05-28,2010-03-31,2020-07-31,58227000,8613711000.0,8988954000.0,2559146000.0,6054565000.0,0.293,35.721,-83967000.0,1510460000,1510460000,0.0,210980000.0,2.448,0.469,1420334000,255154000.0,1165180000.0,1420334000,0.0,139944000.0,0.0,0.004,0.12,449350000.0,589294000.0,0.224,589294000.0,449350000.0,323033000.0,1.33,1.32,1.33,5841724000,5514429500.0,5841724000,4770200060,11.0,8.095,1343761000.0,8.217,1.0,2634879000.0,1.0,5217518000,126317000.0,2260712000.0,3177149250.0,0.0,372060000,372060000.0,0.0,2742410000.0,1045355000.0,1697055000.0,4860326060,423801000.0,-190896000.0,4999000.0,-557969000.0,-48241000.0,-746720000.0,-276688000.0,-1825000.0,1427728000.0,19481000.0,204357000.0,204357000.0,204357000.0,0.0,6623000.0,0.078,2313696000.0,321183000.0,400574000,0.09,0.832,23.784,22.346,361819000,0.0,29.72,1.845,1.845,349245000,1316981000,2634879000.0,2634879000.0,0.0,0.023,0.037,0.141,0.171,46578000.0,2123294000.0,1.0,163537216,163537216,,16.112,3396193000.0,329590000.0,118676000.0,270578000.0,20.767,1513791000.0
11,LM,ARY,2009-12-31,2009-05-29,2009-03-31,2020-07-31,-2784000,9321354000.0,11213996250.0,2859387000.0,6461967000.0,0.299,31.397,50197000.0,1126162000,1126162000,0.0,-1947928000.0,2.232,1.093,3223392000,258188000.0,2965204000.0,3223392000,0.0,174064000.0,0.0,0.05,0.96,-3008316000.0,-2834252000.0,-0.844,-2834252000.0,-3008316000.0,-3158781000.0,-13.85,-13.85,-13.85,4454477000,5538038500.0,4454477000,4832618714,-2.0,-1.705,488083000.0,3.44,1.0,3357367000.0,1.0,5109548000,150465000.0,5027843000.0,4217762000.0,0.0,336092000,336092000.0,0.0,4866877000.0,1281193000.0,3585684000.0,2735388714,-379080000.0,112476000.0,31983000.0,409855000.0,-135878000.0,301146000.0,-1090906000.0,-1253579000.0,437886000.0,-27206000.0,-1947928000.0,-1947928000.0,-1947928000.0,0.0,0.0,-0.58,4026547000.0,-669180000.0,400761000,-0.069,0.614,-1.404,-1.392,367043000,0.0,19.28,0.815,0.815,293084000,1155660000,3357367000.0,3357367000.0,0.0,-0.174,-0.352,-0.713,-0.896,56993000.0,2500029000.0,1.0,141877008,141877008,,23.664,4211806000.0,1546268000.0,-1210853000.0,258944000.0,29.686,1578194000.0
12,LM,ARY,2008-12-31,2008-05-29,2008-03-31,2020-07-31,82930000,11830352000.0,10539710750.0,4685752000.0,7144600000.0,0.44,47.575,-184275000.0,2315242000,2315242000,0.0,267610000.0,1.71,0.787,2757773000,932119000.0,1825654000.0,2757773000,0.0,180222000.0,0.0,0.018,0.96,526286000.0,706508000.0,0.152,706508000.0,526286000.0,443605000.0,1.88,1.86,1.88,6620503000,6815503750.0,6620503000,7975171132,15.0,11.288,780094000.0,5.606,1.0,4634086000.0,1.0,6646551000,82681000.0,2886885000.0,1674810750.0,0.0,1102746000,1093723000.0,9023000.0,5209849000.0,2739447000.0,2470402000.0,7532640132,279937000.0,-222358000.0,-242025000.0,1637733000.0,-132821000.0,1220613000.0,-1923415000.0,-665094000.0,964369000.0,18370000.0,267610000.0,267610000.0,267610000.0,0.0,0.0,0.058,3583910000.0,1050176000.0,185971000,0.511,1.138,28.148,28.793,346802000,0.0,54.13,1.625,1.625,524488000,3240359000,4634086000.0,4634086000.0,0.0,0.025,0.039,0.314,0.114,49345000.0,3165749000.0,1.0,139158325,139158325,,33.301,5183801000.0,235300000.0,175995000.0,355239000.0,37.251,1946305000.0
13,LM,ARY,2007-12-31,2007-05-30,2007-03-31,2020-07-31,37895000,9604488000.0,9422532000.0,2391507000.0,7212981000.0,0.461,49.636,-112026000.0,1183617000,1183617000,0.0,646818000.0,1.823,0.468,1112624000,5117000.0,1107507000.0,1112624000,0.0,202117000.0,0.0,0.008,0.63,1115904000.0,1318021000.0,0.303,1318021000.0,1115904000.0,1044430000.0,4.58,4.48,4.58,6541490000,6297354500.0,6541490000,13241121466,12.0,10.046,793445000.0,6.021,1.0,4343675000.0,1.0,6858249000,71474000.0,1363185000.0,1390063500.0,0.0,282761000,273166000.0,9595000.0,3062998000.0,1312061000.0,1750937000.0,13312114466,160147000.0,-445078000.0,26728000.0,-144323000.0,-109919000.0,-209431000.0,-542103000.0,15001000.0,905471000.0,6210000.0,646818000.0,646818000.0,646818000.0,-572000.0,0.0,0.149,3315377000.0,1028298000.0,160656000,0.177,2.035,20.581,22.055,219437000,0.0,101.01,3.065,3.065,585857000,3112844000,4343675000.0,4343675000.0,0.0,0.069,0.103,0.803,0.257,40654000.0,3026756000.0,1.0,131790065,131790065,,32.959,2746239000.0,33873000.0,397612000.0,444218000.0,20.838,1079446000.0
14,LM,ARY,2006-12-31,2006-06-09,2006-03-31,2020-07-31,14944000,9302490000.0,8669376000.0,2126731000.0,7175759000.0,0.305,45.075,-85204000.0,1023470000,1023470000,0.0,1144168000.0,1.331,0.59,1286187000,120110000.0,1166077000.0,1286187000,0.0,103641000.0,0.0,0.007,0.72,1472411000.0,1576052000.0,0.596,1576052000.0,1472411000.0,1419763000.0,9.5,8.8,9.5,5850116000,4172870000.0,5850116000,12862399546,9.0,8.161,459557000.0,3.541,1.0,2645212000.0,1.0,6797115000,52648000.0,1170386000.0,1684901500.0,0.0,168478000,142206000.0,26272000.0,3452374000.0,1597706000.0,1854668000.0,12599682546,228349000.0,-896308000.0,140454000.0,625467000.0,-78626000.0,687295000.0,-1003581000.0,-17477000.0,544761000.0,-126000.0,1144168000.0,1144168000.0,1144168000.0,-710461000.0,0.0,0.433,1965482000.0,679730000.0,135607000,0.076,2.154,11.012,10.219,182609000,0.0,97.08,4.763,4.763,560407000,2580898000,2645212000.0,2645212000.0,0.0,0.132,0.274,0.874,0.557,0.0,1776061000.0,1.0,129786594,129786594,,20.381,2505375000.0,0.0,275595000.0,0.0,19.304,529025000.0
15,LM,ARY,2005-12-31,2005-06-03,2005-03-31,2020-07-31,15710000,8219472000.0,7619273250.0,,,0.316,21.338,-52644000.0,3575090000,3575090000,0.0,408431000.0,,2.584,1399076000,,,1399076000,0.0,55277000.0,0.0,0.008,0.6,658707000.0,713984000.0,0.296,713984000.0,658707000.0,658707000.0,3.95,3.53,3.95,2293146000,1958435000.0,2293146000,7047019005,11.0,9.87,358889000.0,3.339,1.0,2408708000.0,1.0,1449469000,0.0,4593989000.0,4179978750.0,0.0,1297576000,,,5926326000.0,,,9223033005,109077000.0,-559904000.0,329607000.0,20000000.0,-51728000.0,297879000.0,-602013000.0,173000.0,411533000.0,1678000.0,408431000.0,408431000.0,408431000.0,0.0,0.0,0.17,1674774000.0,733934000.0,3419257000,0.177,4.022,22.582,21.727,119536000,0.0,85.82,3.829,3.829,1471595000,1523875000,2408708000.0,2408708000.0,0.0,0.054,0.209,0.158,0.273,0.0,1498519000.0,1.0,107469506,107469506,,22.413,6770003000.0,0.0,250276000.0,0.0,62.995,
16,LM,ARY,2004-12-31,2004-06-04,2004-03-31,2020-07-31,10949000,7262981000.0,6699410750.0,,,0.29,15.564,-51031000.0,3744473000,3744473000,0.0,297764000.0,,3.657,1281955000,,,1281955000,0.0,49958000.0,0.0,0.008,0.4,479465000.0,529423000.0,0.273,529423000.0,479465000.0,479465000.0,2.967,2.707,2.967,1559610000,1441382500.0,1559610000,3499133785,7.0,6.609,138377000.0,1.381,1.0,1941112000.0,1.0,910641000,0.0,3889822000.0,3486307500.0,0.0,870769000,,,5703371000.0,,,5961651785,177308000.0,-4510000.0,4995000.0,-29478000.0,-35238000.0,-59721000.0,44737000.0,35501000.0,189408000.0,2884000.0,297764000.0,297764000.0,297764000.0,-7156000.0,0.0,0.153,1421030000.0,520082000.0,3657103000,0.159,3.823,20.021,20.052,91753000,0.0,59.493,3.071,3.071,1377742000,1173282000,1941112000.0,1941112000.0,0.0,0.044,0.207,0.138,0.247,0.0,1246391000.0,1.0,100207056,100207056,,19.371,6352340000.0,0.0,181701000.0,0.0,63.392,
17,LM,ARY,2003-12-31,2003-06-18,2003-03-31,2020-07-31,-3976000,6067450000.0,6065583250.0,,,0.252,12.786,-28828000.0,3274189000,3274189000,0.0,190909000.0,,3.862,1036185000,,,1036185000,0.0,55888000.0,0.0,0.007,0.293,308321000.0,364209000.0,0.238,364209000.0,308321000.0,308321000.0,1.927,1.853,1.927,1247957000,1190008750.0,1247957000,2023393757,7.0,5.556,276907000.0,2.837,1.0,1528246000.0,1.0,924920000,0.0,2904526000.0,3140313500.0,0.0,496211000,,,4819493000.0,,,4261397757,222375000.0,-3243000.0,-19285000.0,-85713000.0,-28195000.0,-133193000.0,47435000.0,78055000.0,305735000.0,2398000.0,190909000.0,190909000.0,190909000.0,0.0,0.0,0.125,1219925000.0,308321000.0,3321302000,0.152,3.415,22.322,22.657,69814000,0.0,43.66,2.788,2.788,1117667000,913670000,1528246000.0,1528246000.0,0.0,0.031,0.16,0.098,0.202,0.0,1054740000.0,1.0,97604163,97604163,,15.658,5142530000.0,0.0,117412000.0,0.0,52.688,
18,LM,ARY,2002-12-31,2002-06-28,2002-03-31,2020-07-31,-9896000,5939614000.0,5313620000.0,,,0.273,11.147,-20785000.0,2969990000,2969990000,0.0,152936000.0,,4.477,1198206000,,,1198206000,0.0,48202000.0,0.0,0.008,0.267,253249000.0,301451000.0,0.208,301451000.0,253249000.0,253249000.0,1.567,1.493,1.567,1084548000,1025142500.0,1084548000,1428466868,6.0,4.739,65513000.0,0.673,1.0,1451341000.0,1.0,937423000,0.0,3230407000.0,2892967500.0,0.0,583126000,,,4855066000.0,,,3200250868,-87771000.0,-792856000.0,19577000.0,636698000.0,-25149000.0,631126000.0,-804895000.0,11403000.0,86298000.0,-300000.0,152936000.0,152936000.0,152936000.0,0.0,0.0,0.105,1198092000.0,253249000.0,3284531000,0.17,2.951,20.925,20.991,69146000,0.0,32.893,2.205,2.205,1065589000,751635000,1451341000.0,1451341000.0,0.0,0.029,0.149,0.088,0.174,0.0,1044568000.0,1.0,97291778,97291778,,14.917,5002191000.0,0.0,100313000.0,0.0,51.414,
19,LM,ARY,2001-12-31,2001-06-20,2001-03-31,2020-07-31,-7657000,4687626000.0,4604082500.0,,,0.296,9.787,-31894000.0,2498258000,2498258000,0.0,156230000.0,,4.053,515609000,,,515609000,0.0,36495000.0,0.0,0.007,0.24,265820000.0,302315000.0,0.222,302315000.0,265820000.0,265820000.0,1.633,1.533,1.633,927720000,841465500.0,927720000,1056929538,4.0,3.496,191755000.0,2.023,1.0,1360864000.0,1.0,149449000,0.0,2555528000.0,3388802500.0,0.0,503693000,,,3759906000.0,,,3039578538,342945000.0,-16601000.0,21037000.0,-124299000.0,-23615000.0,-126877000.0,233876000.0,286189000.0,223649000.0,12297000.0,156230000.0,156230000.0,156230000.0,0.0,0.0,0.115,1095044000.0,265820000.0,2954934000,0.147,3.276,19.456,19.637,71645000,0.0,32.067,2.234,2.234,1211480000,624665000,1360864000.0,1360864000.0,0.0,0.034,0.186,0.078,0.195,0.0,959210000.0,1.0,94789352,94789352,,14.357,4538177000.0,0.0,109590000.0,0.0,47.876,
20,LM,ARY,2000-12-31,2000-06-28,2000-03-31,2020-07-31,-267000,4785053000.0,4233450000.0,,,0.292,8.518,-23103000.0,1628059000,1628059000,0.0,142525000.0,,5.364,1078325000,,,1078325000,0.0,29320000.0,0.0,0.006,0.213,239141000.0,268461000.0,0.217,268461000.0,239141000.0,239141000.0,1.673,1.553,1.673,751929000,678651000.0,751929000,2381461469,10.0,8.871,141583000.0,1.604,1.0,1236482000.0,1.0,130573000,0.0,4104746000.0,3304250750.0,0.0,1204206000,,,4033124000.0,,,2931195469,896000.0,-87637000.0,20780000.0,-26650000.0,-16493000.0,-22363000.0,-141427000.0,-27907000.0,164686000.0,0.0,142525000.0,142525000.0,142525000.0,0.0,0.0,0.115,997341000.0,239141000.0,2648787000,0.127,3.898,20.566,19.849,60548000,0.0,33.207,2.371,2.371,1580859000,493652000,1236482000.0,1236482000.0,0.0,0.034,0.21,0.072,0.193,0.0,824469000.0,1.0,88271295,88271295,,14.008,4654480000.0,0.0,96616000.0,0.0,52.729,
21,LM,ARY,1999-12-31,1999-06-28,1999-03-31,2020-07-31,-173000,3473687000.0,3159233000.0,,,0.331,6.538,-19138000.0,1582397000,1582397000,0.0,89334000.0,,5.268,472578000,,,472578000,0.0,21566000.0,0.0,0.007,0.173,243685000.0,265251000.0,0.254,265251000.0,243685000.0,148775000.0,1.093,1.033,1.093,554177000,546727500.0,554177000,861148857,4.0,3.247,-78343000.0,-0.924,1.0,1046006000.0,1.0,56127000,94910000.0,2307741000.0,2225271750.0,0.0,466965000,,,2919510000.0,,,1970967857,1897000.0,0.0,9508000.0,35382000.0,-13320000.0,31570000.0,29532000.0,49325000.0,-59205000.0,0.0,89334000.0,89334000.0,89334000.0,0.0,0.0,0.085,802321000.0,243685000.0,2181018000,0.158,3.557,22.063,21.275,55807000,0.0,23.253,1.884,1.884,921267000,368632000,1046006000.0,1046006000.0,0.0,0.028,0.163,0.11,0.233,0.0,649119000.0,1.0,84760659,84760659,,12.341,3417560000.0,0.0,59441000.0,0.0,40.32,
22,LM,ARY,1998-12-31,1998-06-29,1998-03-31,2020-07-31,946000,2832329000.0,,,,,6.046,-31687000.0,1127851000,1127851000,0.0,76121000.0,,4.664,580670000,,,580670000,0.0,21986000.0,0.0,0.008,0.147,202085000.0,224071000.0,0.252,224071000.0,202085000.0,128379000.0,0.933,0.877,0.933,500095000,,500095000,1026114980,5.0,4.579,66396000.0,0.803,1.0,889060000.0,1.0,61304000,73706000.0,2223844000.0,,0.0,736386000,,,2332234000.0,,,1573295980,55057000.0,0.0,9777000.0,-20000.0,-10197000.0,-440000.0,-42586000.0,-5312000.0,98083000.0,0.0,76121000.0,76121000.0,76121000.0,0.0,0.0,0.086,686975000.0,202085000.0,1568281000,0.158,3.146,20.668,20.386,51991000,0.0,19.02,1.77,1.77,713391000,293263000,889060000.0,889060000.0,0.0,,,,0.227,0.0,568153000.0,1.0,82717980,82717980,,10.748,2771025000.0,0.0,52258000.0,0.0,33.5,
0,LM,ARQ,2020-06-30,2020-07-31,2020-06-30,2020-07-31,-161246000,7917437000.0,,1962192000.0,5955245000.0,,42.695,-5762000.0,952336000,952336000,0.0,55074000.0,2.267,0.882,2569286000,327191000.0,2242095000.0,2569286000,0.0,19448000.0,0.0,0.032,0.4,91933000.0,111381000.0,0.167,111381000.0,91933000.0,63352000.0,0.54,0.54,0.54,3866348000,,3866348000,6143939321,13.0,11.427,-217254000.0,-2.399,1.0,666186000.0,1.0,5219143000,28581000.0,3449734000.0,,0.0,447121000,447121000.0,0.0,3408779000.0,865510000.0,2543269000.0,4526989321,-97269000.0,-250000.0,0.0,250000000.0,-36266000.0,121115000.0,-5947000.0,65000.0,-211492000.0,-945000.0,49422000.0,49422000.0,49422000.0,0.0,5652000.0,0.074,598478000.0,67708000.0,165863000,0.741,1.171,17.722,17.664,406641000,0.0,49.99,1.57,1.57,406411000,1831364000,666186000.0,666186000.0,0.0,,,,,7421000.0,538922000.0,1.0,90557898,90557898,,7.356,2698294000.0,165948000.0,13930000.0,167828000.0,29.796,1096682000.0
1,LM,ARQ,2020-03-31,2020-05-29,2020-03-31,2020-07-31,-195306000,8006120000.0,,2039624000.0,5966496000.0,,42.639,-6397000.0,1047613000,1047613000,0.0,75383000.0,2.202,0.915,2329284000,77814000.0,2251470000.0,2329284000,0.0,16378000.0,0.0,0.032,0.4,116765000.0,133143000.0,0.185,133143000.0,116765000.0,89741000.0,0.71,0.71,0.71,3792639000,,3792639000,5713980834,12.0,10.687,177075000.0,1.991,1.0,719587000.0,1.0,5203456000,27024000.0,3158278000.0,,0.0,455978000,455978000.0,0.0,3470025000.0,926057000.0,2543968000.0,4432309834,198857000.0,12793000.0,0.0,0.0,-35906000.0,16099000.0,-6293000.0,-12689000.0,183472000.0,5580000.0,64159000.0,64159000.0,64159000.0,0.0,11224000.0,0.089,553083000.0,166504000.0,156981000,0.563,1.169,17.633,17.796,425765000,0.0,49.83,1.517,1.517,407893000,1820412000,719587000.0,719587000.0,0.0,,,,,9352000.0,488723000.0,1.0,88948622,88948622,,8.09,2802664000.0,161977000.0,25582000.0,165038000.0,31.509,1113567000.0
2,LM,ARQ,2019-12-31,2020-02-05,2019-12-31,2020-07-31,-127402000,8039718000.0,,1975932000.0,6063786000.0,,43.787,-6089000.0,848651000,848651000,0.0,91003000.0,2.123,0.929,2335701000,77377000.0,2258324000.0,2335701000,0.0,18255000.0,0.0,0.038,0.4,135471000.0,153726000.0,0.204,153726000.0,135471000.0,108439000.0,0.83,0.83,0.83,3804712000,,3804712000,5001832533,11.0,9.638,329269000.0,3.789,1.0,753914000.0,1.0,5273614000,27032000.0,3322295000.0,,0.0,514755000,514755000.0,0.0,3536088000.0,930859000.0,2605229000.0,3514782533,243635000.0,-3548000.0,0.0,0.0,-35978000.0,-77693000.0,-5384000.0,4253000.0,335358000.0,-8647000.0,74775000.0,74775000.0,74775000.0,0.0,16228000.0,0.099,623920000.0,129994000.0,159415000,0.482,0.924,14.849,15.207,434500000,0.0,40.45,1.214,1.214,461790000,1804251000,753914000.0,753914000.0,0.0,,,,,15426000.0,568987000.0,1.0,86892028,86892028,,8.676,2766104000.0,193792000.0,33664000.0,181115000.0,31.834,1045073000.0
3,LM,ARQ,2019-09-30,2019-11-08,2019-09-30,2020-07-31,-170161000,7802302000.0,,1743679000.0,6058623000.0,,42.848,-7930000.0,605256000,605256000,0.0,76531000.0,2.219,0.906,2346433000,76510000.0,2269923000.0,2346433000,0.0,16249000.0,0.0,0.039,0.4,123168000.0,139417000.0,0.188,139417000.0,123168000.0,95837000.0,0.75,0.74,0.75,3719322000,,3719322000,5052714311,77.0,37.525,221373000.0,2.55,1.0,743264000.0,1.0,5249049000,27331000.0,3508697000.0,,0.0,542522000,542522000.0,0.0,3370156000.0,785733000.0,2584423000.0,3311537311,-66264000.0,-9245000.0,0.0,-250000000.0,-35935000.0,-279294000.0,-14746000.0,2429000.0,229303000.0,-1527000.0,67083000.0,67083000.0,67083000.0,0.0,9448000.0,0.09,618287000.0,124977000.0,145861000,0.533,0.89,-60.245,-52.986,453438000,0.0,38.15,1.164,1.164,455237000,1777014000,743264000.0,743264000.0,0.0,,,,,18689000.0,563588000.0,1.0,86803075,86803075,,8.563,2553253000.0,193311000.0,28754000.0,152385000.0,29.414,957946000.0
4,LM,ARQ,2019-06-30,2019-08-06,2019-06-30,2020-07-31,-140655000,7845841000.0,,1745864000.0,6099977000.0,,42.662,-9190000.0,670561000,670561000,0.0,61569000.0,2.014,0.932,2614846000,327626000.0,2287220000.0,2614846000,0.0,16496000.0,0.0,0.037,0.4,91881000.0,108377000.0,0.154,108377000.0,91881000.0,63398000.0,0.51,0.51,0.51,3700783000,,3700783000,5264980716,71.0,35.978,-196767000.0,-2.268,1.0,705360000.0,1.0,5279657000,28483000.0,3643588000.0,,0.0,521741000,521741000.0,0.0,3449821000.0,866881000.0,2582940000.0,3320695716,-277346000.0,-10247000.0,0.0,0.0,-30131000.0,-68123000.0,-18949000.0,488000.0,-187577000.0,-2697000.0,45350000.0,45350000.0,45350000.0,0.0,16219000.0,0.064,622590000.0,82770000.0,174025000,0.784,0.897,-67.428,-58.892,472644000,0.0,38.28,1.161,1.161,425321000,1748106000,705360000.0,705360000.0,0.0,,,,,23834000.0,564632000.0,1.0,86747537,86747537,,8.131,2566184000.0,194814000.0,18048000.0,136767000.0,29.582,878983000.0
5,LM,ARQ,2019-03-31,2019-05-24,2019-03-31,2020-07-31,-131236000,7794122000.0,,2019856000.0,5774266000.0,,42.261,-13273000.0,946503000,946503000,0.0,54886000.0,1.82,0.932,2221752000,250301000.0,1971451000.0,2221752000,0.0,18764000.0,0.0,0.037,0.34,98677000.0,117441000.0,0.17,117441000.0,98677000.0,69883000.0,0.57,0.57,0.57,3659755000,,3659755000,4497619632,41.0,24.687,103604000.0,1.196,1.0,692605000.0,1.0,5270313000,28794000.0,2689314000.0,,0.0,506756000,506756000.0,0.0,3412207000.0,1109744000.0,2302463000.0,3222370632,85620000.0,0.0,0.0,0.0,-30131000.0,-22348000.0,-9573000.0,3700000.0,116877000.0,664000.0,49487000.0,49487000.0,49487000.0,0.0,5399000.0,0.071,614480000.0,78125000.0,182921000,0.596,0.88,-113.034,-97.921,149989000,0.0,37.21,1.11,1.11,425470000,1742764000,692605000.0,692605000.0,0.0,,,,,15909000.0,540243000.0,1.0,86599587,86599587,,7.998,2523809000.0,199717000.0,20396000.0,123420000.0,29.143,910112000.0
6,LM,ARQ,2018-12-31,2019-02-05,2018-12-31,2020-07-31,-135767000,7682615000.0,,1911018000.0,5771597000.0,,42.38,-8231000.0,861032000,861032000,0.0,-206390000.0,1.767,0.925,2221767000,250636000.0,1971131000.0,2221767000,0.0,17888000.0,0.0,0.043,0.34,-248472000.0,-230584000.0,-0.327,-230584000.0,-248472000.0,-277242000.0,-2.55,-2.55,-2.55,3625189000,,3625189000,3931214043,43.0,24.14,248360000.0,2.903,1.0,704322000.0,1.0,5271269000,28770000.0,2690800000.0,,0.0,473925000,473925000.0,0.0,3352982000.0,1081281000.0,2271701000.0,2570479043,225119000.0,0.0,0.0,0.0,-29911000.0,-23870000.0,-5691000.0,2540000.0,256591000.0,-1911000.0,-216888000.0,-216888000.0,-216888000.0,0.0,10498000.0,-0.308,940749000.0,-236427000.0,203881000,-0.133,0.709,-37.402,-36.646,150230000,0.0,30.05,0.858,0.858,432607000,1723817000,704322000.0,704322000.0,0.0,,,,,14750000.0,506459000.0,1.0,85540068,85540068,,8.234,2411346000.0,189867000.0,-60354000.0,99544000.0,28.19,829737000.0
7,LM,ARQ,2018-09-30,2018-11-06,2018-09-30,2020-07-31,-122109000,7876328000.0,,1713068000.0,6163260000.0,,45.388,-11841000.0,635798000,635798000,0.0,81073000.0,1.766,0.859,2221781000,250971000.0,1970810000.0,2221781000,0.0,18596000.0,0.0,0.043,0.34,132507000.0,151103000.0,0.199,151103000.0,132507000.0,102647000.0,0.82,0.82,0.82,3881921000,,3881921000,4025253054,13.0,10.585,277727000.0,3.247,1.0,758427000.0,1.0,5657813000,29860000.0,2834591000.0,,0.0,480499000,480499000.0,0.0,3334038000.0,969907000.0,2364131000.0,2439270054,22912000.0,923000.0,0.0,-125500000.0,-30147000.0,-255233000.0,-6926000.0,3992000.0,289568000.0,-4497000.0,72803000.0,72803000.0,72803000.0,0.0,8270000.0,0.096,622554000.0,135873000.0,175861000,0.415,0.628,8.202,8.59,153906000,0.0,28.52,0.791,0.791,446398000,1981939000,758427000.0,758427000.0,0.0,,,,,16140000.0,564251000.0,1.0,85528403,85528403,,8.868,2218515000.0,194352000.0,29844000.0,166543000.0,25.939,743161000.0
8,LM,ARQ,2018-06-30,2018-08-06,2018-06-30,2020-07-31,-107662000,7926241000.0,,1738778000.0,6187463000.0,,44.792,-17990000.0,613000000,613000000,0.0,78365000.0,2.414,0.868,2347296000,125500000.0,2221796000.0,2347296000,0.0,17547000.0,0.0,0.036,0.34,126682000.0,144229000.0,0.193,144229000.0,126682000.0,96765000.0,0.75,0.75,0.75,3827504000,,3827504000,4531109521,14.0,11.596,-120160000.0,-1.406,1.0,747905000.0,1.0,5679241000,29917000.0,3260984000.0,,0.0,556764000,556764000.0,0.0,3322828000.0,720312000.0,2602516000.0,2796813521,-156621000.0,0.0,0.0,0.0,-24572000.0,-30078000.0,-14311000.0,3679000.0,-102170000.0,-10062000.0,66090000.0,66090000.0,66090000.0,0.0,12275000.0,0.088,621803000.0,126102000.0,191901000,0.453,0.731,9.315,9.979,154315000,0.0,32.73,0.904,0.904,435620000,1941988000,747905000.0,747905000.0,0.0,,,,,19085000.0,559804000.0,1.0,85451070,85451070,,8.752,2247000000.0,199431000.0,30675000.0,155990000.0,26.296,1018466000.0
9,LM,ARQ,2018-03-31,2018-05-30,2018-03-31,2020-07-31,-55182000,8152534000.0,,1928382000.0,6224152000.0,,44.751,-12806000.0,769358000,769358000,0.0,16643000.0,1.964,0.933,2347310000,125500000.0,2221810000.0,2347310000,0.0,18435000.0,0.0,0.029,0.28,79668000.0,98103000.0,0.125,98103000.0,79668000.0,49227000.0,0.16,0.15,0.16,3824405000,,3824405000,4850209388,16.0,12.989,187058000.0,2.189,1.0,785052000.0,1.0,5730014000,30441000.0,3018430000.0,,0.0,539503000,539503000.0,0.0,3568103000.0,982042000.0,2586061000.0,3272257388,55808000.0,3467000.0,0.0,-100000000.0,-26178000.0,-129361000.0,-20418000.0,1431000.0,199864000.0,5723000.0,9269000.0,9269000.0,9269000.0,0.0,7374000.0,0.012,700860000.0,84192000.0,175583000,1.75,0.856,11.479,12.637,148406000,0.0,38.29,1.042,1.042,475594000,1894762000,785052000.0,785052000.0,0.0,,,,,15873000.0,561921000.0,1.0,85459843,85459843,,9.186,2422520000.0,202068000.0,39958000.0,139787000.0,28.347,946340000.0
10,LM,ARQ,2017-12-31,2018-02-05,2017-12-31,2020-07-31,-74118000,8075166000.0,,1848758000.0,6226408000.0,,45.018,-8694000.0,702252000,702252000,0.0,168546000.0,1.982,0.923,2447324000,225500000.0,2221824000.0,2447324000,0.0,17917000.0,0.0,0.027,0.28,-31086000.0,-13169000.0,-0.017,-13169000.0,-31086000.0,-60174000.0,1.59,1.58,1.59,3805831000,,3805831000,5084413376,15.0,12.266,108629000.0,1.285,1.0,793090000.0,1.0,5726535000,29088000.0,3161115000.0,,0.0,536311000,536311000.0,0.0,3513968000.0,932588000.0,2581380000.0,3339341376,26088000.0,-700000.0,-299490000.0,225500000.0,-28361000.0,-94766000.0,-3422000.0,2131000.0,117323000.0,6953000.0,149222000.0,149222000.0,149222000.0,0.0,19324000.0,0.188,819684000.0,-26594000.0,198481000,0.176,0.877,9.494,10.852,148859000,0.0,39.5,1.085,1.085,482652000,1911479000,793090000.0,793090000.0,0.0,,,,,15471000.0,565546000.0,1.0,84540288,84540288,,9.381,2348631000.0,204787000.0,-209396000.0,123788000.0,27.781,916170000.0
11,LM,ARQ,2017-09-30,2017-11-09,2017-09-30,2020-07-31,-74431000,8195665000.0,,1751556000.0,6444109000.0,,43.14,-7475000.0,678256000,678256000,0.0,87624000.0,2.506,0.883,2221839000,0.0,2221839000.0,2221839000,0.0,18161000.0,0.0,0.027,0.28,143414000.0,161575000.0,0.21,161575000.0,143414000.0,114337000.0,0.78,0.78,0.78,3966171000,,3966171000,4994916825,10.0,8.994,281854000.0,3.066,1.0,768338000.0,1.0,5931862000,29077000.0,3108368000.0,,0.0,499088000,499088000.0,0.0,3502694000.0,699018000.0,2803676000.0,3451333825,162933000.0,-2250000.0,-90000000.0,0.0,-26486000.0,-114623000.0,-10639000.0,5306000.0,289329000.0,-1134000.0,75664000.0,75664000.0,75664000.0,0.0,11960000.0,0.098,623919000.0,144419000.0,173739000,0.359,0.87,13.591,14.722,151995000,0.0,37.54,1.15,1.15,439859000,1789298000,768338000.0,768338000.0,0.0,,,,,18463000.0,568055000.0,1.0,91937502,91937502,,8.357,2263803000.0,204787000.0,38673000.0,347079000.0,24.623,1052538000.0
12,LM,ARQ,2017-06-30,2017-08-04,2017-06-30,2020-07-31,-95994000,8054429000.0,,1605601000.0,6448828000.0,,42.378,-8371000.0,507132000,507132000,0.0,63537000.0,2.738,0.851,2221853000,0.0,2221853000.0,2221853000,0.0,18473000.0,0.0,0.025,0.28,108441000.0,126914000.0,0.16,126914000.0,108441000.0,79175000.0,0.52,0.52,0.52,3966532000,,3966532000,5277114316,11.0,9.818,-121951000.0,-1.303,1.0,793842000.0,1.0,5923737000,29266000.0,3259029000.0,,0.0,476361000,476361000.0,0.0,3375453000.0,586384000.0,2789069000.0,3562393316,-242408000.0,2561000.0,-89649000.0,0.0,-21153000.0,-123546000.0,-4493000.0,200000.0,-113580000.0,-789000.0,50920000.0,50920000.0,50920000.0,0.0,12617000.0,0.064,703187000.0,90655000.0,194755000,0.538,0.898,14.557,15.858,156008000,0.0,38.06,1.195,1.195,480269000,1741362000,793842000.0,793842000.0,0.0,,,,,21068000.0,610367000.0,1.0,93599404,93599404,,8.481,2130692000.0,202823000.0,28255000.0,320113000.0,22.764,1019217000.0
13,LM,ARQ,2017-03-31,2017-05-24,2017-03-31,2020-07-31,-106784000,8290415000.0,,1801747000.0,6488668000.0,,41.554,-12488000.0,750406000,750406000,0.0,90304000.0,2.226,0.904,2221867000,0.0,2221867000.0,2221867000,0.0,19574000.0,0.0,0.023,0.22,119633000.0,139207000.0,0.193,139207000.0,119633000.0,88445000.0,0.75,0.75,0.75,3983374000,,3983374000,5108415313,12.0,10.119,180323000.0,1.881,1.0,723126000.0,1.0,5959269000,31188000.0,2993220000.0,,0.0,473520000,473520000.0,0.0,3601471000.0,809387000.0,2792084000.0,3636954313,44203000.0,6888000.0,-89998000.0,0.0,-21719000.0,-145599000.0,-4719000.0,2748000.0,192811000.0,1710000.0,75924000.0,75924000.0,75924000.0,0.0,14380000.0,0.105,613237000.0,109889000.0,181793000,0.293,0.913,16.004,17.324,159662000,0.0,37.94,1.26,1.26,433192000,1694859000,723126000.0,723126000.0,0.0,,,,,21086000.0,520639000.0,1.0,95860683,95860683,,7.544,2331146000.0,202843000.0,12521000.0,329229000.0,24.318,992360000.0
14,LM,ARQ,2016-12-31,2017-02-07,2016-12-31,2020-07-31,-136280000,8259872000.0,,1768026000.0,6491846000.0,,40.817,-8805000.0,705259000,705259000,0.0,64527000.0,2.366,0.896,2221882000,0.0,2221882000.0,2221882000,0.0,20297000.0,0.0,0.025,0.22,107375000.0,127672000.0,0.179,127672000.0,107375000.0,77880000.0,0.5,0.5,0.5,3977486000,,3977486000,4898031749,15.0,11.955,200297000.0,2.055,1.0,715241000.0,1.0,5956262000,29495000.0,3072864000.0,,0.0,516398000,516398000.0,0.0,3562207000.0,747369000.0,2814838000.0,3381408749,118638000.0,12081000.0,-90001000.0,0.0,-22075000.0,-100653000.0,10794000.0,3105000.0,209102000.0,-605000.0,51439000.0,51439000.0,51439000.0,0.0,13088000.0,0.072,604075000.0,111166000.0,194865000,0.44,0.85,31.882,34.02,160831000,0.0,34.7,1.215,1.215,421371000,1641068000,715241000.0,715241000.0,0.0,,,,,16941000.0,527220000.0,1.0,97446938,97446938,,7.34,2303610000.0,209293000.0,26441000.0,321815000.0,23.64,1020657000.0
15,LM,ARQ,2016-09-30,2016-11-01,2016-09-30,2020-07-31,-98675000,8254550000.0,,1661476000.0,6593074000.0,,40.191,-6713000.0,592391000,592391000,0.0,86532000.0,2.439,0.861,2221896000,0.0,2221896000.0,2221896000,0.0,19424000.0,0.0,0.036,0.22,124268000.0,143692000.0,0.192,143692000.0,124268000.0,96343000.0,0.63,0.63,0.63,4059547000,,4059547000,4551629959,-561.0,70.035,297116000.0,2.942,1.0,748370000.0,1.0,6048420000,27925000.0,3154290000.0,,0.0,513174000,513174000.0,0.0,3495653000.0,681345000.0,2814308000.0,2922124959,80180000.0,-11995000.0,-90000000.0,-16833000.0,-22225000.0,-205605000.0,-17924000.0,1436000.0,303829000.0,-120000.0,66441000.0,66441000.0,66441000.0,0.0,20091000.0,0.089,620737000.0,127633000.0,199331000,0.349,0.72,-34.785,-36.62,165765000,0.0,28.93,1.071,1.071,425948000,1612875000,748370000.0,748370000.0,0.0,,,,,17510000.0,579037000.0,1.0,101006739,101006739,,7.409,2206130000.0,209334000.0,29902000.0,301215000.0,21.841,980131000.0
16,LM,ARQ,2016-06-30,2016-08-02,2016-06-30,2020-07-31,-91471000,8296593000.0,,1702319000.0,6594274000.0,,39.51,-11971000.0,511150000,511150000,0.0,45340000.0,1.525,0.844,2238321000,500000000.0,1738321000.0,2238321000,0.0,20918000.0,0.0,0.031,0.22,73328000.0,94246000.0,0.135,94246000.0,73328000.0,48763000.0,0.31,0.31,0.31,4094319000,,4094319000,5167600713,-190.0,128.855,-177941000.0,-1.717,1.0,700165000.0,1.0,6044865000,24565000.0,2862788000.0,,0.0,594167000,594167000.0,0.0,3456461000.0,1116111000.0,2340350000.0,3440429713,-838438000.0,-997933000.0,-111673000.0,459194000.0,-21878000.0,334980000.0,-1007816000.0,1000000.0,-165970000.0,368000.0,33452000.0,33452000.0,33452000.0,0.0,11888000.0,0.048,626610000.0,73555000.0,220092000,0.71,0.84,-39.946,-39.524,170804000,0.0,33.2,1.297,1.297,403567000,1569994000,700165000.0,700165000.0,0.0,,,,,37471000.0,569162000.0,1.0,103627401,103627401,,6.757,2251728000.0,208034000.0,15311000.0,304779000.0,21.729,586208000.0
17,LM,ARQ,2016-03-31,2016-05-23,2016-03-31,2020-07-31,-66493000,7520446000.0,,2385128000.0,5135318000.0,,39.976,-10418000.0,1349003000,1349003000,0.0,-52158000.0,2.834,0.738,1780985000,40000000.0,1740985000.0,1780985000,0.0,15542000.0,0.0,0.031,0.4,28564000.0,44106000.0,0.071,44106000.0,28564000.0,13333000.0,-0.42,-0.42,-0.42,4213563000,,4213563000,3823825118,123.0,41.827,137641000.0,1.306,1.0,619551000.0,1.0,4626001000,15231000.0,2484874000.0,,0.0,564050000,564050000.0,0.0,3108896000.0,841553000.0,2267343000.0,3391843118,765654000.0,-25000000.0,-26654000.0,688918000.0,-21811000.0,659621000.0,-37850000.0,237000.0,148059000.0,-4176000.0,-45273000.0,-45273000.0,-45273000.0,0.0,-6885000.0,-0.073,537249000.0,82302000.0,201572000,-0.952,0.805,-135.5,-128.72,163305000,0.0,32.18,1.275,1.275,334922000,1576242000,619551000.0,619551000.0,0.0,,,,,38351000.0,503005000.0,1.0,105402210,105402210,,5.878,2894445000.0,206797000.0,58606000.0,260386000.0,27.461,1543575000.0
18,LM,ARQ,2015-12-31,2016-02-02,2015-12-31,2020-07-31,-78109000,6838473000.0,,1760821000.0,5077652000.0,,39.786,-10054000.0,581386000,581386000,0.0,-138610000.0,2.557,0.559,1096759000,40000000.0,1056759000.0,1096759000,0.0,17221000.0,0.0,0.027,0.2,-234274000.0,-217053000.0,-0.329,-217053000.0,-234274000.0,-242277000.0,-1.31,-1.31,-1.31,4285257000,,4285257000,3553818445,25.0,17.67,144630000.0,1.343,1.0,659557000.0,1.0,4613205000,8003000.0,2052070000.0,,0.0,550691000,550691000.0,0.0,2394685000.0,688571000.0,1706114000.0,3038445445,-55463000.0,-209053000.0,-25000000.0,37336000.0,-21899000.0,8968000.0,-214764000.0,-953000.0,154684000.0,-4351000.0,-138626000.0,-138626000.0,-138626000.0,0.0,16000.0,-0.21,872469000.0,-212912000.0,189144000,-0.153,0.709,29.442,33.188,167741000,0.0,28.21,1.107,1.107,332769000,1643842000,659557000.0,659557000.0,0.0,,,,,17535000.0,499889000.0,1.0,107708098,107708098,,6.124,2225268000.0,342834000.0,-103651000.0,343416000.0,20.66,1072250000.0
19,LM,ARQ,2015-09-30,2015-11-05,2015-09-30,2020-07-31,-74264000,6877954000.0,,1765540000.0,5112414000.0,,41.377,-10330000.0,630899000,630899000,0.0,62919000.0,2.96,0.525,1059902000,0.0,1059902000.0,1059902000,0.0,13559000.0,0.0,0.016,0.2,105246000.0,118805000.0,0.177,118805000.0,105246000.0,91966000.0,0.58,0.58,0.58,4457513000,,4457513000,5364053373,11.0,9.604,138708000.0,1.288,1.0,673086000.0,1.0,4634263000,13280000.0,2076235000.0,,0.0,494347000,494347000.0,0.0,2341963000.0,596459000.0,1745504000.0,4935050373,88692000.0,0.0,-89978000.0,0.0,-22346000.0,-87276000.0,1232000.0,5472000.0,149038000.0,25698000.0,64319000.0,64319000.0,64319000.0,0.0,-1400000.0,0.096,540056000.0,133030000.0,189833000,0.345,1.107,15.477,16.187,172822000,0.0,45.81,1.761,1.761,331602000,1803934000,673086000.0,673086000.0,0.0,,,,,18170000.0,496924000.0,1.0,107728670,107728670,,6.248,2243691000.0,329432000.0,27647000.0,387136000.0,20.827,1169081000.0
20,LM,ARQ,2015-06-30,2015-08-05,2015-06-30,2020-07-31,-39010000,6829388000.0,,1675480000.0,5153908000.0,,41.22,-9528000.0,550114000,550114000,0.0,94939000.0,3.256,0.498,1057122000,0.0,1057122000.0,1057122000,0.0,13975000.0,0.0,0.014,0.2,131587000.0,145562000.0,0.205,145562000.0,131587000.0,119638000.0,0.85,0.84,0.85,4522206000,,4522206000,5880494183,14.0,12.317,-6858000.0,-0.063,1.0,708650000.0,1.0,4669765000,11949000.0,2152083000.0,,0.0,473038000,473038000.0,0.0,2251669000.0,514548000.0,1737121000.0,5373486183,-139309000.0,0.0,-68000000.0,0.0,-18037000.0,-115541000.0,6813000.0,3993000.0,2670000.0,-33251000.0,94548000.0,94548000.0,94548000.0,0.0,391000.0,0.133,584107000.0,124543000.0,210614000,0.235,1.188,20.712,21.389,175897000,0.0,48.98,1.896,1.896,349024000,1761785000,708650000.0,708650000.0,0.0,,,,,18871000.0,539004000.0,1.0,109707762,109707762,,6.459,2159623000.0,331817000.0,25090000.0,369105000.0,19.685,1160932000.0
21,LM,ARQ,2015-03-31,2015-05-22,2015-03-31,2020-07-31,-60742000,7073977000.0,,1922035000.0,5151942000.0,,40.458,-10879000.0,704474000,704474000,0.0,84028000.0,2.358,0.567,1064525000,6436000.0,1058089000.0,1064525000,0.0,13979000.0,0.0,0.012,0.16,139824000.0,153803000.0,0.219,153803000.0,139824000.0,125766000.0,0.73,0.72,0.73,4484901000,,4484901000,6320599389,15.0,13.286,176192000.0,1.589,1.0,702346000.0,1.0,4652844000,14058000.0,1966138000.0,,0.0,502735000,502735000.0,0.0,2543556000.0,815046000.0,1728510000.0,5960548389,4432000.0,0.0,-90000000.0,16000.0,-18052000.0,-137717000.0,-27464000.0,0.0,187071000.0,-17458000.0,82959000.0,82959000.0,82959000.0,0.0,1069000.0,0.118,573396000.0,128950000.0,208210000,0.219,1.329,25.142,26.102,179606000,0.0,53.77,2.114,2.114,368399000,1690055000,702346000.0,702346000.0,0.0,,,,,16861000.0,522712000.0,1.0,110852676,110852676,,6.336,2421133000.0,331684000.0,42807000.0,362209000.0,21.841,1106989000.0
22,LM,ARQ,2014-12-31,2015-02-04,2014-12-31,2020-07-31,-18983000,7043230000.0,,1813374000.0,5229856000.0,,39.677,-14290000.0,684522000,684522000,0.0,80048000.0,2.55,0.535,1061427000,5212000.0,1056215000.0,1061427000,0.0,13122000.0,0.0,0.011,0.16,127236000.0,140358000.0,0.195,140358000.0,127236000.0,115053000.0,0.67,0.67,0.67,4540646000,,4540646000,6774664739,16.0,14.519,235136000.0,2.055,1.0,718984000.0,1.0,4690323000,12183000.0,2018691000.0,,0.0,515980000,482452000.0,33528000.0,2429494000.0,711121000.0,1718373000.0,6397759739,6146000.0,-126188000.0,-86501000.0,-956000.0,-18004000.0,-79273000.0,-152452000.0,0.0,249426000.0,-11555000.0,77036000.0,77036000.0,77036000.0,0.0,3012000.0,0.107,599616000.0,119368000.0,223035000,0.239,1.409,28.681,29.733,183655000,0.0,56.79,2.286,2.323,360690000,1624328000,718984000.0,718984000.0,0.0,,,,,14684000.0,547559000.0,1.0,112656449,114439000,115692000.0,6.283,2352907000.0,347351000.0,38017000.0,344191000.0,20.56,1102253000.0
23,LM,ARQ,2014-09-30,2014-11-06,2014-09-30,2020-07-31,16311000,6755032000.0,,1813922000.0,4941110000.0,,39.584,-8829000.0,669662000,669662000,0.0,5021000.0,3.117,0.463,1054706000,2644000.0,1052062000.0,1054706000,0.0,14016000.0,0.0,0.011,0.16,23676000.0,37692000.0,0.054,37692000.0,23676000.0,8701000.0,0.04,0.04,0.04,4583789000,,4583789000,6598312156,16.0,13.642,130616000.0,1.128,1.0,703895000.0,1.0,4401963000,14975000.0,2156132000.0,,0.0,497083000,464854000.0,32229000.0,2123794000.0,581981000.0,1541813000.0,6213268156,-624416000.0,0.0,-90022000.0,-645342000.0,-19252000.0,-747702000.0,23000.0,228000.0,139445000.0,-16182000.0,4897000.0,4897000.0,4897000.0,0.0,124000.0,0.007,573540000.0,130355000.0,210495000,4.0,1.355,27.279,28.359,182091000,0.0,54.45,2.22,2.252,344394000,1565983000,703895000.0,703895000.0,0.0,,,,,18320000.0,526312000.0,1.0,114109608,115799000,116940000.0,6.079,2353069000.0,347082000.0,3804000.0,290461000.0,20.32,1231941000.0
24,LM,ARQ,2014-06-30,2014-08-06,2014-06-30,2020-07-31,49324000,7447934000.0,,2475895000.0,4972039000.0,,40.121,-11775000.0,1304340000,1304340000,0.0,73612000.0,2.182,0.575,1701810000,648461000.0,1053349000.0,1701810000,0.0,13969000.0,0.0,0.012,0.16,129902000.0,143871000.0,0.207,143871000.0,129902000.0,112844000.0,0.62,0.61,0.62,4699158000,,4699158000,5919537878,11.0,10.205,-19599000.0,-0.167,1.0,693881000.0,1.0,4421017000,17058000.0,2289665000.0,,0.0,547179000,512062000.0,35117000.0,2701806000.0,1134722000.0,1567084000.0,5522067878,425368000.0,-10558000.0,-89999000.0,574842000.0,-15507000.0,457630000.0,-28150000.0,-181000.0,-7824000.0,3712000.0,72188000.0,72188000.0,72188000.0,0.0,1424000.0,0.104,574335000.0,119546000.0,214302000,0.258,1.175,17.862,18.481,187388000,0.0,47.68,1.997,2.02,334747000,1579659000,693881000.0,693881000.0,0.0,,,,,16380000.0,523121000.0,1.0,115815182,117126000,118219000.0,5.924,3026917000.0,345064000.0,40656000.0,297154000.0,25.843,1341173000.0
25,LM,ARQ,2014-03-31,2014-05-23,2014-03-31,2020-07-31,37949000,7111349000.0,,2128383000.0,4982966000.0,,40.45,-11573000.0,927849000,927849000,0.0,65092000.0,2.592,0.496,1128200000,89374000.0,1038826000.0,1128200000,0.0,14602000.0,0.0,0.011,0.13,130097000.0,144699000.0,0.212,144699000.0,130097000.0,115803000.0,0.58,0.58,0.58,4724724000,,4724724000,5917863675,12.0,10.993,110397000.0,0.945,1.0,681396000.0,1.0,4412296000,14294000.0,2078159000.0,,0.0,549999000,518189000.0,31810000.0,2341481000.0,821245000.0,1520236000.0,5717512675,52684000.0,1351000.0,-110120000.0,-79396000.0,-15710000.0,-161251000.0,86373000.0,89200000.0,121970000.0,5592000.0,68947000.0,68947000.0,68947000.0,0.0,-3855000.0,0.101,562055000.0,119341000.0,214819000,0.224,1.21,20.077,20.919,189241000,0.0,48.95,2.085,2.085,348633000,1526662000,681396000.0,681396000.0,0.0,,,,,17345000.0,515792000.0,1.0,116803119,116803119,,5.834,2699053000.0,351852000.0,46856000.0,265583000.0,23.108,1307138000.0
26,LM,ARQ,2013-12-31,2014-02-07,2013-12-31,2020-07-31,22311000,7005627000.0,,1885263000.0,5120364000.0,,39.365,-9950000.0,842071000,842071000,0.0,79951000.0,2.584,0.471,1189609000,50438000.0,1139171000.0,1189609000,0.0,16972000.0,0.0,0.012,0.13,140428000.0,157400000.0,0.219,157400000.0,140428000.0,127738000.0,0.68,0.67,0.68,4746704000,,4746704000,5332054378,13.0,10.775,205187000.0,1.702,1.0,720092000.0,1.0,4407433000,12690000.0,2216254000.0,,0.0,582683000,462928000.0,119755000.0,2237865000.0,729478000.0,1508387000.0,4984516378,93482000.0,0.0,-69478000.0,-10741000.0,-15826000.0,-110279000.0,-5581000.0,12348000.0,215137000.0,-5795000.0,81734000.0,81734000.0,81734000.0,0.0,-1783000.0,0.114,598440000.0,121652000.0,193261000,0.191,1.05,20.342,21.462,192045000,0.0,41.85,1.827,1.85,377970000,1477192000,720092000.0,720092000.0,0.0,,,,,16185000.0,540960000.0,1.0,119104334,120583000,121126000.0,5.972,2598194000.0,293204000.0,46004000.0,147907000.0,21.547,1155785000.0
27,LM,ARQ,2013-09-30,2013-11-06,2013-09-30,2020-07-31,32310000,6910559000.0,,1731080000.0,5179479000.0,,38.718,-7066000.0,737747000,737747000,0.0,87698000.0,2.816,0.447,1196990000,50218000.0,1146772000.0,1196990000,0.0,15799000.0,0.0,0.012,0.13,118300000.0,134099000.0,0.2,134099000.0,118300000.0,105441000.0,0.7,0.7,0.7,4761270000,,4761270000,5202533504,-15.0,-19.504,170954000.0,1.39,1.0,669852000.0,1.0,4422205000,12859000.0,2332927000.0,,0.0,581842000,452373000.0,129469000.0,2130546000.0,614670000.0,1515876000.0,4743290504,44576000.0,0.0,-86137000.0,-49040000.0,-16316000.0,-153248000.0,17839000.0,25483000.0,178020000.0,1965000.0,86288000.0,86288000.0,86288000.0,0.0,1410000.0,0.129,563486000.0,106366000.0,203406000,0.186,0.996,-16.324,-18.037,195130000,0.0,39.32,1.769,1.803,343460000,1412704000,669852000.0,669852000.0,0.0,,,,,17624000.0,514304000.0,1.0,120633024,122974000,123207000.0,5.447,2488354000.0,324735000.0,19153000.0,146822000.0,20.235,1116410000.0
28,LM,ARQ,2013-06-30,2013-08-07,2013-06-30,2020-07-31,21963000,6917154000.0,,1670786000.0,5246368000.0,,37.897,-11863000.0,722126000,722126000,0.0,49095000.0,3.04,0.453,1248643000,50210000.0,1198433000.0,1248643000,0.0,15472000.0,0.0,0.014,0.13,86675000.0,102147000.0,0.152,102147000.0,86675000.0,73607000.0,0.38,0.38,0.38,4745787000,,4745787000,4664506886,-13.0,-17.078,-89666000.0,-0.716,1.0,670417000.0,1.0,4425577000,13068000.0,2468497000.0,,0.0,571493000,413390000.0,158103000.0,2150885000.0,549597000.0,1601288000.0,4137989886,-265756000.0,0.0,-94261000.0,-104509000.0,-14114000.0,-214293000.0,38996000.0,55498000.0,-77803000.0,-12656000.0,47815000.0,47815000.0,47815000.0,0.0,1280000.0,0.071,586883000.0,83534000.0,216011000,0.342,0.872,-13.977,-14.711,199923000,0.0,33.54,1.56,1.584,332937000,1341073000,670417000.0,670417000.0,0.0,,,,,15334000.0,531507000.0,1.0,123374773,125228000,125412000.0,5.354,2491577000.0,356713000.0,25792000.0,171054000.0,19.896,1121189000.0
29,LM,ARQ,2013-03-31,2013-05-24,2013-03-31,2020-07-31,47539000,7269660000.0,,1942862000.0,5326798000.0,,38.464,-10121000.0,988389000,988389000,0.0,30691000.0,2.766,0.504,1352789000,50438000.0,1302351000.0,1352789000,0.0,38041000.0,0.0,0.013,0.11,63169000.0,101210000.0,0.152,101210000.0,63169000.0,47159000.0,0.19,0.19,0.19,4818351000,,4818351000,4750089781,-11.0,-13.44,203535000.0,1.625,1.0,667763000.0,1.0,4446727000,16010000.0,2484867000.0,,0.0,606425000,395872000.0,210553000.0,2430300000.0,702466000.0,1727834000.0,4385689781,27310000.0,-55277000.0,-111797000.0,-42741000.0,0.0,-156008000.0,-25943000.0,44810000.0,213656000.0,-4395000.0,29204000.0,29204000.0,29204000.0,0.0,1487000.0,0.044,624750000.0,43013000.0,214803000,0.579,0.91,-12.413,-13.211,201819000,0.0,35.01,1.679,1.679,350726000,1309088000,667763000.0,667763000.0,0.0,,,,,18498000.0,570825000.0,1.0,125269631,125269631,,5.331,2822933000.0,364618000.0,17955000.0,161298000.0,22.535,1240396000.0
30,LM,ARQ,2012-12-31,2013-02-06,2012-12-31,2020-07-31,58923000,7115060000.0,,1829585000.0,5285475000.0,,37.392,-9914000.0,944418000,944418000,0.0,-458550000.0,3.53,0.442,1394873000,50438000.0,1344435000.0,1394873000,0.0,16327000.0,0.0,0.015,0.11,-620520000.0,-604193000.0,-0.897,-604193000.0,-620520000.0,-634084000.0,-3.45,-3.45,-3.45,4918309000,,4918309000,3974817233,-11.0,-13.033,116641000.0,0.887,1.0,673900000.0,1.0,4361099000,13564000.0,2686119000.0,,0.0,628947000,375433000.0,253514000.0,2175075000.0,518297000.0,1656778000.0,3524362233,7758000.0,0.0,-71317000.0,-42839000.0,-28999000.0,-143378000.0,27063000.0,38110000.0,126555000.0,-2482000.0,-453870000.0,-453870000.0,-453870000.0,0.0,-4680000.0,-0.673,1307223000.0,-633323000.0,183603000,-0.032,0.717,-11.5,-11.483,226741000,0.0,27.33,1.359,1.386,314235000,1293316000,673900000.0,673900000.0,0.0,,,,,13325000.0,521130000.0,1.0,128955808,131534000,131534000.0,5.123,2753961000.0,363366000.0,-180214000.0,126698000.0,20.937,1311288000.0
31,LM,ARQ,2012-09-30,2012-11-06,2012-09-30,2020-07-31,66066000,7874899000.0,,1831260000.0,6043639000.0,,40.69,-10855000.0,929236000,929236000,0.0,81095000.0,3.056,0.439,1430148000,58372000.0,1371776000.0,1430148000,0.0,16401000.0,0.0,0.015,0.11,111312000.0,127713000.0,0.199,127713000.0,111312000.0,97194000.0,0.6,0.6,0.6,5456500000,,5456500000,3897791121,13.0,9.946,231806000.0,1.729,1.0,640295000.0,1.0,5106062000,14118000.0,2670435000.0,,0.0,671999000,383867000.0,288132000.0,2396850000.0,599314000.0,1797536000.0,3396879121,140084000.0,0.0,-89805000.0,-353000.0,-15073000.0,-105663000.0,480000.0,11684000.0,242661000.0,2606000.0,80797000.0,80797000.0,80797000.0,0.0,298000.0,0.126,560561000.0,79734000.0,193416000,0.183,0.623,19.351,20.307,229982000,0.0,25.79,1.334,1.358,325228000,1766359000,640295000.0,640295000.0,0.0,,,,,14426000.0,510776000.0,1.0,131713033,134098000,134128000.0,4.775,2768837000.0,279482000.0,16397000.0,211395000.0,20.648,1231946000.0
32,LM,ARQ,2012-06-30,2012-08-07,2012-06-30,2020-07-31,58390000,7799007000.0,,1679006000.0,6120001000.0,,39.334,-7461000.0,788922000,788922000,0.0,-12984000.0,3.31,0.425,1426361000,51066000.0,1375295000.0,1426361000,0.0,17079000.0,0.0,0.013,0.11,4772000.0,21851000.0,0.035,21851000.0,4772000.0,-14455000.0,-0.07,-0.07,-0.07,5456390000,,5456390000,4150275107,15.0,11.432,-287001000.0,-2.069,1.0,630692000.0,1.0,5112276000,19227000.0,2816956000.0,,0.0,672073000,374944000.0,297129000.0,2321115000.0,507214000.0,1813901000.0,3512836107,-624379000.0,0.0,-161913000.0,-155889000.0,-11178000.0,-330848000.0,-12623000.0,-4754000.0,-279540000.0,-1368000.0,-9458000.0,-9458000.0,-9458000.0,0.0,-3526000.0,-0.015,554615000.0,76077000.0,195504000,-1.571,0.644,23.201,24.538,232401000,0.0,26.01,1.364,1.401,311471000,1699807000,630692000.0,630692000.0,0.0,,,,,12734000.0,507969000.0,1.0,135057136,138720000,138720000.0,4.547,2686731000.0,303319000.0,-4997000.0,225717000.0,19.368,1171792000.0
33,LM,ARQ,2012-03-31,2012-05-25,2012-03-31,2020-07-31,71472000,8555747000.0,,2457794000.0,6097953000.0,,40.211,-7244000.0,1410569000,1410569000,0.0,76809000.0,2.519,0.503,1658599000,251278000.0,1407321000.0,1658599000,0.0,18635000.0,0.0,0.013,0.08,131009000.0,149644000.0,0.231,149644000.0,131009000.0,109253000.0,0.54,0.54,0.54,5677291000,,5677291000,3851153400,10.0,8.121,155845000.0,1.104,1.0,648591000.0,1.0,5131911000,21756000.0,2696084000.0,,0.0,738547000,443694000.0,294853000.0,2854425000.0,975782000.0,1878643000.0,3603123400,149669000.0,0.0,1076000.0,-203000.0,-11218000.0,-15925000.0,-925000.0,2093000.0,163089000.0,3430000.0,76069000.0,76069000.0,76069000.0,0.0,740000.0,0.117,576379000.0,72212000.0,195808000,0.148,0.635,16.317,16.571,239411000,0.0,25.52,1.353,1.353,333777000,1727616000,648591000.0,648591000.0,0.0,,,,,10299000.0,526234000.0,1.0,141188221,141188221,,4.594,3423836000.0,260097000.0,33184000.0,242567000.0,24.25,1482012000.0
34,LM,ARQ,2011-12-31,2012-02-07,2011-12-31,2020-07-31,64262000,8371062000.0,,2231546000.0,6139516000.0,,39.963,-6941000.0,1266192000,1266192000,0.0,35141000.0,2.477,0.49,1642519000,251266000.0,1391253000.0,1642519000,0.0,30115000.0,0.0,0.011,0.08,62570000.0,92685000.0,0.148,92685000.0,62570000.0,40739000.0,0.2,0.2,0.2,5596972000,,5596972000,4161580002,11.0,8.802,158570000.0,1.132,1.0,626978000.0,1.0,5139906000,21831000.0,2706545000.0,,0.0,742810000,452157000.0,290653000.0,2745274000.0,900938000.0,1844336000.0,3785253002,138950000.0,0.0,478000.0,-420000.0,-11355000.0,-27962000.0,194000.0,7845000.0,165511000.0,1207000.0,28132000.0,28132000.0,28132000.0,0.0,7009000.0,0.045,567655000.0,59323000.0,210698000,0.4,0.676,17.706,19.077,246331000,0.0,27.09,1.388,1.391,310514000,1662990000,626978000.0,626978000.0,0.0,,,,,12488000.0,502544000.0,1.0,139728793,140053000,140082000.0,4.477,3231156000.0,287236000.0,12607000.0,247936000.0,23.071,1330608000.0
35,LM,ARQ,2011-09-30,2011-11-08,2011-09-30,2020-07-31,60952000,8259149000.0,,2104923000.0,6154226000.0,,38.614,-6444000.0,1117720000,1117720000,0.0,57383000.0,2.566,0.478,1635382000,251008000.0,1384374000.0,1635382000,0.0,22166000.0,0.0,0.01,0.08,76694000.0,98860000.0,0.148,98860000.0,76694000.0,55058000.0,0.39,0.39,0.39,5555737000,,5555737000,4403345145,10.0,8.644,237622000.0,1.652,1.0,669897000.0,1.0,5147525000,21636000.0,2808913000.0,,0.0,737335000,444540000.0,292795000.0,2657784000.0,820373000.0,1837411000.0,3885683145,-102375000.0,0.0,-199827000.0,-101232000.0,-11885000.0,-319683000.0,-5042000.0,-4686000.0,244066000.0,-21716000.0,56664000.0,56664000.0,56664000.0,0.0,719000.0,0.085,563045000.0,106852000.0,189440000,0.205,0.699,15.714,17.055,266302000,0.0,27.8,1.377,1.417,326173000,1638025000,669897000.0,669897000.0,0.0,,,,,13517000.0,495313000.0,1.0,139772775,143877000,143931000.0,4.656,3111624000.0,279953000.0,-1606000.0,247933000.0,21.627,1284550000.0
36,LM,ARQ,2011-06-30,2011-08-08,2011-06-30,2020-07-31,106792000,8592940000.0,,2380461000.0,6212479000.0,,38.512,-8133000.0,1244993000,1244993000,0.0,61698000.0,2.601,0.487,1636318000,250996000.0,1385322000.0,1636318000,0.0,22879000.0,0.0,0.01,0.08,110180000.0,133059000.0,0.186,133059000.0,110180000.0,87819000.0,0.4,0.4,0.4,5746398000,,5746398000,3981023514,8.0,6.984,-84030000.0,-0.563,1.0,717108000.0,1.0,5184377000,22361000.0,2884531000.0,,0.0,784897000,486615000.0,298282000.0,2798551000.0,915357000.0,1883194000.0,3589698514,-179899000.0,0.0,-198986000.0,82532000.0,-9144000.0,-118210000.0,8103000.0,14619000.0,-75897000.0,6105000.0,59952000.0,59952000.0,59952000.0,0.0,1746000.0,0.084,616742000.0,100366000.0,207976000,0.2,0.625,13.498,14.006,277857000,0.0,24.37,1.27,1.286,351565000,1596529000,717108000.0,717108000.0,0.0,,,,,12431000.0,554847000.0,1.0,147299898,149210000,149347000.0,4.806,3408563000.0,300006000.0,27867000.0,284983000.0,22.844,1465104000.0
37,LM,ARQ,2011-03-31,2011-05-27,2011-03-31,2020-07-31,93361000,8707756000.0,,2446556000.0,6261200000.0,,38.786,-12027000.0,1422324000,1422324000,0.0,70768000.0,2.525,0.503,1730188000,250792000.0,1479396000.0,1730188000,0.0,24773000.0,0.0,0.006,0.06,123413000.0,148186000.0,0.208,148186000.0,123413000.0,100895000.0,0.43,0.43,0.43,5770384000,,5770384000,5271045638,11.0,9.276,205316000.0,1.38,1.0,713430000.0,1.0,5188427000,22518000.0,2858221000.0,,0.0,796104000,483339000.0,312765000.0,2900660000.0,968972000.0,1931688000.0,4963181638,114386000.0,0.0,-68100000.0,7720000.0,-9180000.0,-75810000.0,-28705000.0,-16678000.0,217343000.0,1558000.0,69037000.0,69037000.0,69037000.0,0.0,1731000.0,0.097,614290000.0,99140000.0,207870000,0.14,0.86,19.546,20.466,286705000,0.0,33.36,1.783,1.783,366571000,1550906000,713430000.0,713430000.0,0.0,,,,,13920000.0,550507000.0,1.0,148776428,148776428,,4.795,3519329000.0,314568000.0,31858000.0,266193000.0,23.655,1477584000.0
38,LM,ARQ,2010-12-31,2011-02-08,2010-12-31,2020-07-31,85964000,8568693000.0,,2297516000.0,6271177000.0,,38.42,-9204000.0,1313321000,1313321000,0.0,53364000.0,2.629,0.481,1710501000,252314000.0,1458187000.0,1710501000,0.0,11523000.0,0.0,0.005,0.06,117801000.0,129324000.0,0.179,129324000.0,117801000.0,95412000.0,0.41,0.41,0.41,5762256000,,5762256000,5696556271,12.0,9.801,23962000.0,0.16,1.0,721928000.0,1.0,5196594000,22389000.0,2895264000.0,,0.0,713497000,426923000.0,286574000.0,2774143000.0,874015000.0,1900128000.0,5299376271,-22367000.0,0.0,-35880000.0,-13512000.0,-6166000.0,-55220000.0,-4842000.0,4362000.0,33166000.0,4529000.0,61620000.0,61620000.0,61620000.0,0.0,-8256000.0,0.085,624936000.0,96992000.0,207988000,0.146,0.92,21.326,21.621,294587000,0.0,34.81,1.932,1.904,374592000,1492771000,721928000.0,721928000.0,0.0,,,,,17095000.0,554493000.0,1.0,152237181,149980000,150972000.0,4.813,3372099000.0,311603000.0,33792000.0,260765000.0,22.484,1423501000.0
39,LM,ARQ,2010-09-30,2010-11-09,2010-09-30,2020-07-31,78281000,8523550000.0,,2235471000.0,6288079000.0,,37.606,-7556000.0,1320685000,1320685000,0.0,76588000.0,2.522,0.491,1686984000,252850000.0,1434134000.0,1686984000,0.0,32970000.0,0.0,0.004,0.04,126504000.0,159474000.0,0.236,159474000.0,126504000.0,102055000.0,0.5,0.5,0.5,5694127000,,5694127000,5545348594,12.0,9.431,128415000.0,0.848,1.0,674794000.0,1.0,5206399000,24449000.0,2797071000.0,,0.0,692585000,408239000.0,284346000.0,2798393000.0,886379000.0,1912014000.0,5179049594,144715000.0,0.0,-15364000.0,5505000.0,-4916000.0,-14539000.0,14790000.0,22346000.0,135971000.0,8493000.0,75335000.0,75335000.0,75335000.0,0.0,1253000.0,0.112,586895000.0,87899000.0,203196000,0.08,0.91,22.343,22.872,333677000,0.0,33.85,1.91,1.891,344697000,1449526000,674794000.0,674794000.0,0.0,,,,,13209000.0,523547000.0,1.0,152999988,151416000,151940000.0,4.457,3317151000.0,281809000.0,26720000.0,260892000.0,21.908,1349092000.0
40,LM,ARQ,2010-06-30,2010-08-09,2010-06-30,2020-07-31,48673000,8331610000.0,,2019840000.0,6311770000.0,,34.945,-4117000.0,1170852000,1170852000,0.0,45043000.0,2.515,0.484,1678656000,253852000.0,1424804000.0,1678656000,0.0,33482000.0,0.0,0.004,0.04,97796000.0,131278000.0,0.195,131278000.0,97796000.0,74995000.0,0.3,0.3,0.3,5595501000,,5595501000,5082173106,12.0,9.009,21543000.0,0.135,1.0,674165000.0,1.0,5202206000,22801000.0,2834233000.0,,0.0,657180000,368431000.0,288749000.0,2706146000.0,802975000.0,1903171000.0,4574369106,-326704000.0,0.0,-311681000.0,-3228000.0,-6551000.0,-322897000.0,-25714000.0,-21597000.0,25660000.0,-3753000.0,47931000.0,47931000.0,47931000.0,0.0,-2888000.0,0.071,571388000.0,102777000.0,219801000,0.133,0.818,22.619,23.109,344810000,0.0,29.58,1.697,1.757,315929000,1379955000,674165000.0,674165000.0,0.0,,,,,12021000.0,524427000.0,1.0,154643986,160123000,160762000.0,4.21,3129404000.0,315011000.0,27064000.0,269045000.0,19.544,1216865000.0
41,LM,ARQ,2010-03-31,2010-05-28,2010-03-31,2020-07-31,58227000,8613711000.0,,2559146000.0,6054565000.0,,35.721,-11357000.0,1510460000,1510460000,0.0,65101000.0,2.448,0.469,1420334000,255154000.0,1165180000.0,1420334000,0.0,35792000.0,0.0,0.004,0.03,125347000.0,161139000.0,0.24,161139000.0,125347000.0,100226000.0,0.4,0.4,0.4,5841724000,,5841724000,4770200060,11.0,8.095,684166000.0,4.184,1.0,671420000.0,1.0,5217518000,25121000.0,2260712000.0,,0.0,372060000,372060000.0,0.0,2742410000.0,1045355000.0,1697055000.0,4860326060,80746000.0,-3003000.0,5000.0,-555726000.0,-4822000.0,-563090000.0,-51538000.0,-1876000.0,695523000.0,-149000.0,63607000.0,63607000.0,63607000.0,0.0,1494000.0,0.095,565584000.0,105836000.0,400574000,0.075,0.832,23.784,22.346,361819000,0.0,29.72,1.845,1.845,349245000,1316981000,671420000.0,671420000.0,0.0,,,,,11730000.0,502383000.0,1.0,163537216,163537216,,4.106,3396193000.0,329590000.0,36619000.0,270578000.0,20.767,1513791000.0
42,LM,ARQ,2009-12-31,2010-02-05,2009-12-31,2020-07-31,63868000,9100760000.0,,3032495000.0,6068265000.0,,35.976,-14558000.0,1433302000,1433302000,0.0,46233000.0,1.886,0.568,1964633000,808087000.0,1156546000.0,1964633000,0.0,35922000.0,0.0,0.013,0.03,100169000.0,136091000.0,0.197,136091000.0,100169000.0,70928000.0,0.28,0.28,0.28,5785412000,,5785412000,4546732916,-14.0,-26.236,60181000.0,0.374,1.0,690479000.0,1.0,5226828000,29241000.0,2797217000.0,,0.0,410477000,410477000.0,0.0,3287914000.0,1608046000.0,1679868000.0,4015401916,-120578000.0,-180369000.0,539000.0,-1288000.0,-4823000.0,-17741000.0,-178602000.0,-188000.0,74739000.0,1026000.0,44922000.0,44922000.0,44922000.0,0.0,1311000.0,0.065,611331000.0,79148000.0,395873000,0.107,0.694,-21.784,-18.022,374698000,0.0,24.87,1.556,1.55,352232000,1258943000,690479000.0,690479000.0,0.0,,,,,11616000.0,568387000.0,1.0,161455646,160815000,162949000.0,4.294,3873932000.0,875808000.0,26006000.0,275819000.0,24.089,1424449000.0
43,LM,ARQ,2009-09-30,2009-11-06,2009-09-30,2020-07-31,61022000,9196652000.0,,2701329000.0,6495323000.0,,37.881,-24015000.0,1570763000,1570763000,0.0,47322000.0,2.537,0.598,1957811000,258990000.0,1698821000.0,1957811000,0.0,33575000.0,0.0,0.018,0.03,102010000.0,135585000.0,0.205,135585000.0,102010000.0,73445000.0,0.3,0.3,0.3,5730167000,,5730167000,5259450526,-2.0,-2.11,130432000.0,0.862,1.0,659896000.0,1.0,5214716000,28565000.0,3304354000.0,,0.0,386597000,386597000.0,0.0,3428575000.0,1064630000.0,2363945000.0,4872402526,8812000.0,-7524000.0,2497000.0,332000.0,-4259000.0,-134780000.0,-19804000.0,-88000.0,154447000.0,8949000.0,45774000.0,45774000.0,45774000.0,0.0,1548000.0,0.069,582012000.0,77884000.0,389758000,0.1,0.85,-2.838,-2.473,384111000,0.0,30.2,1.867,1.75,332826000,1218845000,659896000.0,659896000.0,0.0,,,,,10360000.0,538174000.0,1.0,161337832,151267000,153224000.0,4.362,3981936000.0,872957000.0,27671000.0,262756000.0,26.324,1636699000.0
44,LM,ARQ,2009-06-30,2009-08-05,2009-06-30,2020-07-31,38527000,9044693000.0,,2637562000.0,6407131000.0,,33.1,-34037000.0,1574015000,1574015000,0.0,52324000.0,2.653,0.916,2996488000,257964000.0,2738524000.0,2996488000,0.0,34655000.0,0.0,0.027,0.03,121824000.0,156479000.0,0.255,156479000.0,121824000.0,78434000.0,0.35,0.35,0.35,4700415000,,4700415000,5434214290,-2.0,-2.008,468982000.0,3.303,1.0,613084000.0,1.0,5126572000,43390000.0,4346314000.0,,0.0,356008000,356008000.0,0.0,4307652000.0,994280000.0,3313372000.0,4011741290,454821000.0,0.0,1958000.0,-1287000.0,-34337000.0,-31109000.0,-26744000.0,327000.0,503019000.0,9655000.0,50054000.0,50054000.0,50054000.0,0.0,2270000.0,0.082,554769000.0,58315000.0,396908000,0.086,0.853,-2.149,-2.122,380408000,0.0,28.12,1.376,1.369,297447000,1177376000,613084000.0,613084000.0,0.0,,,,,12872000.0,514350000.0,1.0,142665053,142006000,143126000.0,4.317,3918121000.0,868144000.0,28380000.0,256812000.0,27.591,1643282000.0
45,LM,ARQ,2009-03-31,2009-05-29,2009-03-31,2020-07-31,-2784000,9321354000.0,,2859387000.0,6461967000.0,,31.397,-41687000.0,1126162000,1126162000,0.0,-325081000.0,2.232,1.093,3223392000,258188000.0,2965204000.0,3223392000,0.0,46378000.0,0.0,0.05,0.24,-647834000.0,-601456000.0,-0.974,-601456000.0,-647834000.0,-686435000.0,-2.31,-2.31,-2.31,4454477000,,4454477000,4832618714,-2.0,-1.705,17009000.0,0.12,1.0,617211000.0,1.0,5109548000,38601000.0,5027843000.0,,0.0,336092000,336092000.0,0.0,4866877000.0,1281193000.0,3585684000.0,2735388714,-478346000.0,51600000.0,575000.0,-253313000.0,-34110000.0,-291058000.0,-221479000.0,-740976000.0,58696000.0,-24505000.0,-325081000.0,-325081000.0,-325081000.0,0.0,0.0,-0.527,662546000.0,-45335000.0,400761000,-0.104,0.614,-1.404,-1.392,367043000,0.0,19.28,0.815,0.815,293084000,1155660000,617211000.0,617211000.0,0.0,,,,,14866000.0,532530000.0,1.0,141877008,141877008,,4.35,4211806000.0,1546268000.0,-361354000.0,258944000.0,29.686,1578194000.0
46,LM,ARQ,2008-12-31,2009-02-09,2008-12-31,2020-07-31,7932000,10136410000.0,,4198767000.0,5937643000.0,,34.187,-31511000.0,2379796000,2379796000,0.0,-1487823000.0,2.068,1.103,3476318000,509138000.0,2967180000.0,3476318000,0.0,42423000.0,0.0,0.059,0.24,-2225289000.0,-2182866000.0,-3.032,-2182866000.0,-2225289000.0,-2262774000.0,-10.55,-10.55,-10.55,4820974000,,4820974000,3416832977,-1.0,-1.339,936599000.0,6.642,1.0,719988000.0,1.0,5259072000,37485000.0,3943766000.0,,0.0,509114000,509114000.0,0.0,5315436000.0,2030094000.0,3285342000.0,2320310977,-273702000.0,60876000.0,14477000.0,-5123000.0,-34067000.0,-25522000.0,-1218477000.0,-1118011000.0,968110000.0,2187000.0,-1487823000.0,-1487823000.0,-1487823000.0,0.0,0.0,-2.066,1792993000.0,-1073005000.0,425923000,-0.023,0.481,-1.235,-1.231,360533000,0.0,16.39,0.609,0.607,346067000,1515081000,719988000.0,719988000.0,0.0,,,,,15867000.0,513536000.0,1.0,141568699,141019000,141019000.0,5.106,4877338000.0,501233000.0,-774951000.0,0.0,34.586,2168673000.0
47,LM,ARQ,2008-09-30,2008-11-07,2008-09-30,2020-07-31,49969000,12477865000.0,,5355402000.0,7122463000.0,,45.095,-31725000.0,3060240000,3060240000,0.0,-103751000.0,2.215,0.959,3478814000,508358000.0,2970456000.0,3478814000,0.0,43305000.0,0.0,0.053,0.24,-121796000.0,-78491000.0,-0.081,-78491000.0,-121796000.0,-159564000.0,-0.74,-0.74,-0.74,6353830000,,6353830000,2974024222,-13.0,-52.192,-560846000.0,-3.98,1.0,966137000.0,1.0,6592830000,37768000.0,3885722000.0,,0.0,1067892000,1067892000.0,0.0,6094035000.0,2417887000.0,3676148000.0,2555450222,-479433000.0,0.0,3633000.0,-426885000.0,-33885000.0,-457570000.0,512842000.0,659333000.0,-529121000.0,-5584000.0,-103751000.0,-103751000.0,-103751000.0,0.0,0.0,-0.107,745924000.0,220213000.0,464301000,-0.324,0.402,-10.833,-10.88,353469000,0.0,18.17,0.598,0.599,457981000,3037210000,966137000.0,966137000.0,0.0,,,,,10737000.0,683992000.0,1.0,140641179,140900000,140900000.0,6.857,5885035000.0,385865000.0,-55813000.0,371666000.0,41.767,2937515000.0
48,LM,ARQ,2008-06-30,2008-08-07,2008-06-30,2020-07-31,95881000,12920356000.0,,5780713000.0,7139643000.0,,46.424,155120000.0,3425648000,3425648000,0.0,-31273000.0,2.107,0.981,3906030000,931679000.0,2974351000.0,3906030000,0.0,41958000.0,0.0,0.024,0.24,-13397000.0,28561000.0,0.027,28561000.0,-13397000.0,-50008000.0,-0.22,-0.22,-0.22,6522873000,,6522873000,5970314511,31.0,16.302,95321000.0,0.678,1.0,1054031000.0,1.0,6643995000,36611000.0,4013717000.0,,0.0,1163414000,1163414000.0,0.0,6397483000.0,2743026000.0,3654457000.0,5489932511,852401000.0,0.0,13298000.0,1095176000.0,-33816000.0,1075296000.0,-163792000.0,-53925000.0,-59799000.0,696000.0,-31273000.0,-31273000.0,-31273000.0,0.0,0.0,-0.03,825084000.0,228947000.0,521537000,-1.091,0.842,121.132,122.656,349838000,0.0,39.25,1.225,1.23,507837000,3174974000,1054031000.0,1054031000.0,0.0,,,,,15523000.0,769971000.0,1.0,139870892,140505000,140505000.0,7.502,6276361000.0,323129000.0,-18735000.0,348070000.0,44.67,3037687000.0
49,LM,ARQ,2008-03-31,2008-05-29,2008-03-31,2020-07-31,82930000,11830352000.0,,4685752000.0,7144600000.0,,47.575,-42584000.0,2315242000,2315242000,0.0,-255451000.0,1.71,0.787,2757773000,932119000.0,1825654000.0,2757773000,0.0,45010000.0,0.0,0.018,0.24,-364866000.0,-319856000.0,-0.299,-319856000.0,-364866000.0,-392939000.0,-1.8,-1.76,-1.8,6620503000,,6620503000,7975171132,15.0,11.288,379501000.0,2.727,1.0,1069123000.0,1.0,6646551000,28073000.0,2886885000.0,,0.0,1102746000,1093723000.0,9023000.0,5209849000.0,2739447000.0,2470402000.0,7532640132,273584000.0,-79000.0,-178212000.0,1238399000.0,0.0,972816000.0,-1130815000.0,-604654000.0,422085000.0,9498000.0,-255451000.0,-255451000.0,-255451000.0,0.0,0.0,-0.239,931519000.0,137604000.0,185971000,-0.133,1.138,28.148,28.793,346802000,0.0,54.13,1.625,1.625,524488000,3240359000,1069123000.0,1069123000.0,0.0,,,,,13746000.0,716795000.0,1.0,139158325,139158325,,7.683,5183801000.0,235300000.0,-137488000.0,355239000.0,37.251,1946305000.0
50,LM,ARQ,2007-12-31,2008-02-11,2007-12-31,2020-07-31,69030000,10561401000.0,,3093233000.0,7468168000.0,,49.43,-39356000.0,1558160000,1558160000,0.0,154582000.0,1.435,0.502,1518226000,941010000.0,577216000.0,1518226000,0.0,45066000.0,0.0,0.013,0.24,267738000.0,312804000.0,0.264,312804000.0,267738000.0,246901000.0,1.09,1.07,1.09,7033686000,,7033686000,9236452991,8.0,6.749,9242000.0,0.065,1.0,1186644000.0,1.0,6983647000,20837000.0,1382363000.0,,0.0,571853000,561283000.0,10570000.0,3527715000.0,2155457000.0,1372258000.0,9276386991,-189533000.0,-220568000.0,11136000.0,498813000.0,-68582000.0,447630000.0,-688463000.0,-60349000.0,48598000.0,2702000.0,154582000.0,154582000.0,154582000.0,0.0,0.0,0.13,844653000.0,341991000.0,184724000,0.22,1.319,13.337,14.255,328921000,0.0,69.85,1.971,2.112,612002000,3529399000,1186644000.0,1186644000.0,0.0,,,,,11514000.0,772778000.0,1.0,132804395,142297000,144018000.0,8.339,3577754000.0,17036000.0,92319000.0,496548000.0,25.143,937776000.0
51,LM,ARQ,2007-09-30,2007-11-09,2007-09-30,2020-07-31,63799000,10080904000.0,,2668266000.0,7412638000.0,,48.076,-59886000.0,1379503000,1379503000,0.0,177464000.0,1.442,0.472,1018588000,431459000.0,587129000.0,1018588000,0.0,44056000.0,0.0,0.012,0.24,300665000.0,344721000.0,0.294,344721000.0,300665000.0,284038000.0,1.25,1.23,1.25,6847362000,,6847362000,9225074960,8.0,6.571,352272000.0,2.473,1.0,1172351000.0,1.0,6988740000,16627000.0,881488000.0,,0.0,355529000,345810000.0,9719000.0,3233542000.0,1849761000.0,1383781000.0,9585989960,188382000.0,-466000.0,-87204000.0,-48445000.0,-34374000.0,-167027000.0,-60593000.0,-241000.0,412158000.0,3844000.0,177464000.0,177464000.0,177464000.0,0.0,0.0,0.151,893933000.0,278418000.0,200174000,0.192,1.4,13.396,14.383,282376000,0.0,72.49,2.06,2.219,593065000,3409173000,1172351000.0,1172351000.0,0.0,,,,,12980000.0,830619000.0,1.0,132238791,142427000,144627000.0,8.231,3092164000.0,31982000.0,106574000.0,474925000.0,21.711,818505000.0
52,LM,ARQ,2007-06-30,2007-08-07,2007-06-30,2020-07-31,49247000,9686186000.0,,2466658000.0,7219528000.0,,47.573,-42449000.0,1191121000,1191121000,0.0,191015000.0,2.101,0.433,1067280000,6300000.0,1060980000.0,1067280000,0.0,46090000.0,0.0,0.01,0.24,322749000.0,368839000.0,0.306,368839000.0,322749000.0,305605000.0,1.34,1.32,1.34,6760464000,,6760464000,11441496290,10.0,8.372,39079000.0,0.275,1.0,1205968000.0,1.0,6840021000,17144000.0,1548507000.0,,0.0,311170000,301772000.0,9398000.0,2925722000.0,1173817000.0,1751905000.0,11565337290,7504000.0,-1245000.0,12255000.0,-51034000.0,-29865000.0,-32806000.0,-43544000.0,150000.0,81528000.0,2326000.0,191015000.0,191015000.0,191015000.0,0.0,0.0,0.158,913805000.0,292163000.0,178637000,0.179,1.711,16.963,18.11,241835000,0.0,87.11,2.564,2.744,616623000,3266173000,1205968000.0,1205968000.0,0.0,,,,,11105000.0,845557000.0,1.0,132767045,142107000,144778000.0,8.486,2846165000.0,35802000.0,114590000.0,466365000.0,20.028,1292841000.0
53,LM,ARQ,2007-03-31,2007-05-30,2007-03-31,2020-07-31,37895000,9604488000.0,,2391507000.0,7212981000.0,,49.636,-37302000.0,1183617000,1183617000,0.0,172474000.0,1.823,0.468,1112624000,5117000.0,1107507000.0,1112624000,0.0,49522000.0,0.0,0.008,0.21,292627000.0,342149000.0,0.3,342149000.0,292627000.0,274520000.0,1.22,1.19,1.22,6541490000,,6541490000,13241121466,12.0,10.046,200256000.0,1.52,1.0,1141797000.0,1.0,6858249000,18107000.0,1363185000.0,,0.0,282761000,273166000.0,9595000.0,3062998000.0,1312061000.0,1750937000.0,13312114466,111604000.0,-33037000.0,4872000.0,-51025000.0,-29806000.0,-72617000.0,-54094000.0,16245000.0,237558000.0,757000.0,172474000.0,172474000.0,172474000.0,0.0,0.0,0.151,869343000.0,272454000.0,160656000,0.172,2.035,20.581,22.055,219437000,0.0,101.01,3.065,3.065,585857000,3112844000,1141797000.0,1141797000.0,0.0,,,,,10923000.0,796831000.0,1.0,131790065,131790065,,8.664,2746239000.0,33873000.0,102046000.0,444218000.0,20.838,1079446000.0
54,LM,ARQ,2006-12-31,2007-02-07,2006-12-31,2020-07-31,32397000,9536109000.0,,2305228000.0,7230881000.0,,45.082,-34063000.0,1072013000,1072013000,0.0,174633000.0,1.884,0.496,1162660000,4160000.0,1158500000.0,1162660000,0.0,51390000.0,0.0,0.007,0.21,296792000.0,348182000.0,0.307,348182000.0,296792000.0,278285000.0,1.23,1.21,1.23,6375623000,,6375623000,13885916134,13.0,10.699,170605000.0,1.206,1.0,1132973000.0,1.0,6862669000,18507000.0,1540196000.0,,0.0,242736000,211796000.0,30940000.0,3160486000.0,1223891000.0,1936595000.0,13795269134,58809000.0,-8121000.0,2919000.0,-66416000.0,-29786000.0,-88305000.0,-59835000.0,-17651000.0,204668000.0,2281000.0,174633000.0,174633000.0,174633000.0,-572000.0,0.0,0.154,869579000.0,263394000.0,167895000,0.171,2.164,22.094,25.277,201641000,0.0,104.9,3.243,3.487,587629000,2970235000,1132973000.0,1132973000.0,0.0,,,,,9287000.0,791598000.0,1.0,131508762,141422000,144317000.0,8.011,2673440000.0,55767000.0,103652000.0,453095000.0,18.904,1081337000.0
55,LM,ARQ,2006-09-30,2006-11-07,2006-09-30,2020-07-31,23828000,9276330000.0,,2044492000.0,7231838000.0,,43.948,-16748000.0,1013204000,1013204000,0.0,143676000.0,1.756,0.495,1227380000,66114000.0,1161266000.0,1227380000,0.0,50129000.0,0.0,0.008,0.21,257375000.0,307504000.0,0.298,307504000.0,257375000.0,238695000.0,1.02,1.0,1.02,6206747000,,6206747000,12401835321,8.0,6.837,310147000.0,2.196,1.0,1030685000.0,1.0,6890818000,18680000.0,1435596000.0,,0.0,180176000,171424000.0,8752000.0,3069583000.0,1164092000.0,1905491000.0,12187659321,-94840000.0,-403920000.0,11366000.0,-999000.0,-25415000.0,-7920000.0,-414509000.0,897000.0,326895000.0,694000.0,143676000.0,143676000.0,143676000.0,0.0,0.0,0.139,795669000.0,235016000.0,179972000,0.206,1.964,10.072,10.136,192829000,0.0,92.74,3.199,3.438,520856000,2825407000,1030685000.0,1030685000.0,0.0,,,,,10632000.0,723843000.0,1.0,131417504,141229000,144231000.0,7.298,2385512000.0,38333000.0,95019000.0,404362000.0,16.891,880400000.0
56,LM,ARQ,2006-06-30,2006-08-08,2006-06-30,2020-07-31,24670000,9273201000.0,,2108396000.0,7164805000.0,,43.249,-23913000.0,1108044000,1108044000,0.0,156035000.0,1.554,0.529,1226900000,66067000.0,1160833000.0,1226900000,0.0,51076000.0,0.0,0.008,0.0,269110000.0,320186000.0,0.308,320186000.0,269110000.0,252930000.0,1.11,1.08,1.11,6065558000,,6065558000,11246658671,7.0,6.588,112437000.0,0.802,1.0,1038220000.0,1.0,6814365000,16180000.0,1221277000.0,,0.0,163425000,153825000.0,9600000.0,3207643000.0,1356415000.0,1851228000.0,11127802671,84574000.0,0.0,7571000.0,-25883000.0,-24912000.0,-40589000.0,-13665000.0,15510000.0,136350000.0,2478000.0,156035000.0,156035000.0,156035000.0,0.0,0.0,0.15,780786000.0,257434000.0,158293000,0.0,1.835,9.371,9.213,192364000,0.0,84.85,3.428,3.666,504268000,2711518000,1038220000.0,1038220000.0,0.0,,,,,9812000.0,714484000.0,1.0,131146761,140247000,144171000.0,7.403,2458836000.0,48908000.0,96895000.0,391281000.0,17.532,751981000.0
57,LM,ARQ,2006-03-31,2006-06-09,2006-03-31,2020-07-31,14944000,9302490000.0,,2126731000.0,7175759000.0,,45.075,-35272000.0,1023470000,1023470000,0.0,150054000.0,1.331,0.59,1286187000,120110000.0,1166077000.0,1286187000,0.0,50707000.0,0.0,0.007,0.36,271325000.0,322032000.0,0.306,322032000.0,271325000.0,252225000.0,0.79,0.85,0.79,5850116000,,5850116000,12862399546,9.0,8.161,-280879000.0,-2.164,1.0,1052149000.0,1.0,6797115000,19100000.0,1170386000.0,,0.0,168478000,142206000.0,26272000.0,3452374000.0,1597706000.0,1854668000.0,12599682546,-20271000.0,12880000.0,40247000.0,-81787000.0,-2847000.0,-44387000.0,271943000.0,294335000.0,-245607000.0,-2220000.0,150054000.0,150054000.0,150054000.0,1593000.0,0.0,0.143,805467000.0,246682000.0,135607000,0.456,2.154,11.012,10.219,182609000,0.0,97.08,4.763,4.763,560407000,2580898000,1052149000.0,1052149000.0,0.0,,,,,0.0,726474000.0,1.0,129786594,129786594,,8.107,2505375000.0,0.0,102171000.0,0.0,19.304,529025000.0
58,LM,ARQ,2005-12-31,2006-02-09,2005-12-31,2020-07-31,12094000,9436364000.0,,2639394000.0,6796970000.0,,46.235,-13268000.0,1043741000,1043741000,0.0,760303000.0,1.458,0.632,1284476000,184560000.0,1099916000.0,1284476000,0.0,26148000.0,0.0,0.005,0.18,838009000.0,864157000.0,1.254,864157000.0,838009000.0,825184000.0,6.23,5.8,6.23,5640682000,,5640682000,16589264868,12.0,11.371,576948000.0,4.729,1.0,688989000.0,1.0,6337882000,12825000.0,1529434000.0,,0.0,719146000,645616000.0,73530000.0,3565924000.0,1809783000.0,1756141000.0,16348529868,261172000.0,-909144000.0,36503000.0,708609000.0,-22603000.0,722509000.0,-879871000.0,47133000.0,590216000.0,2811000.0,760303000.0,760303000.0,760303000.0,-659518000.0,0.0,1.104,534756000.0,154233000.0,0,0.029,2.898,14.705,13.968,158648000,0.0,132.0,7.24,7.132,527721000,2457723000,688989000.0,688989000.0,0.0,,,,,0.0,462588000.0,1.0,123852499,121999000,131142000.0,5.647,3098482000.0,0.0,64881000.0,443386000.0,25.398,829611000.0
59,LM,ARQ,2005-09-30,2005-11-09,2005-09-30,2020-07-31,11481000,8169347000.0,,6390755000.0,1778592000.0,,24.331,-26210000.0,782569000,782569000,0.0,121036000.0,1.394,2.006,700078000,103358000.0,596720000.0,700078000,0.0,13584000.0,0.0,0.006,0.18,187175000.0,200759000.0,0.43,200759000.0,187175000.0,176608000.0,1.08,0.99,1.08,2717324000,,2717324000,12910441078,18.0,16.345,149205000.0,1.336,1.0,466388000.0,1.0,1431047000,10567000.0,2072178000.0,,0.0,488392000,358000000.0,130392000.0,5452023000.0,4583631000.0,868392000.0,12992932078,19280000.0,-44000.0,42365000.0,-816000.0,-36783000.0,4766000.0,-91802000.0,-65548000.0,175415000.0,926000.0,121036000.0,121036000.0,121036000.0,-28901000.0,0.0,0.26,327819000.0,138569000.0,0,0.167,4.782,27.992,26.38,113850000,0.0,113.96,5.89,5.77,277263000,1720457000,466388000.0,466388000.0,0.0,,,,,0.0,305402000.0,1.0,114013093,111682000,123444000.0,4.176,6738300000.0,0.0,55572000.0,0.0,60.335,1807124000.0
60,LM,ARQ,2005-06-30,2005-08-09,2005-06-30,2020-07-31,10576000,7769303000.0,,6044760000.0,1724543000.0,,22.824,-10454000.0,763289000,763289000,0.0,112775000.0,1.389,2.129,749841000,103322000.0,646519000.0,749841000,0.0,13202000.0,0.0,0.006,0.0,175902000.0,189104000.0,0.432,189104000.0,175902000.0,165746000.0,1.04,0.93,1.04,2483358000,,2483358000,11585178112,17.0,15.419,14283000.0,0.131,1.0,437686000.0,1.0,1437046000,10156000.0,1967608000.0,,0.0,378709000,294400000.0,84309000.0,5285945000.0,4351201000.0,934744000.0,11598626112,-31832000.0,0.0,21339000.0,-539000.0,-16393000.0,4407000.0,-303851000.0,-293397000.0,24737000.0,-1643000.0,112775000.0,112775000.0,112775000.0,-23635000.0,0.0,0.258,297439000.0,140247000.0,0,0.0,4.671,26.676,25.483,95361000,0.0,105.5,5.027,4.975,259451000,1619964000,437686000.0,437686000.0,0.0,,,,,0.0,281597000.0,1.0,109939584,108803000,121977000.0,4.023,6332257000.0,0.0,52971000.0,0.0,58.199,1693559000.0
61,LM,ARQ,2005-03-31,2005-06-03,2005-03-31,2020-07-31,15710000,8219472000.0,,,,,21.338,-22259000.0,3575090000,3575090000,0.0,117645000.0,,2.584,1399076000,,,1399076000,0.0,14860000.0,0.0,0.008,0.3,190048000.0,204908000.0,0.308,204908000.0,190048000.0,190048000.0,1.1,0.98,1.1,2293146000,,2293146000,7047019005,11.0,9.87,-32734000.0,-0.305,1.0,665018000.0,1.0,1449469000,0.0,4593989000.0,,0.0,1297576000,,,5926326000.0,,,9223033005,148192000.0,-953000.0,13182000.0,0.0,-15564000.0,-2382000.0,162057000.0,174907000.0,-10475000.0,-1008000.0,117645000.0,117645000.0,117645000.0,0.0,0.0,0.177,452716000.0,212302000.0,3419257000,0.273,4.022,22.582,21.727,119536000,0.0,85.82,3.829,3.829,1471595000,1523875000,665018000.0,665018000.0,0.0,,,,,0.0,406959000.0,1.0,107469506,107469506,,6.188,6770003000.0,0.0,72403000.0,0.0,62.995,
62,LM,ARQ,2004-12-31,2005-02-08,2004-12-31,2020-07-31,17304000,7733227000.0,,,,,21.05,1909000.0,3286990000,3286990000,0.0,112710000.0,,2.575,1150941000,,,1150941000,0.0,13822000.0,0.0,0.006,0.15,181278000.0,195100000.0,0.306,195100000.0,181278000.0,181278000.0,1.1,0.98,1.1,2163339000,,2163339000,6343113006,10.0,9.482,293039000.0,2.851,1.0,636788000.0,1.0,1455925000,0.0,4141253000.0,,0.0,1063671000,,,5569888000.0,,,8479162006,239304000.0,-155000000.0,321740000.0,-31555000.0,-15549000.0,274636000.0,-328451000.0,-175360000.0,291130000.0,1989000.0,112710000.0,112710000.0,112710000.0,0.0,0.0,0.177,436753000.0,200035000.0,3493606000,0.136,3.919,22.156,21.29,98221000,0.0,80.05,3.681,3.572,1562483000,1422628000,636788000.0,636788000.0,0.0,,,,,0.0,392013000.0,1.0,105923323,102771000,116401000.0,6.196,6277302000.0,0.0,68568000.0,0.0,61.08,
63,LM,ARQ,2004-09-30,2004-11-05,2004-09-30,2020-07-31,11246000,7027971000.0,,,,,16.956,-14654000.0,2828195000,2828195000,0.0,91662000.0,,3.066,1211754000,,,1211754000,0.0,13560000.0,0.0,0.007,0.15,148680000.0,162240000.0,0.286,162240000.0,148680000.0,148680000.0,0.9,0.81,0.9,1728322000,,1728322000,4991789673,9.0,8.068,212140000.0,2.081,1.0,567965000.0,1.0,1403041000,0.0,4008489000.0,,0.0,902305000,,,5299649000.0,,,6608230673,-228405000.0,-402500000.0,-8533000.0,-21117000.0,-10326000.0,-39976000.0,-416510000.0,644000.0,226794000.0,1287000.0,91662000.0,91662000.0,91662000.0,0.0,0.0,0.161,401103000.0,166862000.0,3153220000,0.167,3.823,18.836,18.915,108213000,0.0,65.58,3.041,3.076,1507308000,1325482000,567965000.0,567965000.0,0.0,,,,,0.0,357226000.0,1.0,100765945,101932000,114742000.0,5.572,5624930000.0,0.0,57018000.0,0.0,55.183,
64,LM,ARQ,2004-06-30,2004-08-06,2004-06-30,2020-07-31,8989000,7496423000.0,,,,,16.234,-17640000.0,3410292000,3410292000,0.0,86414000.0,,3.546,1297809000,,,1297809000,0.0,13035000.0,0.0,0.008,0.0,138701000.0,151736000.0,0.282,151736000.0,138701000.0,138701000.0,0.853,0.76,0.853,1648933000,,1648933000,2820438391,5.0,4.927,-113556000.0,-1.118,1.0,538937000.0,1.0,1407756000,0.0,3976184000.0,,0.0,860326000,,,5847490000.0,,,4932921391,-50014000.0,-1451000.0,3218000.0,72672000.0,-10289000.0,65601000.0,-19109000.0,-18000.0,-95916000.0,-590000.0,86414000.0,86414000.0,86414000.0,0.0,0.0,0.16,384202000.0,154735000.0,3381841000,0.0,2.992,15.14,15.146,101690000,0.0,48.967,2.391,2.411,1457045000,1249370000,538937000.0,538937000.0,0.0,,,,,0.0,342321000.0,1.0,100740396,101572500,115569000.0,5.306,6088667000.0,0.0,52287000.0,0.0,59.944,
65,LM,ARQ,2004-03-31,2004-06-04,2004-03-31,2020-07-31,10949000,7262981000.0,,,,,15.564,-89140000.0,3744473000,3744473000,0.0,91925000.0,,3.657,1281955000,,,1281955000,0.0,13264000.0,0.0,0.008,0.2,146652000.0,159916000.0,0.286,159916000.0,146652000.0,146652000.0,0.907,0.813,0.907,1559610000,,1559610000,3499133785,7.0,6.609,-102467000.0,-1.023,1.0,559619000.0,1.0,910641000,0.0,3889822000.0,,0.0,870769000,,,5703371000.0,,,5961651785,-62340000.0,-357000.0,-19690000.0,0.0,-10237000.0,-29927000.0,-19441000.0,5279000.0,-13327000.0,355000.0,91925000.0,91925000.0,91925000.0,0.0,0.0,0.164,365194000.0,194425000.0,3657103000,0.221,3.823,20.021,20.052,91753000,0.0,59.493,3.071,3.071,1377742000,1173282000,559619000.0,559619000.0,0.0,,,,,0.0,351095000.0,1.0,100207056,100207056,,5.585,6352340000.0,0.0,54727000.0,0.0,63.392,
66,LM,ARQ,2003-12-31,2004-02-11,2003-12-31,2020-07-31,8930000,6814379000.0,,,,,14.767,-11634000.0,3576161000,3576161000,0.0,80833000.0,,3.586,1058562000,,,1058562000,0.0,11115000.0,0.0,0.006,0.1,133699000.0,144814000.0,0.286,144814000.0,133699000.0,133699000.0,0.807,0.713,0.807,1485751000,,1485751000,3639737458,9.0,7.867,441567000.0,4.389,1.0,506422000.0,1.0,913799000,0.0,3382981000.0,,0.0,773985000,,,5328628000.0,,,6157336458,430885000.0,-1452000.0,5298000.0,0.0,-10204000.0,-4906000.0,-18577000.0,-5491000.0,453201000.0,1167000.0,80833000.0,80833000.0,80833000.0,0.0,0.0,0.16,372723000.0,133699000.0,3559499000,0.124,4.144,24.193,24.287,75910000,0.0,61.86,3.474,3.512,1247435000,1091646000,506422000.0,506422000.0,0.0,,,,,0.0,317494000.0,1.0,99536639,100611000,114771000.0,5.033,5900580000.0,0.0,52866000.0,0.0,58.647,
67,LM,ARQ,2003-09-30,2003-11-14,2003-09-30,2020-07-31,2807000,6511202000.0,,,,,13.937,55410000.0,3235562000,3235562000,0.0,66640000.0,,3.666,1069677000,,,1069677000,0.0,12090000.0,0.0,0.006,0.1,103900000.0,115990000.0,0.253,115990000.0,103900000.0,103900000.0,0.667,0.62,0.667,1395367000,,1395367000,3199693487,9.0,7.829,-13957000.0,-0.139,1.0,457729000.0,1.0,912862000,0.0,3432455000.0,,0.0,839861000,,,5115835000.0,,,5365578487,-76271000.0,1000.0,3065000.0,-58675000.0,-7423000.0,-63033000.0,56023000.0,612000.0,-69367000.0,106000.0,66640000.0,66640000.0,66640000.0,-7266000.0,0.0,0.146,361095000.0,96634000.0,3463326000,0.15,3.845,24.221,24.263,69550000,0.0,54.033,3.261,3.288,1242744000,1021049000,457729000.0,457729000.0,0.0,,,,,0.0,297361000.0,1.0,99301268,100120500,107376000.0,4.572,5598340000.0,0.0,37260000.0,0.0,55.916,
68,LM,ARQ,2003-06-30,2003-08-07,2003-06-30,2020-07-31,948000,6209081000.0,,,,,13.347,-5667000.0,3142654000,3142654000,0.0,58366000.0,,3.687,1099331000,,,1099331000,0.0,13489000.0,0.0,0.006,0.073,95058000.0,108547000.0,0.256,108547000.0,95058000.0,95058000.0,0.587,0.553,0.587,1324802000,,1324802000,2588540461,8.0,6.837,-186766000.0,-1.882,1.0,423339000.0,1.0,925786000,0.0,3239972000.0,,0.0,601198000,,,4884279000.0,,,4631863461,-114966000.0,-2702000.0,16322000.0,29197000.0,-7374000.0,38145000.0,26732000.0,35101000.0,-181099000.0,1256000.0,58366000.0,58366000.0,58366000.0,0.0,0.0,0.138,328281000.0,95058000.0,3336916000,0.124,3.496,23.13,22.528,68765000,0.0,45.507,2.971,2.897,1270928000,964613000,423339000.0,423339000.0,0.0,,,,,0.0,285485000.0,1.0,101784284,99259500,105187500.0,4.265,5283295000.0,0.0,36692000.0,0.0,53.227,
69,LM,ARQ,2003-03-31,2003-06-18,2003-03-31,2020-07-31,-3976000,6067450000.0,,,,,12.786,-6571000.0,3274189000,3274189000,0.0,48666000.0,,3.862,1036185000,,,1036185000,0.0,14397000.0,0.0,0.007,0.073,78897000.0,93294000.0,0.243,93294000.0,78897000.0,78897000.0,0.487,0.473,0.487,1247957000,,1247957000,2023393757,7.0,5.556,-689000.0,-0.007,1.0,384701000.0,1.0,924920000,0.0,2904526000.0,,0.0,496211000,,,4819493000.0,,,4261397757,-134339000.0,-26000.0,-5287000.0,-113992000.0,-7385000.0,-126664000.0,-14812000.0,-9666000.0,5882000.0,1255000.0,48666000.0,48666000.0,48666000.0,0.0,0.0,0.127,305804000.0,78897000.0,3321302000,0.15,3.415,22.322,22.657,69814000,0.0,43.66,2.788,2.788,1117667000,913670000,384701000.0,384701000.0,0.0,,,,,0.0,259837000.0,1.0,97604163,97604163,,3.941,5142530000.0,0.0,30231000.0,0.0,52.688,
70,LM,ARQ,2002-12-31,2003-02-13,2002-12-31,2020-07-31,-5365000,6215499000.0,,,,,12.214,-6246000.0,3441730000,3441730000,0.0,47854000.0,,4.142,1197715000,,,1197715000,0.0,14067000.0,0.0,0.009,0.073,76821000.0,90888000.0,0.239,90888000.0,76821000.0,76821000.0,0.487,0.467,0.487,1208850000,,1208850000,770144518,3.0,2.124,229073000.0,2.314,1.0,379755000.0,1.0,932615000,0.0,3038869000.0,,0.0,463017000,,,5006649000.0,,,3014159518,265202000.0,-102000.0,-5034000.0,-86708000.0,-7388000.0,-99130000.0,128394000.0,134742000.0,235319000.0,619000.0,47854000.0,47854000.0,47854000.0,0.0,0.0,0.126,302934000.0,76821000.0,3428511000,0.15,2.493,16.004,16.266,71115000,0.0,31.02,1.959,1.995,1153957000,872378000,379755000.0,379755000.0,0.0,,,,,0.0,263641000.0,1.0,97168263,98973000,103105500.0,3.837,5282884000.0,0.0,28967000.0,0.0,53.377,
71,LM,ARQ,2002-09-30,2002-11-13,2002-09-30,2020-07-31,-6716000,6014804000.0,,,,,11.796,-7891000.0,3139271000,3139271000,0.0,45371000.0,,4.149,1245589000,,,1245589000,0.0,13609000.0,0.0,0.009,0.073,72245000.0,85854000.0,0.231,85854000.0,72245000.0,72245000.0,0.46,0.44,0.46,1168129000,,1168129000,1130735073,4.0,3.214,190920000.0,1.928,1.0,371366000.0,1.0,936953000,0.0,3184169000.0,,0.0,584207000,,,4846675000.0,,,3024417073,79878000.0,-3115000.0,-8963000.0,-41446000.0,-6727000.0,-57136000.0,-61422000.0,-50416000.0,198811000.0,-375000.0,45371000.0,45371000.0,45371000.0,0.0,0.0,0.122,299121000.0,72245000.0,3271950000,0.159,2.589,16.657,16.917,71832000,0.0,31.127,1.972,2.01,1128152000,831909000,371366000.0,371366000.0,0.0,,,,,0.0,257532000.0,1.0,97164824,99030000,102669000.0,3.75,5077851000.0,0.0,26874000.0,0.0,51.276,
72,LM,ARQ,2002-06-30,2002-08-06,2002-06-30,2020-07-31,-7265000,5964580000.0,,,,,11.476,-8120000.0,2910989000,2910989000,0.0,49018000.0,,4.255,1319632000,,,1319632000,0.0,13815000.0,0.0,0.01,0.067,80358000.0,94173000.0,0.24,94173000.0,80358000.0,80358000.0,0.493,0.473,0.493,1135099000,,1135099000,1124792702,4.0,3.428,-142397000.0,-1.44,1.0,392424000.0,1.0,939533000,0.0,3433690000.0,,0.0,651485000,,,4829481000.0,,,2716149702,11634000.0,0.0,-1000.0,156433000.0,-6695000.0,149737000.0,-4725000.0,3395000.0,-134277000.0,899000.0,49018000.0,49018000.0,49018000.0,0.0,0.0,0.125,312066000.0,80358000.0,3197160000,0.136,2.393,16.304,15.893,70583000,0.0,26.907,1.814,1.777,1084258000,793926000,392424000.0,392424000.0,0.0,,,,,0.0,273730000.0,1.0,100947090,98907000,103581000.0,3.968,5025047000.0,0.0,31340000.0,0.0,50.806,
73,LM,ARQ,2002-03-31,2002-06-28,2002-03-31,2020-07-31,-9896000,5939614000.0,,,,,11.147,-5812000.0,2969990000,2969990000,0.0,46097000.0,,4.477,1198206000,,,1198206000,0.0,15754000.0,0.0,0.008,0.067,75924000.0,91678000.0,0.232,91678000.0,75924000.0,75924000.0,0.467,0.447,0.467,1084548000,,1084548000,1428466868,6.0,4.739,-73093000.0,-0.751,1.0,395185000.0,1.0,937423000,0.0,3230407000.0,,0.0,583126000,,,4855066000.0,,,3200250868,-166904000.0,1666000.0,2594000.0,-96647000.0,-6668000.0,-100721000.0,2903000.0,7048000.0,-67281000.0,-1805000.0,46097000.0,46097000.0,46097000.0,0.0,0.0,0.117,319261000.0,75924000.0,3284531000,0.143,2.951,20.925,20.991,69146000,0.0,32.893,2.205,2.205,1065589000,751635000,395185000.0,395185000.0,0.0,,,,,0.0,280316000.0,1.0,97291778,97291778,,4.062,5002191000.0,0.0,29827000.0,0.0,51.414,
74,LM,ARQ,2001-12-31,2002-02-13,2001-12-31,2020-07-31,-8323000,6100419000.0,,,,,10.636,-4282000.0,2962550000,2962550000,0.0,41088000.0,,4.847,1326298000,,,1326298000,0.0,13136000.0,0.0,0.007,0.067,67004000.0,80140000.0,0.214,80140000.0,67004000.0,67004000.0,0.42,0.4,0.42,1043365000,,1043365000,1977640497,8.0,6.978,254255000.0,2.592,1.0,374766000.0,1.0,941365000,0.0,3522802000.0,,0.0,654229000,,,5057054000.0,,,3613892497,252172000.0,-105786000.0,1739000.0,10653000.0,-6659000.0,5733000.0,-12417000.0,98146000.0,258537000.0,319000.0,41088000.0,41088000.0,41088000.0,0.0,0.0,0.11,307762000.0,67004000.0,3395326000,0.16,3.464,25.069,24.157,69955000,0.0,36.067,2.591,2.536,1185336000,712233000,374766000.0,374766000.0,0.0,,,,,0.0,265889000.0,1.0,100200347,98098500,102297000.0,3.82,5159054000.0,0.0,25916000.0,0.0,52.591,
75,LM,ARQ,2001-09-30,2001-11-14,2001-09-30,2020-07-31,-5189000,5647572000.0,,,,,10.277,-5141000.0,2551753000,2551753000,0.0,30390000.0,,4.621,1239711000,,,1239711000,0.0,11114000.0,0.0,0.008,0.067,50978000.0,62092000.0,0.185,62092000.0,50978000.0,50978000.0,0.313,0.3,0.313,1004638000,,1004638000,1819956314,7.0,6.434,58343000.0,0.597,1.0,335068000.0,1.0,832597000,0.0,3502933000.0,,0.0,716957000,,,4642934000.0,,,3131998314,-357995000.0,-681486000.0,7283000.0,370286000.0,-5944000.0,371625000.0,-793977000.0,-105228000.0,63484000.0,873000.0,30390000.0,30390000.0,30390000.0,0.0,0.0,0.091,284090000.0,50978000.0,3126523000,0.214,3.118,21.691,20.792,71309000,0.0,31.333,2.287,2.237,1182076000,677812000,335068000.0,335068000.0,0.0,,,,,0.0,243708000.0,1.0,99957393,97756500,102082500.0,3.428,4814975000.0,0.0,20588000.0,0.0,49.255,
76,LM,ARQ,2001-06-30,2001-08-10,2001-06-30,2020-07-31,-7730000,,,,,,9.982,-5550000.0,2714850000,2714850000,0.0,35361000.0,,,872109000,,,872109000,,8198000.0,,0.008,0.06,59343000.0,67541000.0,0.195,67541000.0,59343000.0,59343000.0,0.367,0.347,0.367,968019000,,968019000,1175948415,5.0,4.023,-173992000.0,-1.794,1.0,346322000.0,1.0,155359000,0.0,,,,540443000,,,,,,3018689415,184956000.0,-7250000.0,7961000.0,352406000.0,-5878000.0,354489000.0,-1404000.0,11437000.0,-168442000.0,313000.0,35361000.0,35361000.0,35361000.0,0.0,0.0,0.102,286979000.0,59343000.0,2929551000,0.163,3.118,19.964,19.165,70832000,0.0,30.28,2.213,2.153,1254253000,654083000,346322000.0,346322000.0,0.0,,,,,0.0,254655000.0,1.0,99692517,96975000,102007500.0,3.571,,,23982000.0,,,
77,LM,ARQ,2001-03-31,2001-06-20,2001-03-31,2020-07-31,-7657000,4687626000.0,,,,,9.787,-9633000.0,2498258000,2498258000,0.0,37319000.0,,4.053,515609000,,,515609000,0.0,9329000.0,0.0,0.007,0.06,64302000.0,73631000.0,0.217,73631000.0,64302000.0,64302000.0,0.393,0.36,0.393,927720000,,927720000,1056929538,4.0,3.496,30622000.0,0.323,1.0,338745000.0,1.0,149449000,0.0,2555528000.0,,0.0,503693000,,,3759906000.0,,,3039578538,280997000.0,-16601000.0,3410000.0,-170624000.0,-4676000.0,-171890000.0,400014000.0,426320000.0,40255000.0,12618000.0,37319000.0,37319000.0,37319000.0,0.0,0.0,0.11,274443000.0,64302000.0,2954934000,0.153,3.276,19.456,19.637,71645000,0.0,32.067,2.234,2.234,1211480000,624665000,338745000.0,338745000.0,0.0,,,,,0.0,286486000.0,1.0,94789352,94789352,,3.574,4538177000.0,0.0,26983000.0,0.0,47.876,
78,LM,ARQ,2000-12-31,2001-02-09,2000-12-31,2020-07-31,482000,4812107000.0,,,,,8.028,-9080000.0,2009306000,2009306000,0.0,41321000.0,,5.243,711323000,,,711323000,0.0,9841000.0,0.0,0.006,0.06,69751000.0,79592000.0,0.228,79592000.0,69751000.0,69751000.0,0.433,0.407,0.433,770808000,,770808000,2165941540,11.0,9.572,74729000.0,0.778,1.0,349085000.0,1.0,144173000,0.0,3369951000.0,,0.0,925399000,,,4041299000.0,,,3463924540,-967000.0,0.0,4127000.0,-10372000.0,-5860000.0,-12105000.0,-73042000.0,-62059000.0,83809000.0,371000.0,41321000.0,41321000.0,41321000.0,0.0,0.0,0.118,279334000.0,69751000.0,2900932000,0.139,4.494,20.748,19.67,65136000,0.0,35.407,2.665,2.616,1349279000,593224000,349085000.0,349085000.0,0.0,,,,,0.0,229580000.0,1.0,97832552,96015000,102201000.0,3.636,4667934000.0,0.0,28430000.0,0.0,48.617,
79,LM,ARQ,2000-09-30,2000-11-13,2000-09-30,2020-07-31,63000,4446022000.0,,,,,8.945,-7930000.0,1390700000,1390700000,0.0,37206000.0,,4.2,834525000,,,834525000,0.0,8728000.0,0.0,0.007,0.06,62796000.0,71524000.0,0.217,71524000.0,62796000.0,62796000.0,0.387,0.367,0.387,855053000,,855053000,2670649426,13.0,10.839,-34155000.0,-0.357,1.0,329904000.0,1.0,145377000,0.0,3744470000.0,,0.0,990770000,,,3590969000.0,,,3226824426,-10699000.0,268000.0,6401000.0,-18776000.0,-5847000.0,-18222000.0,33761000.0,42711000.0,-26225000.0,-13000.0,37206000.0,37206000.0,37206000.0,0.0,0.0,0.113,267108000.0,62796000.0,2501357000,0.155,3.774,20.298,18.871,63094000,0.0,33.08,2.495,2.445,1615305000,557762000,329904000.0,329904000.0,0.0,,,,,0.0,221115000.0,1.0,97546083,95586000,102280500.0,3.451,4300645000.0,0.0,25590000.0,0.0,44.992,
80,LM,ARQ,2000-06-30,2000-08-10,2000-06-30,2020-07-31,-1137000,4470575000.0,,,,,8.485,-5251000.0,1427329000,1427329000,0.0,40384000.0,,4.504,984350000,,,984350000,0.0,8597000.0,0.0,0.006,0.053,68971000.0,77568000.0,0.226,77568000.0,68971000.0,68971000.0,0.42,0.4,0.42,812281000,,812281000,2893354859,13.0,11.255,120559000.0,1.259,1.0,343130000.0,1.0,142335000,0.0,3885261000.0,,0.0,1091267000,,,3658294000.0,,,3336333859,73614000.0,-268000.0,7099000.0,75473000.0,-7232000.0,75340000.0,-126857000.0,-120783000.0,125810000.0,-679000.0,40384000.0,40384000.0,40384000.0,0.0,0.0,0.118,274159000.0,68971000.0,2408328000,0.126,4.107,22.229,20.22,60849000,0.0,34.373,2.637,2.601,1485133000,526403000,343130000.0,343130000.0,0.0,,,,,0.0,222029000.0,1.0,97061691,95734500,101731500.0,3.584,4328240000.0,0.0,28587000.0,0.0,45.211,
81,LM,ARQ,2000-03-31,2000-06-28,2000-03-31,2020-07-31,-267000,4785053000.0,,,,,8.518,-4246000.0,1628059000,1628059000,0.0,48041000.0,,5.364,1078325000,,,1078325000,0.0,9809000.0,0.0,0.006,0.053,-12214000.0,-2405000.0,-0.009,-2405000.0,-12214000.0,80887000.0,0.56,0.513,0.56,751929000,,751929000,2381461469,10.0,8.871,-156539000.0,-1.773,1.0,277536000.0,1.0,130573000,-93101000.0,4104746000.0,,0.0,1204206000,,,4033124000.0,,,2931195469,-374692000.0,-2458000.0,5347000.0,-129971000.0,-4583000.0,-129207000.0,-93192000.0,-28261000.0,-152293000.0,0.0,48041000.0,48041000.0,48041000.0,0.0,0.0,0.173,289750000.0,-12214000.0,2648787000,0.095,3.898,20.566,19.849,60548000,0.0,33.207,2.371,2.371,1580859000,493652000,277536000.0,277536000.0,0.0,,,,,0.0,232541000.0,1.0,88271295,88271295,,3.144,4654480000.0,0.0,32846000.0,0.0,52.729,
82,LM,ARQ,1999-12-31,2000-02-11,1999-12-31,2020-07-31,-669000,4621962000.0,,,,,8.012,-7407000.0,2005387000,2005387000,0.0,33342000.0,,5.731,1015865000,,,1015865000,0.0,7448000.0,0.0,0.008,0.053,92248000.0,99696000.0,0.291,99696000.0,92248000.0,55683000.0,0.387,0.367,0.387,686693000,,686693000,1120679370,4.0,3.361,112495000.0,1.312,1.0,342729000.0,1.0,130250000,36565000.0,3502190000.0,,0.0,816573000,,,3935269000.0,,,2110201370,250111000.0,-57304000.0,5900000.0,40265000.0,-4568000.0,41597000.0,88612000.0,97641000.0,119902000.0,0.0,33342000.0,33342000.0,33342000.0,0.0,0.0,0.097,250481000.0,92248000.0,2643489000,0.137,3.073,18.361,17.696,62037000,0.0,24.42,1.691,1.677,1378836000,450283000,342729000.0,342729000.0,0.0,,,,,0.0,206938000.0,1.0,86412833,85713000,90673500.0,3.999,4491712000.0,0.0,22341000.0,0.0,52.404,
83,LM,ARQ,1999-09-30,1999-11-12,1999-09-30,2020-07-31,346000,3716336000.0,,,,,7.664,-5606000.0,1483545000,1483545000,0.0,28324000.0,,4.692,628342000,,,628342000,0.0,6156000.0,0.0,0.007,0.053,76068000.0,82224000.0,0.273,82224000.0,76068000.0,47195000.0,0.333,0.313,0.333,652882000,,652882000,1371634481,5.0,4.558,135276000.0,1.588,1.0,301611000.0,1.0,71067000,28873000.0,2790066000.0,,0.0,657800000,,,3063454000.0,,,2226837481,-19445000.0,-27875000.0,5955000.0,-1336000.0,-3682000.0,937000.0,-161264000.0,-101644000.0,140882000.0,0.0,28324000.0,28324000.0,28324000.0,0.0,0.0,0.094,225543000.0,76068000.0,2230146000,0.159,3.411,21.327,20.489,58215000,0.0,25.96,1.91,1.897,1083095000,421525000,301611000.0,301611000.0,0.0,,,,,0.0,188833000.0,1.0,85779564,85183500,90675000.0,3.541,3645269000.0,0.0,18871000.0,0.0,42.793,
84,LM,ARQ,1999-06-30,1999-08-12,1999-06-30,2020-07-31,522000,3810449000.0,,,,,7.495,-5844000.0,1643841000,1643841000,0.0,32818000.0,,5.115,708244000,,,708244000,0.0,5907000.0,0.0,0.007,0.043,83039000.0,88946000.0,0.283,88946000.0,83039000.0,55376000.0,0.393,0.36,0.393,623100000,,623100000,1120169581,4.0,3.945,50351000.0,0.606,1.0,314606000.0,1.0,54851000,27663000.0,2820001000.0,,0.0,626231000,,,3187349000.0,,,2055766581,144922000.0,0.0,3578000.0,64392000.0,-3660000.0,64310000.0,24417000.0,4357000.0,56195000.0,0.0,32818000.0,32818000.0,32818000.0,0.0,0.0,0.104,231567000.0,83039000.0,2268097000,0.109,3.299,21.023,20.224,57051000,0.0,24.127,1.849,1.804,1044070000,397768000,314606000.0,314606000.0,0.0,,,,,0.0,195094000.0,1.0,85207236,83133000,90090000.0,3.784,3755598000.0,0.0,22558000.0,0.0,45.176,
85,LM,ARQ,1999-03-31,1999-06-28,1999-03-31,2020-07-31,-173000,3473687000.0,,,,,6.538,-5753000.0,1582397000,1582397000,0.0,20446000.0,,5.268,472578000,,,472578000,0.0,5913000.0,0.0,0.007,0.043,56698000.0,62611000.0,0.217,62611000.0,56698000.0,32717000.0,0.267,0.253,0.267,554177000,,554177000,861148857,4.0,3.247,-147806000.0,-1.744,1.0,289146000.0,1.0,56127000,23981000.0,2307741000.0,,0.0,466965000,,,2919510000.0,,,1970967857,-55875000.0,0.0,1524000.0,-6319000.0,-3636000.0,-8431000.0,94609000.0,100451000.0,-142053000.0,0.0,20446000.0,20446000.0,20446000.0,0.0,0.0,0.071,232448000.0,56698000.0,2181018000,0.161,3.557,22.063,21.275,55807000,0.0,23.253,1.884,1.884,921267000,368632000,289146000.0,289146000.0,0.0,,,,,0.0,179529000.0,1.0,84760659,84760659,,3.411,3417560000.0,0.0,12271000.0,0.0,40.32,
86,LM,ARQ,1998-12-31,1999-06-07,1998-12-31,2020-07-31,113000,3232192000.0,,,,,6.509,-4590000.0,1523455000,1523455000,0.0,17036000.0,,5.064,333961000,,,333961000,0.0,5365000.0,0.0,0.008,0.043,47958000.0,53323000.0,0.227,53323000.0,47958000.0,28610000.0,0.207,0.193,0.207,533024000,,533024000,634941111,3.0,2.384,68428000.0,0.836,1.0,235212000.0,1.0,57508000,19348000.0,1985190000.0,,0.0,427580000,,,2699168000.0,,,1824435111,25026000.0,0.0,2933000.0,-34741000.0,-3622000.0,-35430000.0,-12562000.0,-49688000.0,73018000.0,0.0,17036000.0,17036000.0,17036000.0,0.0,0.0,0.072,187254000.0,47958000.0,2119794000,0.208,3.423,20.342,21.578,54201000,0.0,21.793,1.777,1.738,858314000,347530000,235212000.0,235212000.0,0.0,,,,,0.0,156632000.0,1.0,83715285,81894000,87603000.0,2.872,3174684000.0,0.0,11574000.0,0.0,38.766,
87,LM,ARQ,1998-12-31,1999-02-12,1998-12-31,2020-07-31,113000,3220701000.0,,,,,6.756,-4590000.0,1523002000,1523002000,0.0,22824000.0,,4.692,333961000,,,333961000,0.0,5365000.0,0.0,0.009,0.043,61770000.0,67135000.0,0.258,67135000.0,61770000.0,38446000.0,0.273,0.26,0.273,565874000,,565874000,371562085,2.0,1.395,68338000.0,0.816,1.0,260514000.0,1.0,57508000,23324000.0,1974152000.0,,0.0,427580000,,,2654827000.0,,,1560603085,24936000.0,0.0,2933000.0,-34741000.0,-3622000.0,-35430000.0,-12562000.0,-49688000.0,72928000.0,0.0,22824000.0,22824000.0,22824000.0,0.0,0.0,0.088,198744000.0,61770000.0,2119794000,0.158,2.758,17.401,18.317,54201000,0.0,18.5,1.52,1.509,858314000,351875000,260514000.0,260514000.0,0.0,,,,,0.0,163465000.0,1.0,84356924,83761500,88294500.0,3.11,3163193000.0,0.0,15622000.0,0.0,37.764,
88,LM,ARQ,1998-09-30,1998-11-13,1998-09-30,2020-07-31,-112000,2933068000.0,,,,,6.529,-5071000.0,1188248000,1188248000,0.0,21700000.0,,4.397,487838000,,,487838000,0.0,5230000.0,0.0,0.009,0.043,60050000.0,65280000.0,0.264,65280000.0,60050000.0,36673000.0,0.26,0.247,0.26,543511000,,543511000,687589425,3.0,,86774000.0,1.042,1.0,247603000.0,1.0,58822000,23377000.0,2173836000.0,,0.0,624284000,,,2389557000.0,,,1387999425,-44747000.0,0.0,2631000.0,-25469000.0,-3037000.0,-25875000.0,-110717000.0,14011000.0,91845000.0,0.0,21700000.0,21700000.0,21700000.0,0.0,0.0,0.088,187553000.0,60050000.0,1739794000,0.165,2.554,15.854,16.303,53482000,0.0,16.58,1.397,1.389,855906000,332668000,247603000.0,247603000.0,0.0,,,,,0.0,153140000.0,1.0,83715285,83245500,88291500.0,2.974,2874246000.0,0.0,14973000.0,0.0,34.527,
89,LM,ARQ,1998-06-30,1998-08-14,1998-06-30,2020-07-31,444000,3009476000.0,,,,,6.326,-3724000.0,1148748000,1148748000,0.0,24364000.0,,4.75,644895000,,,644895000,0.0,5058000.0,0.0,0.007,0.037,65167000.0,70225000.0,0.282,70225000.0,65167000.0,40939000.0,0.293,0.277,0.293,523348000,,523348000,1150116072,,,-86102000.0,-1.041,1.0,248743000.0,1.0,60265000,24228000.0,2445358000.0,,0.0,708556000,,,2486128000.0,,,1653969072,77130000.0,0.0,2420000.0,101911000.0,-3025000.0,101306000.0,58202000.0,-15449000.0,-82378000.0,0.0,24364000.0,24364000.0,24364000.0,0.0,0.0,0.098,183576000.0,65167000.0,1681830000,0.126,3.16,,,52130000,0.0,19.897,,,874499000,314589000,248743000.0,248743000.0,0.0,,,,,0.0,152985000.0,1.0,83127948,82731000,88344000.0,3.007,2949211000.0,0.0,16575000.0,0.0,35.648,
90,LM,ARQ,1998-03-31,1998-06-29,1998-03-31,2020-07-31,946000,2832329000.0,,,,,6.046,-8400000.0,1127851000,1127851000,0.0,20799000.0,,4.664,580670000,,,580670000,0.0,7354000.0,0.0,0.008,0.037,56304000.0,63658000.0,0.236,63658000.0,56304000.0,34550000.0,0.183,0.17,0.183,500095000,,500095000,1026114980,5.0,4.579,-38084000.0,-0.46,1.0,269892000.0,1.0,61304000,21754000.0,2223844000.0,,0.0,736386000,,,2332234000.0,,,1573295980,-33855000.0,0.0,1879000.0,-67125000.0,-2725000.0,-67971000.0,63800000.0,75141000.0,-29684000.0,0.0,20799000.0,20799000.0,20799000.0,0.0,0.0,0.077,213588000.0,56304000.0,1568281000,0.202,3.146,20.668,20.386,51991000,0.0,19.02,1.77,1.77,713391000,293263000,269892000.0,269892000.0,0.0,,,,,0.0,177618000.0,1.0,82717980,82717980,,3.263,2771025000.0,0.0,13751000.0,0.0,33.5,
91,LM,ARQ,1997-12-31,1998-02-13,1997-12-31,2020-07-31,423000,2619212000.0,,,,,6.393,,853069000,853069000,0.0,20688000.0,,4.523,554448000,,,554448000,0.0,,0.0,0.007,0.037,54147000.0,,,,54147000.0,34799000.0,0.28,0.26,0.28,474217000,,474217000,1287517520,,,,,1.0,227078000.0,1.0,59750000,19348000.0,2260841000.0,,0.0,797337000,,,2144995000.0,,,1586138520,,,,,,,,,,,20688000.0,20688000.0,20688000.0,0.0,0.0,0.091,172931000.0,54147000.0,1432105000,0.132,3.345,,,48963000,0.0,19.27,,,755088000,271252000,227078000.0,227078000.0,0.0,,,,,,143339000.0,1.0,82311288,74172000,79302000.0,3.062,2559462000.0,0.0,14111000.0,0.0,34.507,
0,LM,ART,2020-06-30,2020-07-31,2020-06-30,2020-07-31,-161246000,7917437000.0,7941394250.0,1962192000.0,5955245000.0,0.363,42.695,-26178000.0,952336000,952336000,0.0,297991000.0,2.267,0.882,2569286000,327191000.0,2242095000.0,2569286000,0.0,70330000.0,0.0,0.032,1.6,467337000.0,537667000.0,0.186,537667000.0,467337000.0,357369000.0,2.83,2.82,2.83,3866348000,3795755250.0,3866348000,6143939321,13.0,11.427,510463000.0,5.637,1.0,2882951000.0,1.0,5219143000,109968000.0,3449734000.0,3359751000.0,0.0,447121000,447121000.0,0.0,3408779000.0,865510000.0,2543269000.0,4526989321,278959000.0,-250000.0,0.0,0.0,-144085000.0,-219773000.0,-32370000.0,-5942000.0,536641000.0,-5539000.0,255439000.0,255439000.0,255439000.0,0.0,42552000.0,0.089,2393768000.0,489183000.0,165863000,0.565,1.171,17.722,17.664,406641000,0.0,49.99,1.57,1.57,406411000,1831364000,2882951000.0,2882951000.0,0.0,0.032,0.067,0.139,0.162,50888000.0,2160220000.0,1.0,90557898,90557898,,31.835,2698294000.0,165948000.0,101930000.0,167828000.0,29.796,1096682000.0
1,LM,ART,2020-03-31,2020-05-29,2020-03-31,2020-07-31,-195306000,8006120000.0,7923495250.0,2039624000.0,5966496000.0,0.369,42.639,-29606000.0,1047613000,1047613000,0.0,304486000.0,2.202,0.915,2329284000,77814000.0,2251470000.0,2329284000,0.0,67378000.0,0.0,0.032,1.6,467285000.0,534663000.0,0.183,534663000.0,467285000.0,357415000.0,2.8,2.79,2.8,3792639000,3754364000.0,3792639000,5713980834,12.0,10.687,530950000.0,5.969,1.0,2922125000.0,1.0,5203456000,109870000.0,3158278000.0,3408214500.0,0.0,455978000,455978000.0,0.0,3470025000.0,926057000.0,2543968000.0,4432309834,98882000.0,-10247000.0,0.0,-250000000.0,-137950000.0,-409011000.0,-45372000.0,-5519000.0,560556000.0,-7291000.0,251367000.0,251367000.0,251367000.0,0.0,53119000.0,0.086,2417880000.0,504245000.0,156981000,0.571,1.169,17.633,17.796,425765000,0.0,49.83,1.517,1.517,407893000,1820412000,2922125000.0,2922125000.0,0.0,0.032,0.067,0.137,0.16,67301000.0,2185930000.0,1.0,88948622,88948622,,32.852,2802664000.0,161977000.0,106048000.0,165038000.0,31.509,1113567000.0
2,LM,ART,2019-12-31,2020-02-05,2019-12-31,2020-07-31,-127402000,8039718000.0,7870495750.0,1975932000.0,6063786000.0,0.368,43.787,-36482000.0,848651000,848651000,0.0,283989000.0,2.123,0.929,2335701000,77377000.0,2258324000.0,2335701000,0.0,69764000.0,0.0,0.038,1.54,449197000.0,518961000.0,0.179,518961000.0,449197000.0,337557000.0,2.66,2.65,2.66,3804712000,3721143000.0,3804712000,5001832533,11.0,9.638,457479000.0,5.265,1.0,2895143000.0,1.0,5273614000,111640000.0,3322295000.0,3290973500.0,0.0,514755000,514755000.0,0.0,3536088000.0,930859000.0,2605229000.0,3514782533,-14355000.0,-23040000.0,0.0,-250000000.0,-132175000.0,-447458000.0,-48652000.0,10870000.0,493961000.0,-12207000.0,236695000.0,236695000.0,236695000.0,0.0,47294000.0,0.082,2479277000.0,415866000.0,159415000,0.579,0.924,14.849,15.207,434500000,0.0,40.45,1.214,1.214,461790000,1804251000,2895143000.0,2895143000.0,0.0,0.03,0.064,0.136,0.155,73858000.0,2237450000.0,1.0,86892028,86892028,,33.319,2766104000.0,193792000.0,100862000.0,181115000.0,31.834,1045073000.0
3,LM,ART,2019-09-30,2019-11-08,2019-09-30,2020-07-31,-170161000,7802302000.0,7781220000.0,1743679000.0,6058623000.0,0.366,42.848,-38624000.0,605256000,605256000,0.0,-13404000.0,2.219,0.906,2346433000,76510000.0,2269923000.0,2346433000,0.0,69397000.0,0.0,0.039,1.48,65254000.0,134651000.0,0.047,134651000.0,65254000.0,-48124000.0,-0.72,-0.73,-0.72,3719322000,3676262250.0,3719322000,5052714311,77.0,37.525,376570000.0,4.338,1.0,2845551000.0,1.0,5249049000,113378000.0,3508697000.0,3133099750.0,0.0,542522000,542522000.0,0.0,3370156000.0,785733000.0,2584423000.0,3311537311,-32871000.0,-19492000.0,0.0,-250000000.0,-126108000.0,-393635000.0,-48959000.0,9157000.0,415194000.0,-5471000.0,-54968000.0,-54968000.0,-54968000.0,0.0,41564000.0,-0.019,2796106000.0,49445000.0,145861000,-2.056,0.89,-60.245,-52.986,453438000,0.0,38.15,1.164,1.164,455237000,1777014000,2845551000.0,2845551000.0,0.0,-0.007,-0.015,0.021,0.023,73182000.0,2174922000.0,1.0,86803075,86803075,,32.782,2553253000.0,193311000.0,6844000.0,152385000.0,29.414,957946000.0
4,LM,ART,2019-06-30,2019-08-06,2019-06-30,2020-07-31,-140655000,7845841000.0,7799726500.0,1745864000.0,6099977000.0,0.367,42.662,-42535000.0,670561000,670561000,0.0,-8862000.0,2.014,0.932,2614846000,327626000.0,2287220000.0,2614846000,0.0,71744000.0,0.0,0.037,1.42,74593000.0,146337000.0,0.051,146337000.0,74593000.0,-41314000.0,-0.65,-0.65,-0.65,3700783000,3716912000.0,3700783000,5264980716,71.0,35.978,432924000.0,4.991,1.0,2860714000.0,1.0,5279657000,115907000.0,3643588000.0,2964573250.0,0.0,521741000,521741000.0,0.0,3449821000.0,866881000.0,2582940000.0,3320695716,56305000.0,-9324000.0,0.0,-125500000.0,-120320000.0,-369574000.0,-41139000.0,10720000.0,475459000.0,-8441000.0,-49248000.0,-49248000.0,-49248000.0,0.0,40386000.0,-0.017,2800373000.0,60341000.0,174025000,-2.185,0.897,-67.428,-58.892,472644000,0.0,38.28,1.161,1.161,425321000,1748106000,2860714000.0,2860714000.0,0.0,-0.006,-0.013,0.025,0.026,70633000.0,2175585000.0,1.0,86747537,86747537,,32.977,2566184000.0,194814000.0,7934000.0,136767000.0,29.582,878983000.0
5,LM,ART,2019-03-31,2019-05-24,2019-03-31,2020-07-31,-131236000,7794122000.0,7819826500.0,2019856000.0,5774266000.0,0.371,42.261,-51335000.0,946503000,946503000,0.0,7934000.0,1.82,0.932,2221752000,250301000.0,1971451000.0,2221752000,0.0,72795000.0,0.0,0.037,1.36,109394000.0,182189000.0,0.063,182189000.0,109394000.0,-7947000.0,-0.38,-0.38,-0.38,3659755000,3748592250.0,3659755000,4497619632,41.0,24.687,509531000.0,5.884,1.0,2903259000.0,1.0,5270313000,117341000.0,2689314000.0,2868922250.0,0.0,506756000,506756000.0,0.0,3412207000.0,1109744000.0,2302463000.0,3222370632,177030000.0,923000.0,0.0,-125500000.0,-114761000.0,-331529000.0,-36501000.0,13911000.0,560866000.0,-15806000.0,-28508000.0,-28508000.0,-28508000.0,0.0,36442000.0,-0.01,2799586000.0,103673000.0,182921000,-3.579,0.88,-113.034,-97.921,149989000,0.0,37.21,1.11,1.11,425470000,1742764000,2903259000.0,2903259000.0,0.0,-0.004,-0.008,0.038,0.038,65884000.0,2170757000.0,1.0,86599587,86599587,,33.525,2523809000.0,199717000.0,20561000.0,123420000.0,29.143,910112000.0
6,LM,ART,2018-12-31,2019-02-05,2018-12-31,2020-07-31,-135767000,7682615000.0,7909429500.0,1911018000.0,5771597000.0,0.379,42.38,-50868000.0,861032000,861032000,0.0,-30309000.0,1.767,0.925,2221767000,250636000.0,1971131000.0,2221767000,0.0,72466000.0,0.0,0.043,1.3,90385000.0,162851000.0,0.054,162851000.0,90385000.0,-28603000.0,-0.82,-0.83,-0.82,3625189000,3789754750.0,3625189000,3931214043,43.0,24.14,592985000.0,6.932,1.0,2995706000.0,1.0,5271269000,118988000.0,2690800000.0,2951201250.0,0.0,473925000,473925000.0,0.0,3352982000.0,1081281000.0,2271701000.0,2570479043,147218000.0,4390000.0,0.0,-225500000.0,-110808000.0,-438542000.0,-47346000.0,11642000.0,643853000.0,-10747000.0,-68726000.0,-68726000.0,-68726000.0,0.0,38417000.0,-0.023,2885966000.0,109740000.0,203881000,-1.585,0.709,-37.402,-36.646,150230000,0.0,30.05,0.858,0.858,432607000,1723817000,2995706000.0,2995706000.0,0.0,-0.009,-0.018,0.031,0.03,65848000.0,2192435000.0,1.0,85540068,85540068,,35.021,2411346000.0,189867000.0,40123000.0,99544000.0,28.19,829737000.0
7,LM,ART,2018-09-30,2018-11-06,2018-09-30,2020-07-31,-122109000,7876328000.0,8007567250.0,1713068000.0,6163260000.0,0.385,45.388,-51331000.0,635798000,635798000,0.0,344627000.0,1.766,0.859,2221781000,250971000.0,1970810000.0,2221781000,0.0,72495000.0,0.0,0.043,1.24,307771000.0,380266000.0,0.123,380266000.0,307771000.0,188465000.0,3.32,3.3,3.32,3881921000,3834915250.0,3881921000,4025253054,13.0,10.585,453254000.0,5.299,1.0,3084474000.0,1.0,5657813000,119306000.0,2834591000.0,3068780000.0,0.0,480499000,480499000.0,0.0,3334038000.0,969907000.0,2364131000.0,2439270054,-51813000.0,3690000.0,-299490000.0,0.0,-109258000.0,-509438000.0,-45077000.0,11233000.0,504585000.0,-1883000.0,297384000.0,297384000.0,297384000.0,0.0,47243000.0,0.096,2764901000.0,319573000.0,175861000,0.373,0.628,8.202,8.59,153906000,0.0,28.52,0.791,0.791,446398000,1981939000,3084474000.0,3084474000.0,0.0,0.037,0.078,0.1,0.1,66569000.0,2251522000.0,1.0,85528403,85528403,,36.064,2218515000.0,194352000.0,-108919000.0,166543000.0,25.939,743161000.0
8,LM,ART,2018-06-30,2018-08-06,2018-06-30,2020-07-31,-107662000,7926241000.0,8087401500.0,1738778000.0,6187463000.0,0.383,44.792,-46965000.0,613000000,613000000,0.0,351178000.0,2.414,0.868,2347296000,125500000.0,2221796000.0,2347296000,0.0,72060000.0,0.0,0.036,1.18,318678000.0,390738000.0,0.126,390738000.0,318678000.0,200155000.0,3.28,3.26,3.28,3827504000,3855977750.0,3827504000,4531109521,14.0,11.596,457381000.0,5.353,1.0,3094385000.0,1.0,5679241000,118523000.0,3260984000.0,3137224250.0,0.0,556764000,556764000.0,0.0,3322828000.0,720312000.0,2602516000.0,2796813521,88208000.0,517000.0,-389490000.0,125500000.0,-105597000.0,-368828000.0,-48790000.0,12547000.0,504346000.0,1480000.0,300245000.0,300245000.0,300245000.0,0.0,50933000.0,0.097,2766266000.0,328119000.0,191901000,0.36,0.731,9.315,9.979,154315000,0.0,32.73,0.904,0.904,435620000,1941988000,3094385000.0,3094385000.0,0.0,0.037,0.078,0.102,0.103,68892000.0,2255326000.0,1.0,85451070,85451070,,36.212,2247000000.0,199431000.0,-100090000.0,155990000.0,26.296,1018466000.0
9,LM,ART,2018-03-31,2018-05-30,2018-03-31,2020-07-31,-55182000,8152534000.0,8119448500.0,1928382000.0,6224152000.0,0.387,44.751,-37346000.0,769358000,769358000,0.0,336350000.0,1.964,0.933,2347310000,125500000.0,2221810000.0,2347310000,0.0,72986000.0,0.0,0.029,1.12,300437000.0,373423000.0,0.119,373423000.0,300437000.0,182565000.0,3.03,3.01,3.03,3824405000,3890734750.0,3824405000,4850209388,16.0,12.989,455590000.0,5.331,1.0,3140322000.0,1.0,5730014000,117872000.0,3018430000.0,3136735500.0,0.0,539503000,539503000.0,0.0,3568103000.0,982042000.0,2586061000.0,3272257388,2421000.0,3078000.0,-479139000.0,125500000.0,-102178000.0,-462296000.0,-38972000.0,9068000.0,492936000.0,10753000.0,285075000.0,285075000.0,285075000.0,0.0,51275000.0,0.091,2847650000.0,292672000.0,175583000,0.37,0.856,11.479,12.637,148406000,0.0,38.29,1.042,1.042,475594000,1894762000,3140322000.0,3140322000.0,0.0,0.035,0.073,0.096,0.096,70875000.0,2305889000.0,1.0,85459843,85459843,,36.746,2422520000.0,202068000.0,-102510000.0,139787000.0,28.347,946340000.0
10,LM,ART,2017-12-31,2018-02-05,2017-12-31,2020-07-31,-74118000,8075166000.0,8153918750.0,1848758000.0,6226408000.0,0.378,45.018,-37028000.0,702252000,702252000,0.0,410011000.0,1.982,0.923,2447324000,225500000.0,2221824000.0,2447324000,0.0,74125000.0,0.0,0.027,1.06,340402000.0,414527000.0,0.135,414527000.0,340402000.0,221783000.0,3.64,3.63,3.64,3805831000,3930477000.0,3805831000,5084413376,15.0,12.266,448855000.0,5.309,1.0,3078396000.0,1.0,5726535000,118619000.0,3161115000.0,3130433000.0,0.0,536311000,536311000.0,0.0,3513968000.0,932588000.0,2581380000.0,3339341376,-9184000.0,6499000.0,-569137000.0,225500000.0,-97719000.0,-478534000.0,-23273000.0,10385000.0,485883000.0,6740000.0,351730000.0,351730000.0,351730000.0,0.0,58281000.0,0.114,2760027000.0,318369000.0,198481000,0.291,0.877,9.494,10.852,148859000,0.0,39.5,1.085,1.085,482652000,1911479000,3078396000.0,3078396000.0,0.0,0.043,0.089,0.109,0.111,76088000.0,2264607000.0,1.0,84540288,84540288,,36.413,2348631000.0,204787000.0,-129947000.0,123788000.0,27.781,916170000.0
11,LM,ART,2017-09-30,2017-11-09,2017-09-30,2020-07-31,-74431000,8195665000.0,8200095250.0,1751556000.0,6444109000.0,0.366,43.14,-37139000.0,678256000,678256000,0.0,305992000.0,2.506,0.883,2221839000,0.0,2221839000.0,2221839000,0.0,76505000.0,0.0,0.027,1.0,478863000.0,555368000.0,0.185,555368000.0,478863000.0,359837000.0,2.55,2.55,2.55,3966171000,3973390750.0,3966171000,4994916825,10.0,8.994,540523000.0,5.879,1.0,3000547000.0,1.0,5931862000,119026000.0,3108368000.0,3108370250.0,0.0,499088000,499088000.0,0.0,3502694000.0,699018000.0,2803676000.0,3451333825,83366000.0,19280000.0,-359648000.0,0.0,-91433000.0,-484421000.0,-9057000.0,11359000.0,577662000.0,-818000.0,253947000.0,253947000.0,253947000.0,0.0,52045000.0,0.085,2544418000.0,456129000.0,173739000,0.392,0.87,13.591,14.722,151995000,0.0,37.54,1.15,1.15,439859000,1789298000,3000547000.0,3000547000.0,0.0,0.031,0.064,0.154,0.16,77558000.0,2226281000.0,1.0,91937502,91937502,,32.637,2263803000.0,204787000.0,105890000.0,347079000.0,24.623,1052538000.0
12,LM,ART,2017-06-30,2017-08-04,2017-06-30,2020-07-31,-95994000,8054429000.0,8214816500.0,1605601000.0,6448828000.0,0.363,42.378,-36377000.0,507132000,507132000,0.0,304900000.0,2.738,0.851,2221853000,0.0,2221853000.0,2221853000,0.0,77768000.0,0.0,0.025,0.94,459717000.0,537485000.0,0.18,537485000.0,459717000.0,341843000.0,2.4,2.4,2.4,3966532000,3996734750.0,3966532000,5277114316,11.0,9.818,555785000.0,5.938,1.0,2980579000.0,1.0,5923737000,117874000.0,3259029000.0,3119850750.0,0.0,476361000,476361000.0,0.0,3375453000.0,586384000.0,2789069000.0,3562393316,613000.0,9535000.0,-359648000.0,-16833000.0,-87172000.0,-575403000.0,-16342000.0,7489000.0,592162000.0,196000.0,244724000.0,244724000.0,244724000.0,0.0,60176000.0,0.082,2541236000.0,439343000.0,194755000,0.392,0.898,14.557,15.858,156008000,0.0,38.06,1.195,1.195,480269000,1741362000,2980579000.0,2980579000.0,0.0,0.03,0.061,0.147,0.154,76605000.0,2237263000.0,1.0,93599404,93599404,,31.844,2130692000.0,202823000.0,97119000.0,320113000.0,22.764,1019217000.0
13,LM,ART,2017-03-31,2017-05-24,2017-03-31,2020-07-31,-106784000,8290415000.0,8275357500.0,1801747000.0,6488668000.0,0.349,41.554,-39977000.0,750406000,750406000,0.0,286703000.0,2.226,0.904,2221867000,0.0,2221867000.0,2221867000,0.0,80213000.0,0.0,0.023,0.88,424604000.0,504817000.0,0.175,504817000.0,424604000.0,311431000.0,2.19,2.18,2.19,3983374000,4028681500.0,3983374000,5108415313,12.0,10.119,499795000.0,5.214,1.0,2886902000.0,1.0,5959269000,113173000.0,2993220000.0,3020790500.0,0.0,473520000,473520000.0,0.0,3601471000.0,809387000.0,2792084000.0,3636954313,-595417000.0,-990959000.0,-381672000.0,442361000.0,-87897000.0,-116877000.0,-1019665000.0,8289000.0,539772000.0,1353000.0,227256000.0,227256000.0,227256000.0,0.0,59447000.0,0.079,2464659000.0,422243000.0,181793000,0.402,0.913,16.004,17.324,159662000,0.0,37.94,1.26,1.26,433192000,1694859000,2886902000.0,2886902000.0,0.0,0.027,0.056,0.141,0.147,93008000.0,2196058000.0,1.0,95860683,95860683,,30.116,2331146000.0,202843000.0,84175000.0,329229000.0,24.318,992360000.0
14,LM,ART,2016-12-31,2017-02-07,2016-12-31,2020-07-31,-136280000,8259872000.0,8082865250.0,1768026000.0,6491846000.0,0.344,40.817,-37907000.0,705259000,705259000,0.0,144241000.0,2.366,0.896,2221882000,0.0,2221882000.0,2221882000,0.0,76181000.0,0.0,0.025,0.86,333535000.0,409716000.0,0.147,409716000.0,333535000.0,236319000.0,1.02,1.02,1.02,3977486000,4086228750.0,3977486000,4898031749,15.0,11.955,457113000.0,4.691,1.0,2783327000.0,1.0,5956262000,97216000.0,3072864000.0,2893704000.0,0.0,516398000,516398000.0,0.0,3562207000.0,747369000.0,2814838000.0,3381408749,126034000.0,-1022847000.0,-318328000.0,1131279000.0,-87989000.0,688343000.0,-1052796000.0,5778000.0,495020000.0,-4533000.0,106059000.0,106059000.0,106059000.0,0.0,38182000.0,0.038,2388671000.0,394656000.0,194865000,0.843,0.85,31.882,34.02,160831000,0.0,34.7,1.215,1.215,421371000,1641068000,2783327000.0,2783327000.0,0.0,0.013,0.026,0.115,0.12,110273000.0,2178424000.0,1.0,97446938,97446938,,28.562,2303610000.0,209293000.0,130260000.0,321815000.0,23.64,1020657000.0
15,LM,ART,2016-09-30,2016-11-01,2016-09-30,2020-07-31,-98675000,8254550000.0,7727515500.0,1661476000.0,6593074000.0,0.353,40.191,-39156000.0,592391000,592391000,0.0,-58896000.0,2.439,0.861,2221896000,0.0,2221896000.0,2221896000,0.0,73105000.0,0.0,0.036,1.04,-8114000.0,64991000.0,0.024,64991000.0,-8114000.0,-83838000.0,-0.79,-0.79,-0.79,4059547000,4163171500.0,4059547000,4551629959,-561.0,70.035,401446000.0,3.974,1.0,2727643000.0,1.0,6048420000,75724000.0,3154290000.0,2638505500.0,0.0,513174000,513174000.0,0.0,3495653000.0,681345000.0,2814308000.0,2922124959,-48067000.0,-1243981000.0,-253327000.0,1168615000.0,-87813000.0,797964000.0,-1278354000.0,1720000.0,440602000.0,-8279000.0,-84006000.0,-84006000.0,-84006000.0,0.0,25110000.0,-0.031,2657065000.0,70578000.0,199331000,-1.316,0.72,-34.785,-36.62,165765000,0.0,28.93,1.071,1.071,425948000,1612875000,2727643000.0,2727643000.0,0.0,-0.011,-0.02,-0.003,-0.003,110867000.0,2151093000.0,1.0,101006739,101006739,,27.005,2206130000.0,209334000.0,168000.0,301215000.0,21.841,980131000.0
16,LM,ART,2016-06-30,2016-08-02,2016-06-30,2020-07-31,-91471000,8296593000.0,7383366500.0,1702319000.0,6594274000.0,0.359,39.51,-42773000.0,511150000,511150000,0.0,-82509000.0,1.525,0.844,2238321000,500000000.0,1738321000.0,2238321000,0.0,67240000.0,0.0,0.031,1.02,-27136000.0,40104000.0,0.015,40104000.0,-27136000.0,-88215000.0,-0.84,-0.84,-0.84,4094319000,4262663000.0,4094319000,5167600713,-190.0,128.855,243038000.0,2.345,1.0,2652359000.0,1.0,6044865000,61079000.0,2862788000.0,2368991750.0,0.0,594167000,594167000.0,0.0,3456461000.0,1116111000.0,2340350000.0,3440429713,-39555000.0,-1231986000.0,-253305000.0,1185448000.0,-87934000.0,916293000.0,-1259198000.0,5756000.0,285811000.0,17539000.0,-86128000.0,-86128000.0,-86128000.0,0.0,3619000.0,-0.032,2576384000.0,75975000.0,220092000,-1.214,0.84,-39.946,-39.524,170804000,0.0,33.2,1.297,1.297,403567000,1569994000,2652359000.0,2652359000.0,0.0,-0.012,-0.02,-0.011,-0.01,111527000.0,2068980000.0,1.0,103627401,103627401,,25.595,2251728000.0,208034000.0,-2087000.0,304779000.0,21.729,586208000.0
17,LM,ART,2016-03-31,2016-05-23,2016-03-31,2020-07-31,-66493000,7520446000.0,7016565250.0,2385128000.0,5135318000.0,0.379,39.976,-40330000.0,1349003000,1349003000,0.0,-32910000.0,2.834,0.738,1780985000,40000000.0,1740985000.0,1780985000,0.0,60297000.0,0.0,0.031,1.0,31123000.0,91420000.0,0.034,91420000.0,31123000.0,-17340000.0,-0.25,-0.25,-0.25,4213563000,4369634750.0,4213563000,3823825118,123.0,41.827,414121000.0,3.929,1.0,2660844000.0,1.0,4626001000,48463000.0,2484874000.0,2191315500.0,0.0,564050000,564050000.0,0.0,3108896000.0,841553000.0,2267343000.0,3391843118,659574000.0,-234053000.0,-209632000.0,726254000.0,-84093000.0,465772000.0,-244569000.0,8749000.0,454451000.0,-16080000.0,-25032000.0,-25032000.0,-25032000.0,0.0,-7878000.0,-0.009,2446973000.0,213871000.0,201572000,-4.0,0.805,-135.5,-128.72,163305000,0.0,32.18,1.275,1.275,334922000,1576242000,2660844000.0,2660844000.0,0.0,-0.004,-0.006,0.014,0.012,92927000.0,2038822000.0,1.0,105402210,105402210,,25.245,2894445000.0,206797000.0,7692000.0,260386000.0,27.461,1543575000.0
18,LM,ART,2015-12-31,2016-02-02,2015-12-31,2020-07-31,-78109000,6838473000.0,6904948000.0,1760821000.0,5077652000.0,0.397,39.786,-40791000.0,581386000,581386000,0.0,103276000.0,2.557,0.559,1096759000,40000000.0,1056759000.0,1096759000,0.0,58734000.0,0.0,0.027,0.76,142383000.0,201117000.0,0.073,201117000.0,142383000.0,95093000.0,0.85,0.83,0.85,4285257000,4437469250.0,4285257000,3553818445,25.0,17.67,452672000.0,4.203,1.0,2743639000.0,1.0,4613205000,47290000.0,2052070000.0,2061631500.0,0.0,550691000,550691000.0,0.0,2394685000.0,688571000.0,1706114000.0,3038445445,-101648000.0,-209053000.0,-272978000.0,37352000.0,-80334000.0,-331566000.0,-234183000.0,8512000.0,493463000.0,-29362000.0,103200000.0,103200000.0,103200000.0,0.0,76000.0,0.038,2570028000.0,173611000.0,189144000,0.894,0.709,29.442,33.188,167741000,0.0,28.21,1.107,1.107,332769000,1643842000,2743639000.0,2743639000.0,0.0,0.015,0.023,0.069,0.052,71437000.0,2058529000.0,1.0,107708098,107708098,,25.473,2225268000.0,342834000.0,-8107000.0,343416000.0,20.66,1072250000.0
19,LM,ART,2015-09-30,2015-11-05,2015-09-30,2020-07-31,-74264000,6877954000.0,6956137250.0,1765540000.0,5112414000.0,0.403,41.377,-45027000.0,630899000,630899000,0.0,321934000.0,2.96,0.525,1059902000,0.0,1059902000.0,1059902000,0.0,54635000.0,0.0,0.016,0.72,503893000.0,558528000.0,0.199,558528000.0,503893000.0,452423000.0,2.83,2.81,2.83,4457513000,4501316500.0,4457513000,5364053373,11.0,9.604,543178000.0,5.042,1.0,2803066000.0,1.0,4634263000,51470000.0,2076235000.0,2053286750.0,0.0,494347000,494347000.0,0.0,2341963000.0,596459000.0,1745504000.0,4935050373,-40039000.0,-126188000.0,-334479000.0,-940000.0,-76439000.0,-419807000.0,-171871000.0,9465000.0,588205000.0,-36566000.0,318862000.0,318862000.0,318862000.0,0.0,3072000.0,0.114,2297175000.0,505891000.0,189833000,0.254,1.107,15.477,16.187,172822000,0.0,45.81,1.761,1.761,331602000,1803934000,2803066000.0,2803066000.0,0.0,0.046,0.071,0.245,0.18,68586000.0,2106199000.0,1.0,107728670,107728670,,26.02,2243691000.0,329432000.0,133561000.0,387136000.0,20.827,1169081000.0
20,LM,ART,2015-06-30,2015-08-05,2015-06-30,2020-07-31,-39010000,6829388000.0,6925406750.0,1675480000.0,5153908000.0,0.409,41.22,-43526000.0,550114000,550114000,0.0,264036000.0,3.256,0.498,1057122000,0.0,1057122000.0,1057122000,0.0,55092000.0,0.0,0.014,0.68,422323000.0,477415000.0,0.168,477415000.0,422323000.0,369158000.0,2.29,2.27,2.29,4522206000,4532885500.0,4522206000,5880494183,14.0,12.317,535086000.0,4.877,1.0,2833875000.0,1.0,4669765000,53165000.0,2152083000.0,2073261000.0,0.0,473038000,473038000.0,0.0,2251669000.0,514548000.0,1737121000.0,5373486183,-753147000.0,-126188000.0,-334523000.0,-646282000.0,-73345000.0,-1080233000.0,-173080000.0,4221000.0,578612000.0,-78446000.0,259440000.0,259440000.0,259440000.0,0.0,4596000.0,0.092,2330659000.0,503216000.0,210614000,0.297,1.188,20.712,21.389,175897000,0.0,48.98,1.896,1.896,349024000,1761785000,2833875000.0,2833875000.0,0.0,0.037,0.057,0.204,0.149,68736000.0,2135587000.0,1.0,109707762,109707762,,25.831,2159623000.0,331817000.0,109718000.0,369105000.0,19.685,1160932000.0
21,LM,ART,2015-03-31,2015-05-22,2015-03-31,2020-07-31,-60742000,7073977000.0,7080043250.0,1922035000.0,5151942000.0,0.398,40.458,-45773000.0,704474000,704474000,0.0,242709000.0,2.358,0.567,1064525000,6436000.0,1058089000.0,1064525000,0.0,55086000.0,0.0,0.012,0.64,420638000.0,475724000.0,0.169,475724000.0,420638000.0,362364000.0,2.06,2.04,2.06,4484901000,4577123500.0,4484901000,6320599389,15.0,13.286,522345000.0,4.712,1.0,2819106000.0,1.0,4652844000,58274000.0,1966138000.0,2107656500.0,0.0,502735000,502735000.0,0.0,2543556000.0,815046000.0,1728510000.0,5960548389,-188470000.0,-136746000.0,-356522000.0,-71440000.0,-70815000.0,-507062000.0,-208043000.0,47000.0,568118000.0,-41483000.0,237080000.0,237080000.0,237080000.0,0.0,5629000.0,0.084,2320887000.0,498219000.0,208210000,0.311,1.329,25.142,26.102,179606000,0.0,53.77,2.114,2.114,368399000,1690055000,2819106000.0,2819106000.0,0.0,0.033,0.052,0.2,0.149,66245000.0,2119704000.0,1.0,110852676,110852676,,25.431,2421133000.0,331684000.0,125284000.0,362209000.0,21.841,1106989000.0
22,LM,ART,2014-12-31,2015-02-04,2014-12-31,2020-07-31,-18983000,7043230000.0,7089386250.0,1813374000.0,5229856000.0,0.395,39.677,-46467000.0,684522000,684522000,0.0,223773000.0,2.55,0.535,1061427000,5212000.0,1056215000.0,1061427000,0.0,55709000.0,0.0,0.011,0.61,410911000.0,466620000.0,0.167,466620000.0,410911000.0,352401000.0,1.91,1.9,1.91,4540646000,4637079250.0,4540646000,6774664739,16.0,14.519,456550000.0,3.989,1.0,2798156000.0,1.0,4690323000,58510000.0,2018691000.0,2135661750.0,0.0,515980000,482452000.0,33528000.0,2429494000.0,711121000.0,1718373000.0,6397759739,-140218000.0,-135395000.0,-376642000.0,-150852000.0,-68473000.0,-530596000.0,-94206000.0,89247000.0,503017000.0,-18433000.0,223068000.0,223068000.0,223068000.0,0.0,705000.0,0.08,2309546000.0,488610000.0,223035000,0.319,1.409,28.681,29.733,183655000,0.0,56.79,2.286,2.323,360690000,1624328000,2798156000.0,2798156000.0,0.0,0.031,0.048,0.192,0.147,66729000.0,2112784000.0,1.0,112656449,114439000,,24.451,2352907000.0,347351000.0,129333000.0,344191000.0,20.56,1102253000.0
23,LM,ART,2014-09-30,2014-11-06,2014-09-30,2020-07-31,16311000,6755032000.0,7079985500.0,1813922000.0,4941110000.0,0.395,39.584,-42127000.0,669662000,669662000,0.0,223676000.0,3.117,0.463,1054706000,2644000.0,1052062000.0,1054706000,0.0,59559000.0,0.0,0.011,0.58,424103000.0,483662000.0,0.173,483662000.0,424103000.0,365086000.0,1.92,1.9,1.92,4583789000,4688593750.0,4583789000,6598312156,16.0,13.642,426601000.0,3.684,1.0,2799264000.0,1.0,4401963000,59017000.0,2156132000.0,2185052500.0,0.0,497083000,464854000.0,32229000.0,2123794000.0,581981000.0,1541813000.0,6213268156,-52882000.0,-9207000.0,-359619000.0,-160637000.0,-66295000.0,-561602000.0,52665000.0,101595000.0,468728000.0,-12673000.0,227766000.0,227766000.0,227766000.0,0.0,-4090000.0,0.081,2308370000.0,490894000.0,210495000,0.302,1.355,27.279,28.359,182091000,0.0,54.45,2.22,2.252,344394000,1565983000,2799264000.0,2799264000.0,0.0,0.032,0.049,0.194,0.152,68230000.0,2106185000.0,1.0,114109608,115799000,,24.173,2353069000.0,347082000.0,137320000.0,290461000.0,20.32,1231941000.0
24,LM,ART,2014-06-30,2014-08-06,2014-06-30,2020-07-31,49324000,7447934000.0,7118867250.0,2475895000.0,4972039000.0,0.388,40.121,-40364000.0,1304340000,1304340000,0.0,306353000.0,2.182,0.575,1701810000,648461000.0,1053349000.0,1701810000,0.0,61342000.0,0.0,0.012,0.55,518727000.0,580069000.0,0.21,580069000.0,518727000.0,461826000.0,2.58,2.56,2.58,4699158000,4732964000.0,4699158000,5919537878,11.0,10.205,466939000.0,3.987,1.0,2765221000.0,1.0,4421017000,56901000.0,2289665000.0,2229251250.0,0.0,547179000,512062000.0,35117000.0,2701806000.0,1134722000.0,1567084000.0,5522067878,616110000.0,-9207000.0,-355734000.0,435665000.0,-63359000.0,32852000.0,70481000.0,126850000.0,507303000.0,5474000.0,309157000.0,309157000.0,309157000.0,0.0,-2804000.0,0.112,2298316000.0,466905000.0,214302000,0.213,1.175,17.862,18.481,187388000,0.0,47.68,1.997,2.02,334747000,1579659000,2765221000.0,2765221000.0,0.0,0.043,0.065,0.233,0.188,67534000.0,2094177000.0,1.0,115815182,117126000,,23.609,3026917000.0,345064000.0,152669000.0,297154000.0,25.843,1341173000.0
25,LM,ART,2014-03-31,2014-05-23,2014-03-31,2020-07-31,37949000,7111349000.0,6986172250.0,2128383000.0,4982966000.0,0.392,40.45,-40452000.0,927849000,927849000,0.0,281836000.0,2.592,0.496,1128200000,89374000.0,1038826000.0,1128200000,0.0,62845000.0,0.0,0.011,0.52,475500000.0,538345000.0,0.196,538345000.0,475500000.0,422589000.0,2.34,2.33,2.34,4724724000,4744621250.0,4724724000,5917863675,12.0,10.993,396872000.0,3.398,1.0,2741757000.0,1.0,4412296000,52911000.0,2078159000.0,2273959250.0,0.0,549999000,518189000.0,31810000.0,2341481000.0,821245000.0,1520236000.0,5717512675,-75014000.0,1351000.0,-359996000.0,-243686000.0,-61966000.0,-639071000.0,137627000.0,182529000.0,437324000.0,-10894000.0,284784000.0,284784000.0,284784000.0,0.0,-2948000.0,0.104,2310864000.0,430893000.0,214819000,0.222,1.21,20.077,20.919,189241000,0.0,48.95,2.085,2.085,348633000,1526662000,2741757000.0,2741757000.0,0.0,0.041,0.06,0.209,0.173,66488000.0,2102563000.0,1.0,116803119,116803119,,23.473,2699053000.0,351852000.0,137805000.0,265583000.0,23.108,1307138000.0
26,LM,ART,2013-12-31,2014-02-07,2013-12-31,2020-07-31,22311000,7005627000.0,7025750000.0,1885263000.0,5120364000.0,0.388,39.365,-39000000.0,842071000,842071000,0.0,247435000.0,2.584,0.471,1189609000,50438000.0,1139171000.0,1189609000,0.0,86284000.0,0.0,0.012,0.5,408572000.0,494856000.0,0.181,494856000.0,408572000.0,353945000.0,1.95,1.94,1.95,4746704000,4768028000.0,4746704000,5332054378,13.0,10.775,490010000.0,4.064,1.0,2728124000.0,1.0,4407433000,54627000.0,2216254000.0,2375636250.0,0.0,582683000,462928000.0,119755000.0,2237865000.0,729478000.0,1508387000.0,4984516378,-100388000.0,-55277000.0,-361673000.0,-207031000.0,-46256000.0,-633828000.0,25311000.0,138139000.0,529010000.0,-20881000.0,245041000.0,245041000.0,245041000.0,0.0,2394000.0,0.09,2373559000.0,354565000.0,193261000,0.256,1.05,20.342,21.462,192045000,0.0,41.85,1.827,1.85,377970000,1477192000,2728124000.0,2728124000.0,0.0,0.035,0.051,0.172,0.15,67641000.0,2157596000.0,1.0,119104334,120583000,,22.624,2598194000.0,293204000.0,108904000.0,147907000.0,21.547,1155785000.0
27,LM,ART,2013-09-30,2013-11-06,2013-09-30,2020-07-31,32310000,6910559000.0,7053108250.0,1731080000.0,5179479000.0,0.38,38.718,-38964000.0,737747000,737747000,0.0,-291066000.0,2.816,0.447,1196990000,50218000.0,1146772000.0,1196990000,0.0,85639000.0,0.0,0.012,0.48,-352376000.0,-266737000.0,-0.099,-266737000.0,-352376000.0,-407877000.0,-2.18,-2.18,-2.18,4761270000,4810929250.0,4761270000,5202533504,-15.0,-19.504,401464000.0,3.265,1.0,2681932000.0,1.0,4422205000,55501000.0,2332927000.0,2493102500.0,0.0,581842000,452373000.0,129469000.0,2130546000.0,614670000.0,1515876000.0,4743290504,-186112000.0,-55277000.0,-363512000.0,-239129000.0,-59429000.0,-666927000.0,57955000.0,163901000.0,440428000.0,-17568000.0,-290563000.0,-290563000.0,-290563000.0,0.0,-503000.0,-0.108,3082342000.0,-400410000.0,203406000,-0.22,0.996,-16.324,-18.037,195130000,0.0,39.32,1.769,1.803,343460000,1412704000,2681932000.0,2681932000.0,0.0,-0.041,-0.06,-0.141,-0.131,64781000.0,2137766000.0,1.0,120633024,122974000,,21.809,2488354000.0,324735000.0,-117314000.0,146822000.0,20.235,1116410000.0
28,LM,ART,2013-06-30,2013-08-07,2013-06-30,2020-07-31,21963000,6917154000.0,7294193250.0,1670786000.0,5246368000.0,0.364,37.897,-42753000.0,722126000,722126000,0.0,-297669000.0,3.04,0.453,1248643000,50210000.0,1198433000.0,1248643000,0.0,86241000.0,0.0,0.014,0.46,-359364000.0,-273123000.0,-0.103,-273123000.0,-359364000.0,-416124000.0,-2.28,-2.28,-2.28,4745787000,4984736750.0,4745787000,4664506886,-13.0,-17.078,462316000.0,3.692,1.0,2652375000.0,1.0,4425577000,56760000.0,2468497000.0,2577479500.0,0.0,571493000,413390000.0,158103000.0,2150885000.0,549597000.0,1601288000.0,4137989886,-90604000.0,-55277000.0,-367180000.0,-190442000.0,-58186000.0,-619342000.0,40596000.0,150102000.0,505069000.0,-16927000.0,-296054000.0,-296054000.0,-296054000.0,0.0,-1615000.0,-0.112,3079417000.0,-427042000.0,216011000,-0.202,0.872,-13.977,-14.711,199923000,0.0,33.54,1.56,1.584,332937000,1341073000,2652375000.0,2652375000.0,0.0,-0.041,-0.059,-0.139,-0.135,61583000.0,2134238000.0,1.0,123374773,125228000,,21.18,2491577000.0,356713000.0,-120070000.0,171054000.0,19.896,1121189000.0
29,LM,ART,2013-03-31,2013-05-24,2013-03-31,2020-07-31,47539000,7269660000.0,7514656500.0,1942862000.0,5326798000.0,0.348,38.464,-38351000.0,988389000,988389000,0.0,-359748000.0,2.766,0.504,1352789000,50438000.0,1302351000.0,1352789000,0.0,87848000.0,0.0,0.013,0.44,-441267000.0,-353419000.0,-0.135,-353419000.0,-441267000.0,-504186000.0,-2.65,-2.65,-2.65,4818351000,5162387500.0,4818351000,4750089781,-11.0,-13.44,264981000.0,2.115,1.0,2612650000.0,1.0,4446727000,62919000.0,2484867000.0,2664594250.0,0.0,606425000,395872000.0,210553000.0,2430300000.0,702466000.0,1727834000.0,4385689781,-449227000.0,-55277000.0,-434832000.0,-241822000.0,-55250000.0,-735897000.0,-11023000.0,89850000.0,303332000.0,-5639000.0,-353327000.0,-353327000.0,-353327000.0,0.0,-6421000.0,-0.135,3047149000.0,-434499000.0,214803000,-0.166,0.91,-12.413,-13.211,201819000,0.0,35.01,1.679,1.679,350726000,1309088000,2612650000.0,2612650000.0,0.0,-0.047,-0.068,-0.166,-0.169,58983000.0,2110700000.0,1.0,125269631,125269631,,20.856,2822933000.0,364618000.0,-150859000.0,161298000.0,22.535,1240396000.0
30,LM,ART,2012-12-31,2013-02-06,2012-12-31,2020-07-31,58923000,7115060000.0,7836178250.0,1829585000.0,5285475000.0,0.331,37.392,-35474000.0,944418000,944418000,0.0,-313630000.0,3.53,0.442,1394873000,50438000.0,1344435000.0,1394873000,0.0,68442000.0,0.0,0.015,0.41,-373427000.0,-304985000.0,-0.118,-304985000.0,-373427000.0,-442092000.0,-2.38,-2.38,-2.38,4918309000,5377122500.0,4918309000,3974817233,-11.0,-13.033,217291000.0,1.652,1.0,2593478000.0,1.0,4361099000,68665000.0,2686119000.0,2717398500.0,0.0,628947000,375433000.0,253514000.0,2175075000.0,518297000.0,1656778000.0,3524362233,-326868000.0,0.0,-321959000.0,-199284000.0,-66468000.0,-595814000.0,13995000.0,47133000.0,252765000.0,2186000.0,-306462000.0,-306462000.0,-306462000.0,0.0,-7168000.0,-0.118,2998778000.0,-405300000.0,183603000,-0.172,0.717,-11.5,-11.483,226741000,0.0,27.33,1.359,1.386,314235000,1293316000,2593478000.0,2593478000.0,0.0,-0.039,-0.057,-0.137,-0.144,50784000.0,2066109000.0,1.0,128955808,131534000,,19.717,2753961000.0,363366000.0,-135630000.0,126698000.0,20.937,1311288000.0
31,LM,ART,2012-09-30,2012-11-06,2012-09-30,2020-07-31,66066000,7874899000.0,8150178750.0,1831260000.0,6043639000.0,0.312,40.69,-32501000.0,929236000,929236000,0.0,180061000.0,3.056,0.439,1430148000,58372000.0,1371776000.0,1430148000,0.0,82230000.0,0.0,0.015,0.38,309663000.0,391893000.0,0.154,391893000.0,309663000.0,232731000.0,1.27,1.27,1.27,5456500000,5546788250.0,5456500000,3897791121,13.0,9.946,259220000.0,1.933,1.0,2546556000.0,1.0,5106062000,76932000.0,2670435000.0,2722505000.0,0.0,671999000,383867000.0,288132000.0,2396850000.0,599314000.0,1797536000.0,3396879121,-195676000.0,0.0,-250164000.0,-156865000.0,-48824000.0,-480398000.0,-12874000.0,16868000.0,291721000.0,5875000.0,175540000.0,175540000.0,175540000.0,0.0,4521000.0,0.069,2259210000.0,287346000.0,193416000,0.299,0.623,19.351,20.307,229982000,0.0,25.79,1.334,1.358,325228000,1766359000,2546556000.0,2546556000.0,0.0,0.022,0.032,0.114,0.122,49947000.0,2047523000.0,1.0,131713033,134098000,,18.99,2768837000.0,279482000.0,57191000.0,211395000.0,20.648,1231946000.0
32,LM,ART,2012-06-30,2012-08-07,2012-06-30,2020-07-31,58390000,7799007000.0,8246241250.0,1679006000.0,6120001000.0,0.312,39.334,-28090000.0,788922000,788922000,0.0,156349000.0,3.31,0.425,1426361000,51066000.0,1375295000.0,1426361000,0.0,87995000.0,0.0,0.013,0.35,275045000.0,363040000.0,0.141,363040000.0,275045000.0,190595000.0,1.06,1.06,1.06,5456390000,5571597500.0,5456390000,4150275107,15.0,11.432,265036000.0,1.911,1.0,2576158000.0,1.0,5112276000,84450000.0,2816956000.0,2757124500.0,0.0,672073000,374944000.0,297129000.0,2321115000.0,507214000.0,1813901000.0,3512836107,-438135000.0,0.0,-360186000.0,-257744000.0,-45636000.0,-694418000.0,-18396000.0,498000.0,293126000.0,-18447000.0,151407000.0,151407000.0,151407000.0,0.0,4942000.0,0.059,2261694000.0,314464000.0,195504000,0.33,0.644,23.201,24.538,232401000,0.0,26.01,1.364,1.401,311471000,1699807000,2576158000.0,2576158000.0,0.0,0.018,0.027,0.1,0.107,49038000.0,2032060000.0,1.0,135057136,138720000,,18.571,2686731000.0,303319000.0,39188000.0,225717000.0,19.368,1171792000.0
33,LM,ART,2012-03-31,2012-05-25,2012-03-31,2020-07-31,71472000,8555747000.0,8444724500.0,2457794000.0,6097953000.0,0.315,40.211,-28762000.0,1410569000,1410569000,0.0,231031000.0,2.519,0.503,1658599000,251278000.0,1407321000.0,1658599000,0.0,93795000.0,0.0,0.013,0.32,380453000.0,474248000.0,0.178,474248000.0,380453000.0,292869000.0,1.54,1.54,1.54,5677291000,5644099500.0,5677291000,3851153400,10.0,8.121,468007000.0,3.315,1.0,2662574000.0,1.0,5131911000,87584000.0,2696084000.0,2774018250.0,0.0,738547000,443694000.0,294853000.0,2854425000.0,975782000.0,1878643000.0,3603123400,6345000.0,0.0,-397259000.0,-19323000.0,-43602000.0,-481780000.0,2330000.0,19871000.0,496769000.0,-10974000.0,220817000.0,220817000.0,220817000.0,0.0,10214000.0,0.083,2323821000.0,338753000.0,195808000,0.208,0.635,16.317,16.571,239411000,0.0,25.52,1.353,1.353,333777000,1727616000,2662574000.0,2662574000.0,0.0,0.026,0.039,0.137,0.143,48735000.0,2078938000.0,1.0,141188221,141188221,,18.858,3423836000.0,260097000.0,72052000.0,242567000.0,24.25,1482012000.0
34,LM,ART,2011-12-31,2012-02-07,2011-12-31,2020-07-31,64262000,8371062000.0,8482726750.0,2231546000.0,6139516000.0,0.322,39.963,-33545000.0,1266192000,1266192000,0.0,224990000.0,2.477,0.49,1642519000,251266000.0,1391253000.0,1642519000,0.0,99933000.0,0.0,0.011,0.3,372857000.0,472790000.0,0.173,472790000.0,372857000.0,284511000.0,1.42,1.42,1.42,5596972000,5667372750.0,5596972000,4161580002,11.0,8.802,517478000.0,3.695,1.0,2727413000.0,1.0,5139906000,88346000.0,2706545000.0,2814552500.0,0.0,742810000,452157000.0,290653000.0,2745274000.0,900938000.0,1844336000.0,3785253002,-28938000.0,0.0,-466435000.0,-11400000.0,-41564000.0,-541665000.0,-25450000.0,1100000.0,551023000.0,-12846000.0,213785000.0,213785000.0,213785000.0,0.0,11205000.0,0.078,2361732000.0,365681000.0,210698000,0.211,0.676,17.706,19.077,246331000,0.0,27.09,1.388,1.391,310514000,1662990000,2727413000.0,2727413000.0,0.0,0.025,0.038,0.132,0.137,52356000.0,2103211000.0,1.0,139728793,140053000,,19.474,3231156000.0,287236000.0,70726000.0,247936000.0,23.071,1330608000.0
35,LM,ART,2011-09-30,2011-11-08,2011-09-30,2020-07-31,60952000,8259149000.0,8532134500.0,2104923000.0,6154226000.0,0.331,38.614,-35808000.0,1117720000,1117720000,0.0,243213000.0,2.566,0.478,1635382000,251008000.0,1384374000.0,1635382000,0.0,81341000.0,0.0,0.01,0.28,428088000.0,509429000.0,0.18,509429000.0,428088000.0,339184000.0,1.63,1.63,1.63,5555737000,5708693750.0,5555737000,4403345145,10.0,8.644,382870000.0,2.661,1.0,2822363000.0,1.0,5147525000,88904000.0,2808913000.0,2861732250.0,0.0,737335000,444540000.0,292795000.0,2657784000.0,820373000.0,1837411000.0,3885683145,-190255000.0,0.0,-502793000.0,-24492000.0,-36375000.0,-568923000.0,-30486000.0,-2383000.0,418678000.0,-9524000.0,247273000.0,247273000.0,247273000.0,0.0,-4060000.0,0.088,2419013000.0,403350000.0,189440000,0.172,0.699,15.714,17.055,266302000,0.0,27.8,1.377,1.417,326173000,1638025000,2822363000.0,2822363000.0,0.0,0.029,0.043,0.15,0.152,56963000.0,2155160000.0,1.0,139772775,143877000,,19.616,3111624000.0,279953000.0,91911000.0,247933000.0,21.627,1284550000.0
36,LM,ART,2011-06-30,2011-08-08,2011-06-30,2020-07-31,106792000,8592940000.0,8598234750.0,2380461000.0,6212479000.0,0.329,38.512,-36920000.0,1244993000,1244993000,0.0,262418000.0,2.601,0.487,1636318000,250996000.0,1385322000.0,1636318000,0.0,92145000.0,0.0,0.01,0.24,477898000.0,570043000.0,0.202,570043000.0,477898000.0,386181000.0,1.74,1.74,1.74,5746398000,5743291250.0,5746398000,3981023514,8.0,6.984,273663000.0,1.834,1.0,2827260000.0,1.0,5184377000,91717000.0,2884531000.0,2858771750.0,0.0,784897000,486615000.0,298282000.0,2798551000.0,915357000.0,1883194000.0,3589698514,56835000.0,0.0,-318330000.0,82245000.0,-29406000.0,-263779000.0,-10654000.0,24649000.0,310583000.0,20685000.0,265944000.0,265944000.0,265944000.0,0.0,-3526000.0,0.094,2442863000.0,384397000.0,207976000,0.138,0.625,13.498,14.006,277857000,0.0,24.37,1.27,1.286,351565000,1596529000,2827260000.0,2827260000.0,0.0,0.031,0.046,0.167,0.169,56655000.0,2183394000.0,1.0,147299898,149210000,,18.948,3408563000.0,300006000.0,120237000.0,284983000.0,22.844,1465104000.0
37,LM,ART,2011-03-31,2011-05-27,2011-03-31,2020-07-31,93361000,8707756000.0,8532902250.0,2446556000.0,6261200000.0,0.326,38.786,-32904000.0,1422324000,1422324000,0.0,245763000.0,2.525,0.503,1730188000,250792000.0,1479396000.0,1730188000,0.0,102748000.0,0.0,0.006,0.2,465514000.0,568262000.0,0.204,568262000.0,465514000.0,373357000.0,1.63,1.63,1.63,5770384000,5705567000.0,5770384000,5271045638,11.0,9.276,379236000.0,2.549,1.0,2784317000.0,1.0,5188427000,92157000.0,2858221000.0,2846197250.0,0.0,796104000,483339000.0,312765000.0,2900660000.0,968972000.0,1931688000.0,4963181638,-89970000.0,0.0,-431025000.0,-3515000.0,-26813000.0,-468466000.0,-44471000.0,-11567000.0,412140000.0,10827000.0,253923000.0,253923000.0,253923000.0,0.0,-8160000.0,0.091,2397509000.0,386808000.0,207870000,0.123,0.86,19.546,20.466,286705000,0.0,33.36,1.783,1.783,366571000,1550906000,2784317000.0,2784317000.0,0.0,0.03,0.045,0.164,0.167,56245000.0,2152974000.0,1.0,148776428,148776428,,18.715,3519329000.0,314568000.0,119434000.0,266193000.0,23.655,1477584000.0
38,LM,ART,2010-12-31,2011-02-08,2010-12-31,2020-07-31,85964000,8568693000.0,8509391000.0,2297516000.0,6271177000.0,0.322,38.42,-32234000.0,1313321000,1313321000,0.0,240096000.0,2.629,0.481,1710501000,252314000.0,1458187000.0,1710501000,0.0,113767000.0,0.0,0.005,0.17,467448000.0,581215000.0,0.212,581215000.0,467448000.0,372688000.0,1.61,1.61,1.61,5762256000,5723402000.0,5762256000,5696556271,12.0,9.801,858086000.0,5.721,1.0,2742307000.0,1.0,5196594000,94760000.0,2895264000.0,2696820000.0,0.0,713497000,426923000.0,286574000.0,2774143000.0,874015000.0,1900128000.0,5299376271,-123610000.0,-3003000.0,-362920000.0,-566961000.0,-22455000.0,-955746000.0,-67304000.0,3235000.0,890320000.0,9120000.0,248493000.0,248493000.0,248493000.0,0.0,-8397000.0,0.091,2348803000.0,393504000.0,207988000,0.106,0.92,21.326,21.621,294587000,0.0,34.81,1.932,1.904,374592000,1492771000,2742307000.0,2742307000.0,0.0,0.029,0.043,0.173,0.17,54055000.0,2104850000.0,1.0,152237181,149980000,,18.284,3372099000.0,311603000.0,124195000.0,260765000.0,22.484,1423501000.0
39,LM,ART,2010-09-30,2010-11-09,2010-09-30,2020-07-31,78281000,8523550000.0,8642407750.0,2235471000.0,6288079000.0,0.314,37.606,-37588000.0,1320685000,1320685000,0.0,232965000.0,2.522,0.491,1686984000,252850000.0,1434134000.0,1686984000,0.0,138166000.0,0.0,0.004,0.14,449816000.0,587982000.0,0.217,587982000.0,449816000.0,348204000.0,1.48,1.48,1.48,5694127000,5729191000.0,5694127000,5545348594,12.0,9.431,894305000.0,5.906,1.0,2710858000.0,1.0,5206399000,101612000.0,2797071000.0,2672308250.0,0.0,692585000,408239000.0,284346000.0,2798393000.0,886379000.0,1912014000.0,5179049594,-221821000.0,-183372000.0,-326501000.0,-554737000.0,-21112000.0,-918267000.0,-241064000.0,-1315000.0,931893000.0,5617000.0,231795000.0,231795000.0,231795000.0,0.0,1170000.0,0.086,2335198000.0,375660000.0,203196000,0.095,0.91,22.343,22.872,333677000,0.0,33.85,1.91,1.891,344697000,1449526000,2710858000.0,2710858000.0,0.0,0.027,0.04,0.168,0.166,48576000.0,2118744000.0,1.0,152999988,151416000,,17.903,3317151000.0,281809000.0,116409000.0,260892000.0,21.908,1349092000.0
40,LM,ART,2010-06-30,2010-08-09,2010-06-30,2020-07-31,48673000,8331610000.0,8810683250.0,2019840000.0,6311770000.0,0.306,34.945,-54047000.0,1170852000,1170852000,0.0,203699000.0,2.515,0.484,1678656000,253852000.0,1424804000.0,1678656000,0.0,138771000.0,0.0,0.004,0.13,425322000.0,564093000.0,0.209,564093000.0,425322000.0,319594000.0,1.28,1.28,1.28,5595501000,5738201000.0,5595501000,5082173106,12.0,9.009,896322000.0,5.598,1.0,2695960000.0,1.0,5202206000,105728000.0,2834233000.0,2799129000.0,0.0,657180000,368431000.0,288749000.0,2706146000.0,802975000.0,1903171000.0,4574369106,-357724000.0,-190896000.0,-308640000.0,-559910000.0,-20455000.0,-1038508000.0,-275658000.0,-23749000.0,950369000.0,6073000.0,202234000.0,202234000.0,202234000.0,0.0,1465000.0,0.075,2330315000.0,365645000.0,219801000,0.102,0.818,22.619,23.109,344810000,0.0,29.58,1.697,1.757,315929000,1379955000,2695960000.0,2695960000.0,0.0,0.023,0.035,0.152,0.158,45727000.0,2133371000.0,1.0,154643986,160123000,,16.837,3129404000.0,315011000.0,117360000.0,269045000.0,19.544,1216865000.0
41,LM,ART,2010-03-31,2010-05-28,2010-03-31,2020-07-31,58227000,8613711000.0,8988954000.0,2559146000.0,6054565000.0,0.293,35.721,-83967000.0,1510460000,1510460000,0.0,210980000.0,2.448,0.469,1420334000,255154000.0,1165180000.0,1420334000,0.0,139944000.0,0.0,0.004,0.12,449350000.0,589294000.0,0.224,589294000.0,449350000.0,323033000.0,1.33,1.32,1.33,5841724000,5514429500.0,5841724000,4770200060,11.0,8.095,1343761000.0,8.217,1.0,2634879000.0,1.0,5217518000,126317000.0,2260712000.0,3177149250.0,0.0,372060000,372060000.0,0.0,2742410000.0,1045355000.0,1697055000.0,4860326060,423801000.0,-190896000.0,4999000.0,-557969000.0,-48241000.0,-746720000.0,-276688000.0,-1825000.0,1427728000.0,19481000.0,204357000.0,204357000.0,204357000.0,0.0,6623000.0,0.078,2313696000.0,321183000.0,400574000,0.09,0.832,23.784,22.346,361819000,0.0,29.72,1.845,1.845,349245000,1316981000,2634879000.0,2634879000.0,0.0,0.023,0.037,0.141,0.171,46578000.0,2123294000.0,1.0,163537216,163537216,,16.112,3396193000.0,329590000.0,118676000.0,270578000.0,20.767,1513791000.0
42,LM,ART,2009-12-31,2010-02-05,2009-12-31,2020-07-31,63868000,9100760000.0,9165864750.0,3032495000.0,6068265000.0,0.282,35.976,-114297000.0,1433302000,1433302000,0.0,-179202000.0,1.886,0.568,1964633000,808087000.0,1156546000.0,1964633000,0.0,150530000.0,0.0,0.013,0.33,-323831000.0,-173301000.0,-0.067,-173301000.0,-323831000.0,-463628000.0,-1.38,-1.38,-1.38,5785412000,5167617750.0,5785412000,4546732916,-14.0,-26.236,676604000.0,4.207,1.0,2580670000.0,1.0,5226828000,139797000.0,2797217000.0,3868932000.0,0.0,410477000,410477000.0,0.0,3287914000.0,1608046000.0,1679868000.0,4015401916,-135291000.0,-136293000.0,5569000.0,-255556000.0,-77529000.0,-474688000.0,-446629000.0,-740925000.0,790901000.0,-4875000.0,-184331000.0,-184331000.0,-184331000.0,0.0,5129000.0,-0.071,2410658000.0,170012000.0,395873000,-0.239,0.694,-21.784,-18.022,374698000,0.0,24.87,1.556,1.55,352232000,1258943000,2580670000.0,2580670000.0,0.0,-0.02,-0.036,-0.084,-0.125,49714000.0,2153441000.0,1.0,161455646,160815000,,16.047,3873932000.0,875808000.0,-279297000.0,275819000.0,24.089,1424449000.0
43,LM,ART,2009-09-30,2009-11-06,2009-09-30,2020-07-31,61022000,9196652000.0,9424777250.0,2701329000.0,6495323000.0,0.277,37.881,-131250000.0,1570763000,1570763000,0.0,-1713258000.0,2.537,0.598,1957811000,258990000.0,1698821000.0,1957811000,0.0,157031000.0,0.0,0.018,0.54,-2649289000.0,-2492258000.0,-0.955,-2492258000.0,-2649289000.0,-2797330000.0,-12.21,-12.21,-12.21,5730167000,4926508250.0,5730167000,5259450526,-2.0,-2.11,1553022000.0,10.267,1.0,2610179000.0,1.0,5214716000,148041000.0,3304354000.0,4155569250.0,0.0,386597000,386597000.0,0.0,3428575000.0,1064630000.0,2363945000.0,4872402526,-288415000.0,104952000.0,19507000.0,-259391000.0,-106773000.0,-482469000.0,-1486504000.0,-1858748000.0,1684272000.0,-3714000.0,-1717076000.0,-1717076000.0,-1717076000.0,0.0,3818000.0,-0.658,3592320000.0,-982141000.0,389758000,-0.044,0.85,-2.838,-2.473,384111000,0.0,30.2,1.867,1.75,332826000,1218845000,2610179000.0,2610179000.0,0.0,-0.182,-0.349,-0.638,-1.015,53965000.0,2098590000.0,1.0,161337832,151267000,,17.255,3981936000.0,872957000.0,-1080254000.0,262756000.0,26.324,1636699000.0
44,LM,ART,2009-06-30,2009-08-05,2009-06-30,2020-07-31,38527000,9044693000.0,10245080500.0,2637562000.0,6407131000.0,0.285,33.1,-138960000.0,1574015000,1574015000,0.0,-1864331000.0,2.653,0.916,2996488000,257964000.0,2738524000.0,2996488000,0.0,166761000.0,0.0,0.027,0.75,-2873095000.0,-2706334000.0,-0.928,-2706334000.0,-2873095000.0,-3030339000.0,-13.25,-13.25,-13.25,4700415000,5082424000.0,4700415000,5434214290,-2.0,-2.008,861744000.0,6.068,1.0,2916420000.0,1.0,5126572000,157244000.0,4346314000.0,4300911250.0,0.0,356008000,356008000.0,0.0,4307652000.0,994280000.0,3313372000.0,4011741290,-776660000.0,112476000.0,20643000.0,-686608000.0,-136399000.0,-805259000.0,-953858000.0,-1199327000.0,1000704000.0,-18247000.0,-1866601000.0,-1866601000.0,-1866601000.0,0.0,2270000.0,-0.64,3756232000.0,-839812000.0,396908000,-0.057,0.853,-2.149,-2.122,380408000,0.0,28.12,1.376,1.369,297447000,1177376000,2916420000.0,2916420000.0,0.0,-0.182,-0.367,-0.668,-0.985,54342000.0,2244408000.0,1.0,142665053,142006000,,20.537,3918121000.0,868144000.0,-1163738000.0,256812000.0,27.591,1643282000.0
45,LM,ART,2009-03-31,2009-05-29,2009-03-31,2020-07-31,-2784000,9321354000.0,11213996250.0,2859387000.0,6461967000.0,0.299,31.397,50197000.0,1126162000,1126162000,0.0,-1947928000.0,2.232,1.093,3223392000,258188000.0,2965204000.0,3223392000,0.0,174064000.0,0.0,0.05,0.96,-3008316000.0,-2834252000.0,-0.844,-2834252000.0,-3008316000.0,-3158781000.0,-13.85,-13.85,-13.85,4454477000,5538038500.0,4454477000,4832618714,-2.0,-1.705,488083000.0,3.44,1.0,3357367000.0,1.0,5109548000,150465000.0,5027843000.0,4217762000.0,0.0,336092000,336092000.0,0.0,4866877000.0,1281193000.0,3585684000.0,2735388714,-379080000.0,112476000.0,31983000.0,409855000.0,-135878000.0,301146000.0,-1090906000.0,-1253579000.0,437886000.0,-27206000.0,-1947928000.0,-1947928000.0,-1947928000.0,0.0,0.0,-0.58,4026547000.0,-669180000.0,400761000,-0.069,0.614,-1.404,-1.392,367043000,0.0,19.28,0.815,0.815,293084000,1155660000,3357367000.0,3357367000.0,0.0,-0.174,-0.352,-0.713,-0.896,56993000.0,2500029000.0,1.0,141877008,141877008,,23.664,4211806000.0,1546268000.0,-1210853000.0,258944000.0,29.686,1578194000.0
46,LM,ART,2008-12-31,2009-02-09,2008-12-31,2020-07-31,7932000,10136410000.0,11841245750.0,4198767000.0,5937643000.0,0.322,34.187,49300000.0,2379796000,2379796000,0.0,-1878298000.0,2.068,1.103,3476318000,509138000.0,2967180000.0,3476318000,0.0,172696000.0,0.0,0.059,0.96,-2725348000.0,-2552652000.0,-0.67,-2552652000.0,-2725348000.0,-2865285000.0,-13.31,-13.27,-13.31,4820974000,6079545000.0,4820974000,3416832977,-1.0,-1.339,850575000.0,6.032,1.0,3809279000.0,1.0,5259072000,139937000.0,3943766000.0,3682522500.0,0.0,509114000,509114000.0,0.0,5315436000.0,2030094000.0,3285342000.0,2320310977,372850000.0,60797000.0,-146804000.0,1901567000.0,-101768000.0,1565020000.0,-2000242000.0,-1117257000.0,801275000.0,6797000.0,-1878298000.0,-1878298000.0,-1878298000.0,0.0,0.0,-0.493,4295520000.0,-486241000.0,425923000,-0.072,0.481,-1.235,-1.231,360533000,0.0,16.39,0.609,0.607,346067000,1515081000,3809279000.0,3809279000.0,0.0,-0.159,-0.309,-0.74,-0.715,55873000.0,2684294000.0,1.0,141568699,141019000,,27.013,4877338000.0,501233000.0,-986987000.0,0.0,34.586,2168673000.0
47,LM,ART,2008-09-30,2008-11-07,2008-09-30,2020-07-31,49969000,12477865000.0,11947493500.0,5355402000.0,7122463000.0,0.358,45.095,41455000.0,3060240000,3060240000,0.0,-235893000.0,2.215,0.959,3478814000,508358000.0,2970456000.0,3478814000,0.0,175339000.0,0.0,0.053,0.96,-232321000.0,-56982000.0,-0.013,-56982000.0,-232321000.0,-355610000.0,-1.67,-1.65,-1.67,6353830000,6632723000.0,6353830000,2974024222,-13.0,-52.192,-76782000.0,-0.545,1.0,4275935000.0,1.0,6592830000,123289000.0,3885722000.0,3042171750.0,0.0,1067892000,1067892000.0,0.0,6094035000.0,2417887000.0,3676148000.0,2555450222,457019000.0,-220647000.0,-150145000.0,2405503000.0,-136283000.0,2038172000.0,-1470228000.0,-59595000.0,-118237000.0,7312000.0,-235893000.0,-235893000.0,-235893000.0,0.0,0.0,-0.055,3347180000.0,928755000.0,464301000,-0.575,0.402,-10.833,-10.88,353469000,0.0,18.17,0.598,0.599,457981000,3037210000,4275935000.0,4275935000.0,0.0,-0.02,-0.036,-0.076,-0.054,51520000.0,2943536000.0,1.0,140641179,140900000,,30.347,5885035000.0,385865000.0,-119717000.0,371666000.0,41.767,2937515000.0
48,LM,ART,2008-06-30,2008-08-07,2008-06-30,2020-07-31,95881000,12920356000.0,11348253250.0,5780713000.0,7139643000.0,0.395,46.424,13294000.0,3425648000,3425648000,0.0,45322000.0,2.107,0.981,3906030000,931679000.0,2974351000.0,3906030000,0.0,176090000.0,0.0,0.024,0.96,190140000.0,366230000.0,0.082,366230000.0,190140000.0,87992000.0,0.32,0.32,0.32,6522873000,6756106000.0,6522873000,5970314511,31.0,16.302,836336000.0,5.952,1.0,4482149000.0,1.0,6643995000,102148000.0,4013717000.0,2291113250.0,0.0,1163414000,1163414000.0,0.0,6397483000.0,2743026000.0,3654457000.0,5489932511,1124834000.0,-221113000.0,-240982000.0,2783943000.0,-136772000.0,2328715000.0,-2043663000.0,-719169000.0,823042000.0,16740000.0,45322000.0,45322000.0,45322000.0,0.0,0.0,0.01,3495189000.0,986960000.0,521537000,3.0,0.842,121.132,122.656,349838000,0.0,39.25,1.225,1.23,507837000,3174974000,4482149000.0,4482149000.0,0.0,0.004,0.007,0.083,0.042,53763000.0,3090163000.0,1.0,139870892,140505000,,31.9,6276361000.0,323129000.0,42670000.0,348070000.0,44.67,3037687000.0
49,LM,ART,2008-03-31,2008-05-29,2008-03-31,2020-07-31,82930000,11830352000.0,10539710750.0,4685752000.0,7144600000.0,0.44,47.575,-184275000.0,2315242000,2315242000,0.0,267610000.0,1.71,0.787,2757773000,932119000.0,1825654000.0,2757773000,0.0,180222000.0,0.0,0.018,0.96,526286000.0,706508000.0,0.152,706508000.0,526286000.0,443605000.0,1.88,1.86,1.88,6620503000,6815503750.0,6620503000,7975171132,15.0,11.288,780094000.0,5.606,1.0,4634086000.0,1.0,6646551000,82681000.0,2886885000.0,1674810750.0,0.0,1102746000,1093723000.0,9023000.0,5209849000.0,2739447000.0,2470402000.0,7532640132,279937000.0,-222358000.0,-242025000.0,1637733000.0,-132821000.0,1220613000.0,-1923415000.0,-665094000.0,964369000.0,18370000.0,267610000.0,267610000.0,267610000.0,0.0,0.0,0.058,3583910000.0,1050176000.0,185971000,0.511,1.138,28.148,28.793,346802000,0.0,54.13,1.625,1.625,524488000,3240359000,4634086000.0,4634086000.0,0.0,0.025,0.039,0.314,0.114,49345000.0,3165749000.0,1.0,139158325,139158325,,33.301,5183801000.0,235300000.0,175995000.0,355239000.0,37.251,1946305000.0
50,LM,ART,2007-12-31,2008-02-11,2007-12-31,2020-07-31,69030000,10561401000.0,9983244750.0,3093233000.0,7468168000.0,0.471,49.43,-178993000.0,1558160000,1558160000,0.0,695535000.0,1.435,0.502,1518226000,941010000.0,577216000.0,1518226000,0.0,184734000.0,0.0,0.013,0.93,1183779000.0,1368513000.0,0.291,1368513000.0,1183779000.0,1111064000.0,4.9,4.81,4.9,7033686000,6795750500.0,7033686000,9236452991,8.0,6.749,600849000.0,4.222,1.0,4706760000.0,1.0,6983647000,72715000.0,1382363000.0,1293885750.0,0.0,571853000,561283000.0,10570000.0,3527715000.0,2155457000.0,1372258000.0,9276386991,117957000.0,-255316000.0,-58941000.0,348309000.0,-162627000.0,175180000.0,-846694000.0,-44195000.0,779842000.0,9629000.0,695535000.0,695535000.0,695535000.0,0.0,0.0,0.148,3521734000.0,1185026000.0,184724000,0.19,1.319,13.337,14.255,328921000,0.0,69.85,1.971,2.112,612002000,3529399000,4706760000.0,4706760000.0,0.0,0.07,0.102,0.915,0.252,46522000.0,3245785000.0,1.0,132804395,142297000,,33.077,3577754000.0,17036000.0,415529000.0,496548000.0,25.143,937776000.0
51,LM,ART,2007-09-30,2007-11-09,2007-09-30,2020-07-31,63799000,10080904000.0,9726921750.0,2668266000.0,7412638000.0,0.478,48.076,-173700000.0,1379503000,1379503000,0.0,715586000.0,1.442,0.472,1018588000,431459000.0,587129000.0,1018588000,0.0,191058000.0,0.0,0.012,0.9,1212833000.0,1403891000.0,0.302,1403891000.0,1212833000.0,1142448000.0,5.04,4.95,5.04,6847362000,6631234750.0,6847362000,9225074960,8.0,6.571,762212000.0,5.352,1.0,4653089000.0,1.0,6988740000,70385000.0,881488000.0,1333344000.0,0.0,355529000,345810000.0,9719000.0,3233542000.0,1849761000.0,1383781000.0,9585989960,366299000.0,-42869000.0,-67158000.0,-216920000.0,-123831000.0,-360755000.0,-218066000.0,-1497000.0,935912000.0,9208000.0,715586000.0,715586000.0,715586000.0,-572000.0,0.0,0.154,3546660000.0,1106429000.0,200174000,0.179,1.4,13.396,14.383,282376000,0.0,72.49,2.06,2.219,593065000,3409173000,4653089000.0,4653089000.0,0.0,0.074,0.108,0.91,0.261,44295000.0,3264605000.0,1.0,132238791,142427000,,32.67,3092164000.0,31982000.0,426862000.0,474925000.0,21.711,818505000.0
52,LM,ART,2007-06-30,2007-08-07,2007-06-30,2020-07-31,49247000,9686186000.0,9525778250.0,2466658000.0,7219528000.0,0.474,47.573,-130562000.0,1191121000,1191121000,0.0,681798000.0,2.101,0.433,1067280000,6300000.0,1060980000.0,1067280000,0.0,197131000.0,0.0,0.01,0.87,1169543000.0,1366674000.0,0.303,1366674000.0,1169543000.0,1097105000.0,4.81,4.72,4.81,6760464000,6471081000.0,6760464000,11441496290,10.0,8.372,720087000.0,5.067,1.0,4511423000.0,1.0,6840021000,72438000.0,1548507000.0,1471871000.0,0.0,311170000,301772000.0,9398000.0,2925722000.0,1173817000.0,1751905000.0,11565337290,83077000.0,-446323000.0,31412000.0,-169474000.0,-114872000.0,-201648000.0,-571982000.0,-359000.0,850649000.0,6058000.0,681798000.0,681798000.0,681798000.0,-572000.0,0.0,0.151,3448396000.0,1063027000.0,178637000,0.181,1.711,16.963,18.11,241835000,0.0,87.11,2.564,2.744,616623000,3266173000,4511423000.0,4511423000.0,0.0,0.072,0.105,0.795,0.259,41947000.0,3157829000.0,1.0,132767045,142107000,,31.747,2846165000.0,35802000.0,415307000.0,466365000.0,20.028,1292841000.0
53,LM,ART,2007-03-31,2007-05-30,2007-03-31,2020-07-31,37895000,9604488000.0,9422532000.0,2391507000.0,7212981000.0,0.461,49.636,-112026000.0,1183617000,1183617000,0.0,646818000.0,1.823,0.468,1112624000,5117000.0,1107507000.0,1112624000,0.0,202117000.0,0.0,0.008,0.81,1115904000.0,1318021000.0,0.303,1318021000.0,1115904000.0,1044430000.0,4.58,4.48,4.58,6541490000,6297354500.0,6541490000,13241121466,12.0,10.046,793445000.0,6.021,1.0,4343675000.0,1.0,6858249000,71474000.0,1363185000.0,1390063500.0,0.0,282761000,273166000.0,9595000.0,3062998000.0,1312061000.0,1750937000.0,13312114466,160147000.0,-445078000.0,26728000.0,-144323000.0,-109919000.0,-209431000.0,-542103000.0,15001000.0,905471000.0,6210000.0,646818000.0,646818000.0,646818000.0,-572000.0,0.0,0.149,3315377000.0,1028298000.0,160656000,0.177,2.035,20.581,22.055,219437000,0.0,101.01,3.065,3.065,585857000,3112844000,4343675000.0,4343675000.0,0.0,0.069,0.103,0.803,0.257,40654000.0,3026756000.0,1.0,131790065,131790065,,32.959,2746239000.0,33873000.0,397612000.0,444218000.0,20.838,1079446000.0
54,LM,ART,2006-12-31,2007-02-07,2006-12-31,2020-07-31,32397000,9536109000.0,9347032500.0,2305228000.0,7230881000.0,0.455,45.082,-109996000.0,1072013000,1072013000,0.0,624398000.0,1.884,0.496,1162660000,4160000.0,1158500000.0,1162660000,0.0,203302000.0,0.0,0.007,0.78,1094602000.0,1297904000.0,0.305,1297904000.0,1094602000.0,1022135000.0,4.15,4.14,4.15,6375623000,6124511000.0,6375623000,13885916134,13.0,10.699,312310000.0,2.208,1.0,4254027000.0,1.0,6862669000,72467000.0,1540196000.0,1341863750.0,0.0,242736000,211796000.0,30940000.0,3160486000.0,1223891000.0,1936595000.0,13795269134,28272000.0,-399161000.0,62103000.0,-175085000.0,-82960000.0,-181201000.0,-216066000.0,293091000.0,422306000.0,3233000.0,624398000.0,624398000.0,624398000.0,1021000.0,0.0,0.147,3251501000.0,1002526000.0,167895000,0.188,2.164,22.094,25.277,201641000,0.0,104.9,3.243,3.487,587629000,2970235000,4254027000.0,4254027000.0,0.0,0.067,0.102,0.816,0.257,29731000.0,2956399000.0,1.0,131508762,141422000,,30.08,2673440000.0,55767000.0,397737000.0,453095000.0,18.904,1081337000.0
55,LM,ART,2006-09-30,2006-11-07,2006-09-30,2020-07-31,23828000,9276330000.0,9322096250.0,2044492000.0,7231838000.0,0.409,43.948,-89201000.0,1013204000,1013204000,0.0,1210068000.0,1.756,0.495,1227380000,66114000.0,1161266000.0,1227380000,0.0,178060000.0,0.0,0.008,0.75,1635819000.0,1813879000.0,0.476,1813879000.0,1635819000.0,1569034000.0,9.15,8.73,9.15,6206747000,5940775750.0,6206747000,12401835321,8.0,6.837,718653000.0,5.089,1.0,3810043000.0,1.0,6890818000,66785000.0,1435596000.0,1339173250.0,0.0,180176000,171424000.0,8752000.0,3069583000.0,1164092000.0,1905491000.0,12187659321,230635000.0,-1300184000.0,95687000.0,599940000.0,-75777000.0,629613000.0,-1036102000.0,357875000.0,807854000.0,3763000.0,1210068000.0,1210068000.0,1210068000.0,-657925000.0,0.0,0.318,2916678000.0,893365000.0,179972000,0.082,1.964,10.072,10.136,192829000,0.0,92.74,3.199,3.438,520856000,2825407000,3810043000.0,3810043000.0,0.0,0.13,0.204,1.222,0.429,20444000.0,2627389000.0,1.0,131417504,141229000,,26.978,2385512000.0,38333000.0,358966000.0,404362000.0,16.891,880400000.0
56,LM,ART,2006-06-30,2006-08-08,2006-06-30,2020-07-31,24670000,9273201000.0,9045350500.0,2108396000.0,7164805000.0,0.359,43.249,-98663000.0,1108044000,1108044000,0.0,1187428000.0,1.554,0.529,1226900000,66067000.0,1160833000.0,1226900000,0.0,141515000.0,0.0,0.008,0.72,1565619000.0,1707134000.0,0.526,1707134000.0,1565619000.0,1506947000.0,9.21,8.72,9.21,6065558000,5068420000.0,6065558000,11246658671,7.0,6.588,557711000.0,3.977,1.0,3245746000.0,1.0,6814365000,58672000.0,1221277000.0,1498318750.0,0.0,163425000,153825000.0,9600000.0,3207643000.0,1356415000.0,1851228000.0,11127802671,344755000.0,-896308000.0,126686000.0,600123000.0,-87145000.0,642299000.0,-713395000.0,291430000.0,656374000.0,3995000.0,1187428000.0,1187428000.0,1187428000.0,-686826000.0,0.0,0.366,2448828000.0,796918000.0,158293000,0.078,1.835,9.371,9.213,192364000,0.0,84.85,3.428,3.666,504268000,2711518000,3245746000.0,3245746000.0,0.0,0.131,0.234,1.045,0.482,9812000.0,2208948000.0,1.0,131146761,140247000,,23.143,2458836000.0,48908000.0,319519000.0,391281000.0,17.532,751981000.0
57,LM,ART,2006-03-31,2006-06-09,2006-03-31,2020-07-31,14944000,9302490000.0,8669376000.0,2126731000.0,7175759000.0,0.305,45.075,-85204000.0,1023470000,1023470000,0.0,1144168000.0,1.331,0.59,1286187000,120110000.0,1166077000.0,1286187000,0.0,103641000.0,0.0,0.007,0.72,1472411000.0,1576052000.0,0.596,1576052000.0,1472411000.0,1419763000.0,9.5,8.8,9.5,5850116000,4172870000.0,5850116000,12862399546,9.0,8.161,459557000.0,3.541,1.0,2645212000.0,1.0,6797115000,52648000.0,1170386000.0,1684901500.0,0.0,168478000,142206000.0,26272000.0,3452374000.0,1597706000.0,1854668000.0,12599682546,228349000.0,-896308000.0,140454000.0,625467000.0,-78626000.0,687295000.0,-1003581000.0,-17477000.0,544761000.0,-126000.0,1144168000.0,1144168000.0,1144168000.0,-710461000.0,0.0,0.433,1965482000.0,679730000.0,135607000,0.076,2.154,11.012,10.219,182609000,0.0,97.08,4.763,4.763,560407000,2580898000,2645212000.0,2645212000.0,0.0,0.132,0.274,0.874,0.557,0.0,1776061000.0,1.0,129786594,129786594,,20.381,2505375000.0,0.0,275595000.0,0.0,19.304,529025000.0
58,LM,ART,2005-12-31,2006-02-09,2005-12-31,2020-07-31,12094000,9436364000.0,8398621500.0,2639394000.0,6796970000.0,0.269,46.235,-72191000.0,1043741000,1043741000,0.0,1111759000.0,1.458,0.632,1284476000,184560000.0,1099916000.0,1284476000,0.0,67794000.0,0.0,0.005,0.66,1391134000.0,1458928000.0,0.646,1458928000.0,1391134000.0,1357586000.0,9.45,8.7,9.45,5640682000,3283627500.0,5640682000,16589264868,12.0,11.371,707702000.0,5.801,1.0,2258081000.0,1.0,6337882000,33548000.0,1529434000.0,2540802250.0,0.0,719146000,645616000.0,73530000.0,3565924000.0,1809783000.0,1756141000.0,16348529868,396812000.0,-910141000.0,113389000.0,707254000.0,-91343000.0,729300000.0,-1113467000.0,-136905000.0,779893000.0,1086000.0,1111759000.0,1111759000.0,1111759000.0,-712054000.0,0.0,0.492,1612730000.0,645351000.0,0,0.07,2.898,14.705,13.968,158648000,0.0,132.0,7.24,7.132,527721000,2457723000,2258081000.0,2258081000.0,0.0,0.132,0.339,0.548,0.616,0.0,1456546000.0,1.0,123852499,121999000,,18.509,3098482000.0,0.0,245827000.0,443386000.0,25.398,829611000.0
59,LM,ART,2005-09-30,2005-11-09,2005-09-30,2020-07-31,11481000,8169347000.0,7972837250.0,6390755000.0,1778592000.0,0.277,24.331,-57014000.0,782569000,782569000,0.0,464166000.0,1.394,2.006,700078000,103358000.0,596720000.0,700078000,0.0,55468000.0,0.0,0.006,0.63,734403000.0,789871000.0,0.358,789871000.0,734403000.0,713680000.0,4.32,3.88,4.32,2717324000,2414291750.0,2717324000,12910441078,18.0,16.345,423793000.0,3.795,1.0,2205880000.0,1.0,1431047000,20723000.0,2072178000.0,3193757000.0,0.0,488392000,358000000.0,130392000.0,5452023000.0,4583631000.0,868392000.0,12992932078,374944000.0,-155997000.0,398626000.0,-32910000.0,-84289000.0,281427000.0,-562047000.0,-359398000.0,480807000.0,264000.0,464166000.0,464166000.0,464166000.0,-52536000.0,0.0,0.21,1514727000.0,691153000.0,0,0.146,4.782,27.992,26.38,113850000,0.0,113.96,5.89,5.77,277263000,1720457000,2205880000.0,2205880000.0,0.0,0.058,0.192,0.23,0.333,0.0,1385971000.0,1.0,114013093,111682000,,19.751,6738300000.0,0.0,249514000.0,0.0,60.335,1807124000.0
60,LM,ART,2005-06-30,2005-08-09,2005-06-30,2020-07-31,10576000,7769303000.0,7687493250.0,6044760000.0,1724543000.0,0.3,22.824,-45458000.0,763289000,763289000,0.0,434792000.0,1.389,2.129,749841000,103322000.0,646519000.0,749841000,0.0,55444000.0,0.0,0.006,0.6,695908000.0,751352000.0,0.326,751352000.0,695908000.0,685752000.0,4.14,3.7,4.14,2483358000,2167041250.0,2483358000,11585178112,17.0,15.419,486728000.0,4.473,1.0,2307457000.0,1.0,1437046000,10156000.0,1967608000.0,3677834750.0,0.0,378709000,294400000.0,84309000.0,5285945000.0,4351201000.0,934744000.0,11598626112,127259000.0,-558453000.0,347728000.0,-53211000.0,-57832000.0,236685000.0,-886755000.0,-293206000.0,532186000.0,625000.0,434792000.0,434792000.0,434792000.0,-23635000.0,0.0,0.188,1588011000.0,719446000.0,0,0.145,4.671,26.676,25.483,95361000,0.0,105.5,5.027,4.975,259451000,1619964000,2307457000.0,2307457000.0,0.0,0.057,0.201,0.189,0.302,0.0,1437795000.0,1.0,109939584,108803000,,21.208,6332257000.0,0.0,250960000.0,0.0,58.199,1693559000.0
61,LM,ART,2005-03-31,2005-06-03,2005-03-31,2020-07-31,15710000,8219472000.0,7619273250.0,,,0.316,21.338,-52644000.0,3575090000,3575090000,0.0,408431000.0,,2.584,1399076000,,,1399076000,0.0,55277000.0,0.0,0.008,0.7,658707000.0,713984000.0,0.296,713984000.0,658707000.0,658707000.0,3.95,3.53,3.95,2293146000,1958435000.0,2293146000,7047019005,11.0,9.87,358889000.0,3.339,1.0,2408708000.0,1.0,1449469000,0.0,4593989000.0,4179978750.0,0.0,1297576000,,,5926326000.0,,,9223033005,109077000.0,-559904000.0,329607000.0,20000000.0,-51728000.0,297879000.0,-602013000.0,173000.0,411533000.0,1678000.0,408431000.0,408431000.0,408431000.0,0.0,0.0,0.17,1674774000.0,733934000.0,3419257000,0.177,4.022,22.582,21.727,119536000,0.0,85.82,3.829,3.829,1471595000,1523875000,2408708000.0,2408708000.0,0.0,0.054,0.209,0.158,0.273,0.0,1498519000.0,1.0,107469506,107469506,,22.413,6770003000.0,0.0,250276000.0,0.0,62.995,
62,LM,ART,2004-12-31,2005-02-08,2004-12-31,2020-07-31,17304000,7733227000.0,7380150500.0,,,0.312,21.05,-119525000.0,3286990000,3286990000,0.0,382711000.0,,2.575,1150941000,,,1150941000,0.0,53681000.0,0.0,0.006,0.5,615311000.0,668992000.0,0.29,668992000.0,615311000.0,615311000.0,3.76,3.363,3.76,2163339000,1775051000.0,2163339000,6343113006,10.0,9.482,289156000.0,2.814,1.0,2303309000.0,1.0,1455925000,0.0,4141253000.0,4003937000.0,0.0,1063671000,,,5569888000.0,,,8479162006,-101455000.0,-559308000.0,296735000.0,20000000.0,-46401000.0,270334000.0,-783511000.0,-169455000.0,408681000.0,3041000.0,382711000.0,382711000.0,382711000.0,0.0,0.0,0.166,1587252000.0,716057000.0,3493606000,0.133,3.919,22.156,21.29,98221000,0.0,80.05,3.681,3.572,1562483000,1422628000,2303309000.0,2303309000.0,0.0,0.052,0.216,0.154,0.267,0.0,1442655000.0,1.0,105923323,102771000,,22.412,6277302000.0,0.0,232600000.0,0.0,61.08,
63,LM,ART,2004-09-30,2004-11-05,2004-09-30,2020-07-31,11246000,7027971000.0,7150438500.0,,,0.304,16.956,-133068000.0,2828195000,2828195000,0.0,350834000.0,,3.066,1211754000,,,1211754000,0.0,50974000.0,0.0,0.007,0.45,567732000.0,618706000.0,0.285,618706000.0,567732000.0,567732000.0,3.467,3.097,3.467,1728322000,1605654000.0,1728322000,4991789673,9.0,8.068,437684000.0,4.294,1.0,2172943000.0,1.0,1403041000,0.0,4008489000.0,3814369000.0,0.0,902305000,,,5299649000.0,,,6608230673,90126000.0,-405760000.0,-19707000.0,51555000.0,-41056000.0,-9208000.0,-473637000.0,414000.0,570752000.0,2219000.0,350834000.0,350834000.0,350834000.0,0.0,0.0,0.161,1523222000.0,649721000.0,3153220000,0.13,3.823,18.836,18.915,108213000,0.0,65.58,3.041,3.076,1507308000,1325482000,2172943000.0,2172943000.0,0.0,0.049,0.218,0.149,0.261,0.0,1368136000.0,1.0,100765945,101932000,,21.318,5624930000.0,0.0,216898000.0,0.0,55.183,
64,LM,ART,2004-06-30,2004-08-06,2004-06-30,2020-07-31,8989000,7496423000.0,7021246250.0,,,0.294,16.234,-63004000.0,3410292000,3410292000,0.0,325812000.0,,3.546,1297809000,,,1297809000,0.0,49504000.0,0.0,0.008,0.4,522952000.0,572456000.0,0.278,572456000.0,522952000.0,522952000.0,3.233,2.907,3.233,1648933000,1522415250.0,1648933000,2820438391,5.0,4.927,211587000.0,2.083,1.0,2062707000.0,1.0,1407756000,0.0,3976184000.0,3670360500.0,0.0,860326000,,,5847490000.0,,,4932921391,242260000.0,-3259000.0,-8109000.0,13997000.0,-38153000.0,-32265000.0,-1104000.0,382000.0,274591000.0,1038000.0,325812000.0,325812000.0,325812000.0,-7266000.0,0.0,0.158,1483214000.0,579493000.0,3381841000,0.124,2.992,15.14,15.146,101690000,0.0,48.967,2.391,2.411,1457045000,1249370000,2062707000.0,2062707000.0,0.0,0.046,0.214,0.142,0.254,0.0,1308271000.0,1.0,100740396,101572500,,20.308,6088667000.0,0.0,197140000.0,0.0,59.944,
65,LM,ART,2004-03-31,2004-06-04,2004-03-31,2020-07-31,10949000,7262981000.0,6699410750.0,,,0.29,15.564,-51031000.0,3744473000,3744473000,0.0,297764000.0,,3.657,1281955000,,,1281955000,0.0,49958000.0,0.0,0.008,0.473,479465000.0,529423000.0,0.273,529423000.0,479465000.0,479465000.0,2.967,2.707,2.967,1559610000,1441382500.0,1559610000,3499133785,7.0,6.609,138377000.0,1.381,1.0,1941112000.0,1.0,910641000,0.0,3889822000.0,3486307500.0,0.0,870769000,,,5703371000.0,,,5961651785,177308000.0,-4510000.0,4995000.0,-29478000.0,-35238000.0,-59721000.0,44737000.0,35501000.0,189408000.0,2884000.0,297764000.0,297764000.0,297764000.0,-7156000.0,0.0,0.153,1421030000.0,520082000.0,3657103000,0.159,3.823,20.021,20.052,91753000,0.0,59.493,3.071,3.071,1377742000,1173282000,1941112000.0,1941112000.0,0.0,0.044,0.207,0.138,0.247,0.0,1246391000.0,1.0,100207056,100207056,,19.371,6352340000.0,0.0,181701000.0,0.0,63.392,
66,LM,ART,2003-12-31,2004-02-11,2003-12-31,2020-07-31,8930000,6814379000.0,6400528000.0,,,0.277,14.767,31538000.0,3576161000,3576161000,0.0,254505000.0,,3.586,1058562000,,,1058562000,0.0,51091000.0,0.0,0.006,0.347,411554000.0,462645000.0,0.261,462645000.0,411554000.0,411554000.0,2.547,2.36,2.547,1485751000,1363469250.0,1485751000,3639737458,9.0,7.867,240155000.0,2.387,1.0,1772191000.0,1.0,913799000,0.0,3382981000.0,3239983500.0,0.0,773985000,,,5328628000.0,,,6157336458,105309000.0,-4179000.0,19398000.0,-143470000.0,-32386000.0,-156458000.0,49366000.0,20556000.0,208617000.0,3784000.0,254505000.0,254505000.0,254505000.0,-7266000.0,0.0,0.144,1367903000.0,404288000.0,3559499000,0.136,4.144,24.193,24.287,75910000,0.0,61.86,3.474,3.512,1247435000,1091646000,1772191000.0,1772191000.0,0.0,0.04,0.187,0.127,0.232,0.0,1160177000.0,1.0,99536639,100611000,,17.614,5900580000.0,0.0,157049000.0,0.0,58.647,
67,LM,ART,2003-09-30,2003-11-14,2003-09-30,2020-07-31,2807000,6511202000.0,6250808000.0,,,0.263,13.937,36926000.0,3235562000,3235562000,0.0,221526000.0,,3.666,1069677000,,,1069677000,0.0,54043000.0,0.0,0.006,0.32,354676000.0,408719000.0,0.248,408719000.0,354676000.0,354676000.0,2.227,2.113,2.227,1395367000,1294244000.0,1395367000,3199693487,9.0,7.829,27661000.0,0.276,1.0,1645524000.0,1.0,912862000,0.0,3432455000.0,3153955500.0,0.0,839861000,,,5115835000.0,,,5365578487,-60374000.0,-2829000.0,9066000.0,-230178000.0,-29570000.0,-250682000.0,196337000.0,160789000.0,-9265000.0,3236000.0,221526000.0,221526000.0,221526000.0,-7266000.0,0.0,0.135,1298114000.0,347410000.0,3463326000,0.144,3.845,24.221,24.263,69550000,0.0,54.033,3.261,3.288,1242744000,1021049000,1645524000.0,1645524000.0,0.0,0.035,0.171,0.112,0.216,0.0,1106324000.0,1.0,99301268,100120500,,16.435,5598340000.0,0.0,133150000.0,0.0,55.916,
68,LM,ART,2003-06-30,2003-08-07,2003-06-30,2020-07-31,948000,6209081000.0,6126708500.0,,,0.254,13.347,-26375000.0,3142654000,3142654000,0.0,200257000.0,,3.687,1099331000,,,1099331000,0.0,55562000.0,0.0,0.006,0.293,323021000.0,378583000.0,0.243,378583000.0,323021000.0,323021000.0,2.02,1.933,2.02,1324802000,1237434500.0,1324802000,2588540461,8.0,6.837,232538000.0,2.343,1.0,1559161000.0,1.0,925786000,0.0,3239972000.0,3091884000.0,0.0,601198000,,,4884279000.0,,,4631863461,95775000.0,-5945000.0,-2962000.0,-212949000.0,-28874000.0,-244785000.0,78892000.0,109761000.0,258913000.0,2755000.0,200257000.0,200257000.0,200257000.0,0.0,0.0,0.128,1236140000.0,323021000.0,3336916000,0.145,3.496,23.13,22.528,68765000,0.0,45.507,2.971,2.897,1270928000,964613000,1559161000.0,1559161000.0,0.0,0.033,0.162,0.104,0.207,0.0,1066495000.0,1.0,101784284,99259500,,15.708,5283295000.0,0.0,122764000.0,0.0,53.227,
69,LM,ART,2003-03-31,2003-06-18,2003-03-31,2020-07-31,-3976000,6067450000.0,6065583250.0,,,0.252,12.786,-28828000.0,3274189000,3274189000,0.0,190909000.0,,3.862,1036185000,,,1036185000,0.0,55888000.0,0.0,0.007,0.293,308321000.0,364209000.0,0.238,364209000.0,308321000.0,308321000.0,1.927,1.853,1.927,1247957000,1190008750.0,1247957000,2023393757,7.0,5.556,276907000.0,2.837,1.0,1528246000.0,1.0,924920000,0.0,2904526000.0,3140313500.0,0.0,496211000,,,4819493000.0,,,4261397757,222375000.0,-3243000.0,-19285000.0,-85713000.0,-28195000.0,-133193000.0,47435000.0,78055000.0,305735000.0,2398000.0,190909000.0,190909000.0,190909000.0,0.0,0.0,0.125,1219925000.0,308321000.0,3321302000,0.152,3.415,22.322,22.657,69814000,0.0,43.66,2.788,2.788,1117667000,913670000,1528246000.0,1528246000.0,0.0,0.031,0.16,0.098,0.202,0.0,1054740000.0,1.0,97604163,97604163,,15.658,5142530000.0,0.0,117412000.0,0.0,52.688,
70,LM,ART,2002-12-31,2003-02-13,2002-12-31,2020-07-31,-5365000,6215499000.0,6033624250.0,,,0.255,12.214,-28069000.0,3441730000,3441730000,0.0,188340000.0,,4.142,1197715000,,,1197715000,0.0,57245000.0,0.0,0.009,0.28,305348000.0,362593000.0,0.236,362593000.0,305348000.0,305348000.0,1.907,1.827,1.907,1208850000,1149156500.0,1208850000,770144518,3.0,2.124,204503000.0,2.066,1.0,1538730000.0,1.0,932615000,0.0,3038869000.0,3221783750.0,0.0,463017000,,,5006649000.0,,,3014159518,189810000.0,-1551000.0,-11404000.0,-68368000.0,-27478000.0,-107250000.0,65150000.0,94769000.0,232572000.0,-662000.0,188340000.0,188340000.0,188340000.0,0.0,0.0,0.122,1233382000.0,305348000.0,3428511000,0.147,2.493,16.004,16.266,71115000,0.0,31.02,1.959,1.995,1153957000,872378000,1538730000.0,1538730000.0,0.0,0.031,0.164,0.095,0.198,0.0,1075219000.0,1.0,97168263,98973000,,15.547,5282884000.0,0.0,117008000.0,0.0,53.377,
71,LM,ART,2002-09-30,2002-11-13,2002-09-30,2020-07-31,-6716000,6014804000.0,6004854250.0,,,0.255,11.796,-26105000.0,3139271000,3139271000,0.0,181574000.0,,4.149,1245589000,,,1245589000,0.0,56314000.0,0.0,0.009,0.273,295531000.0,351845000.0,0.229,351845000.0,295531000.0,295531000.0,1.84,1.76,1.84,1168129000,1107785250.0,1168129000,1130735073,4.0,3.214,229685000.0,2.319,1.0,1533741000.0,1.0,936953000,0.0,3184169000.0,3342767000.0,0.0,584207000,,,4846675000.0,,,3024417073,176780000.0,-107235000.0,-4631000.0,28993000.0,-26749000.0,-2387000.0,-75661000.0,58173000.0,255790000.0,-962000.0,181574000.0,181574000.0,181574000.0,0.0,0.0,0.118,1238210000.0,295531000.0,3271950000,0.148,2.589,16.657,16.917,71832000,0.0,31.127,1.972,2.01,1128152000,831909000,1533741000.0,1533741000.0,0.0,0.03,0.164,0.088,0.193,0.0,1077467000.0,1.0,97164824,99030000,,15.488,5077851000.0,0.0,113957000.0,0.0,51.276,
72,LM,ART,2002-06-30,2002-08-06,2002-06-30,2020-07-31,-7265000,5964580000.0,5913046250.0,,,0.253,11.476,-23355000.0,2910989000,2910989000,0.0,166593000.0,,4.255,1319632000,,,1319632000,0.0,53819000.0,0.0,0.01,0.267,274264000.0,328083000.0,0.219,328083000.0,274264000.0,274264000.0,1.693,1.62,1.693,1135099000,1066912500.0,1135099000,1124792702,4.0,3.428,97108000.0,0.982,1.0,1497443000.0,1.0,939533000,0.0,3433690000.0,3422458000.0,0.0,651485000,,,4829481000.0,,,2716149702,-261093000.0,-785606000.0,11615000.0,440725000.0,-25966000.0,426374000.0,-808216000.0,3361000.0,120463000.0,286000.0,166593000.0,166593000.0,166593000.0,0.0,0.0,0.111,1223179000.0,274264000.0,3197160000,0.158,2.393,16.304,15.893,70583000,0.0,26.907,1.814,1.777,1084258000,793926000,1497443000.0,1497443000.0,0.0,0.028,0.156,0.08,0.183,0.0,1063643000.0,1.0,100947090,98907000,,15.14,5025047000.0,0.0,107671000.0,0.0,50.806,
73,LM,ART,2002-03-31,2002-06-28,2002-03-31,2020-07-31,-9896000,5939614000.0,5313620000.0,,,0.273,11.147,-20785000.0,2969990000,2969990000,0.0,152936000.0,,4.477,1198206000,,,1198206000,0.0,48202000.0,0.0,0.008,0.267,253249000.0,301451000.0,0.208,301451000.0,253249000.0,253249000.0,1.567,1.493,1.567,1084548000,1025142500.0,1084548000,1428466868,6.0,4.739,65513000.0,0.673,1.0,1451341000.0,1.0,937423000,0.0,3230407000.0,2892967500.0,0.0,583126000,,,4855066000.0,,,3200250868,-87771000.0,-792856000.0,19577000.0,636698000.0,-25149000.0,631126000.0,-804895000.0,11403000.0,86298000.0,-300000.0,152936000.0,152936000.0,152936000.0,0.0,0.0,0.105,1198092000.0,253249000.0,3284531000,0.17,2.951,20.925,20.991,69146000,0.0,32.893,2.205,2.205,1065589000,751635000,1451341000.0,1451341000.0,0.0,0.029,0.149,0.088,0.174,0.0,1044568000.0,1.0,97291778,97291778,,14.917,5002191000.0,0.0,100313000.0,0.0,51.414,
74,LM,ART,2001-12-31,2002-02-13,2001-12-31,2020-07-31,-8323000,6100419000.0,5456263000.0,,,0.256,10.636,-24606000.0,2962550000,2962550000,0.0,144158000.0,,4.847,1326298000,,,1326298000,0.0,41777000.0,0.0,0.007,0.253,241627000.0,283404000.0,0.203,283404000.0,241627000.0,241627000.0,1.493,1.407,1.493,1043365000,985935500.0,1043365000,1977640497,8.0,6.978,169228000.0,1.725,1.0,1394901000.0,1.0,941365000,0.0,3522802000.0,3446376500.0,0.0,654229000,,,5057054000.0,,,3613892497,360130000.0,-811123000.0,20393000.0,562721000.0,-23157000.0,559957000.0,-407784000.0,430675000.0,193834000.0,14123000.0,144158000.0,144158000.0,144158000.0,0.0,0.0,0.103,1153274000.0,241627000.0,3395326000,0.169,3.464,25.069,24.157,69955000,0.0,36.067,2.591,2.536,1185336000,712233000,1394901000.0,1394901000.0,0.0,0.026,0.146,0.07,0.173,0.0,1050738000.0,1.0,100200347,98098500,,14.219,5159054000.0,0.0,97469000.0,0.0,52.591,
75,LM,ART,2001-09-30,2001-11-14,2001-09-30,2020-07-31,-5189000,5647572000.0,5046797000.0,,,0.271,10.277,-29404000.0,2551753000,2551753000,0.0,144391000.0,,4.621,1239711000,,,1239711000,0.0,38482000.0,0.0,0.008,0.247,244374000.0,282856000.0,0.207,282856000.0,244374000.0,244374000.0,1.507,1.413,1.507,1004638000,917796250.0,1004638000,1819956314,7.0,6.434,-10298000.0,-0.105,1.0,1369220000.0,1.0,832597000,0.0,3502933000.0,3623701500.0,0.0,716957000,,,4642934000.0,,,3131998314,106991000.0,-705337000.0,22781000.0,541696000.0,-22358000.0,542119000.0,-468409000.0,270470000.0,19106000.0,14175000.0,144391000.0,144391000.0,144391000.0,0.0,0.0,0.105,1124846000.0,244374000.0,3126523000,0.164,3.118,21.691,20.792,71309000,0.0,31.333,2.287,2.237,1182076000,677812000,1369220000.0,1369220000.0,0.0,0.029,0.157,0.067,0.178,0.0,1014429000.0,1.0,99957393,97756500,,14.006,4814975000.0,0.0,99983000.0,0.0,49.255,
76,LM,ART,2001-06-30,2001-08-10,2001-06-30,2020-07-31,-7730000,,,,,,9.982,-32193000.0,2714850000,2714850000,0.0,151207000.0,,,872109000,,,872109000,,36096000.0,,0.008,0.24,256192000.0,292288000.0,0.214,292288000.0,256192000.0,256192000.0,1.58,1.48,1.58,968019000,880400000.0,968019000,1175948415,5.0,4.023,-102796000.0,-1.06,1.0,1364056000.0,1.0,155359000,0.0,,,,540443000,,,,,,3018689415,454287000.0,-23583000.0,21899000.0,152634000.0,-22261000.0,152272000.0,359329000.0,418409000.0,-70603000.0,13289000.0,151207000.0,151207000.0,151207000.0,0.0,0.0,0.111,1107864000.0,256192000.0,2929551000,0.152,3.118,19.964,19.165,70832000,0.0,30.28,2.213,2.153,1254253000,654083000,1364056000.0,1364056000.0,0.0,,0.172,,0.188,0.0,991836000.0,1.0,99692517,96975000,,14.066,,,104985000.0,,,
77,LM,ART,2001-03-31,2001-06-20,2001-03-31,2020-07-31,-7657000,4687626000.0,4604082500.0,,,0.296,9.787,-31894000.0,2498258000,2498258000,0.0,156230000.0,,4.053,515609000,,,515609000,0.0,36495000.0,0.0,0.007,0.24,265820000.0,302315000.0,0.222,302315000.0,265820000.0,265820000.0,1.633,1.533,1.633,927720000,841465500.0,927720000,1056929538,4.0,3.496,191755000.0,2.023,1.0,1360864000.0,1.0,149449000,0.0,2555528000.0,3388802500.0,0.0,503693000,,,3759906000.0,,,3039578538,342945000.0,-16601000.0,21037000.0,-124299000.0,-23615000.0,-126877000.0,233876000.0,286189000.0,223649000.0,12297000.0,156230000.0,156230000.0,156230000.0,0.0,0.0,0.115,1095044000.0,265820000.0,2954934000,0.147,3.276,19.456,19.637,71645000,0.0,32.067,2.234,2.234,1211480000,624665000,1360864000.0,1360864000.0,0.0,0.034,0.186,0.078,0.195,0.0,959210000.0,1.0,94789352,94789352,,14.357,4538177000.0,0.0,109590000.0,0.0,47.876,
78,LM,ART,2000-12-31,2001-02-09,2000-12-31,2020-07-31,482000,4812107000.0,4628439250.0,,,0.281,8.028,-26507000.0,2009306000,2009306000,0.0,166952000.0,,5.243,711323000,,,711323000,0.0,36975000.0,0.0,0.006,0.227,189304000.0,226279000.0,0.174,226279000.0,189304000.0,282405000.0,1.8,1.687,1.8,770808000,797517750.0,770808000,2165941540,11.0,9.572,4594000.0,0.048,1.0,1299655000.0,1.0,144173000,-93101000.0,3369951000.0,3776107000.0,0.0,925399000,,,4041299000.0,,,3463924540,-312744000.0,-2458000.0,22974000.0,-83646000.0,-23522000.0,-84194000.0,-259330000.0,-168392000.0,31101000.0,-321000.0,166952000.0,166952000.0,166952000.0,0.0,0.0,0.128,1110351000.0,189304000.0,2900932000,0.126,4.494,20.748,19.67,65136000,0.0,35.407,2.665,2.616,1349279000,593224000,1299655000.0,1299655000.0,0.0,0.036,0.209,0.05,0.146,0.0,905265000.0,1.0,97832552,96015000,,13.536,4667934000.0,0.0,115453000.0,0.0,48.617,
79,LM,ART,2000-09-30,2000-11-13,2000-09-30,2020-07-31,63000,4446022000.0,4580903000.0,,,0.282,8.945,-24834000.0,1390700000,1390700000,0.0,158973000.0,,4.2,834525000,,,834525000,0.0,34582000.0,0.0,0.007,0.22,211801000.0,246383000.0,0.191,246383000.0,211801000.0,268337000.0,1.753,1.647,1.753,855053000,776489000.0,855053000,2670649426,13.0,10.839,42360000.0,0.443,1.0,1293299000.0,1.0,145377000,-56536000.0,3744470000.0,3809166750.0,0.0,990770000,,,3590969000.0,,,3226824426,-61666000.0,-59762000.0,24747000.0,-33009000.0,-22230000.0,-30492000.0,-97676000.0,-8692000.0,67194000.0,-692000.0,158973000.0,158973000.0,158973000.0,0.0,0.0,0.123,1081498000.0,211801000.0,2501357000,0.125,3.774,20.298,18.871,63094000,0.0,33.08,2.495,2.445,1615305000,557762000,1293299000.0,1293299000.0,0.0,0.035,0.205,0.056,0.164,0.0,882623000.0,1.0,97546083,95586000,,13.53,4300645000.0,0.0,109364000.0,0.0,44.992,
80,LM,ART,2000-06-30,2000-08-10,2000-06-30,2020-07-31,-1137000,4470575000.0,4398481500.0,,,0.288,8.485,-22510000.0,1427329000,1427329000,0.0,150091000.0,,4.504,984350000,,,984350000,0.0,32010000.0,0.0,0.006,0.213,225073000.0,257083000.0,0.203,257083000.0,225073000.0,252736000.0,1.7,1.593,1.7,812281000,725946250.0,812281000,2893354859,13.0,11.255,211791000.0,2.212,1.0,1265006000.0,1.0,142335000,-27663000.0,3885261000.0,3570565750.0,0.0,1091267000,,,3658294000.0,,,3336333859,-70412000.0,-87905000.0,24301000.0,-15569000.0,-20065000.0,-11333000.0,-292701000.0,-153047000.0,234301000.0,-679000.0,150091000.0,150091000.0,150091000.0,0.0,0.0,0.119,1039933000.0,225073000.0,2408328000,0.125,4.107,22.229,20.22,60849000,0.0,34.373,2.637,2.601,1485133000,526403000,1265006000.0,1265006000.0,0.0,0.034,0.207,0.063,0.178,0.0,850341000.0,1.0,97061691,95734500,,13.214,4328240000.0,0.0,102645000.0,0.0,45.211,
81,LM,ART,2000-03-31,2000-06-28,2000-03-31,2020-07-31,-267000,4785053000.0,4233450000.0,,,0.292,8.518,-23103000.0,1628059000,1628059000,0.0,142525000.0,,5.364,1078325000,,,1078325000,0.0,29320000.0,0.0,0.006,0.213,239141000.0,268461000.0,0.217,268461000.0,239141000.0,239141000.0,1.673,1.553,1.673,751929000,678651000.0,751929000,2381461469,10.0,8.871,141583000.0,1.604,1.0,1236482000.0,1.0,130573000,0.0,4104746000.0,3304250750.0,0.0,1204206000,,,4033124000.0,,,2931195469,896000.0,-87637000.0,20780000.0,-26650000.0,-16493000.0,-22363000.0,-141427000.0,-27907000.0,164686000.0,0.0,142525000.0,142525000.0,142525000.0,0.0,0.0,0.115,997341000.0,239141000.0,2648787000,0.127,3.898,20.566,19.849,60548000,0.0,33.207,2.371,2.371,1580859000,493652000,1236482000.0,1236482000.0,0.0,0.034,0.21,0.072,0.193,0.0,824469000.0,1.0,88271295,88271295,,14.008,4654480000.0,0.0,96616000.0,0.0,52.729,
82,LM,ART,1999-12-31,2000-02-11,1999-12-31,2020-07-31,-669000,4621962000.0,3905608500.0,,,0.32,8.012,-24610000.0,2005387000,2005387000,0.0,114930000.0,,5.731,1015865000,,,1015865000,0.0,25424000.0,0.0,0.008,0.193,308053000.0,333477000.0,0.267,333477000.0,308053000.0,190971000.0,1.38,1.293,1.38,686693000,629213000.0,686693000,1120679370,4.0,3.361,150316000.0,1.754,1.0,1248092000.0,1.0,130250000,117082000.0,3502190000.0,2854999500.0,0.0,816573000,,,3935269000.0,,,2110201370,319713000.0,-85179000.0,16957000.0,97002000.0,-15546000.0,98413000.0,46374000.0,100805000.0,174926000.0,0.0,114930000.0,114930000.0,114930000.0,0.0,0.0,0.092,940039000.0,308053000.0,2643489000,0.14,3.073,18.361,17.696,62037000,0.0,24.42,1.691,1.677,1378836000,450283000,1248092000.0,1248092000.0,0.0,0.029,0.183,0.108,0.247,0.0,770394000.0,1.0,86412833,85713000,,14.561,4491712000.0,0.0,76041000.0,0.0,52.404,
83,LM,ART,1999-09-30,1999-11-12,1999-09-30,2020-07-31,346000,3716336000.0,3555293250.0,,,0.328,7.664,-21793000.0,1483545000,1483545000,0.0,104412000.0,,4.692,628342000,,,628342000,0.0,23341000.0,0.0,0.007,0.183,277575000.0,300916000.0,0.258,300916000.0,277575000.0,173734000.0,1.267,1.187,1.267,652882000,599008250.0,652882000,1371634481,5.0,4.558,106159000.0,1.246,1.0,1165877000.0,1.0,71067000,103841000.0,2790066000.0,2472990000.0,0.0,657800000,,,3063454000.0,,,2226837481,94538000.0,-27875000.0,13990000.0,21996000.0,-14600000.0,21386000.0,-54800000.0,-46524000.0,127952000.0,0.0,104412000.0,104412000.0,104412000.0,0.0,0.0,0.09,888302000.0,277575000.0,2230146000,0.144,3.411,21.327,20.489,58215000,0.0,25.96,1.91,1.897,1083095000,421525000,1165877000.0,1165877000.0,0.0,0.029,0.174,0.112,0.238,0.0,726921000.0,1.0,85779564,85183500,,13.687,3645269000.0,0.0,69322000.0,0.0,42.793,
84,LM,ART,1999-06-30,1999-08-12,1999-06-30,2020-07-31,522000,3810449000.0,3359476250.0,,,0.331,7.495,-21258000.0,1643841000,1643841000,0.0,97788000.0,,5.115,708244000,,,708244000,0.0,22415000.0,0.0,0.007,0.173,261557000.0,283972000.0,0.255,283972000.0,261557000.0,163212000.0,1.193,1.12,1.193,623100000,571665500.0,623100000,1120169581,4.0,3.945,57657000.0,0.694,1.0,1111869000.0,1.0,54851000,98345000.0,2820001000.0,2318932500.0,0.0,626231000,,,3187349000.0,,,2055766581,69236000.0,0.0,10666000.0,-2137000.0,-13955000.0,-5426000.0,-4253000.0,69131000.0,78915000.0,0.0,97788000.0,97788000.0,97788000.0,0.0,0.0,0.088,850312000.0,261557000.0,2268097000,0.145,3.299,21.023,20.224,57051000,0.0,24.127,1.849,1.804,1044070000,397768000,1111869000.0,1111869000.0,0.0,0.029,0.171,0.113,0.235,0.0,691228000.0,1.0,85207236,83133000,,13.375,3755598000.0,0.0,65424000.0,0.0,45.176,
85,LM,ART,1999-03-31,1999-06-28,1999-03-31,2020-07-31,-173000,3473687000.0,3159233000.0,,,0.331,6.538,-19138000.0,1582397000,1582397000,0.0,89334000.0,,5.268,472578000,,,472578000,0.0,21566000.0,0.0,0.007,0.173,243685000.0,265251000.0,0.254,265251000.0,243685000.0,148775000.0,1.093,1.033,1.093,554177000,546727500.0,554177000,861148857,4.0,3.247,-78343000.0,-0.924,1.0,1046006000.0,1.0,56127000,94910000.0,2307741000.0,2225271750.0,0.0,466965000,,,2919510000.0,,,1970967857,1897000.0,0.0,9508000.0,35382000.0,-13320000.0,31570000.0,29532000.0,49325000.0,-59205000.0,0.0,89334000.0,89334000.0,89334000.0,0.0,0.0,0.085,802321000.0,243685000.0,2181018000,0.158,3.557,22.063,21.275,55807000,0.0,23.253,1.884,1.884,921267000,368632000,1046006000.0,1046006000.0,0.0,0.028,0.163,0.11,0.233,0.0,649119000.0,1.0,84760659,84760659,,12.341,3417560000.0,0.0,59441000.0,0.0,40.32,
86,LM,ART,1998-12-31,1999-06-07,1998-12-31,2020-07-31,113000,3232192000.0,2998893500.0,,,0.342,6.509,-21785000.0,1523455000,1523455000,0.0,89687000.0,,5.064,333961000,,,333961000,0.0,23007000.0,0.0,0.008,0.167,243291000.0,266298000.0,0.259,266298000.0,243291000.0,150608000.0,1.01,0.953,1.01,533024000,533207000.0,533024000,634941111,3.0,2.384,30926000.0,0.378,1.0,1026752000.0,1.0,57508000,92683000.0,1985190000.0,2204297500.0,0.0,427580000,,,2699168000.0,,,1824435111,23464000.0,0.0,9863000.0,-25424000.0,-12409000.0,-27970000.0,-1277000.0,24015000.0,52711000.0,0.0,89687000.0,89687000.0,89687000.0,0.0,0.0,0.087,783461000.0,243291000.0,2119794000,0.165,3.423,20.342,21.578,54201000,0.0,21.793,1.777,1.738,858314000,347530000,1026752000.0,1026752000.0,0.0,0.03,0.168,0.11,0.237,0.0,647208000.0,1.0,83715285,81894000,,12.538,3174684000.0,0.0,60921000.0,0.0,38.766,
87,LM,ART,1998-12-31,1999-02-12,1998-12-31,2020-07-31,113000,3220701000.0,2998893500.0,,,0.342,6.756,-21785000.0,1523002000,1523002000,0.0,89687000.0,,4.692,333961000,,,333961000,0.0,23007000.0,0.0,0.009,0.16,243291000.0,266298000.0,0.259,266298000.0,243291000.0,150608000.0,1.01,0.953,1.01,565874000,533207000.0,565874000,371562085,2.0,1.395,30926000.0,0.369,1.0,1026752000.0,1.0,57508000,92683000.0,1974152000.0,2204297500.0,0.0,427580000,,,2654827000.0,,,1560603085,23464000.0,0.0,9863000.0,-25424000.0,-12409000.0,-27970000.0,-1277000.0,24015000.0,52711000.0,0.0,89687000.0,89687000.0,89687000.0,0.0,0.0,0.087,783461000.0,243291000.0,2119794000,0.158,2.758,17.401,18.317,54201000,0.0,18.5,1.52,1.509,858314000,351875000,1026752000.0,1026752000.0,0.0,0.03,0.168,0.11,0.237,0.0,647208000.0,1.0,84356924,83761500,,12.258,3163193000.0,0.0,60921000.0,0.0,37.764,
88,LM,ART,1998-09-30,1998-11-13,1998-09-30,2020-07-31,-112000,2933068000.0,2848521250.0,,,0.349,6.529,,1188248000,1188248000,0.0,87551000.0,,4.397,487838000,,,487838000,0.0,,0.0,0.009,0.153,235668000.0,,,,235668000.0,146961000.0,1.017,0.953,1.017,543511000,510292750.0,543511000,687589425,3.0,,,,1.0,993316000.0,1.0,58822000,88707000.0,2173836000.0,2275969750.0,0.0,624284000,,,2389557000.0,,,1387999425,,,,,,,,,,,87551000.0,87551000.0,87551000.0,0.0,0.0,0.088,757648000.0,235668000.0,1739794000,0.15,2.554,15.854,16.303,53482000,0.0,16.58,1.397,1.389,855906000,332668000,993316000.0,993316000.0,0.0,0.031,0.172,0.104,0.237,,627082000.0,1.0,83715285,83245500,,11.932,2874246000.0,0.0,59410000.0,0.0,34.527,
89,LM,ART,1998-06-30,1998-08-14,1998-06-30,2020-07-31,444000,3009476000.0,,,,,6.326,,1148748000,1148748000,,,,4.75,644895000,,,644895000,0.0,,0.0,0.007,0.147,,,,,,,,,,523348000,,523348000,1150116072,,,,,1.0,,,60265000,,2445358000.0,,0.0,708556000,,,2486128000.0,,,1653969072,,,,,,,,,,,,,,,,,,,1681830000,,3.16,,,52130000,,19.897,,,874499000,314589000,,,,,,,,,,1.0,83127948,82731000,,,2949211000.0,0.0,,0.0,35.648,
90,LM,ART,1998-03-31,1998-06-29,1998-03-31,2020-07-31,946000,2832329000.0,,,,,6.046,-31687000.0,1127851000,1127851000,0.0,76121000.0,,4.664,580670000,,,580670000,0.0,21986000.0,0.0,0.008,0.147,202085000.0,224071000.0,0.252,224071000.0,202085000.0,128379000.0,0.933,0.877,0.933,500095000,,500095000,1026114980,5.0,4.579,66396000.0,0.803,1.0,889060000.0,1.0,61304000,73706000.0,2223844000.0,,0.0,736386000,,,2332234000.0,,,1573295980,55057000.0,0.0,9777000.0,-20000.0,-10197000.0,-440000.0,-42586000.0,-5312000.0,98083000.0,0.0,76121000.0,76121000.0,76121000.0,0.0,0.0,0.086,686975000.0,202085000.0,1568281000,0.158,3.146,20.668,20.386,51991000,0.0,19.02,1.77,1.77,713391000,293263000,889060000.0,889060000.0,0.0,,,,0.227,0.0,568153000.0,1.0,82717980,82717980,,10.748,2771025000.0,0.0,52258000.0,0.0,33.5,
91,LM,ART,1997-12-31,1998-02-13,1997-12-31,2020-07-31,423000,2619212000.0,,,,,6.393,,853069000,853069000,,,,4.523,554448000,,,554448000,0.0,,0.0,0.007,0.138,,,,,,,,,,474217000,,474217000,1287517520,,,,,1.0,,,59750000,,2260841000.0,,0.0,797337000,,,2144995000.0,,,1586138520,,,,,,,,,,,,,,,,,,,1432105000,,3.345,,,48963000,,19.27,,,755088000,271252000,,,,,,,,,,1.0,82311288,74172000,,,2559462000.0,0.0,,0.0,34.507,
