None,ticker,dimension,calendardate,datekey,reportperiod,lastupdated,accoci,assets,assetsavg,assetsc,assetsnc,assetturnover,bvps,capex,cashneq,cashnequsd,cor,consolinc,currentratio,de,debt,debtc,debtnc,debtusd,deferredrev,depamor,deposits,divyield,dps,ebit,ebitda,ebitdamargin,ebitdausd,ebitusd,ebt,eps,epsdil,epsusd,equity,equityavg,equityusd,ev,evebit,evebitda,fcf,fcfps,fxusd,gp,grossmargin,intangibles,intexp,invcap,invcapavg,inventory,investments,investmentsc,investmentsnc,liabilities,liabilitiesc,liabilitiesnc,marketcap,ncf,ncfbus,ncfcommon,ncfdebt,ncfdiv,ncff,ncfi,ncfinv,ncfo,ncfx,netinc,netinccmn,netinccmnusd,netincdis,netincnci,netmargin,opex,opinc,payables,payoutratio,pb,pe,pe1,ppnenet,prefdivis,price,ps,ps1,receivables,retearn,revenue,revenueusd,rnd,roa,roe,roic,ros,sbcomp,sgna,sharefactor,sharesbas,shareswa,shareswadil,sps,tangibles,taxassets,taxexp,taxliabilities,tbvps,workingcapital
0,LM,MRY,2020-12-31,2020-03-31,2020-03-31,2020-07-31,-195306000.0,8006120000.0,7923495250.0,2039624000.0,5966496000.0,0.369,43.648,-29606000.0,1047613000.0,1047613000.0,0.0,304486000.0,2.202,0.915,2329284000.0,77814000.0,2251470000.0,2329284000.0,0.0,67378000.0,0.0,0.033,1.6,467285000.0,534663000.0,0.183,534663000.0,467285000.0,357415000.0,2.8,2.79,2.8,3792639000.0,3754364000.0,3792639000.0,5731725568.0,12.0,10.72,530950000.0,6.11,1.0,2922125000.0,1.0,5203456000.0,109870000.0,3158278000.0,3408214500.0,0.0,455978000.0,455978000.0,0.0,3470025000.0,926057000.0,2543968000.0,4244675568.0,98882000.0,-10247000.0,0.0,-250000000.0,-137950000.0,-409011000.0,-45372000.0,-5519000.0,560556000.0,-7291000.0,251367000.0,251367000.0,251367000.0,0.0,53119000.0,0.086,2417880000.0,504245000.0,156981000.0,0.571,1.119,16.886,17.446,425765000.0,0.0,48.85,1.453,1.453,407893000.0,1820412000.0,2922125000.0,2922125000.0,0.0,0.032,0.067,0.137,0.16,67301000.0,2185930000.0,1.0,86892028.0,86892028.0,,33.629,2802664000.0,161977000.0,106048000.0,165038000.0,32.255,1113567000.0
1,LM,MRY,2019-12-31,2019-03-31,2019-03-31,2020-07-31,-131236000.0,7794122000.0,7819826500.0,2019856000.0,5774266000.0,0.371,42.784,-51335000.0,946503000.0,946503000.0,0.0,7934000.0,1.82,0.932,2221752000.0,250301000.0,1971451000.0,2221752000.0,0.0,72795000.0,0.0,0.05,1.36,109394000.0,182189000.0,0.063,182189000.0,109394000.0,-7947000.0,-0.38,-0.38,-0.38,3659755000.0,3748592250.0,3659755000.0,3701966661.0,34.0,20.319,509531000.0,5.957,1.0,2903259000.0,1.0,5270313000.0,117341000.0,2689314000.0,2868922250.0,0.0,506756000.0,506756000.0,0.0,3412207000.0,1109744000.0,2302463000.0,2341231661.0,177030000.0,923000.0,0.0,-125500000.0,-114761000.0,-331529000.0,-36501000.0,13911000.0,560866000.0,-15806000.0,-28508000.0,-28508000.0,-28508000.0,0.0,36442000.0,-0.01,2799586000.0,103673000.0,182921000.0,-3.579,0.64,-82.125,-72.026,149989000.0,0.0,27.37,0.806,0.806,425470000.0,1742764000.0,2903259000.0,2903259000.0,0.0,-0.004,-0.008,0.038,0.038,65884000.0,2171679000.0,1.0,85540068.0,85540068.0,,33.94,2523809000.0,199717000.0,20561000.0,123420000.0,29.504,910112000.0
2,LM,MRY,2018-12-31,2018-03-31,2018-03-31,2020-07-31,-55182000.0,8152534000.0,8119448500.0,1928382000.0,6224152000.0,0.387,45.238,-37346000.0,769358000.0,769358000.0,0.0,336350000.0,1.964,0.933,2347310000.0,125500000.0,2221810000.0,2347310000.0,0.0,72986000.0,0.0,0.028,1.12,300437000.0,373423000.0,0.119,373423000.0,300437000.0,182565000.0,3.03,3.01,3.03,3824405000.0,3890734750.0,3824405000.0,5181634707.0,17.0,13.876,452022000.0,5.347,1.0,3140322000.0,1.0,5730014000.0,117872000.0,3018430000.0,3136735500.0,0.0,539503000.0,539503000.0,0.0,3568103000.0,982042000.0,2586061000.0,3436562707.0,19426000.0,6028000.0,-479139000.0,125500000.0,-102178000.0,-462296000.0,-19483000.0,11835000.0,489368000.0,11837000.0,285075000.0,285075000.0,285075000.0,0.0,51275000.0,0.091,2847650000.0,292672000.0,175583000.0,0.37,0.899,12.055,13.416,148406000.0,0.0,40.65,1.094,1.094,475594000.0,1894762000.0,3140322000.0,3140322000.0,0.0,0.035,0.073,0.096,0.096,70875000.0,2311687000.0,1.0,84540288.0,84540288.0,,37.146,2422520000.0,202068000.0,-102510000.0,139787000.0,28.655,946340000.0
3,LM,MRY,2017-12-31,2017-03-31,2017-03-31,2020-07-31,-106784000.0,8290415000.0,8275357500.0,1801747000.0,6488668000.0,0.349,40.877,-39977000.0,750406000.0,750406000.0,0.0,286703000.0,2.226,0.904,2221867000.0,0.0,2221867000.0,2221867000.0,0.0,80213000.0,0.0,0.024,0.88,424604000.0,504817000.0,0.175,504817000.0,424604000.0,311431000.0,2.19,2.18,2.19,3983374000.0,4028681500.0,3983374000.0,5035431931.0,12.0,9.975,494841000.0,5.078,1.0,2886902000.0,1.0,5959269000.0,113173000.0,2993220000.0,3020790500.0,0.0,473520000.0,473520000.0,0.0,3601471000.0,809387000.0,2792084000.0,3518808931.0,-599661000.0,-990959000.0,-381672000.0,442361000.0,-87897000.0,-116877000.0,-1017339000.0,13597000.0,534818000.0,-263000.0,227256000.0,227256000.0,227256000.0,0.0,59447000.0,0.079,2504159000.0,382743000.0,181793000.0,0.402,0.883,15.484,16.489,159662000.0,0.0,36.11,1.219,1.219,433192000.0,1694859000.0,2886902000.0,2886902000.0,0.0,0.027,0.056,0.141,0.147,93008000.0,2196058000.0,1.0,97446938.0,97446938.0,,29.625,2331146000.0,202843000.0,84175000.0,329229000.0,23.922,992360000.0
4,LM,MRY,2016-12-31,2016-03-31,2016-03-31,2020-07-31,-66493000.0,7520446000.0,7016565250.0,2385044000.0,5135402000.0,0.379,39.12,-40330000.0,1349003000.0,1349003000.0,0.0,-32910000.0,2.834,0.738,1780985000.0,40000000.0,1740985000.0,1780985000.0,0.0,60297000.0,0.0,0.029,1.0,31123000.0,91420000.0,0.034,91420000.0,31123000.0,-17340000.0,-0.25,-0.25,-0.25,4213563000.0,4369634750.0,4213563000.0,4250689839.0,137.0,46.496,414121000.0,3.845,1.0,2660844000.0,1.0,4626001000.0,48463000.0,2484874000.0,2191315500.0,0.0,564050000.0,564050000.0,0.0,3108896000.0,841553000.0,2267343000.0,3735316839.0,659574000.0,-234053000.0,-209632000.0,726254000.0,-84093000.0,465772000.0,-244569000.0,8749000.0,454451000.0,-16080000.0,-25032000.0,-25032000.0,-25032000.0,0.0,-7878000.0,-0.009,2643388000.0,17456000.0,201572000.0,-4.0,0.886,-149.222,-138.72,163305000.0,0.0,34.68,1.404,1.404,334922000.0,1576242000.0,2660844000.0,2660844000.0,0.0,-0.004,-0.006,0.014,0.012,92927000.0,2038822000.0,1.0,107708098.0,107708098.0,,24.704,2894445000.0,206797000.0,7692000.0,260386000.0,26.873,1543491000.0
5,LM,MRY,2015-12-31,2015-03-31,2015-03-31,2020-07-31,-60742000.0,7064834000.0,7077757500.0,1921287000.0,5143547000.0,0.398,39.81,-45773000.0,704474000.0,704474000.0,0.0,242709000.0,2.357,0.565,1048946000.0,0.0,1048946000.0,1048946000.0,0.0,55086000.0,0.0,0.012,0.64,420638000.0,475724000.0,0.169,475724000.0,420638000.0,362364000.0,2.06,2.04,2.06,4484901000.0,4577123500.0,4484901000.0,6595540985.0,16.0,13.864,522345000.0,4.637,1.0,2819106000.0,1.0,4652844000.0,58274000.0,1941416000.0,2101476000.0,0.0,502735000.0,502735000.0,0.0,2534413000.0,815046000.0,1719367000.0,6218635985.0,-188470000.0,-136746000.0,-356522000.0,-71440000.0,-70815000.0,-507062000.0,-208043000.0,47000.0,568118000.0,-41483000.0,237080000.0,237080000.0,237080000.0,0.0,5629000.0,0.084,2320887000.0,498219000.0,208210000.0,0.311,1.387,26.23,26.796,179606000.0,0.0,55.2,2.206,2.206,368399000.0,1690055000.0,2819106000.0,2819106000.0,0.0,0.033,0.052,0.2,0.149,66245000.0,2095148000.0,1.0,112656449.0,112656449.0,,25.024,2411990000.0,331684000.0,125284000.0,362209000.0,21.41,1106241000.0
6,LM,MRY,2014-12-31,2014-03-31,2014-03-31,2020-07-31,37949000.0,7111349000.0,6986172250.0,2128591000.0,4982758000.0,0.392,39.669,-40452000.0,927849000.0,927849000.0,0.0,281836000.0,2.592,0.496,1128200000.0,89374000.0,1038826000.0,1128200000.0,0.0,62845000.0,0.0,0.011,0.52,475500000.0,538345000.0,0.196,538345000.0,475500000.0,422589000.0,2.34,2.33,2.34,4724724000.0,4744621250.0,4724724000.0,6188414539.0,13.0,11.495,396872000.0,3.332,1.0,2741757000.0,1.0,4412296000.0,52911000.0,2078159000.0,2273959250.0,0.0,549999000.0,518189000.0,31810000.0,2341481000.0,821245000.0,1520236000.0,5840876539.0,-75014000.0,1351000.0,-359996000.0,-243686000.0,-61966000.0,-639071000.0,137627000.0,182529000.0,437324000.0,-10894000.0,284784000.0,284784000.0,284784000.0,0.0,-2948000.0,0.104,2114877000.0,626880000.0,214819000.0,0.222,1.236,20.51,20.957,189241000.0,0.0,49.04,2.13,2.13,348633000.0,1526662000.0,2741757000.0,2741757000.0,0.0,0.041,0.06,0.209,0.173,66488000.0,2100402000.0,1.0,119104334.0,119104334.0,,23.02,2699053000.0,351852000.0,137805000.0,265583000.0,22.661,1307346000.0
7,LM,MRY,2013-12-31,2013-03-31,2013-03-31,2020-07-31,47539000.0,7269660000.0,7514656500.0,1942862000.0,5326798000.0,0.348,37.364,-38351000.0,988389000.0,988389000.0,0.0,-359748000.0,2.766,0.504,1363109000.0,60758000.0,1302351000.0,1363109000.0,0.0,87848000.0,0.0,0.014,0.44,-441267000.0,-353419000.0,-0.135,-353419000.0,-441267000.0,-504186000.0,-2.65,-2.65,-2.65,4818351000.0,5162387500.0,4818351000.0,4596384227.0,-10.0,-13.005,264981000.0,2.055,1.0,2612650000.0,1.0,4446727000.0,62919000.0,2495187000.0,2667174250.0,0.0,606425000.0,395872000.0,210553000.0,2430300000.0,702466000.0,1727834000.0,4145929227.0,-449227000.0,-55277000.0,-425516000.0,-241822000.0,-55250000.0,-735897000.0,-11023000.0,89850000.0,303332000.0,-5639000.0,-353327000.0,-353327000.0,-353327000.0,0.0,-6421000.0,-0.135,3047149000.0,-434499000.0,214803000.0,-0.166,0.86,-11.734,-12.132,201819000.0,0.0,32.15,1.587,1.587,350726000.0,1309088000.0,2612650000.0,2612650000.0,0.0,-0.047,-0.068,-0.165,-0.169,58983000.0,2110700000.0,1.0,128955808.0,128955808.0,,20.26,2822933000.0,364618000.0,-150859000.0,161298000.0,21.891,1240396000.0
8,LM,MRY,2012-12-31,2012-03-31,2012-03-31,2020-07-31,71472000.0,8555747000.0,8444724500.0,2457794000.0,6097953000.0,0.315,40.631,-31822000.0,1410569000.0,1410569000.0,0.0,231031000.0,2.519,0.503,1658599000.0,251278000.0,1407321000.0,1658599000.0,0.0,93795000.0,0.0,0.011,0.32,380453000.0,474248000.0,0.178,474248000.0,380453000.0,292869000.0,1.54,1.54,1.54,5677291000.0,5644099500.0,5677291000.0,4278952188.0,11.0,9.023,464947000.0,3.327,1.0,2662574000.0,1.0,5131911000.0,87584000.0,2696084000.0,2774018250.0,0.0,738547000.0,443694000.0,294853000.0,2854425000.0,975782000.0,1878643000.0,3902625188.0,6345000.0,3060000.0,-401797000.0,-19323000.0,-43602000.0,-481780000.0,2330000.0,19871000.0,496769000.0,-10974000.0,220817000.0,220817000.0,220817000.0,0.0,10214000.0,0.083,2323821000.0,338753000.0,195808000.0,0.208,0.687,17.674,18.136,239411000.0,0.0,27.93,1.466,1.466,333777000.0,1727616000.0,2662574000.0,2662574000.0,0.0,0.026,0.039,0.137,0.143,48735000.0,2078938000.0,1.0,139728793.0,139728793.0,,19.055,3423836000.0,260097000.0,72052000.0,242567000.0,24.503,1482012000.0
9,LM,MRY,2011-12-31,2011-03-31,2011-03-31,2020-07-31,93361000.0,8707756000.0,8532902250.0,2446556000.0,6261200000.0,0.326,37.904,-32904000.0,1422324000.0,1422324000.0,0.0,245763000.0,2.525,0.503,1730188000.0,250792000.0,1479396000.0,1730188000.0,0.0,102748000.0,0.0,0.006,0.2,465514000.0,568262000.0,0.204,568262000.0,465514000.0,373357000.0,1.63,1.63,1.63,5770384000.0,5705567000.0,5770384000.0,5891419862.0,13.0,10.367,379236000.0,2.491,1.0,2784317000.0,1.0,5188427000.0,92157000.0,2858221000.0,2846197250.0,0.0,796104000.0,483339000.0,312765000.0,2900660000.0,968972000.0,1931688000.0,5494239862.0,-89970000.0,0.0,-431025000.0,-10540000.0,-26813000.0,-468466000.0,-44471000.0,-11567000.0,412140000.0,10827000.0,253923000.0,253923000.0,253923000.0,0.0,-8160000.0,0.091,2397509000.0,386808000.0,207870000.0,0.123,0.952,21.637,22.141,286705000.0,0.0,36.09,1.973,1.973,366571000.0,1550906000.0,2784317000.0,2784317000.0,0.0,0.03,0.045,0.164,0.167,56245000.0,2152974000.0,1.0,152237181.0,152237181.0,,18.289,3519329000.0,314568000.0,119434000.0,266193000.0,23.117,1477584000.0
10,LM,MRY,2010-12-31,2010-03-31,2010-03-31,2020-07-31,58227000.0,8622632000.0,8991184250.0,2559146000.0,6063486000.0,0.293,36.182,-83967000.0,1510460000.0,1510460000.0,0.0,210980000.0,2.427,0.471,1420334000.0,255154000.0,1165180000.0,1420334000.0,0.0,114078000.0,0.0,0.004,0.12,449306000.0,563384000.0,0.214,563384000.0,449306000.0,323033000.0,1.33,1.32,1.33,5841724000.0,5514429500.0,5841724000.0,5160264371.0,11.0,9.159,1329196000.0,8.233,1.0,2634879000.0,1.0,5217518000.0,126273000.0,2260712000.0,3177149250.0,0.0,385752000.0,372060000.0,13692000.0,2751331000.0,1054276000.0,1697055000.0,4628933371.0,409236000.0,-190896000.0,4999000.0,-557969000.0,-48241000.0,-746720000.0,-276688000.0,-40715000.0,1413163000.0,19481000.0,204357000.0,204357000.0,204357000.0,0.0,6623000.0,0.078,2313696000.0,321183000.0,399613000.0,0.09,0.792,22.651,21.556,361819000.0,0.0,28.67,1.757,1.757,349245000.0,1316981000.0,2634879000.0,2634879000.0,0.0,0.023,0.037,0.141,0.171,46578000.0,2123294000.0,1.0,161455646.0,161455646.0,,16.32,3405114000.0,338511000.0,118676000.0,270578000.0,21.09,1504870000.0
11,LM,MRY,2009-12-31,2009-03-31,2009-03-31,2020-07-31,-2784000.0,9232299000.0,11191732500.0,2859387000.0,6372912000.0,0.3,32.483,50197000.0,1126162000.0,1126162000.0,0.0,-1964994000.0,2.232,1.001,2990190000.0,258188000.0,2732002000.0,2990190000.0,0.0,138445000.0,0.0,0.06,0.96,-3008316000.0,-2869871000.0,-0.855,-2869871000.0,-3008316000.0,-3191121000.0,-13.99,-13.99,-13.99,4598625000.0,5574075500.0,4598625000.0,3347464314.0,-1.0,-1.166,432257000.0,3.053,1.0,3357367000.0,1.0,5109548000.0,182805000.0,4705586000.0,4137197750.0,0.0,336092000.0,336092000.0,0.0,4602654000.0,1281193000.0,3321461000.0,2250942314.0,-406902000.0,112476000.0,31983000.0,409855000.0,-135878000.0,329150000.0,-1090906000.0,-1253579000.0,382060000.0,-27206000.0,-1967918000.0,-1967918000.0,-1967918000.0,0.0,2924000.0,-0.586,4026547000.0,-669180000.0,400761000.0,-0.069,0.489,-1.144,-1.137,367043000.0,0.0,15.9,0.67,0.67,293084000.0,1131625000.0,3357367000.0,3357367000.0,0.0,-0.176,-0.353,-0.727,-0.896,56993000.0,2500029000.0,1.0,141568699.0,141568699.0,,23.715,4122751000.0,1457213000.0,-1223203000.0,258944000.0,29.122,1578194000.0
12,LM,MRY,2008-12-31,2008-03-31,2008-03-31,2020-07-31,82930000.0,11830352000.0,10539710750.0,4685752000.0,7144600000.0,0.44,49.852,-184275000.0,2308282000.0,2308282000.0,0.0,263831000.0,1.71,0.787,2757773000.0,932119000.0,1825654000.0,2757773000.0,0.0,180222000.0,0.0,0.017,0.96,526286000.0,706508000.0,0.152,706508000.0,526286000.0,437061000.0,1.86,1.83,1.86,6620503000.0,6815503750.0,6620503000.0,7394456032.0,14.0,10.466,960599000.0,7.233,1.0,4634086000.0,1.0,6646551000.0,89225000.0,2893845000.0,1676550750.0,0.0,1093723000.0,1093723000.0,0.0,5209849000.0,2739447000.0,2470402000.0,7434390032.0,279937000.0,-222358000.0,-242025000.0,1637733000.0,-132821000.0,1220003000.0,-2103310000.0,-1696677000.0,1144874000.0,18370000.0,263565000.0,263565000.0,263565000.0,0.0,266000.0,0.057,3583910000.0,1050176000.0,490141000.0,0.516,1.123,28.207,30.097,346802000.0,0.0,55.98,1.604,1.604,524488000.0,3240359000.0,4634086000.0,4634086000.0,0.0,0.025,0.039,0.314,0.114,49345000.0,3165749000.0,1.0,132804395.0,132804395.0,,34.894,5183801000.0,249812000.0,173496000.0,355239000.0,39.033,1946305000.0
13,LM,MRY,2007-12-31,2007-03-31,2007-03-31,2020-07-31,37895000.0,9604488000.0,9422532000.0,2391507000.0,7212981000.0,0.461,49.742,-112026000.0,1183617000.0,1183617000.0,0.0,646818000.0,1.823,0.468,1112624000.0,5117000.0,1107507000.0,1112624000.0,0.0,202117000.0,0.0,0.009,0.81,1115904000.0,1318021000.0,0.303,1318021000.0,1115904000.0,1044430000.0,4.58,4.48,4.58,6541490000.0,6297354500.0,6541490000.0,12480087468.0,11.0,9.469,793445000.0,6.033,1.0,4343675000.0,1.0,6858249000.0,71474000.0,1363185000.0,1390063500.0,0.0,282761000.0,273166000.0,9595000.0,3062998000.0,1312061000.0,1750937000.0,12389440468.0,160147000.0,-445078000.0,26728000.0,-144323000.0,-109919000.0,-209431000.0,-542103000.0,15001000.0,905471000.0,6210000.0,646818000.0,646818000.0,646818000.0,-572000.0,0.0,0.149,3315377000.0,1028298000.0,160656000.0,0.177,1.894,19.154,20.57,219437000.0,0.0,94.21,2.852,2.852,585857000.0,3112844000.0,4343675000.0,4343675000.0,0.0,0.069,0.103,0.803,0.257,40654000.0,3038927000.0,1.0,131508762.0,131508762.0,,33.03,2746239000.0,33873000.0,397612000.0,444218000.0,20.883,1079446000.0
14,LM,MRY,2006-12-31,2006-03-31,2006-03-31,2020-07-31,14944000.0,9302490000.0,8669376000.0,2126731000.0,7175759000.0,0.305,47.235,-85204000.0,1023470000.0,1023470000.0,0.0,1144168000.0,1.331,0.59,1286187000.0,120110000.0,1166077000.0,1286187000.0,0.0,103641000.0,0.0,0.006,0.69,1472411000.0,1576052000.0,0.596,1576052000.0,1472411000.0,1419763000.0,9.5,8.8,9.5,5850116000.0,4172870000.0,5850116000.0,15763168700.0,11.0,10.002,459557000.0,3.711,1.0,2645212000.0,1.0,6797115000.0,52648000.0,1170386000.0,1684901500.0,0.0,168478000.0,142206000.0,26272000.0,3452374000.0,1597706000.0,1854668000.0,15522433700.0,228349000.0,-896308000.0,140454000.0,625467000.0,-78626000.0,687295000.0,-1003581000.0,-17477000.0,544761000.0,-126000.0,1144168000.0,1144168000.0,1144168000.0,-710461000.0,0.0,0.433,1965482000.0,679730000.0,135607000.0,0.073,2.653,13.567,13.193,182609000.0,0.0,125.33,5.868,5.868,560407000.0,2580898000.0,2645212000.0,2645212000.0,0.0,0.132,0.274,0.874,0.557,35465000.0,1776061000.0,1.0,123852499.0,123852499.0,,21.358,2505375000.0,60135000.0,275595000.0,392009000.0,20.229,529025000.0
15,LM,MRY,2005-12-31,2005-03-31,2005-03-31,2020-07-31,15710000.0,8219472000.0,7619273250.0,6552043000.0,1667429000.0,0.206,21.649,-26557000.0,815779000.0,815779000.0,0.0,408431000.0,1.327,2.584,811164000.0,103017000.0,708147000.0,811164000.0,0.0,44836000.0,0.0,0.007,0.55,628530000.0,673366000.0,0.429,673366000.0,628530000.0,583765000.0,3.95,3.53,3.95,2293146000.0,1958435000.0,2293146000.0,6140799459.0,10.0,9.12,339198000.0,3.202,1.0,1570700000.0,1.0,1446723000.0,44765000.0,1828804000.0,3488682500.0,0.0,73956000.0,64904000.0,9052000.0,5926326000.0,4939330000.0,986996000.0,8276848459.0,69550000.0,-559904000.0,329607000.0,20000000.0,-51728000.0,297879000.0,-595765000.0,173000.0,365755000.0,1681000.0,408431000.0,408431000.0,408431000.0,-113007000.0,0.0,0.26,1081583000.0,489117000.0,0.0,0.139,3.609,20.265,19.782,92351000.0,0.0,78.14,5.27,5.27,263153000.0,1523875000.0,1570700000.0,1570700000.0,0.0,0.054,0.209,0.18,0.4,9921000.0,988950000.0,1.0,105923323.0,105923323.0,,14.829,6772749000.0,0.0,175334000.0,0.0,63.94,1612713000.0
16,LM,MRY,2004-12-31,2004-03-31,2004-03-31,2020-07-31,10949000.0,7282483000.0,6704286250.0,,,0.172,15.669,12958000.0,3744473000.0,3744473000.0,0.0,297764000.0,,3.669,1281955000.0,,,1281955000.0,0.0,38607000.0,0.0,0.006,0.373,456721000.0,495328000.0,0.43,495328000.0,456721000.0,411987000.0,2.97,2.65,2.97,1559610000.0,1441382500.0,1559610000.0,3639073880.0,8.0,7.347,281159000.0,2.825,1.0,1153076000.0,1.0,910641000.0,44734000.0,3909324000.0,3491183000.0,0.0,870769000.0,,,5722873000.0,,,6156672880.0,235253000.0,-4510000.0,4995000.0,-4708000.0,-35238000.0,-34951000.0,-890000.0,501000.0,268201000.0,2893000.0,297764000.0,297764000.0,297764000.0,-110424000.0,0.0,0.258,826828000.0,326248000.0,3657103000.0,0.126,3.948,20.676,20.826,111255000.0,0.0,61.853,5.339,5.339,1377742000.0,1173282000.0,1153076000.0,1153076000.0,0.0,0.044,0.207,0.131,0.396,0.0,731621000.0,1.0,99536639.0,99536639.0,,11.584,6371842000.0,0.0,114223000.0,0.0,64.015,
17,LM,MRY,2003-12-31,2003-03-31,2003-03-31,2020-07-31,-3976000.0,6067450000.0,6065583250.0,,,0.247,12.843,-40947000.0,3274189000.0,3274189000.0,0.0,190909000.0,,3.862,1036185000.0,,,1036185000.0,0.0,55888000.0,0.0,0.009,0.287,308333000.0,364221000.0,0.243,364221000.0,308333000.0,308333000.0,1.93,1.78,1.93,1247957000.0,1190008750.0,1247957000.0,913305759.0,3.0,2.508,276907000.0,2.85,1.0,1500346000.0,1.0,924920000.0,0.0,2904526000.0,3140313500.0,0.0,496210000.0,,,4819493000.0,,,3157320759.0,222375000.0,-3243000.0,-19285000.0,-85713000.0,-28195000.0,-133193000.0,35316000.0,78055000.0,317854000.0,2398000.0,190909000.0,190909000.0,190909000.0,-1477000.0,0.0,0.127,1168918000.0,331428000.0,3321302000.0,0.149,2.53,16.538,16.836,69814000.0,0.0,32.493,2.104,2.104,1117667000.0,913670000.0,1500346000.0,1500346000.0,0.0,0.031,0.16,0.098,0.206,0.0,1036177000.0,1.0,97168263.0,97168263.0,,15.441,5142530000.0,0.0,117424000.0,0.0,52.924,
18,LM,MRY,2002-12-31,2002-03-31,2002-03-31,2020-07-31,-9896000.0,5939614000.0,5313620000.0,,,0.268,10.824,-20785000.0,2969990000.0,2969990000.0,0.0,152936000.0,,4.477,1160297000.0,,,1160297000.0,0.0,48202000.0,0.0,0.007,0.26,252412000.0,300614000.0,0.211,300614000.0,252412000.0,252412000.0,1.567,1.493,1.567,1084548000.0,1025142500.0,1084548000.0,1909504261.0,8.0,6.352,56920000.0,0.568,1.0,1423551000.0,1.0,937423000.0,0.0,3192498000.0,2837394000.0,0.0,583126000.0,,,4855066000.0,,,3545756261.0,-87771000.0,-792856000.0,19577000.0,636698000.0,-25149000.0,631126000.0,-796302000.0,19996000.0,77705000.0,-300000.0,152936000.0,152936000.0,152936000.0,-1269000.0,0.0,0.107,1155931000.0,267620000.0,3284531000.0,0.166,3.269,23.185,22.582,69146000.0,0.0,35.387,2.491,2.491,1180135000.0,751635000.0,1423551000.0,1423551000.0,0.0,0.029,0.149,0.089,0.177,0.0,1023208000.0,1.0,100200347.0,100200347.0,,14.207,5002191000.0,0.0,99476000.0,0.0,49.922,
19,LM,MRY,2001-12-31,2001-03-31,2001-03-31,2020-07-31,-7657000.0,4687626000.0,4604082500.0,,,0.296,9.483,-34311000.0,2571496000.0,2571496000.0,0.0,156230000.0,,4.053,515609000.0,,,515609000.0,0.0,36448000.0,0.0,0.008,0.233,265820000.0,302268000.0,0.222,302268000.0,265820000.0,265820000.0,1.633,1.533,1.633,927720000.0,841465500.0,927720000.0,1447850612.0,5.0,4.79,188551000.0,1.927,1.0,1360864000.0,1.0,149449000.0,0.0,2482290000.0,3370493000.0,0.0,503693000.0,,,3759906000.0,,,2745833612.0,342945000.0,-16601000.0,21037000.0,-124299000.0,-23615000.0,-126877000.0,234663000.0,286976000.0,222862000.0,12297000.0,156230000.0,156230000.0,156230000.0,0.0,0.0,0.115,1095044000.0,265820000.0,2954934000.0,0.143,2.96,17.576,17.187,71645000.0,0.0,28.067,2.018,2.018,1138242000.0,624665000.0,1360864000.0,1360864000.0,0.0,0.034,0.186,0.079,0.195,0.0,959210000.0,1.0,97832552.0,97832552.0,,13.91,4538177000.0,0.0,109590000.0,0.0,46.387,
20,LM,MRY,2000-12-31,2000-03-31,2000-03-31,2020-07-31,-959000.0,4812107000.0,4240213500.0,,,0.298,8.92,-23297000.0,1632224000.0,1632224000.0,0.0,150413000.0,,5.243,1078325000.0,,,1078325000.0,0.0,30774000.0,0.0,0.007,0.203,254438000.0,285212000.0,0.225,285212000.0,254438000.0,254438000.0,1.62,1.513,1.62,770808000.0,683370750.0,770808000.0,1502048004.0,6.0,5.266,146164000.0,1.691,1.0,1265203000.0,1.0,145142000.0,0.0,4113066000.0,3306330750.0,0.0,1204206000.0,,,4041299000.0,,,2491570004.0,478000.0,-87637000.0,20780000.0,-26650000.0,-24509000.0,-30379000.0,-138931000.0,-27902000.0,169461000.0,327000.0,150413000.0,150413000.0,150413000.0,0.0,0.0,0.119,1010765000.0,254438000.0,2647875000.0,0.125,3.232,16.565,17.798,61243000.0,0.0,28.833,1.969,1.969,1549939000.0,493696000.0,1265203000.0,1265203000.0,0.0,0.035,0.22,0.077,0.201,0.0,885697000.0,1.0,86412833.0,86412833.0,,14.641,4666965000.0,0.0,104025000.0,0.0,54.008,
21,LM,MRY,1999-12-31,1999-03-31,1999-03-31,2020-07-31,-173000.0,3473687000.0,3164207250.0,,,0.308,6.569,-19456000.0,1582397000.0,1582397000.0,0.0,93274000.0,,5.268,472578000.0,,,472578000.0,0.0,22675000.0,0.0,0.007,0.167,156811000.0,179486000.0,0.184,179486000.0,156811000.0,156811000.0,1.047,0.987,1.047,554177000.0,531839750.0,554177000.0,705615502.0,4.0,3.931,-79297000.0,-0.94,1.0,975696000.0,1.0,56127000.0,0.0,2307741000.0,2230042000.0,0.0,610963000.0,,,2919510000.0,,,1894656502.0,-339000.0,0.0,10995000.0,35382000.0,-15860000.0,30517000.0,29214000.0,49325000.0,-59841000.0,-229000.0,93274000.0,93274000.0,93274000.0,0.0,0.0,0.096,818885000.0,156811000.0,2181018000.0,0.16,3.419,20.313,21.452,55807000.0,0.0,22.46,1.942,1.942,1032793000.0,368632000.0,975696000.0,975696000.0,0.0,0.029,0.175,0.07,0.161,0.0,704244000.0,1.0,84356924.0,84356924.0,,11.566,3417560000.0,0.0,63537000.0,0.0,40.513,
22,LM,MRY,1998-12-31,1998-03-31,1998-03-31,2020-07-31,946000.0,2832329000.0,2359532500.0,,,0.346,6.076,-31687000.0,1127851000.0,1127851000.0,0.0,76121000.0,,4.664,580670000.0,,,580670000.0,0.0,21986000.0,0.0,0.007,0.143,128379000.0,150365000.0,0.184,150365000.0,128379000.0,128379000.0,0.933,0.873,0.933,500095000.0,461567000.0,500095000.0,1328673164.0,10.0,8.836,66396000.0,0.807,1.0,815354000.0,1.0,61304000.0,0.0,2223844000.0,1916228000.0,0.0,654929000.0,,,2332234000.0,,,1627294164.0,55057000.0,0.0,9777000.0,-20000.0,-10197000.0,-440000.0,-42586000.0,-5312000.0,98083000.0,0.0,76121000.0,76121000.0,76121000.0,0.0,0.0,0.093,686975000.0,128379000.0,1568281000.0,0.153,3.254,21.378,21.19,51991000.0,0.0,19.77,1.996,1.996,713391000.0,293263000.0,815354000.0,815354000.0,0.0,0.032,0.165,0.067,0.157,0.0,568153000.0,1.0,82311288.0,82311288.0,,9.906,2771025000.0,0.0,52258000.0,0.0,33.665,
23,LM,MRY,1997-12-31,1997-03-31,1997-03-31,2020-07-31,233000.0,1886736000.0,,,,,,-13236000.0,593493000.0,593493000.0,0.0,57192000.0,,3.46,376792000.0,,,376792000.0,0.0,17422000.0,0.0,0.012,0.128,139574000.0,156996000.0,0.236,156996000.0,139574000.0,96210000.0,0.747,0.68,0.747,423039000.0,,423039000.0,,,,66696000.0,,1.0,664601000.0,1.0,61423000.0,43364000.0,1608612000.0,,0.0,542257000.0,,,1463697000.0,,,,61275000.0,0.0,4976000.0,6717000.0,-8412000.0,3281000.0,-21938000.0,-8049000.0,79932000.0,0.0,57192000.0,57192000.0,57192000.0,0.0,0.0,0.086,525027000.0,139574000.0,967758000.0,0.171,,,14.14,36584000.0,0.0,10.563,,,534018000.0,226677000.0,664601000.0,664601000.0,0.0,,,,0.21,0.0,426702000.0,1.0,,,,,1825313000.0,0.0,39018000.0,0.0,,
24,LM,MRY,1996-12-31,1996-03-31,1996-03-31,2020-07-31,,,,,,,,-13081000.0,,,0.0,38281000.0,,,,,,,,14439000.0,,0.016,0.117,90738000.0,105177000.0,0.197,105177000.0,90738000.0,64551000.0,0.577,0.49,0.577,,,,,,,37288000.0,,1.0,533343000.0,1.0,,26187000.0,,,,,,,,,,,29808000.0,-2674000.0,3887000.0,105808000.0,-6058000.0,103637000.0,-124198000.0,-108054000.0,50369000.0,0.0,38281000.0,38281000.0,38281000.0,0.0,0.0,0.072,442605000.0,90738000.0,,0.203,,,12.617,,0.0,7.28,,,,,533343000.0,533343000.0,0.0,,,,0.17,0.0,349886000.0,1.0,,,,,,,26270000.0,,,
0,LM,MRQ,2020-06-30,2020-06-30,2020-06-30,2020-07-31,-161246000.0,7917437000.0,,1962192000.0,5955245000.0,,43.467,-5762000.0,952336000.0,952336000.0,0.0,55074000.0,2.267,0.882,2569286000.0,327191000.0,2242095000.0,2569286000.0,0.0,19448000.0,0.0,0.032,0.4,91933000.0,111381000.0,0.167,111381000.0,91933000.0,63352000.0,0.54,0.54,0.54,3866348000.0,,3866348000.0,5706864945.0,12.0,10.614,-217254000.0,-2.442,1.0,666186000.0,1.0,5219143000.0,28581000.0,3449734000.0,,0.0,447121000.0,447121000.0,0.0,3408779000.0,865510000.0,2543269000.0,4425193945.0,-97269000.0,-250000.0,0.0,250000000.0,-36266000.0,121115000.0,-5947000.0,65000.0,-211492000.0,-945000.0,49422000.0,49422000.0,49422000.0,0.0,5652000.0,0.074,598478000.0,67708000.0,165863000.0,0.741,1.145,17.324,17.58,406641000.0,0.0,49.75,1.535,1.535,406411000.0,1831364000.0,666186000.0,666186000.0,0.0,,,,,7421000.0,538922000.0,1.0,88948622.0,88948622.0,,7.49,2698294000.0,165948000.0,13930000.0,167828000.0,30.335,1096682000.0
1,LM,MRQ,2020-03-31,2020-03-31,2020-03-31,2020-07-31,-195306000.0,8006120000.0,,2039624000.0,5966496000.0,,43.648,-6397000.0,1047613000.0,1047613000.0,0.0,75383000.0,2.202,0.915,2329284000.0,77814000.0,2251470000.0,2329284000.0,0.0,16378000.0,0.0,0.033,0.4,116765000.0,133143000.0,0.185,133143000.0,116765000.0,89741000.0,0.71,0.71,0.71,3792639000.0,,3792639000.0,5731725568.0,12.0,10.72,177075000.0,2.038,1.0,719587000.0,1.0,5203456000.0,27024000.0,3158278000.0,,0.0,455978000.0,455978000.0,0.0,3470025000.0,926057000.0,2543968000.0,4244675568.0,198857000.0,12793000.0,0.0,0.0,-35906000.0,16099000.0,-6293000.0,-12689000.0,183472000.0,5580000.0,64159000.0,64159000.0,64159000.0,0.0,11224000.0,0.089,553083000.0,166504000.0,156981000.0,0.563,1.119,16.886,17.446,425765000.0,0.0,48.85,1.453,1.453,407893000.0,1820412000.0,719587000.0,719587000.0,0.0,,,,,9352000.0,488723000.0,1.0,86892028.0,86892028.0,,8.281,2802664000.0,161977000.0,25582000.0,165038000.0,32.255,1113567000.0
2,LM,MRQ,2019-12-31,2019-12-31,2019-12-31,2020-07-31,-127402000.0,8039718000.0,,1975932000.0,6063786000.0,,43.832,-6089000.0,848651000.0,848651000.0,0.0,91003000.0,2.123,0.929,2335701000.0,77377000.0,2258324000.0,2335701000.0,0.0,18255000.0,0.0,0.043,0.8,135471000.0,153726000.0,0.204,153726000.0,135471000.0,108439000.0,0.83,0.83,0.83,3804712000.0,,3804712000.0,4858275423.0,11.0,9.362,329269000.0,3.793,1.0,753914000.0,1.0,5273614000.0,27032000.0,3322295000.0,,0.0,514755000.0,514755000.0,0.0,3536088000.0,930859000.0,2605229000.0,3117098423.0,243635000.0,-3548000.0,0.0,0.0,-35978000.0,-77693000.0,-5384000.0,4253000.0,335358000.0,-8647000.0,74775000.0,74775000.0,74775000.0,0.0,16228000.0,0.099,623920000.0,129994000.0,159415000.0,0.964,0.819,13.169,13.5,434500000.0,0.0,35.91,1.077,1.077,461790000.0,1804251000.0,753914000.0,753914000.0,0.0,,,,,15426000.0,568987000.0,1.0,86803075.0,86803075.0,,8.685,2766104000.0,193792000.0,33664000.0,181115000.0,31.866,1045073000.0
3,LM,MRQ,2019-09-30,2019-09-30,2019-09-30,2020-07-31,-170161000.0,7802302000.0,,1743679000.0,6058623000.0,,42.875,-7930000.0,605256000.0,605256000.0,0.0,76531000.0,2.219,0.906,2346433000.0,76510000.0,2269923000.0,2346433000.0,0.0,16249000.0,0.0,0.037,0.4,123168000.0,139417000.0,0.188,139417000.0,123168000.0,95837000.0,0.75,0.74,0.75,3719322000.0,,3719322000.0,5257173438.0,81.0,39.043,221373000.0,2.552,1.0,743264000.0,1.0,5249049000.0,27331000.0,3508697000.0,,0.0,542522000.0,542522000.0,0.0,3370156000.0,785733000.0,2584423000.0,3312888438.0,-66264000.0,-9245000.0,0.0,-250000000.0,-35935000.0,-279294000.0,-14746000.0,2429000.0,229303000.0,-1527000.0,67083000.0,67083000.0,67083000.0,0.0,9448000.0,0.09,618287000.0,124977000.0,145861000.0,0.533,0.891,-60.269,-53.042,453438000.0,0.0,38.19,1.164,1.164,455237000.0,1777014000.0,743264000.0,743264000.0,0.0,,,,,18689000.0,563588000.0,1.0,86747537.0,86747537.0,,8.568,2553253000.0,193311000.0,28754000.0,152385000.0,29.433,957946000.0
4,LM,MRQ,2019-06-30,2019-06-30,2019-06-30,2020-07-31,-140655000.0,7845841000.0,,1745864000.0,6099977000.0,,42.734,-9190000.0,670561000.0,670561000.0,0.0,61569000.0,2.014,0.932,2614846000.0,327626000.0,2287220000.0,2614846000.0,0.0,16496000.0,0.0,0.027,0.0,91881000.0,108377000.0,0.154,108377000.0,91881000.0,63398000.0,0.51,0.51,0.51,3700783000.0,,3700783000.0,4590281190.0,62.0,31.368,-196767000.0,-2.272,1.0,705360000.0,1.0,5279657000.0,28483000.0,3643588000.0,,0.0,521741000.0,521741000.0,0.0,3449821000.0,866881000.0,2582940000.0,3315032190.0,-277346000.0,-10247000.0,0.0,0.0,-30131000.0,-68123000.0,-18949000.0,488000.0,-187577000.0,-2697000.0,45350000.0,45350000.0,45350000.0,0.0,16219000.0,0.064,622590000.0,82770000.0,174025000.0,0.0,0.896,-67.313,-58.892,472644000.0,0.0,38.28,1.159,1.159,425321000.0,1748106000.0,705360000.0,705360000.0,0.0,,,,,23834000.0,564632000.0,1.0,86599587.0,86599587.0,,8.145,2566184000.0,194814000.0,18048000.0,136767000.0,29.633,878983000.0
5,LM,MRQ,2019-03-31,2019-03-31,2019-03-31,2020-07-31,-131236000.0,7794122000.0,,2019856000.0,5774266000.0,,42.784,-13273000.0,946503000.0,946503000.0,0.0,54886000.0,1.82,0.932,2221752000.0,250301000.0,1971451000.0,2221752000.0,0.0,18764000.0,0.0,0.05,0.34,98677000.0,117441000.0,0.17,117441000.0,98677000.0,69883000.0,0.57,0.57,0.57,3659755000.0,,3659755000.0,3701966661.0,34.0,20.319,103604000.0,1.211,1.0,692605000.0,1.0,5270313000.0,28794000.0,2689314000.0,,0.0,506756000.0,506756000.0,0.0,3412207000.0,1109744000.0,2302463000.0,2341231661.0,85620000.0,0.0,0.0,0.0,-30131000.0,-22348000.0,-9573000.0,3700000.0,116877000.0,664000.0,49487000.0,49487000.0,49487000.0,0.0,5399000.0,0.071,614480000.0,78125000.0,182921000.0,0.596,0.64,-82.125,-72.026,149989000.0,0.0,27.37,0.806,0.806,425470000.0,1742764000.0,692605000.0,692605000.0,0.0,,,,,15909000.0,541165000.0,1.0,85540068.0,85540068.0,,8.097,2523809000.0,199717000.0,20396000.0,123420000.0,29.504,910112000.0
6,LM,MRQ,2018-12-31,2018-12-31,2018-12-31,2020-07-31,-135767000.0,7682615000.0,,1911018000.0,5771597000.0,,42.386,-8231000.0,861032000.0,861032000.0,0.0,-206390000.0,1.767,0.925,2221767000.0,250636000.0,1971131000.0,2221767000.0,0.0,17888000.0,0.0,0.051,0.68,-248472000.0,-230584000.0,-0.327,-230584000.0,-248472000.0,-277242000.0,-2.55,-2.55,-2.55,3625189000.0,,3625189000.0,3767812561.0,42.0,23.137,248360000.0,2.904,1.0,704322000.0,1.0,5271269000.0,28770000.0,2690800000.0,,0.0,473925000.0,473925000.0,0.0,3352982000.0,1081281000.0,2271701000.0,2181829561.0,225119000.0,0.0,0.0,0.0,-29911000.0,-23870000.0,-5691000.0,2540000.0,256591000.0,-1911000.0,-216888000.0,-216888000.0,-216888000.0,0.0,10498000.0,-0.308,940749000.0,-236427000.0,203881000.0,-0.267,0.602,-31.747,-31.11,150230000.0,0.0,25.51,0.728,0.728,432607000.0,1723817000.0,704322000.0,704322000.0,0.0,,,,,14750000.0,506459000.0,1.0,85528403.0,85528403.0,,8.235,2411346000.0,189867000.0,-60354000.0,99544000.0,28.194,829737000.0
7,LM,MRQ,2018-09-30,2018-09-30,2018-09-30,2020-07-31,-122109000.0,7876328000.0,,1713068000.0,6163260000.0,,45.429,-11841000.0,635798000.0,635798000.0,0.0,81073000.0,1.766,0.859,2221781000.0,250971000.0,1970810000.0,2221781000.0,0.0,18596000.0,0.0,0.038,0.0,132507000.0,151103000.0,0.199,151103000.0,132507000.0,102647000.0,0.82,0.82,0.82,3881921000.0,,3881921000.0,4402932916.0,14.0,11.579,277727000.0,3.25,1.0,758427000.0,1.0,5657813000.0,29860000.0,2834591000.0,,0.0,480499000.0,480499000.0,0.0,3334038000.0,969907000.0,2364131000.0,2668636916.0,22912000.0,923000.0,0.0,-125500000.0,-30147000.0,-255233000.0,-6926000.0,3992000.0,289568000.0,-4497000.0,72803000.0,72803000.0,72803000.0,0.0,8270000.0,0.096,622554000.0,135873000.0,175861000.0,0.0,0.687,8.974,9.407,153906000.0,0.0,31.23,0.865,0.865,446398000.0,1981939000.0,758427000.0,758427000.0,0.0,,,,,16140000.0,564251000.0,1.0,85451070.0,85451070.0,,8.876,2218515000.0,194352000.0,29844000.0,166543000.0,25.962,743161000.0
8,LM,MRQ,2018-06-30,2018-06-30,2018-06-30,2020-07-31,-107662000.0,7926241000.0,,1738778000.0,6187463000.0,,44.787,-17990000.0,613000000.0,613000000.0,0.0,78365000.0,2.414,0.868,2347296000.0,125500000.0,2221796000.0,2347296000.0,0.0,17547000.0,0.0,0.034,0.34,126682000.0,144229000.0,0.193,144229000.0,126682000.0,96765000.0,0.75,0.75,0.75,3827504000.0,,3827504000.0,4545972347.0,14.0,11.634,-120160000.0,-1.406,1.0,747905000.0,1.0,5679241000.0,29917000.0,3260984000.0,,0.0,556764000.0,556764000.0,0.0,3322828000.0,720312000.0,2602516000.0,2968020347.0,-156621000.0,0.0,0.0,0.0,-24572000.0,-30078000.0,-14311000.0,3679000.0,-102170000.0,-10062000.0,66090000.0,66090000.0,66090000.0,0.0,12275000.0,0.088,621803000.0,126102000.0,191901000.0,0.453,0.775,9.885,10.588,154315000.0,0.0,34.73,0.959,0.959,435620000.0,1941988000.0,747905000.0,747905000.0,0.0,,,,,19085000.0,559804000.0,1.0,85459843.0,85459843.0,,8.752,2247000000.0,199431000.0,30675000.0,155990000.0,26.293,1018466000.0
9,LM,MRQ,2018-03-31,2018-03-31,2018-03-31,2020-07-31,-55182000.0,8152534000.0,,1928382000.0,6224152000.0,,45.238,-12806000.0,769358000.0,769358000.0,0.0,16643000.0,1.964,0.933,2347310000.0,125500000.0,2221810000.0,2347310000.0,0.0,18435000.0,0.0,0.028,0.28,79668000.0,98103000.0,0.125,98103000.0,79668000.0,49227000.0,0.16,0.15,0.16,3824405000.0,,3824405000.0,5181634707.0,17.0,13.876,184744000.0,2.185,1.0,785052000.0,1.0,5730014000.0,30441000.0,3018430000.0,,0.0,539503000.0,539503000.0,0.0,3568103000.0,982042000.0,2586061000.0,3436562707.0,67266000.0,3467000.0,0.0,-100000000.0,-26178000.0,-129361000.0,-7119000.0,2220000.0,197550000.0,6196000.0,9269000.0,9269000.0,9269000.0,0.0,7374000.0,0.012,700860000.0,84192000.0,175583000.0,1.75,0.899,12.055,13.416,148406000.0,0.0,40.65,1.094,1.094,475594000.0,1894762000.0,785052000.0,785052000.0,0.0,,,,,15873000.0,567719000.0,1.0,84540288.0,84540288.0,,9.286,2422520000.0,202068000.0,39958000.0,139787000.0,28.655,946340000.0
10,LM,MRQ,2017-12-31,2017-12-31,2017-12-31,2020-07-31,-74118000.0,8075166000.0,,1848758000.0,6226408000.0,,41.396,-8694000.0,702252000.0,702252000.0,0.0,168546000.0,1.982,0.923,2447324000.0,225500000.0,2221824000.0,2447324000.0,0.0,17917000.0,0.0,0.025,0.56,-31086000.0,-13169000.0,-0.017,-13169000.0,-31086000.0,-60174000.0,1.59,1.58,1.59,3805831000.0,,3805831000.0,5403119334.0,16.0,13.034,108218000.0,1.177,1.0,793090000.0,1.0,5726535000.0,29088000.0,3161115000.0,,0.0,536311000.0,536311000.0,0.0,3513968000.0,932588000.0,2581380000.0,3859536334.0,24030000.0,0.0,-299490000.0,225500000.0,-28361000.0,-94766000.0,-5002000.0,3692000.0,116912000.0,6886000.0,149222000.0,149222000.0,149222000.0,0.0,19324000.0,0.188,819684000.0,-26594000.0,198481000.0,0.352,1.014,10.973,11.533,148859000.0,0.0,41.98,1.254,1.254,482652000.0,1911479000.0,793090000.0,793090000.0,0.0,,,,,15471000.0,565546000.0,1.0,91937502.0,91937502.0,,8.626,2348631000.0,204787000.0,-209396000.0,123788000.0,25.546,916170000.0
11,LM,MRQ,2017-09-30,2017-09-30,2017-09-30,2020-07-31,-74431000.0,8195665000.0,,1751556000.0,6444109000.0,,42.374,-7475000.0,678256000.0,678256000.0,0.0,87624000.0,2.506,0.883,2221839000.0,0.0,2221839000.0,2221839000.0,0.0,18161000.0,0.0,0.024,0.0,143414000.0,161575000.0,0.21,161575000.0,143414000.0,114337000.0,0.78,0.78,0.78,3966171000.0,,3966171000.0,5394113571.0,11.0,9.713,282915000.0,3.023,1.0,768338000.0,1.0,5931862000.0,29077000.0,3108368000.0,,0.0,499088000.0,499088000.0,0.0,3502694000.0,699018000.0,2803676000.0,3679392571.0,171250000.0,0.0,-90000000.0,0.0,-26486000.0,-114623000.0,-3684000.0,3791000.0,290390000.0,-833000.0,75664000.0,75664000.0,75664000.0,0.0,11960000.0,0.098,623919000.0,144419000.0,173739000.0,0.0,0.928,14.489,15.416,151995000.0,0.0,39.31,1.226,1.226,439859000.0,1789298000.0,768338000.0,768338000.0,0.0,,,,,18463000.0,568055000.0,1.0,93599404.0,93599404.0,,8.209,2263803000.0,204787000.0,38673000.0,347079000.0,24.186,1052538000.0
12,LM,MRQ,2017-06-30,2017-06-30,2017-06-30,2020-07-31,-95994000.0,8054429000.0,,1605601000.0,6448828000.0,,41.378,-8371000.0,507132000.0,507132000.0,0.0,63537000.0,2.738,0.851,2221853000.0,0.0,2221853000.0,2221853000.0,0.0,18473000.0,0.0,0.025,0.28,108441000.0,126914000.0,0.16,126914000.0,108441000.0,79175000.0,0.52,0.52,0.52,3966532000.0,,3966532000.0,5129504663.0,11.0,9.544,-123855000.0,-1.292,1.0,793842000.0,1.0,5923737000.0,29266000.0,3259029000.0,,0.0,476361000.0,476361000.0,0.0,3375453000.0,586384000.0,2789069000.0,3658043663.0,-243120000.0,2561000.0,-89649000.0,0.0,-21153000.0,-123546000.0,-3678000.0,2132000.0,-115484000.0,-412000.0,50920000.0,50920000.0,50920000.0,0.0,12617000.0,0.064,703187000.0,90655000.0,194755000.0,0.538,0.922,14.948,15.9,156008000.0,0.0,38.16,1.227,1.227,480269000.0,1741362000.0,793842000.0,793842000.0,0.0,,,,,21068000.0,610367000.0,1.0,95860683.0,95860683.0,,8.281,2130692000.0,202823000.0,28255000.0,320113000.0,22.227,1019217000.0
13,LM,MRQ,2017-03-31,2017-03-31,2017-03-31,2020-07-31,-106784000.0,8290415000.0,,1801747000.0,6488668000.0,,40.877,-12488000.0,750406000.0,750406000.0,0.0,90304000.0,2.226,0.904,2221867000.0,0.0,2221867000.0,2221867000.0,0.0,19574000.0,0.0,0.024,0.22,119633000.0,139207000.0,0.193,139207000.0,119633000.0,88445000.0,0.75,0.75,0.75,3983374000.0,,3983374000.0,5035431931.0,12.0,9.975,175369000.0,1.8,1.0,723126000.0,1.0,5959269000.0,31188000.0,2993220000.0,,0.0,473520000.0,473520000.0,0.0,3601471000.0,809387000.0,2792084000.0,3518808931.0,39959000.0,6888000.0,-89998000.0,0.0,-21719000.0,-145599000.0,-2393000.0,8056000.0,187857000.0,94000.0,75924000.0,75924000.0,75924000.0,0.0,14380000.0,0.105,613237000.0,109889000.0,181793000.0,0.293,0.883,15.484,16.489,159662000.0,0.0,36.11,1.219,1.219,433192000.0,1694859000.0,723126000.0,723126000.0,0.0,,,,,21086000.0,520639000.0,1.0,97446938.0,97446938.0,,7.421,2331146000.0,202843000.0,12521000.0,329229000.0,23.922,992360000.0
14,LM,MRQ,2016-12-31,2016-12-31,2016-12-31,2020-07-31,-136280000.0,8259872000.0,,1768026000.0,6491846000.0,,39.378,-8805000.0,705259000.0,705259000.0,0.0,64527000.0,2.366,0.896,2221882000.0,0.0,2221882000.0,2221882000.0,0.0,20297000.0,0.0,0.035,0.44,107375000.0,127672000.0,0.179,127672000.0,107375000.0,77880000.0,0.5,0.5,0.5,3977486000.0,,3977486000.0,4650616563.0,14.0,11.351,200297000.0,1.983,1.0,715241000.0,1.0,5956262000.0,29495000.0,3072864000.0,,0.0,516398000.0,516398000.0,0.0,3562207000.0,747369000.0,2814838000.0,3021111563.0,118638000.0,12081000.0,-90001000.0,0.0,-22075000.0,-100653000.0,10794000.0,3105000.0,209102000.0,-605000.0,51439000.0,51439000.0,51439000.0,0.0,13088000.0,0.072,618575000.0,96666000.0,194865000.0,0.88,0.76,28.485,29.324,160831000.0,0.0,29.91,1.085,1.085,421371000.0,1641068000.0,715241000.0,715241000.0,0.0,,,,,16941000.0,527220000.0,1.0,101006739.0,101006739.0,,7.081,2303610000.0,209293000.0,26441000.0,321815000.0,22.806,1020657000.0
15,LM,MRQ,2016-09-30,2016-09-30,2016-09-30,2020-07-31,-98675000.0,8254550000.0,,1661476000.0,6593074000.0,,39.174,-6713000.0,592391000.0,592391000.0,0.0,86532000.0,2.439,0.861,2221896000.0,0.0,2221896000.0,2221896000.0,0.0,19424000.0,0.0,0.03,0.0,124268000.0,143692000.0,0.192,143692000.0,124268000.0,96343000.0,0.63,0.63,0.63,4059547000.0,,4059547000.0,5196616385.0,-640.0,79.959,297116000.0,2.867,1.0,748370000.0,1.0,6048420000.0,27925000.0,3154290000.0,,0.0,513174000.0,513174000.0,0.0,3495653000.0,681345000.0,2814308000.0,3469445385.0,80180000.0,-11995000.0,-90000000.0,-16833000.0,-22225000.0,-205605000.0,-17924000.0,1436000.0,303829000.0,-120000.0,66441000.0,66441000.0,66441000.0,0.0,20091000.0,0.089,627737000.0,120633000.0,199331000.0,0.0,0.855,-41.3,-42.38,165765000.0,0.0,33.48,1.272,1.272,425948000.0,1612875000.0,748370000.0,748370000.0,0.0,,,,,17510000.0,579037000.0,1.0,103627401.0,103627401.0,,7.222,2206130000.0,209334000.0,29902000.0,301215000.0,21.289,980131000.0
16,LM,MRQ,2016-06-30,2016-06-30,2016-06-30,2020-07-31,-91471000.0,8296593000.0,,1702319000.0,6594274000.0,,38.845,-11971000.0,511150000.0,511150000.0,0.0,45340000.0,1.525,0.844,2238321000.0,500000000.0,1738321000.0,2238321000.0,0.0,20918000.0,0.0,0.035,0.22,73328000.0,94246000.0,0.135,94246000.0,73328000.0,48763000.0,0.31,0.31,0.31,4094319000.0,,4094319000.0,3540293173.0,-130.0,88.278,-177941000.0,-1.688,1.0,700165000.0,1.0,6044865000.0,24565000.0,2862788000.0,,0.0,594167000.0,594167000.0,0.0,3456461000.0,1116111000.0,2340350000.0,3108311173.0,-838438000.0,-997933000.0,-111673000.0,459194000.0,-21878000.0,334980000.0,-1007816000.0,1000000.0,-165970000.0,368000.0,33452000.0,33452000.0,33452000.0,0.0,11888000.0,0.048,644610000.0,55555000.0,220092000.0,0.71,0.759,-36.089,-35.107,170804000.0,0.0,29.49,1.172,1.172,403567000.0,1569994000.0,700165000.0,700165000.0,0.0,,,,,37471000.0,569162000.0,1.0,105402210.0,105402210.0,,6.643,2251728000.0,208034000.0,15311000.0,304779000.0,21.363,586208000.0
17,LM,MRQ,2016-03-31,2016-03-31,2016-03-31,2020-07-31,-66493000.0,7520446000.0,,2385044000.0,5135402000.0,,39.12,-10418000.0,1349003000.0,1349003000.0,0.0,-52158000.0,2.834,0.738,1780985000.0,40000000.0,1740985000.0,1780985000.0,0.0,15542000.0,0.0,0.029,0.4,28564000.0,44106000.0,0.071,44106000.0,28564000.0,13333000.0,-0.42,-0.42,-0.42,4213563000.0,,4213563000.0,4250689839.0,137.0,46.496,137641000.0,1.278,1.0,619551000.0,1.0,4626001000.0,15231000.0,2484874000.0,,0.0,564050000.0,564050000.0,0.0,3108896000.0,841553000.0,2267343000.0,3735316839.0,765654000.0,-25000000.0,-26654000.0,688918000.0,-21811000.0,659621000.0,-37850000.0,237000.0,148059000.0,-4176000.0,-45273000.0,-45273000.0,-45273000.0,0.0,-6885000.0,-0.073,619023000.0,528000.0,201572000.0,-0.952,0.886,-149.222,-138.72,163305000.0,0.0,34.68,1.404,1.404,334922000.0,1576242000.0,619551000.0,619551000.0,0.0,,,,,38351000.0,503005000.0,1.0,107708098.0,107708098.0,,5.752,2894445000.0,206797000.0,58606000.0,260386000.0,26.873,1543491000.0
18,LM,MRQ,2015-12-31,2015-12-31,2015-12-31,2020-07-31,-78109000.0,6838473000.0,,1760821000.0,5077652000.0,,39.778,-10054000.0,581386000.0,581386000.0,0.0,-138610000.0,2.557,0.559,1096759000.0,40000000.0,1056759000.0,1096759000.0,0.0,17221000.0,0.0,0.019,0.4,-234274000.0,-217053000.0,-0.329,-217053000.0,-234274000.0,-242277000.0,-1.31,-1.31,-1.31,4285257000.0,,4285257000.0,4655198724.0,33.0,23.147,144630000.0,1.343,1.0,659557000.0,1.0,4613205000.0,8003000.0,2052070000.0,,0.0,550691000.0,550691000.0,0.0,2394685000.0,688571000.0,1706114000.0,4226195724.0,-55463000.0,-209053000.0,-25000000.0,37336000.0,-21899000.0,8968000.0,-214764000.0,-953000.0,154684000.0,-4351000.0,-138626000.0,-138626000.0,-138626000.0,0.0,16000.0,-0.21,900202000.0,-240645000.0,189144000.0,-0.305,0.986,40.952,46.153,167741000.0,0.0,39.23,1.54,1.54,332769000.0,1643842000.0,659557000.0,659557000.0,0.0,,,,,17535000.0,499889000.0,1.0,107728670.0,107728670.0,,6.122,2225268000.0,342834000.0,-103651000.0,343416000.0,20.656,1072250000.0
19,LM,MRQ,2015-09-30,2015-09-30,2015-09-30,2020-07-31,-74264000.0,6877954000.0,,1765540000.0,5112414000.0,,40.631,-10330000.0,630899000.0,630899000.0,0.0,62919000.0,2.96,0.525,1059902000.0,0.0,1059902000.0,1059902000.0,0.0,13559000.0,0.0,0.016,0.0,105246000.0,118805000.0,0.177,118805000.0,105246000.0,91966000.0,0.58,0.58,0.58,4457513000.0,,4457513000.0,5071947977.0,10.0,9.081,138708000.0,1.264,1.0,673086000.0,1.0,4634263000.0,13280000.0,2076235000.0,,0.0,494347000.0,494347000.0,0.0,2341963000.0,596459000.0,1745504000.0,4564939977.0,88692000.0,0.0,-89978000.0,0.0,-22346000.0,-87276000.0,1232000.0,5472000.0,149038000.0,25698000.0,64319000.0,64319000.0,64319000.0,0.0,-1400000.0,0.096,540056000.0,133030000.0,189833000.0,0.0,1.024,14.316,14.703,172822000.0,0.0,41.61,1.629,1.629,331602000.0,1803934000.0,673086000.0,673086000.0,0.0,,,,,18170000.0,496924000.0,1.0,109707762.0,109707762.0,,6.135,2243691000.0,329432000.0,27647000.0,387136000.0,20.452,1169081000.0
20,LM,MRQ,2015-06-30,2015-06-30,2015-06-30,2020-07-31,-39010000.0,6829388000.0,,1675480000.0,5153908000.0,,40.795,-9528000.0,550114000.0,550114000.0,0.0,94939000.0,3.256,0.498,1057122000.0,0.0,1057122000.0,1057122000.0,0.0,13975000.0,0.0,0.013,0.2,131587000.0,145562000.0,0.205,145562000.0,131587000.0,119638000.0,0.85,0.84,0.85,4522206000.0,,4522206000.0,6072289394.0,14.0,12.719,-6858000.0,-0.062,1.0,708650000.0,1.0,4669765000.0,11949000.0,2152083000.0,,0.0,473038000.0,473038000.0,0.0,2251669000.0,514548000.0,1737121000.0,5712238394.0,-139309000.0,0.0,-68000000.0,0.0,-18037000.0,-115541000.0,6813000.0,3993000.0,2670000.0,-33251000.0,94548000.0,94548000.0,94548000.0,0.0,391000.0,0.133,584107000.0,124543000.0,210614000.0,0.235,1.263,22.018,22.502,175897000.0,0.0,51.53,2.016,2.016,349024000.0,1761785000.0,708650000.0,708650000.0,0.0,,,,,18871000.0,539004000.0,1.0,110852676.0,110852676.0,,6.393,2159623000.0,331817000.0,25090000.0,369105000.0,19.482,1160932000.0
21,LM,MRQ,2015-03-31,2015-03-31,2015-03-31,2020-07-31,-60742000.0,7064834000.0,,1921287000.0,5143547000.0,,39.81,-10879000.0,704474000.0,704474000.0,0.0,84028000.0,2.357,0.565,1048946000.0,0.0,1048946000.0,1048946000.0,0.0,13979000.0,0.0,0.012,0.16,139824000.0,153803000.0,0.219,153803000.0,139824000.0,125766000.0,0.73,0.72,0.73,4484901000.0,,4484901000.0,6595540985.0,16.0,13.864,176192000.0,1.564,1.0,702346000.0,1.0,4652844000.0,14058000.0,1941416000.0,,0.0,502735000.0,502735000.0,0.0,2534413000.0,815046000.0,1719367000.0,6218635985.0,4432000.0,0.0,-90000000.0,16000.0,-18052000.0,-137717000.0,-27464000.0,0.0,187071000.0,-17458000.0,82959000.0,82959000.0,82959000.0,0.0,1069000.0,0.118,721867000.0,-19521000.0,208210000.0,0.219,1.387,26.23,26.796,179606000.0,0.0,55.2,2.206,2.206,368399000.0,1690055000.0,702346000.0,702346000.0,0.0,,,,,15311000.0,498156000.0,1.0,112656449.0,112656449.0,,6.234,2411990000.0,331684000.0,42807000.0,362209000.0,21.41,1106241000.0
22,LM,MRQ,2014-12-31,2014-12-31,2014-12-31,2020-07-31,-18983000.0,7043230000.0,,1813374000.0,5229856000.0,,39.677,-14290000.0,684522000.0,684522000.0,0.0,80048000.0,2.55,0.535,1061427000.0,5212000.0,1056215000.0,1061427000.0,0.0,13122000.0,0.0,0.011,0.32,127236000.0,140358000.0,0.195,140358000.0,127236000.0,115053000.0,0.67,0.67,0.67,4540646000.0,,4540646000.0,6475073779.0,16.0,13.877,235136000.0,2.055,1.0,718984000.0,1.0,4690323000.0,12183000.0,2018691000.0,,0.0,515980000.0,482452000.0,33528000.0,2429494000.0,711121000.0,1718373000.0,6090029779.0,6146000.0,-126188000.0,-86501000.0,-956000.0,-18004000.0,-79273000.0,-152452000.0,0.0,249426000.0,-11555000.0,77036000.0,77036000.0,77036000.0,0.0,3012000.0,0.107,548228000.0,170756000.0,223035000.0,0.478,1.341,27.301,27.942,183655000.0,0.0,53.37,2.176,2.183,360690000.0,1624328000.0,718984000.0,718984000.0,0.0,,,,,16235000.0,547559000.0,1.0,114109608.0,114439000.0,115692000.0,6.283,2352907000.0,347351000.0,38017000.0,344191000.0,20.56,1102253000.0
23,LM,MRQ,2014-09-30,2014-09-30,2014-09-30,2020-07-31,16311000.0,6755032000.0,,1813922000.0,4941110000.0,,39.584,-8829000.0,669662000.0,669662000.0,0.0,5021000.0,3.117,0.463,1054706000.0,2644000.0,1052062000.0,1054706000.0,0.0,14016000.0,0.0,0.011,0.0,23676000.0,37692000.0,0.054,37692000.0,23676000.0,8701000.0,0.04,0.04,0.04,4583789000.0,,4583789000.0,6322574711.0,15.0,13.072,130616000.0,1.128,1.0,703895000.0,1.0,4401963000.0,14975000.0,2156132000.0,,0.0,497083000.0,464854000.0,32229000.0,2123794000.0,581981000.0,1541813000.0,5925104711.0,-624416000.0,0.0,-90022000.0,-645342000.0,-19252000.0,-747702000.0,23000.0,228000.0,139445000.0,-16182000.0,4897000.0,4897000.0,4897000.0,0.0,124000.0,0.007,573540000.0,130355000.0,210495000.0,0.0,1.293,26.014,26.646,182091000.0,0.0,51.16,2.117,2.116,344394000.0,1565983000.0,703895000.0,703895000.0,0.0,,,,,18319000.0,526312000.0,1.0,115815182.0,115799000.0,116940000.0,6.079,2353069000.0,347082000.0,3804000.0,290461000.0,20.32,1231941000.0
24,LM,MRQ,2014-06-30,2014-06-30,2014-06-30,2020-07-31,49324000.0,7447934000.0,,2475895000.0,4972039000.0,,40.121,-11775000.0,1304340000.0,1304340000.0,0.0,73612000.0,2.182,0.575,1701810000.0,648461000.0,1053349000.0,1701810000.0,0.0,13969000.0,0.0,0.011,0.16,129902000.0,143871000.0,0.207,143871000.0,129902000.0,112844000.0,0.62,0.61,0.62,4699158000.0,,4699158000.0,6193519036.0,12.0,10.677,-19599000.0,-0.167,1.0,693881000.0,1.0,4421017000.0,17058000.0,2289665000.0,,0.0,547179000.0,512062000.0,35117000.0,2701806000.0,1134722000.0,1567084000.0,5993168036.0,425368000.0,-10558000.0,-89999000.0,574842000.0,-15507000.0,457630000.0,-28150000.0,-181000.0,-7824000.0,3712000.0,72188000.0,72188000.0,72188000.0,0.0,1424000.0,0.104,574335000.0,119546000.0,214302000.0,0.258,1.275,19.386,19.888,187388000.0,0.0,51.31,2.167,2.173,334747000.0,1579659000.0,693881000.0,693881000.0,0.0,,,,,16380000.0,523121000.0,1.0,116803119.0,117126000.0,118219000.0,5.924,3026917000.0,345064000.0,40656000.0,297154000.0,25.843,1341173000.0
25,LM,MRQ,2014-03-31,2014-03-31,2014-03-31,2020-07-31,37949000.0,7111349000.0,,2128591000.0,4982758000.0,,39.669,-10222000.0,927849000.0,927849000.0,0.0,65092000.0,2.592,0.496,1128200000.0,89374000.0,1038826000.0,1128200000.0,0.0,14602000.0,0.0,0.011,0.13,130097000.0,144699000.0,0.212,144699000.0,130097000.0,115803000.0,0.58,0.58,0.58,4724724000.0,,4724724000.0,6188414539.0,13.0,11.495,111748000.0,0.938,1.0,681396000.0,1.0,4412296000.0,14294000.0,2078159000.0,,0.0,549999000.0,518189000.0,31810000.0,2341481000.0,821245000.0,1520236000.0,5840876539.0,52684000.0,0.0,-90000000.0,-79396000.0,-15710000.0,-161251000.0,86373000.0,89200000.0,121970000.0,5592000.0,68947000.0,68947000.0,68947000.0,0.0,-3855000.0,0.101,366068000.0,315328000.0,214819000.0,0.224,1.236,20.51,20.957,189241000.0,0.0,49.04,2.13,2.13,348633000.0,1526662000.0,681396000.0,681396000.0,0.0,,,,,17345000.0,513631000.0,1.0,119104334.0,119104334.0,,5.721,2699053000.0,351852000.0,46856000.0,265583000.0,22.661,1307346000.0
26,LM,MRQ,2013-12-31,2013-12-31,2013-12-31,2020-07-31,22311000.0,7005627000.0,,1885263000.0,5120364000.0,,39.365,-11301000.0,842071000.0,842071000.0,0.0,79951000.0,2.584,0.471,1189609000.0,50438000.0,1139171000.0,1189609000.0,0.0,16972000.0,0.0,0.011,0.26,140428000.0,157400000.0,0.219,157400000.0,140428000.0,127738000.0,0.68,0.67,0.68,4746704000.0,,4746704000.0,5704366884.0,14.0,11.527,203836000.0,1.69,1.0,720092000.0,1.0,4407433000.0,12690000.0,2216254000.0,,0.0,582683000.0,462928000.0,119755000.0,2237865000.0,729478000.0,1508387000.0,5245123884.0,93482000.0,1351000.0,-90049000.0,-10741000.0,-15826000.0,-110279000.0,-5581000.0,12348000.0,215137000.0,-5795000.0,81734000.0,81734000.0,81734000.0,0.0,-1783000.0,0.114,598440000.0,121652000.0,193261000.0,0.382,1.105,21.405,22.297,192045000.0,0.0,43.48,1.923,1.922,377970000.0,1477192000.0,720092000.0,720092000.0,0.0,,,,,16185000.0,540960000.0,1.0,120633024.0,120583000.0,121126000.0,5.972,2598194000.0,293204000.0,46004000.0,147907000.0,21.547,1155785000.0
27,LM,MRQ,2013-09-30,2013-09-30,2013-09-30,2020-07-31,32310000.0,6910559000.0,,1731080000.0,5179479000.0,,38.718,-7066000.0,737747000.0,737747000.0,0.0,87698000.0,2.816,0.447,1196990000.0,50218000.0,1146772000.0,1196990000.0,0.0,15799000.0,0.0,0.014,0.0,118300000.0,134099000.0,0.2,134099000.0,118300000.0,105441000.0,0.7,0.7,0.7,4761270000.0,,4761270000.0,4652169409.0,-13.0,-17.441,170954000.0,1.39,1.0,669852000.0,1.0,4422205000.0,12859000.0,2332927000.0,,0.0,581842000.0,452373000.0,129469000.0,2130546000.0,614670000.0,1515876000.0,4125652409.0,44576000.0,0.0,-89997000.0,-49040000.0,-16316000.0,-153248000.0,17839000.0,25483000.0,178020000.0,1965000.0,86288000.0,86288000.0,86288000.0,0.0,1410000.0,0.129,563486000.0,106366000.0,203406000.0,0.0,0.867,-14.199,-15.339,195130000.0,0.0,33.44,1.538,1.533,343460000.0,1412704000.0,669852000.0,669852000.0,0.0,,,,,17624000.0,514304000.0,1.0,123374773.0,122974000.0,123207000.0,5.447,2488354000.0,324735000.0,19153000.0,146822000.0,20.235,1116410000.0
28,LM,MRQ,2013-06-30,2013-06-30,2013-06-30,2020-07-31,21963000.0,6917154000.0,,1670786000.0,5246368000.0,,37.897,-11863000.0,722126000.0,722126000.0,0.0,49095000.0,3.04,0.453,1248643000.0,50210000.0,1198433000.0,1248643000.0,0.0,15472000.0,0.0,0.015,0.13,86675000.0,102147000.0,0.152,102147000.0,86675000.0,73607000.0,0.38,0.38,0.38,4745787000.0,,4745787000.0,4249011257.0,-12.0,-15.557,-89666000.0,-0.716,1.0,670417000.0,1.0,4425577000.0,13068000.0,2468497000.0,,0.0,571493000.0,413390000.0,158103000.0,2150885000.0,549597000.0,1601288000.0,3884611257.0,-265756000.0,0.0,-89950000.0,-104509000.0,-14114000.0,-214293000.0,38996000.0,55498000.0,-77803000.0,-12656000.0,47815000.0,47815000.0,47815000.0,0.0,1280000.0,0.071,586883000.0,83534000.0,216011000.0,0.342,0.819,-13.121,-13.601,199923000.0,0.0,31.01,1.465,1.464,332937000.0,1341073000.0,670417000.0,670417000.0,0.0,,,,,15334000.0,531507000.0,1.0,125269631.0,125228000.0,125412000.0,5.354,2491577000.0,356713000.0,25792000.0,171054000.0,19.896,1121189000.0
29,LM,MRQ,2013-03-31,2013-03-31,2013-03-31,2020-07-31,47539000.0,7269660000.0,,1942862000.0,5326798000.0,,37.364,-10121000.0,988389000.0,988389000.0,0.0,30691000.0,2.766,0.504,1363109000.0,60758000.0,1302351000.0,1363109000.0,0.0,38041000.0,0.0,0.014,0.11,63169000.0,101210000.0,0.152,101210000.0,63169000.0,47159000.0,0.19,0.19,0.19,4818351000.0,,4818351000.0,4596384227.0,-10.0,-13.005,203535000.0,1.578,1.0,667763000.0,1.0,4446727000.0,16010000.0,2495187000.0,,0.0,606425000.0,395872000.0,210553000.0,2430300000.0,702466000.0,1727834000.0,4145929227.0,27310000.0,-55277000.0,-110382000.0,-42741000.0,0.0,-156008000.0,-25943000.0,44810000.0,213656000.0,-4395000.0,29204000.0,29204000.0,29204000.0,0.0,1487000.0,0.044,624750000.0,43013000.0,214803000.0,0.579,0.86,-11.734,-12.132,201819000.0,0.0,32.15,1.587,1.587,350726000.0,1309088000.0,667763000.0,667763000.0,0.0,,,,,18498000.0,570825000.0,1.0,128955808.0,128955808.0,,5.178,2822933000.0,364618000.0,17955000.0,161298000.0,21.891,1240396000.0
30,LM,MRQ,2012-12-31,2012-12-31,2012-12-31,2020-07-31,58923000.0,7115060000.0,,1829585000.0,5285475000.0,,37.392,-9914000.0,944418000.0,944418000.0,0.0,-458550000.0,3.53,0.442,1394873000.0,50438000.0,1344435000.0,1394873000.0,0.0,16327000.0,0.0,0.016,0.22,-620520000.0,-604193000.0,-0.897,-604193000.0,-620520000.0,-634084000.0,-3.45,-3.45,-3.45,4918309000.0,,4918309000.0,3888571209.0,-10.0,-12.75,116641000.0,0.887,1.0,673900000.0,1.0,4361099000.0,13564000.0,2686119000.0,,0.0,628947000.0,375433000.0,253514000.0,2175075000.0,518297000.0,1656778000.0,3387659209.0,7758000.0,0.0,-63416000.0,-42839000.0,-28999000.0,-143378000.0,27063000.0,38110000.0,126555000.0,-2482000.0,-453870000.0,-453870000.0,-453870000.0,0.0,-4680000.0,-0.673,1307223000.0,-633323000.0,183603000.0,-0.064,0.689,-11.054,-10.807,226741000.0,0.0,25.72,1.306,1.304,314235000.0,1293316000.0,673900000.0,673900000.0,0.0,,,,,13325000.0,521130000.0,1.0,131713033.0,131534000.0,131534000.0,5.123,2753961000.0,363366000.0,-180214000.0,126698000.0,20.937,1311288000.0
31,LM,MRQ,2012-09-30,2012-09-30,2012-09-30,2020-07-31,66066000.0,7874899000.0,,1831260000.0,6043639000.0,,40.69,-10855000.0,929236000.0,929236000.0,0.0,81095000.0,3.056,0.439,1430148000.0,58372000.0,1371776000.0,1430148000.0,0.0,16401000.0,0.0,0.014,0.0,111312000.0,127713000.0,0.199,127713000.0,111312000.0,97194000.0,0.6,0.6,0.6,5456500000.0,,5456500000.0,3970649116.0,13.0,10.132,231806000.0,1.729,1.0,640295000.0,1.0,5106062000.0,14118000.0,2670435000.0,,0.0,671999000.0,383867000.0,288132000.0,2396850000.0,599314000.0,1797536000.0,3333210116.0,140084000.0,0.0,-89805000.0,-353000.0,-15073000.0,-105663000.0,480000.0,11684000.0,242661000.0,2606000.0,80797000.0,80797000.0,80797000.0,0.0,298000.0,0.126,560561000.0,79734000.0,193416000.0,0.0,0.611,18.988,19.433,229982000.0,0.0,24.68,1.309,1.3,325228000.0,1766359000.0,640295000.0,640295000.0,0.0,,,,,14426000.0,510776000.0,1.0,135057136.0,134098000.0,134128000.0,4.775,2768837000.0,279482000.0,16397000.0,211395000.0,20.648,1231946000.0
32,LM,MRQ,2012-06-30,2012-06-30,2012-06-30,2020-07-31,58390000.0,7799007000.0,,1679006000.0,6120001000.0,,39.334,-7461000.0,788922000.0,788922000.0,0.0,-12984000.0,3.31,0.425,1426361000.0,51066000.0,1375295000.0,1426361000.0,0.0,17079000.0,0.0,0.013,0.11,4772000.0,21851000.0,0.035,21851000.0,4772000.0,-14455000.0,-0.07,-0.07,-0.07,5456390000.0,,5456390000.0,3971163388.0,14.0,10.939,-287001000.0,-2.069,1.0,630692000.0,1.0,5112276000.0,19227000.0,2816956000.0,,0.0,672073000.0,374944000.0,297129000.0,2321115000.0,507214000.0,1813901000.0,3723133388.0,-624379000.0,0.0,-161913000.0,-155889000.0,-11178000.0,-330848000.0,-12623000.0,-4754000.0,-279540000.0,-1368000.0,-9458000.0,-9458000.0,-9458000.0,0.0,-3526000.0,-0.015,554615000.0,76077000.0,195504000.0,-1.571,0.682,24.59,24.877,232401000.0,0.0,26.37,1.445,1.42,311471000.0,1699807000.0,630692000.0,630692000.0,0.0,,,,,12734000.0,507969000.0,1.0,141188221.0,138720000.0,138720000.0,4.547,2686731000.0,303319000.0,-4997000.0,225717000.0,19.368,1171792000.0
33,LM,MRQ,2012-03-31,2012-03-31,2012-03-31,2020-07-31,71472000.0,8555747000.0,,2457794000.0,6097953000.0,,40.631,-10304000.0,1410569000.0,1410569000.0,0.0,76809000.0,2.519,0.503,1658599000.0,251278000.0,1407321000.0,1658599000.0,0.0,18635000.0,0.0,0.011,0.08,131009000.0,149644000.0,0.231,149644000.0,131009000.0,109253000.0,0.54,0.54,0.54,5677291000.0,,5677291000.0,4278952188.0,11.0,9.023,152785000.0,1.093,1.0,648591000.0,1.0,5131911000.0,21756000.0,2696084000.0,,0.0,738547000.0,443694000.0,294853000.0,2854425000.0,975782000.0,1878643000.0,3902625188.0,149669000.0,3060000.0,-3462000.0,-203000.0,-11218000.0,-15925000.0,-925000.0,2093000.0,163089000.0,3430000.0,76069000.0,76069000.0,76069000.0,0.0,740000.0,0.117,576379000.0,72212000.0,195808000.0,0.148,0.687,17.674,18.136,239411000.0,0.0,27.93,1.466,1.466,333777000.0,1727616000.0,648591000.0,648591000.0,0.0,,,,,10299000.0,526234000.0,1.0,139728793.0,139728793.0,,4.642,3423836000.0,260097000.0,33184000.0,242567000.0,24.503,1482012000.0
34,LM,MRQ,2011-12-31,2011-12-31,2011-12-31,2020-07-31,64262000.0,8371062000.0,,2231546000.0,6139516000.0,,39.963,-6941000.0,1266192000.0,1266192000.0,0.0,35141000.0,2.477,0.49,1642519000.0,251266000.0,1391253000.0,1642519000.0,0.0,30115000.0,0.0,0.012,0.16,62570000.0,92685000.0,0.148,92685000.0,62570000.0,40739000.0,0.2,0.2,0.2,5596972000.0,,5596972000.0,3879197239.0,10.0,8.205,158570000.0,1.132,1.0,626978000.0,1.0,5139906000.0,21831000.0,2706545000.0,,0.0,742810000.0,452157000.0,290653000.0,2745274000.0,900938000.0,1844336000.0,3361535239.0,138950000.0,0.0,478000.0,-420000.0,-11355000.0,-27962000.0,194000.0,7845000.0,165511000.0,1207000.0,28132000.0,28132000.0,28132000.0,0.0,7009000.0,0.045,567655000.0,59323000.0,210698000.0,0.8,0.601,15.724,16.937,246331000.0,0.0,24.05,1.232,1.235,310514000.0,1662990000.0,626978000.0,626978000.0,0.0,,,,,12488000.0,502544000.0,1.0,139772775.0,140053000.0,140082000.0,4.477,3231156000.0,287236000.0,12607000.0,247936000.0,23.071,1330608000.0
35,LM,MRQ,2011-09-30,2011-09-30,2011-09-30,2020-07-31,60952000.0,8259149000.0,,2104923000.0,6154226000.0,,38.614,-6444000.0,1117720000.0,1117720000.0,0.0,57383000.0,2.566,0.478,1635382000.0,251008000.0,1384374000.0,1635382000.0,0.0,22166000.0,0.0,0.009,0.0,76694000.0,98860000.0,0.148,98860000.0,76694000.0,55058000.0,0.39,0.39,0.39,5555737000.0,,5555737000.0,4178405378.0,10.0,7.983,237622000.0,1.652,1.0,669897000.0,1.0,5147525000.0,21636000.0,2808913000.0,,0.0,737335000.0,444540000.0,292795000.0,2657784000.0,820373000.0,1837411000.0,3787080378.0,-102375000.0,0.0,-199827000.0,-101232000.0,-11885000.0,-319683000.0,-5042000.0,-4686000.0,244066000.0,-21716000.0,56664000.0,56664000.0,56664000.0,0.0,719000.0,0.085,563045000.0,106852000.0,189440000.0,0.0,0.682,15.315,15.773,266302000.0,0.0,25.71,1.342,1.311,326173000.0,1638025000.0,669897000.0,669897000.0,0.0,,,,,13517000.0,495313000.0,1.0,147299898.0,143877000.0,143931000.0,4.656,3111624000.0,279953000.0,-1606000.0,247933000.0,21.627,1284550000.0
36,LM,MRQ,2011-06-30,2011-06-30,2011-06-30,2020-07-31,106792000.0,8592940000.0,,2380461000.0,6212479000.0,,38.512,-8133000.0,1244993000.0,1244993000.0,0.0,61698000.0,2.601,0.487,1636318000.0,250996000.0,1385322000.0,1636318000.0,0.0,22879000.0,0.0,0.007,0.08,110180000.0,133059000.0,0.186,133059000.0,110180000.0,87819000.0,0.4,0.4,0.4,5746398000.0,,5746398000.0,5181779781.0,11.0,8.981,-84030000.0,-0.563,1.0,717108000.0,1.0,5184377000.0,22361000.0,2884531000.0,,0.0,784897000.0,486615000.0,298282000.0,2798551000.0,915357000.0,1883194000.0,4873915781.0,-179899000.0,0.0,-198986000.0,82532000.0,-9144000.0,-118210000.0,8103000.0,14619000.0,-75897000.0,6105000.0,59952000.0,59952000.0,59952000.0,0.0,1746000.0,0.084,616742000.0,100366000.0,207976000.0,0.2,0.848,18.327,18.828,277857000.0,0.0,32.76,1.724,1.729,351565000.0,1596529000.0,717108000.0,717108000.0,0.0,,,,,12431000.0,554847000.0,1.0,148776428.0,149210000.0,149347000.0,4.806,3408563000.0,300006000.0,27867000.0,284983000.0,22.844,1465104000.0
37,LM,MRQ,2011-03-31,2011-03-31,2011-03-31,2020-07-31,93361000.0,8707756000.0,,2446556000.0,6261200000.0,,37.904,-12027000.0,1422324000.0,1422324000.0,0.0,70768000.0,2.525,0.503,1730188000.0,250792000.0,1479396000.0,1730188000.0,0.0,24773000.0,0.0,0.006,0.06,123413000.0,148186000.0,0.208,148186000.0,123413000.0,100895000.0,0.43,0.43,0.43,5770384000.0,,5770384000.0,5891419862.0,13.0,10.367,205316000.0,1.349,1.0,713430000.0,1.0,5188427000.0,22518000.0,2858221000.0,,0.0,796104000.0,483339000.0,312765000.0,2900660000.0,968972000.0,1931688000.0,5494239862.0,114386000.0,0.0,-68100000.0,695000.0,-9180000.0,-75810000.0,-28705000.0,-16678000.0,217343000.0,1558000.0,69037000.0,69037000.0,69037000.0,0.0,1731000.0,0.097,614290000.0,99140000.0,207870000.0,0.14,0.952,21.637,22.141,286705000.0,0.0,36.09,1.973,1.973,366571000.0,1550906000.0,713430000.0,713430000.0,0.0,,,,,13920000.0,550507000.0,1.0,152237181.0,152237181.0,,4.686,3519329000.0,314568000.0,31858000.0,266193000.0,23.117,1477584000.0
38,LM,MRQ,2010-12-31,2010-12-31,2010-12-31,2020-07-31,85964000.0,8568693000.0,,2297516000.0,6271177000.0,,38.42,-9204000.0,1313321000.0,1313321000.0,0.0,53364000.0,2.629,0.481,1710501000.0,252314000.0,1458187000.0,1710501000.0,0.0,25477000.0,0.0,0.005,0.1,117801000.0,143278000.0,0.198,143278000.0,117801000.0,95412000.0,0.41,0.41,0.41,5762256000.0,,5762256000.0,5915608565.0,13.0,10.291,23962000.0,0.16,1.0,721928000.0,1.0,5196594000.0,22389000.0,2895264000.0,,0.0,713497000.0,426923000.0,286574000.0,2774143000.0,874015000.0,1900128000.0,5549309565.0,-22367000.0,0.0,-35880000.0,-13512000.0,-6166000.0,-55220000.0,-4842000.0,4362000.0,33166000.0,4529000.0,61620000.0,61620000.0,61620000.0,0.0,-8256000.0,0.085,624936000.0,96992000.0,207988000.0,0.244,0.963,22.332,22.528,294587000.0,0.0,36.27,2.024,1.984,374592000.0,1492771000.0,721928000.0,721928000.0,0.0,,,,,17095000.0,554493000.0,1.0,152999988.0,149980000.0,150972000.0,4.813,3372099000.0,311603000.0,33792000.0,260765000.0,22.484,1423501000.0
39,LM,MRQ,2010-09-30,2010-09-30,2010-09-30,2020-07-31,78281000.0,8523550000.0,,2235471000.0,6288079000.0,,37.606,-7556000.0,1320685000.0,1320685000.0,0.0,76588000.0,2.522,0.491,1686984000.0,252850000.0,1434134000.0,1686984000.0,0.0,25930000.0,0.0,0.004,0.0,126504000.0,152434000.0,0.226,152434000.0,126504000.0,102055000.0,0.5,0.5,0.5,5694127000.0,,5694127000.0,5195063216.0,12.0,9.478,128415000.0,0.848,1.0,674794000.0,1.0,5206399000.0,24449000.0,2797071000.0,,0.0,692585000.0,408239000.0,284346000.0,2798393000.0,886379000.0,1912014000.0,4687259216.0,144715000.0,0.0,-15364000.0,5505000.0,-4916000.0,-14539000.0,14790000.0,22346000.0,135971000.0,8493000.0,75335000.0,75335000.0,75335000.0,0.0,1253000.0,0.112,586895000.0,87899000.0,203196000.0,0.0,0.823,20.222,20.48,333677000.0,0.0,30.31,1.729,1.693,344697000.0,1449526000.0,674794000.0,674794000.0,0.0,,,,,13209000.0,523547000.0,1.0,154643986.0,151416000.0,151940000.0,4.457,3317151000.0,281809000.0,26720000.0,260892000.0,21.908,1349092000.0
40,LM,MRQ,2010-06-30,2010-06-30,2010-06-30,2020-07-31,48673000.0,8331610000.0,,2019840000.0,6311770000.0,,34.945,-4117000.0,1170852000.0,1170852000.0,0.0,45043000.0,2.515,0.484,1678656000.0,253852000.0,1424804000.0,1678656000.0,0.0,26568000.0,0.0,0.005,0.04,97796000.0,124364000.0,0.184,124364000.0,97796000.0,74995000.0,0.3,0.3,0.3,5595501000.0,,5595501000.0,4493822164.0,11.0,8.459,21543000.0,0.135,1.0,674165000.0,1.0,5202206000.0,22801000.0,2834233000.0,,0.0,657180000.0,368431000.0,288749000.0,2706146000.0,802975000.0,1903171000.0,4583948164.0,-326704000.0,0.0,-311681000.0,-3228000.0,-6551000.0,-322897000.0,-25714000.0,-21597000.0,25660000.0,-3753000.0,47931000.0,47931000.0,47931000.0,0.0,-2888000.0,0.071,571388000.0,102777000.0,219801000.0,0.133,0.819,22.667,21.898,344810000.0,0.0,28.03,1.7,1.665,315929000.0,1379955000.0,674165000.0,674165000.0,0.0,,,,,12021000.0,524427000.0,1.0,163537216.0,160123000.0,160762000.0,4.21,3129404000.0,315011000.0,27064000.0,269045000.0,19.544,1216865000.0
41,LM,MRQ,2010-03-31,2010-03-31,2010-03-31,2020-07-31,58227000.0,8622632000.0,,2559146000.0,6063486000.0,,36.182,-11357000.0,1510460000.0,1510460000.0,0.0,65101000.0,2.427,0.471,1420334000.0,255154000.0,1165180000.0,1420334000.0,0.0,29447000.0,0.0,0.004,0.03,125321000.0,154768000.0,0.231,154768000.0,125321000.0,100226000.0,0.4,0.4,0.4,5841724000.0,,5841724000.0,5160264371.0,11.0,9.159,650063000.0,4.026,1.0,671420000.0,1.0,5217518000.0,25095000.0,2260712000.0,,0.0,385752000.0,372060000.0,13692000.0,2751331000.0,1054276000.0,1697055000.0,4628933371.0,48143000.0,-3003000.0,5000.0,-554226000.0,-4822000.0,-561590000.0,-51538000.0,-40766000.0,661420000.0,-149000.0,63607000.0,63607000.0,63607000.0,0.0,1494000.0,0.095,565584000.0,105836000.0,399613000.0,0.075,0.792,22.651,21.556,361819000.0,0.0,28.67,1.757,1.757,349245000.0,1316981000.0,671420000.0,671420000.0,0.0,,,,,11730000.0,502383000.0,1.0,161455646.0,161455646.0,,4.159,3405114000.0,338511000.0,36619000.0,270578000.0,21.09,1504870000.0
42,LM,MRQ,2009-12-31,2009-12-31,2009-12-31,2020-07-31,63868000.0,9100760000.0,,3032495000.0,6068265000.0,,35.976,-14558000.0,1433302000.0,1433302000.0,0.0,46233000.0,1.886,0.568,1964633000.0,808087000.0,1156546000.0,1964633000.0,0.0,16401000.0,0.0,0.011,0.06,100176000.0,116577000.0,0.169,116577000.0,100176000.0,70928000.0,0.28,0.28,0.28,5785412000.0,,5785412000.0,5252997013.0,-16.0,-22.993,86489000.0,0.538,1.0,690479000.0,1.0,5226828000.0,29248000.0,2797217000.0,,0.0,410477000.0,410477000.0,0.0,3287914000.0,1608046000.0,1679868000.0,4865949013.0,-94295000.0,-180369000.0,539000.0,-1313000.0,-4823000.0,-17766000.0,-178602000.0,-188000.0,101047000.0,1026000.0,44922000.0,44922000.0,44922000.0,0.0,1311000.0,0.065,611331000.0,79148000.0,395873000.0,0.214,0.841,-25.681,-21.239,374698000.0,0.0,30.16,1.886,1.879,352232000.0,1258943000.0,690479000.0,690479000.0,0.0,,,,,11616000.0,568387000.0,1.0,161337832.0,160815000.0,162949000.0,4.294,3873932000.0,875808000.0,26006000.0,275819000.0,24.089,1424449000.0
43,LM,MRQ,2009-09-30,2009-09-30,2009-09-30,2020-07-31,61022000.0,9196652000.0,,2701329000.0,6495323000.0,,37.881,-24015000.0,1570763000.0,1570763000.0,0.0,47322000.0,2.537,0.598,1957811000.0,258990000.0,1698821000.0,1957811000.0,0.0,33575000.0,0.0,0.016,0.0,101985000.0,135560000.0,0.205,135560000.0,101985000.0,73445000.0,0.3,0.3,0.3,5730167000.0,,5730167000.0,5849369595.0,-2.0,-2.314,122816000.0,0.812,1.0,659896000.0,1.0,5214716000.0,28540000.0,3304354000.0,,0.0,386597000.0,386597000.0,0.0,3428575000.0,1064630000.0,2363945000.0,4426896595.0,-279000.0,-7524000.0,2497000.0,-1143000.0,-4259000.0,-136255000.0,-19804000.0,-88000.0,146831000.0,8949000.0,45774000.0,45774000.0,45774000.0,0.0,1548000.0,0.069,582012000.0,77884000.0,389758000.0,0.0,0.773,-2.563,-2.525,384111000.0,0.0,31.03,1.696,1.798,332826000.0,1218845000.0,659896000.0,659896000.0,0.0,,,,,10360000.0,538174000.0,1.0,142665053.0,151267000.0,153224000.0,4.362,3981936000.0,872957000.0,27671000.0,262756000.0,26.324,1636699000.0
44,LM,MRQ,2009-06-30,2009-06-30,2009-06-30,2020-07-31,38527000.0,9044693000.0,,2637562000.0,6407131000.0,,33.1,-34037000.0,1574015000.0,1574015000.0,0.0,52324000.0,2.653,0.916,2996488000.0,257964000.0,2738524000.0,2996488000.0,0.0,34655000.0,0.0,0.031,0.03,121824000.0,156479000.0,0.255,156479000.0,121824000.0,78434000.0,0.35,0.35,0.35,4700415000.0,,4700415000.0,5556191455.0,-2.0,-2.026,469828000.0,3.309,1.0,613084000.0,1.0,5126572000.0,43390000.0,4346314000.0,,0.0,356008000.0,356008000.0,0.0,4307652000.0,994280000.0,3313372000.0,3458961455.0,455667000.0,0.0,1958000.0,-1287000.0,-34337000.0,-31109000.0,-26744000.0,327000.0,503865000.0,9655000.0,50054000.0,50054000.0,50054000.0,0.0,2270000.0,0.082,554769000.0,58315000.0,396908000.0,0.086,0.736,-1.838,-1.825,380408000.0,0.0,24.38,1.186,1.187,297447000.0,1177376000.0,613084000.0,613084000.0,0.0,,,,,12872000.0,514350000.0,1.0,141877008.0,142006000.0,143126000.0,4.317,3918121000.0,868144000.0,28380000.0,256812000.0,27.591,1643282000.0
45,LM,MRQ,2009-03-31,2009-03-31,2009-03-31,2020-07-31,-2784000.0,9232299000.0,,2859387000.0,6372912000.0,,32.483,-41687000.0,1126162000.0,1126162000.0,0.0,-326944000.0,2.232,1.001,2990190000.0,258188000.0,2732002000.0,2990190000.0,0.0,10759000.0,0.0,0.06,0.24,-647833000.0,-637074000.0,-1.032,-637074000.0,-647833000.0,-694755000.0,-2.35,-2.35,-2.35,4598625000.0,,4598625000.0,3347464314.0,-1.0,-1.166,-31874000.0,-0.225,1.0,617211000.0,1.0,5109548000.0,46922000.0,4705586000.0,,0.0,336092000.0,336092000.0,0.0,4602654000.0,1281193000.0,3321461000.0,2250942314.0,-506168000.0,51600000.0,575000.0,-253313000.0,-34110000.0,-269997000.0,-221479000.0,-740976000.0,9813000.0,-24505000.0,-330224000.0,-330224000.0,-330224000.0,0.0,3280000.0,-0.535,662546000.0,-45335000.0,400761000.0,-0.102,0.489,-1.144,-1.137,367043000.0,0.0,15.9,0.67,0.67,293084000.0,1131625000.0,617211000.0,617211000.0,0.0,,,,,14866000.0,532530000.0,1.0,141568699.0,141568699.0,,4.36,4122751000.0,1457213000.0,-364531000.0,258944000.0,29.122,1578194000.0
46,LM,MRQ,2008-12-31,2008-12-31,2008-12-31,2020-07-31,7932000.0,10136410000.0,,4198767000.0,5937643000.0,,34.187,-31511000.0,2379796000.0,2379796000.0,0.0,-1492980000.0,2.068,1.103,3476318000.0,509138000.0,2967180000.0,3476318000.0,0.0,42423000.0,0.0,0.044,0.24,-2225291000.0,-2182868000.0,-3.032,-2182868000.0,-2225291000.0,-2270879000.0,-10.59,-10.59,-10.59,4820974000.0,,4820974000.0,3500022232.0,-1.0,-1.371,405083000.0,2.873,1.0,719988000.0,1.0,5259072000.0,45588000.0,3943766000.0,,0.0,509114000.0,509114000.0,0.0,5315436000.0,2030094000.0,3285342000.0,3081448232.0,-273702000.0,60876000.0,14477000.0,-5123000.0,-34067000.0,-26031000.0,-686452000.0,-585986000.0,436594000.0,2187000.0,-1492832000.0,-1492832000.0,-1492832000.0,0.0,-148000.0,-2.073,1792993000.0,-1073005000.0,425923000.0,-0.023,0.639,-1.624,-1.63,360533000.0,0.0,21.91,0.809,0.811,346067000.0,1515081000.0,719988000.0,719988000.0,0.0,,,,,15867000.0,513536000.0,1.0,140641179.0,141019000.0,141019000.0,5.106,4877338000.0,501233000.0,-778047000.0,0.0,34.586,2168673000.0
47,LM,MRQ,2008-09-30,2008-09-30,2008-09-30,2020-07-31,49969000.0,12477865000.0,,5355402000.0,7122463000.0,,45.095,-31725000.0,3060240000.0,3060240000.0,0.0,-108989000.0,2.215,0.959,3478814000.0,508358000.0,2970456000.0,3478814000.0,0.0,43305000.0,0.0,0.025,0.24,-121794000.0,-78489000.0,-0.081,-78489000.0,-121794000.0,-167626000.0,-0.77,-0.77,-0.77,6353830000.0,,6353830000.0,5803868150.0,-25.0,-101.856,-18341000.0,-0.13,1.0,966137000.0,1.0,6592830000.0,45832000.0,3885722000.0,,0.0,1067892000.0,1067892000.0,0.0,6094035000.0,2417887000.0,3676148000.0,5323486150.0,-479433000.0,0.0,3633000.0,-426885000.0,-33885000.0,-449974000.0,-37259000.0,109232000.0,13384000.0,-5584000.0,-108735000.0,-108735000.0,-108735000.0,0.0,-254000.0,-0.113,745924000.0,220213000.0,464301000.0,-0.312,0.838,-21.313,-21.625,353469000.0,0.0,38.06,1.245,1.254,457981000.0,3037210000.0,966137000.0,966137000.0,0.0,,,,,10737000.0,683992000.0,1.0,139870892.0,140900000.0,140900000.0,6.857,5885035000.0,385865000.0,-58891000.0,371666000.0,41.767,2937515000.0
48,LM,MRQ,2008-06-30,2008-06-30,2008-06-30,2020-07-31,95881000.0,12920356000.0,,5780713000.0,7139643000.0,,46.424,155120000.0,3425648000.0,3425648000.0,0.0,-36081000.0,2.107,0.981,3906030000.0,931679000.0,2974351000.0,3906030000.0,0.0,41958000.0,0.0,0.022,0.24,-13398000.0,28560000.0,0.027,28560000.0,-13398000.0,-57861000.0,-0.26,-0.26,-0.26,6522873000.0,,6522873000.0,6505659220.0,34.0,17.764,77389000.0,0.551,1.0,1054031000.0,1.0,6643995000.0,44463000.0,4013717000.0,,0.0,1163414000.0,1163414000.0,0.0,6397483000.0,2743026000.0,3654457000.0,6063128220.0,852401000.0,0.0,13298000.0,1095176000.0,-33816000.0,1075152000.0,-145716000.0,-35849000.0,-77731000.0,696000.0,-36127000.0,-36127000.0,-36127000.0,0.0,46000.0,-0.034,825084000.0,228947000.0,521537000.0,-0.923,0.93,166.464,167.577,349838000.0,0.0,43.57,1.353,1.366,507837000.0,3174974000.0,1054031000.0,1054031000.0,0.0,,,,,15523000.0,769971000.0,1.0,139158325.0,140505000.0,140505000.0,7.502,6276361000.0,323129000.0,-21734000.0,348070000.0,44.67,3037687000.0
49,LM,MRQ,2008-03-31,2008-03-31,2008-03-31,2020-07-31,82930000.0,11830352000.0,,4685752000.0,7144600000.0,,49.852,-42584000.0,2308282000.0,2308282000.0,0.0,-259230000.0,1.71,0.787,2757773000.0,932119000.0,1825654000.0,2757773000.0,0.0,45010000.0,0.0,0.017,0.24,-364866000.0,-319856000.0,-0.299,-319856000.0,-364866000.0,-399483000.0,-1.82,-1.79,-1.82,6620503000.0,,6620503000.0,7394456032.0,14.0,10.466,330196000.0,2.486,1.0,1069123000.0,1.0,6646551000.0,34617000.0,2893845000.0,,0.0,1093723000.0,1093723000.0,0.0,5209849000.0,2739447000.0,2470402000.0,7434390032.0,273584000.0,-79000.0,-178212000.0,1238399000.0,0.0,972206000.0,-1080900000.0,-1465964000.0,372780000.0,9498000.0,-259496000.0,-259496000.0,-259496000.0,0.0,266000.0,-0.243,931519000.0,137604000.0,490141000.0,-0.132,1.123,28.207,30.097,346802000.0,0.0,55.98,1.604,1.604,524488000.0,3240359000.0,1069123000.0,1069123000.0,0.0,,,,,13746000.0,716795000.0,1.0,132804395.0,132804395.0,,8.05,5183801000.0,249812000.0,-139987000.0,355239000.0,39.033,1946305000.0
50,LM,MRQ,2007-12-31,2007-12-31,2007-12-31,2020-07-31,69030000.0,10561401000.0,,3093233000.0,7468168000.0,,49.43,-39356000.0,1558160000.0,1558160000.0,0.0,154582000.0,1.435,0.502,1518226000.0,941010000.0,577216000.0,1518226000.0,0.0,45066000.0,0.0,0.013,0.24,267738000.0,312804000.0,0.264,312804000.0,267738000.0,246901000.0,1.09,1.07,1.09,7033686000.0,,7033686000.0,9312352562.0,8.0,6.801,239052000.0,1.68,1.0,1186644000.0,1.0,6983647000.0,20837000.0,1382363000.0,,0.0,571853000.0,561283000.0,10570000.0,3527715000.0,2155457000.0,1372258000.0,9673267562.0,-189533000.0,-220568000.0,11136000.0,498813000.0,-68582000.0,447630000.0,-918273000.0,-230622000.0,278408000.0,2702000.0,154582000.0,154582000.0,154582000.0,0.0,0.0,0.13,844653000.0,341991000.0,184724000.0,0.22,1.375,13.908,14.929,328921000.0,0.0,73.15,2.055,2.212,612002000.0,3529399000.0,1186644000.0,1186644000.0,0.0,,,,,11514000.0,772778000.0,1.0,132238791.0,142297000.0,144018000.0,8.339,3577754000.0,17036000.0,92319000.0,496548000.0,25.143,937776000.0
51,LM,MRQ,2007-09-30,2007-09-30,2007-09-30,2020-07-31,63799000.0,10080904000.0,,2668266000.0,7412638000.0,,48.076,-59886000.0,1379503000.0,1379503000.0,0.0,177464000.0,1.442,0.472,1018588000.0,431459000.0,587129000.0,1018588000.0,0.0,44056000.0,0.0,0.011,0.24,300665000.0,344721000.0,0.294,344721000.0,300665000.0,284038000.0,1.25,1.23,1.25,6847362000.0,,6847362000.0,11067093223.0,9.0,7.879,352272000.0,2.473,1.0,1172351000.0,1.0,6988740000.0,16627000.0,881488000.0,,0.0,355529000.0,345810000.0,9719000.0,3233542000.0,1849761000.0,1383781000.0,11190934223.0,188382000.0,-466000.0,-87204000.0,-48445000.0,-34374000.0,-167027000.0,-60593000.0,-241000.0,412158000.0,3844000.0,177464000.0,177464000.0,177464000.0,0.0,0.0,0.151,893933000.0,278418000.0,200174000.0,0.192,1.634,15.639,16.724,282376000.0,0.0,84.29,2.405,2.58,593065000.0,3409173000.0,1172351000.0,1172351000.0,0.0,,,,,12980000.0,830619000.0,1.0,132767045.0,142427000.0,144627000.0,8.231,3092164000.0,31982000.0,106574000.0,474925000.0,21.711,818505000.0
52,LM,MRQ,2007-06-30,2007-06-30,2007-06-30,2020-07-31,49247000.0,9686186000.0,,2466658000.0,7219528000.0,,47.573,-42449000.0,1191121000.0,1191121000.0,0.0,191015000.0,2.101,0.433,1067280000.0,6300000.0,1060980000.0,1067280000.0,0.0,46090000.0,0.0,0.009,0.24,322749000.0,368839000.0,0.306,368839000.0,322749000.0,305605000.0,1.34,1.32,1.34,6760464000.0,,6760464000.0,12894513595.0,11.0,9.435,39079000.0,0.275,1.0,1205968000.0,1.0,6840021000.0,17144000.0,1548507000.0,,0.0,311170000.0,301772000.0,9398000.0,2925722000.0,1173817000.0,1751905000.0,12965506595.0,7504000.0,-1245000.0,12255000.0,-51034000.0,-29865000.0,-32806000.0,-43544000.0,150000.0,81528000.0,2326000.0,191015000.0,191015000.0,191015000.0,0.0,0.0,0.158,913805000.0,292163000.0,178637000.0,0.179,1.918,19.017,20.453,241835000.0,0.0,98.38,2.874,3.099,616623000.0,3266173000.0,1205968000.0,1205968000.0,0.0,,,,,11105000.0,845557000.0,1.0,131790065.0,142107000.0,144778000.0,8.486,2846165000.0,35802000.0,114590000.0,466365000.0,20.028,1292841000.0
53,LM,MRQ,2007-03-31,2007-03-31,2007-03-31,2020-07-31,37895000.0,9604488000.0,,2391507000.0,7212981000.0,,49.742,-37302000.0,1183617000.0,1183617000.0,0.0,172474000.0,1.823,0.468,1112624000.0,5117000.0,1107507000.0,1112624000.0,0.0,50224000.0,0.0,0.009,0.21,292627000.0,342851000.0,0.3,342851000.0,292627000.0,274520000.0,1.22,1.19,1.22,6541490000.0,,6541490000.0,12480087468.0,11.0,9.469,200256000.0,1.523,1.0,1141797000.0,1.0,6858249000.0,18107000.0,1363185000.0,,0.0,282761000.0,273166000.0,9595000.0,3062998000.0,1312061000.0,1750937000.0,12389440468.0,111604000.0,-33037000.0,4872000.0,-51025000.0,-29806000.0,-72617000.0,-54094000.0,16245000.0,237558000.0,757000.0,172474000.0,172474000.0,172474000.0,0.0,0.0,0.151,869343000.0,272454000.0,160656000.0,0.172,1.894,19.154,20.57,219437000.0,0.0,94.21,2.852,2.852,585857000.0,3112844000.0,1141797000.0,1141797000.0,0.0,,,,,10923000.0,797750000.0,1.0,131508762.0,131508762.0,,8.682,2746239000.0,33873000.0,102046000.0,444218000.0,20.883,1079446000.0
54,LM,MRQ,2006-12-31,2006-12-31,2006-12-31,2020-07-31,32397000.0,9536109000.0,,2305228000.0,7230881000.0,,45.082,-34063000.0,1072013000.0,1072013000.0,0.0,174633000.0,1.884,0.496,1162660000.0,4160000.0,1158500000.0,1162660000.0,0.0,51390000.0,0.0,0.008,0.21,296792000.0,348182000.0,0.307,348182000.0,296792000.0,278285000.0,1.23,1.21,1.23,6375623000.0,,6375623000.0,12705409755.0,12.0,9.89,170605000.0,1.206,1.0,1132973000.0,1.0,6862669000.0,18507000.0,1540196000.0,,0.0,242736000.0,211796000.0,30940000.0,3160486000.0,1223891000.0,1936595000.0,12491233755.0,58809000.0,-8121000.0,2919000.0,-66416000.0,-29786000.0,-88305000.0,-59835000.0,-17651000.0,204668000.0,2281000.0,174633000.0,174633000.0,174633000.0,-572000.0,0.0,0.154,869579000.0,263394000.0,167895000.0,0.171,1.959,20.005,22.904,201641000.0,0.0,95.05,2.936,3.16,587629000.0,2970235000.0,1132973000.0,1132973000.0,0.0,,,,,9287000.0,794077000.0,1.0,131417504.0,141422000.0,144317000.0,8.011,2673440000.0,55767000.0,103652000.0,453095000.0,18.904,1081337000.0
55,LM,MRQ,2006-09-30,2006-09-30,2006-09-30,2020-07-31,23828000.0,9276330000.0,,2044492000.0,7231838000.0,,43.948,-16748000.0,1013204000.0,1013204000.0,0.0,143676000.0,1.756,0.495,1227380000.0,66114000.0,1161266000.0,1227380000.0,0.0,49427000.0,0.0,0.007,0.21,257375000.0,306802000.0,0.298,306802000.0,257375000.0,238695000.0,1.02,1.0,1.02,6206747000.0,,6206747000.0,13346318315.0,8.0,7.371,310147000.0,2.196,1.0,1030685000.0,1.0,6890818000.0,18680000.0,1435596000.0,,0.0,180176000.0,171424000.0,8752000.0,3069583000.0,1164092000.0,1905491000.0,13227462315.0,-94840000.0,-398658000.0,11366000.0,-999000.0,-25415000.0,-7920000.0,-414509000.0,897000.0,326895000.0,694000.0,143676000.0,143676000.0,143676000.0,0.0,0.0,0.139,795669000.0,235016000.0,179972000.0,0.206,2.131,10.931,11.023,192829000.0,0.0,100.86,3.472,3.739,520856000.0,2825407000.0,1030685000.0,1030685000.0,0.0,,,,,10632000.0,726365000.0,1.0,131146761.0,141229000.0,144231000.0,7.298,2385512000.0,38333000.0,95019000.0,404362000.0,16.891,880400000.0
56,LM,MRQ,2006-06-30,2006-06-30,2006-06-30,2020-07-31,24670000.0,9273201000.0,,2108396000.0,7164805000.0,,43.249,-23913000.0,1108044000.0,1108044000.0,0.0,156035000.0,1.554,0.529,1226900000.0,66067000.0,1160833000.0,1226900000.0,0.0,51076000.0,0.0,0.007,0.18,269110000.0,320186000.0,0.308,320186000.0,269110000.0,252930000.0,1.11,1.08,1.11,6065558000.0,,6065558000.0,13179078835.0,8.0,7.726,112437000.0,0.802,1.0,1038220000.0,1.0,6814365000.0,16180000.0,1221277000.0,,0.0,163425000.0,153825000.0,9600000.0,3207643000.0,1356415000.0,1851228000.0,12916361835.0,84574000.0,-5262000.0,7571000.0,-25883000.0,-24912000.0,-40589000.0,-13665000.0,15510000.0,136350000.0,2478000.0,156035000.0,156035000.0,156035000.0,0.0,0.0,0.15,780786000.0,257434000.0,158293000.0,0.162,2.129,10.878,10.806,192364000.0,0.0,99.52,3.979,4.3,504268000.0,2711518000.0,1038220000.0,1038220000.0,0.0,,,,,9812000.0,720735000.0,1.0,129786594.0,140247000.0,144171000.0,7.403,2458836000.0,48908000.0,96895000.0,391281000.0,17.532,751981000.0
57,LM,MRQ,2006-03-31,2006-03-31,2006-03-31,2020-07-31,14944000.0,9302490000.0,,2126731000.0,7175759000.0,,47.235,-35272000.0,1023470000.0,1023470000.0,0.0,150054000.0,1.331,0.59,1286187000.0,120110000.0,1166077000.0,1286187000.0,0.0,38158000.0,0.0,0.006,0.18,271325000.0,309483000.0,0.294,309483000.0,271325000.0,252225000.0,0.79,0.85,0.79,5850116000.0,,5850116000.0,15763168700.0,11.0,10.002,-280879000.0,-2.268,1.0,1052149000.0,1.0,6797115000.0,19100000.0,1170386000.0,,0.0,168478000.0,142206000.0,26272000.0,3452374000.0,1597706000.0,1854668000.0,15522433700.0,-20271000.0,12880000.0,40247000.0,-81787000.0,-2847000.0,-44387000.0,271943000.0,294335000.0,-245607000.0,-2220000.0,150054000.0,150054000.0,150054000.0,1593000.0,0.0,0.143,805467000.0,246682000.0,135607000.0,0.228,2.653,13.567,13.193,182609000.0,0.0,125.33,5.868,5.868,560407000.0,2580898000.0,1052149000.0,1052149000.0,0.0,,,,,17731000.0,726474000.0,1.0,123852499.0,123852499.0,,8.495,2505375000.0,60135000.0,102171000.0,392009000.0,20.229,529025000.0
58,LM,MRQ,2005-12-31,2005-12-31,2005-12-31,2020-07-31,12094000.0,9436364000.0,,2639394000.0,6796970000.0,,46.235,-13268000.0,1043741000.0,1043741000.0,0.0,760303000.0,1.458,0.632,1284476000.0,184560000.0,1099916000.0,1284476000.0,0.0,36130000.0,0.0,0.006,0.18,838009000.0,874139000.0,1.269,874139000.0,838009000.0,825184000.0,6.23,5.8,6.23,5640682000.0,,5640682000.0,13563736101.0,10.0,9.307,399160000.0,3.272,1.0,688989000.0,1.0,6337882000.0,12825000.0,1529434000.0,,0.0,719146000.0,645616000.0,73530000.0,3565924000.0,1809783000.0,1756141000.0,13646227101.0,261172000.0,-909144000.0,36503000.0,708609000.0,-22603000.0,722509000.0,-876576000.0,47133000.0,412428000.0,2811000.0,760303000.0,760303000.0,760303000.0,-659518000.0,0.0,1.104,534756000.0,154233000.0,0.0,0.029,2.419,12.274,12.666,158648000.0,0.0,119.69,6.722,7.193,527721000.0,2457723000.0,688989000.0,688989000.0,0.0,,,,,7488000.0,462588000.0,1.0,114013093.0,121999000.0,131142000.0,5.647,3098482000.0,0.0,64881000.0,443386000.0,25.398,829611000.0
59,LM,MRQ,2005-09-30,2005-09-30,2005-09-30,2020-07-31,11481000.0,8169347000.0,,6390755000.0,1778592000.0,,24.331,-26210000.0,782569000.0,782569000.0,0.0,121036000.0,1.394,2.006,700078000.0,103358000.0,596720000.0,700078000.0,0.0,14900000.0,0.0,0.007,0.18,187175000.0,202075000.0,0.433,202075000.0,187175000.0,176608000.0,1.08,0.99,1.08,2717324000.0,,2717324000.0,12045824969.0,17.0,15.735,81039000.0,0.726,1.0,466388000.0,1.0,1431047000.0,10567000.0,2072178000.0,,0.0,488392000.0,358000000.0,130392000.0,5452023000.0,4583631000.0,868392000.0,12059272969.0,19280000.0,-44000.0,42365000.0,-816000.0,-36783000.0,4766000.0,-93661000.0,-65548000.0,107249000.0,926000.0,121036000.0,121036000.0,121036000.0,-28901000.0,0.0,0.26,327820000.0,138568000.0,0.0,0.167,4.438,25.981,25.391,113850000.0,0.0,109.69,6.883,6.993,277263000.0,1720457000.0,466388000.0,466388000.0,0.0,,,,,8450000.0,305402000.0,1.0,109939584.0,111682000.0,123444000.0,4.176,6738300000.0,0.0,55572000.0,0.0,60.335,1807124000.0
60,LM,MRQ,2005-06-30,2005-06-30,2005-06-30,2020-07-31,10576000.0,7769303000.0,,6044760000.0,1724543000.0,,22.824,-10454000.0,763289000.0,763289000.0,0.0,112775000.0,1.389,2.129,749841000.0,103322000.0,646519000.0,749841000.0,0.0,14453000.0,0.0,0.006,0.15,175902000.0,190355000.0,0.435,190355000.0,175902000.0,165746000.0,1.04,0.93,1.04,2483358000.0,,2483358000.0,9012636270.0,13.0,12.555,260237000.0,2.392,1.0,437686000.0,1.0,1437046000.0,10156000.0,1967608000.0,,0.0,378709000.0,294400000.0,84309000.0,5285945000.0,4351201000.0,934744000.0,11188650270.0,-31832000.0,0.0,21339000.0,-539000.0,-16393000.0,4407000.0,-305287000.0,-293397000.0,270691000.0,-1643000.0,112775000.0,112775000.0,112775000.0,-23635000.0,0.0,0.258,297439000.0,140247000.0,0.0,0.144,4.505,25.733,25.147,95361000.0,0.0,104.11,6.744,6.827,259451000.0,1619964000.0,437686000.0,437686000.0,0.0,,,,,1796000.0,281597000.0,1.0,107469506.0,108803000.0,121977000.0,4.023,6332257000.0,0.0,52971000.0,0.0,58.199,1693559000.0
61,LM,MRQ,2005-03-31,2005-03-31,2005-03-31,2020-07-31,15710000.0,8219472000.0,,6552043000.0,1667429000.0,,21.649,-3166000.0,815779000.0,815779000.0,0.0,117645000.0,1.327,2.584,811164000.0,103017000.0,708147000.0,811164000.0,0.0,10145000.0,0.0,0.007,0.15,180599000.0,190744000.0,0.436,190744000.0,180599000.0,169356000.0,1.1,0.98,1.1,2293146000.0,,2293146000.0,6140799459.0,10.0,9.12,-46038000.0,-0.435,1.0,436986000.0,1.0,1446723000.0,11243000.0,1828804000.0,,0.0,73956000.0,64904000.0,9052000.0,5926326000.0,4939330000.0,986996000.0,8276848459.0,125615000.0,-953000.0,13182000.0,0.0,-15564000.0,-2382000.0,171964000.0,174907000.0,-42872000.0,-1095000.0,117645000.0,117645000.0,117645000.0,-31621000.0,0.0,0.269,294818000.0,142168000.0,0.0,0.136,3.609,20.265,19.782,92351000.0,0.0,78.14,5.27,5.27,263153000.0,1523875000.0,436986000.0,436986000.0,0.0,,,,,9921000.0,270593000.0,1.0,105923323.0,105923323.0,,4.125,6772749000.0,0.0,51711000.0,0.0,63.94,1612713000.0
62,LM,MRQ,2004-12-31,2004-12-31,2004-12-31,2020-07-31,17304000.0,7733227000.0,,,,,21.05,-10669000.0,3286990000.0,3286990000.0,0.0,112710000.0,,2.575,1150941000.0,,,1150941000.0,0.0,12204000.0,0.0,0.007,0.3,170185000.0,182389000.0,0.444,182389000.0,170185000.0,158991000.0,1.1,0.98,1.1,2163339000.0,,2163339000.0,5765672131.0,10.0,9.476,328170000.0,3.193,1.0,410871000.0,1.0,1455925000.0,11194000.0,4141253000.0,,0.0,1063671000.0,,,5569888000.0,,,7382113131.0,228477000.0,-155000000.0,321740000.0,0.0,-15549000.0,306191000.0,-351682000.0,-175360000.0,338839000.0,2076000.0,112710000.0,112710000.0,112710000.0,-33670000.0,0.0,0.274,286027000.0,124844000.0,3493606000.0,0.273,3.412,19.289,19.484,98221000.0,0.0,73.26,8.154,8.317,1562483000.0,1422628000.0,410871000.0,410871000.0,0.0,,,,,0.0,264245000.0,1.0,100765945.0,102771000.0,116401000.0,3.998,6277302000.0,0.0,46281000.0,0.0,61.08,
63,LM,MRQ,2004-09-30,2004-09-30,2004-09-30,2020-07-31,11246000.0,7027971000.0,,,,,16.956,-3222000.0,2828195000.0,2828195000.0,0.0,91662000.0,,3.066,1211754000.0,,,1211754000.0,0.0,11327000.0,0.0,0.006,0.0,143021000.0,154348000.0,0.413,154348000.0,143021000.0,131678000.0,0.9,0.81,0.9,1728322000.0,,1728322000.0,3253957895.0,6.0,5.7,93711000.0,0.919,1.0,373611000.0,1.0,1403041000.0,11343000.0,4008489000.0,,0.0,902305000.0,,,5299649000.0,,,5366440895.0,-251451000.0,-402473000.0,-8533000.0,0.0,-10326000.0,-18859000.0,-405301000.0,394000.0,96933000.0,1287000.0,91662000.0,91662000.0,91662000.0,-25012000.0,0.0,0.245,260243000.0,113368000.0,3153220000.0,0.0,3.105,15.296,15.396,108213000.0,0.0,53.27,5.362,5.425,1507308000.0,1325482000.0,373611000.0,373611000.0,0.0,,,,,0.0,236337000.0,1.0,100740396.0,101932000.0,114742000.0,3.665,5624930000.0,0.0,40016000.0,0.0,55.183,
64,LM,MRQ,2004-06-30,2004-06-30,2004-06-30,2020-07-31,8989000.0,7496423000.0,,,,,16.234,-9500000.0,3410292000.0,3410292000.0,0.0,86414000.0,,3.546,1297809000.0,,,1297809000.0,0.0,11160000.0,0.0,0.007,0.1,134757000.0,145917000.0,0.418,145917000.0,134757000.0,123741000.0,0.85,0.76,0.85,1648933000.0,,1648933000.0,3617378111.0,7.0,6.793,-36645000.0,-0.361,1.0,349232000.0,1.0,1407756000.0,11016000.0,3976184000.0,,0.0,860326000.0,,,5847490000.0,,,6079896111.0,-33091000.0,-1478000.0,3218000.0,20000000.0,-10289000.0,12929000.0,-10746000.0,232000.0,-27145000.0,-587000.0,86414000.0,86414000.0,86414000.0,-22704000.0,0.0,0.247,240495000.0,108737000.0,3381841000.0,0.118,3.687,18.661,18.784,101690000.0,0.0,60.673,5.604,5.68,1457045000.0,1249370000.0,349232000.0,349232000.0,0.0,,,,,0.0,217775000.0,1.0,100207056.0,101573000.0,115569000.0,3.438,6088667000.0,0.0,37327000.0,0.0,59.944,
65,LM,MRQ,2004-03-31,2004-03-31,2004-03-31,2020-07-31,10949000.0,7282483000.0,,,,,15.669,-25151000.0,3744473000.0,3744473000.0,0.0,91925000.0,,3.669,1281955000.0,,,1281955000.0,0.0,1913000.0,0.0,0.006,0.1,123908000.0,125821000.0,-0.551,125821000.0,123908000.0,79174000.0,0.91,0.81,0.91,1559610000.0,,1559610000.0,3639073880.0,8.0,7.347,40315000.0,0.405,1.0,-228417000.0,1.0,910641000.0,44734000.0,3909324000.0,,0.0,870769000.0,,,5722873000.0,,,6156672880.0,-4395000.0,-357000.0,-19690000.0,24770000.0,-10237000.0,-5157000.0,-65068000.0,-29721000.0,65466000.0,364000.0,91925000.0,91925000.0,91925000.0,-109749000.0,0.0,-0.402,-196477000.0,-31940000.0,3657103000.0,0.11,3.948,20.676,20.826,111255000.0,0.0,61.853,5.339,5.339,1377742000.0,1173282000.0,-228417000.0,-228417000.0,0.0,,,,,0.0,-163675000.0,1.0,99536639.0,99536639.0,,-2.295,6371842000.0,0.0,-12751000.0,0.0,64.015,
66,LM,MRQ,2003-12-31,2003-12-31,2003-12-31,2020-07-31,8930000.0,6814379000.0,,,,,14.767,-11634000.0,3576161000.0,3576161000.0,0.0,80833000.0,,3.586,1058562000.0,,,1058562000.0,0.0,11115000.0,0.0,0.007,0.1,133699000.0,144814000.0,0.286,144814000.0,133699000.0,133699000.0,0.8,0.71,0.8,1485751000.0,,1485751000.0,2943496217.0,7.0,6.365,441567000.0,4.389,1.0,506422000.0,1.0,913799000.0,0.0,3382981000.0,,0.0,773985000.0,,,5328628000.0,,,5109381217.0,430885000.0,-1452000.0,5298000.0,0.0,-10204000.0,-4906000.0,-18577000.0,-5491000.0,453201000.0,1167000.0,80833000.0,80833000.0,80833000.0,0.0,0.0,0.16,358234000.0,148188000.0,3559499000.0,0.125,3.439,20.076,20.202,75910000.0,0.0,51.453,2.906,2.945,1247435000.0,1091646000.0,506422000.0,506422000.0,0.0,,,,,0.0,317494000.0,1.0,99301268.0,100611000.0,114771000.0,5.033,5900580000.0,0.0,52866000.0,0.0,58.647,
67,LM,MRQ,2003-09-30,2003-09-30,2003-09-30,2020-07-31,2807000.0,6511202000.0,,,,,13.937,55410000.0,3235562000.0,3235562000.0,0.0,66640000.0,,3.666,1069677000.0,,,1069677000.0,0.0,12090000.0,0.0,0.008,0.1,103900000.0,115990000.0,0.253,115990000.0,103900000.0,103900000.0,0.67,0.62,0.67,1395367000.0,,1395367000.0,2855893846.0,8.0,6.996,-13957000.0,-0.139,1.0,457729000.0,1.0,912862000.0,0.0,3432455000.0,,0.0,839861000.0,,,5115835000.0,,,4899216846.0,-76271000.0,1000.0,3065000.0,-58675000.0,-7423000.0,-63033000.0,56023000.0,612000.0,-69367000.0,106000.0,66640000.0,66640000.0,66640000.0,-785000.0,0.0,0.146,350788000.0,106941000.0,3463326000.0,0.149,3.511,22.116,21.555,69550000.0,0.0,48.133,3.019,2.97,1242744000.0,1021049000.0,457729000.0,457729000.0,0.0,,,,,0.0,297361000.0,1.0,101784284.0,100121000.0,107376000.0,4.572,5598340000.0,0.0,37260000.0,0.0,55.916,
68,LM,MRQ,2003-06-30,2003-06-30,2003-06-30,2020-07-31,948000.0,6209081000.0,,,,,13.347,-5667000.0,3142654000.0,3142654000.0,0.0,58366000.0,,3.687,1099331000.0,,,1099331000.0,0.0,13489000.0,0.0,0.007,0.073,95214000.0,108703000.0,0.26,108703000.0,95214000.0,95214000.0,0.587,0.553,0.587,1324802000.0,,1324802000.0,1988256258.0,6.0,5.251,-186766000.0,-1.882,1.0,417342000.0,1.0,925786000.0,0.0,3239972000.0,,0.0,601198000.0,,,4884279000.0,,,4226260258.0,-114966000.0,-2702000.0,16322000.0,29197000.0,-7374000.0,38145000.0,26732000.0,35101000.0,-181099000.0,1256000.0,58366000.0,58366000.0,58366000.0,110000.0,0.0,0.14,314283000.0,103059000.0,3336916000.0,0.124,3.19,21.104,21.404,68765000.0,0.0,43.3,2.76,2.807,1270928000.0,964613000.0,417342000.0,417342000.0,0.0,,,,,0.0,280441000.0,1.0,97604163.0,99259500.0,105187500.0,4.205,5283295000.0,0.0,36848000.0,0.0,53.227,
69,LM,MRQ,2003-03-31,2003-03-31,2003-03-31,2020-07-31,-3976000.0,6067450000.0,,,,,12.843,-20141000.0,3274189000.0,3274189000.0,0.0,48666000.0,,3.862,1036185000.0,,,1036185000.0,0.0,14125000.0,0.0,0.009,0.073,78850000.0,92975000.0,0.247,92975000.0,78850000.0,78850000.0,0.49,0.4,0.49,1247957000.0,,1247957000.0,913305759.0,3.0,2.508,1803000.0,0.019,1.0,376432000.0,1.0,924920000.0,0.0,2904526000.0,,0.0,496210000.0,,,4819493000.0,,,3157320759.0,-134339000.0,-26000.0,-5287000.0,-113992000.0,-7385000.0,-126664000.0,-30874000.0,-12158000.0,21944000.0,1255000.0,48666000.0,48666000.0,48666000.0,-964000.0,0.0,0.129,321212000.0,55220000.0,3321302000.0,0.149,2.53,16.538,16.836,69814000.0,0.0,32.493,2.104,2.104,1117667000.0,913670000.0,376432000.0,376432000.0,0.0,,,,,0.0,306319000.0,1.0,97168263.0,97168263.0,,3.874,5142530000.0,0.0,30184000.0,0.0,52.924,
70,LM,MRQ,2002-12-31,2002-12-31,2002-12-31,2020-07-31,-5365000.0,6215499000.0,,,,,12.214,-6246000.0,3441730000.0,3441730000.0,0.0,47854000.0,,4.142,1197715000.0,,,1197715000.0,0.0,14166000.0,0.0,0.009,0.147,76370000.0,90536000.0,0.244,90536000.0,76370000.0,76370000.0,0.487,0.467,0.487,1208850000.0,,1208850000.0,1250571688.0,5.0,4.036,226725000.0,2.291,1.0,371070000.0,1.0,932615000.0,0.0,3038869000.0,,0.0,463017000.0,,,5006649000.0,,,3144253688.0,265202000.0,-102000.0,-5034000.0,-86708000.0,-7388000.0,-99130000.0,130742000.0,137090000.0,232971000.0,619000.0,47854000.0,47854000.0,47854000.0,-966000.0,0.0,0.129,295666000.0,75404000.0,3428511000.0,0.302,2.601,20.559,20.651,71115000.0,0.0,32.36,2.23,2.272,1153957000.0,872378000.0,371070000.0,371070000.0,0.0,,,,,0.0,256614000.0,1.0,97164824.0,98973000.0,103105500.0,3.749,5282884000.0,0.0,28516000.0,0.0,53.377,
71,LM,MRQ,2002-09-30,2002-09-30,2002-09-30,2020-07-31,-6716000.0,6014804000.0,,,,,11.796,-6440000.0,3139271000.0,3139271000.0,0.0,45371000.0,,4.149,1245589000.0,,,1245589000.0,0.0,13782000.0,0.0,0.009,0.0,72617000.0,86399000.0,0.236,86399000.0,72617000.0,72617000.0,0.46,0.44,0.46,1168129000.0,,1168129000.0,1272848434.0,5.0,4.251,192993000.0,1.949,1.0,366315000.0,1.0,936953000.0,0.0,3184169000.0,,0.0,584207000.0,,,4846675000.0,,,2864205434.0,79878000.0,-3115000.0,-8963000.0,-41446000.0,-6727000.0,-57136000.0,-62044000.0,-52489000.0,199433000.0,-375000.0,45371000.0,45371000.0,45371000.0,475000.0,0.0,0.124,293223000.0,73092000.0,3271950000.0,0.0,2.452,19.595,18.916,71832000.0,0.0,28.373,2.026,1.988,1128152000.0,831909000.0,366315000.0,366315000.0,0.0,,,,,0.0,251826000.0,1.0,100947090.0,99030000.0,102669000.0,3.699,5077851000.0,0.0,27246000.0,0.0,51.276,
72,LM,MRQ,2002-06-30,2002-06-30,2002-06-30,2020-07-31,-7265000.0,5964580000.0,,,,,11.476,-8120000.0,2910989000.0,2910989000.0,0.0,49018000.0,,4.255,1319632000.0,,,1319632000.0,0.0,13815000.0,0.0,0.008,0.067,80358000.0,94173000.0,0.24,94173000.0,80358000.0,80358000.0,0.493,0.473,0.493,1135099000.0,,1135099000.0,1428466868.0,6.0,5.192,-144614000.0,-1.462,1.0,392424000.0,1.0,939533000.0,0.0,3433690000.0,,0.0,651485000.0,,,4829481000.0,,,3200250868.0,11634000.0,0.0,-1000.0,156433000.0,-6695000.0,149737000.0,-2508000.0,5612000.0,-136494000.0,899000.0,49018000.0,49018000.0,49018000.0,0.0,0.0,0.125,312066000.0,80358000.0,3197160000.0,0.136,2.819,24.394,24.311,70583000.0,0.0,32.893,2.315,2.354,1084258000.0,793926000.0,392424000.0,392424000.0,0.0,,,,,0.0,273453000.0,1.0,97291778.0,98907000.0,103581000.0,3.968,5025047000.0,0.0,31340000.0,0.0,50.806,
73,LM,MRQ,2002-03-31,2002-03-31,2002-03-31,2020-07-31,-9896000.0,5939614000.0,,,,,10.824,-5812000.0,2969990000.0,2969990000.0,0.0,10693000.0,,4.477,1160297000.0,,,1160297000.0,0.0,15754000.0,0.0,0.007,0.067,22988000.0,38742000.0,0.138,38742000.0,22988000.0,22988000.0,0.127,0.113,0.127,1084548000.0,,1084548000.0,1909504261.0,8.0,6.352,-80808000.0,-0.806,1.0,280006000.0,1.0,937423000.0,0.0,3192498000.0,,0.0,583126000.0,,,4855066000.0,,,3545756261.0,-166904000.0,1666000.0,2594000.0,-96647000.0,-6668000.0,-100721000.0,10686000.0,14831000.0,-74996000.0,-1873000.0,10693000.0,10693000.0,10693000.0,-1269000.0,0.0,0.038,241810000.0,38196000.0,3284531000.0,0.528,3.269,23.185,22.582,69146000.0,0.0,35.387,2.491,2.491,1180135000.0,751635000.0,280006000.0,280006000.0,0.0,,,,,0.0,228305000.0,1.0,100200347.0,100200347.0,,2.794,5002191000.0,0.0,12295000.0,0.0,49.922,
74,LM,MRQ,2001-12-31,2001-12-31,2001-12-31,2020-07-31,-8323000.0,6100419000.0,,,,,10.636,-4282000.0,2962550000.0,2962550000.0,0.0,41088000.0,,4.847,1326298000.0,,,1326298000.0,0.0,13136000.0,0.0,0.008,0.133,67004000.0,80140000.0,0.214,80140000.0,67004000.0,67004000.0,0.42,0.4,0.42,1043365000.0,,1043365000.0,2018538335.0,8.0,6.563,253377000.0,2.583,1.0,374766000.0,1.0,941365000.0,0.0,3522802000.0,,0.0,654229000.0,,,5057054000.0,,,3330580335.0,252172000.0,-105786000.0,1739000.0,10653000.0,-6659000.0,5733000.0,-11607000.0,98956000.0,257659000.0,387000.0,41088000.0,41088000.0,41088000.0,0.0,0.0,0.11,307762000.0,67004000.0,3395326000.0,0.317,3.192,21.318,20.317,69955000.0,0.0,33.32,2.447,2.402,1185336000.0,712233000.0,374766000.0,374766000.0,0.0,,,,,0.0,265889000.0,1.0,99957393.0,98098500.0,102297000.0,3.82,5159054000.0,0.0,25916000.0,0.0,52.591,
75,LM,MRQ,2001-09-30,2001-09-30,2001-09-30,2020-07-31,-5189000.0,5647572000.0,,,,,10.277,-5141000.0,2551753000.0,2551753000.0,0.0,30390000.0,,4.621,1239711000.0,,,1239711000.0,0.0,11114000.0,0.0,0.009,0.0,50978000.0,62092000.0,0.185,62092000.0,50978000.0,50978000.0,0.313,0.3,0.313,1004638000.0,,1004638000.0,799775317.0,3.0,2.605,58554000.0,0.599,1.0,335068000.0,1.0,832597000.0,0.0,3502933000.0,,0.0,716957000.0,,,4642934000.0,,,2642516317.0,-357995000.0,-681486000.0,7072000.0,370286000.0,-5944000.0,371414000.0,-793977000.0,-105228000.0,63695000.0,873000.0,30390000.0,30390000.0,30390000.0,0.0,0.0,0.091,284090000.0,50978000.0,3126523000.0,0.0,2.63,16.889,16.035,71309000.0,0.0,26.507,1.979,1.941,1182076000.0,677812000.0,335068000.0,335068000.0,0.0,,,,,0.0,243708000.0,1.0,99692517.0,97756500.0,102082500.0,3.428,4814975000.0,0.0,20588000.0,0.0,49.255,
76,LM,MRQ,2001-06-30,2001-06-30,2001-06-30,2020-07-31,-7730000.0,,,,,,9.982,-5550000.0,2714850000.0,2714850000.0,0.0,35361000.0,,,872109000.0,,,872109000.0,,8198000.0,,0.007,0.06,59343000.0,67541000.0,0.195,67541000.0,59343000.0,59343000.0,0.367,0.347,0.367,968019000.0,,968019000.0,1161829754.0,4.0,3.672,-174203000.0,-1.796,1.0,346322000.0,1.0,155359000.0,0.0,,,,540443000.0,,,,,,3144478754.0,184956000.0,-7250000.0,8172000.0,352406000.0,-5878000.0,354700000.0,-1404000.0,11437000.0,-168653000.0,313000.0,35361000.0,35361000.0,35361000.0,0.0,0.0,0.102,286979000.0,59343000.0,2929551000.0,0.163,3.248,19.258,19.209,70832000.0,0.0,33.173,2.364,2.419,1254253000.0,654083000.0,346322000.0,346322000.0,0.0,,,,,0.0,254655000.0,1.0,94789352.0,96975000.0,102007500.0,3.571,,,23982000.0,,,
77,LM,MRQ,2001-03-31,2001-03-31,2001-03-31,2020-07-31,-7657000.0,4687626000.0,,,,,9.483,-12050000.0,2571496000.0,2571496000.0,0.0,49391000.0,,4.053,515609000.0,,,515609000.0,0.0,9282000.0,0.0,0.008,0.06,88495000.0,97777000.0,0.321,97777000.0,88495000.0,88495000.0,0.54,0.487,0.54,927720000.0,,927720000.0,1447850612.0,5.0,4.79,28972000.0,0.296,1.0,304708000.0,1.0,149449000.0,0.0,2482290000.0,,0.0,503693000.0,,,3759906000.0,,,2745833612.0,280997000.0,-16601000.0,3410000.0,-170624000.0,-4676000.0,-171890000.0,399247000.0,427072000.0,41022000.0,12618000.0,49391000.0,49391000.0,49391000.0,0.0,0.0,0.162,216213000.0,88495000.0,2954934000.0,0.111,2.96,17.576,17.187,71645000.0,0.0,28.067,2.018,2.018,1138242000.0,624665000.0,304708000.0,304708000.0,0.0,,,,,0.0,194958000.0,1.0,97832552.0,97832552.0,,3.115,4538177000.0,0.0,39104000.0,0.0,46.387,
78,LM,MRQ,2000-12-31,2000-12-31,2000-12-31,2020-07-31,482000.0,4812107000.0,,,,,8.028,-9080000.0,2009306000.0,2009306000.0,0.0,41321000.0,,5.243,711323000.0,,,711323000.0,0.0,9841000.0,0.0,0.006,0.12,69751000.0,79592000.0,0.228,79592000.0,69751000.0,69751000.0,0.433,0.407,0.433,770808000.0,,770808000.0,2987999349.0,12.0,10.224,74420000.0,0.775,1.0,349085000.0,1.0,144173000.0,0.0,3369951000.0,,0.0,925399000.0,,,4041299000.0,,,3544174349.0,-967000.0,0.0,4127000.0,-10372000.0,-5860000.0,-12105000.0,-72733000.0,-62052000.0,83500000.0,371000.0,41321000.0,41321000.0,41321000.0,0.0,0.0,0.118,279334000.0,69751000.0,2900932000.0,0.277,4.598,23.563,22.525,65136000.0,0.0,36.333,2.801,2.757,1349279000.0,593224000.0,349085000.0,349085000.0,0.0,,,,,0.0,245490000.0,1.0,97546083.0,96015000.0,102201000.0,3.636,4667934000.0,0.0,28430000.0,0.0,48.617,
79,LM,MRQ,2000-09-30,2000-09-30,2000-09-30,2020-07-31,63000.0,4446022000.0,,,,,8.945,-7930000.0,1390700000.0,1390700000.0,0.0,37206000.0,,4.2,834525000.0,,,834525000.0,0.0,8728000.0,0.0,0.005,0.0,62796000.0,71524000.0,0.217,71524000.0,62796000.0,62796000.0,0.387,0.367,0.387,855053000.0,,855053000.0,3317837987.0,14.0,11.856,-35089000.0,-0.367,1.0,329904000.0,1.0,145377000.0,0.0,3744470000.0,,0.0,990770000.0,,,3590969000.0,,,3760816987.0,-10699000.0,0.0,6401000.0,-18776000.0,-5847000.0,-18222000.0,34695000.0,42758000.0,-27159000.0,-13000.0,37206000.0,37206000.0,37206000.0,0.0,0.0,0.113,267108000.0,62796000.0,2501357000.0,0.0,4.398,26.04,24.838,63094000.0,0.0,38.747,3.059,3.012,1615305000.0,557762000.0,329904000.0,329904000.0,0.0,,,,,0.0,235298000.0,1.0,97061691.0,95586000.0,102280500.0,3.451,4300645000.0,0.0,25590000.0,0.0,44.992,
80,LM,MRQ,2000-06-30,2000-06-30,2000-06-30,2020-07-31,-1137000.0,4470575000.0,,,,,8.485,-5251000.0,1427329000.0,1427329000.0,0.0,40384000.0,,4.504,984350000.0,,,984350000.0,0.0,8597000.0,0.0,0.006,0.053,68971000.0,77568000.0,0.226,77568000.0,68971000.0,68971000.0,0.42,0.4,0.42,812281000.0,,812281000.0,2395584877.0,10.0,9.021,120248000.0,1.256,1.0,343130000.0,1.0,142335000.0,0.0,3885261000.0,,0.0,1091267000.0,,,3658294000.0,,,2945318877.0,73614000.0,0.0,7099000.0,75473000.0,-7232000.0,75340000.0,-126546000.0,-120802000.0,125499000.0,-679000.0,40384000.0,40384000.0,40384000.0,0.0,0.0,0.118,274159000.0,68971000.0,2408328000.0,0.126,3.626,21.417,22.244,60849000.0,0.0,33.367,2.497,2.708,1485133000.0,526403000.0,343130000.0,343130000.0,0.0,,,,,0.0,236978000.0,1.0,88271295.0,95734500.0,101731500.0,3.584,4328240000.0,0.0,28587000.0,0.0,45.211,
81,LM,MRQ,2000-03-31,2000-03-31,2000-03-31,2020-07-31,-959000.0,4812107000.0,,,,,8.92,-4252000.0,1632224000.0,1632224000.0,0.0,31502000.0,,5.243,1078325000.0,,,1078325000.0,0.0,10657000.0,0.0,0.007,0.053,52920000.0,63577000.0,0.262,63577000.0,52920000.0,52920000.0,0.373,0.347,0.373,770808000.0,,770808000.0,1502048004.0,6.0,5.266,-155955000.0,-1.805,1.0,243084000.0,1.0,145142000.0,0.0,4113066000.0,,0.0,1204206000.0,,,4041299000.0,,,2491570004.0,-373332000.0,-2458000.0,5347000.0,-129971000.0,-6626000.0,-131250000.0,-90508000.0,-83871000.0,-151703000.0,129000.0,31502000.0,31502000.0,31502000.0,0.0,0.0,0.13,190164000.0,52920000.0,2647875000.0,0.142,3.232,16.565,17.798,61243000.0,0.0,28.833,1.969,1.969,1549939000.0,493696000.0,243084000.0,243084000.0,0.0,,,,,0.0,212973000.0,1.0,86412833.0,86412833.0,,2.813,4666965000.0,0.0,21418000.0,0.0,54.008,
82,LM,MRQ,1999-12-31,1999-12-31,1999-12-31,2020-07-31,-669000.0,4621962000.0,,,,,7.346,-7585000.0,2005387000.0,2005387000.0,0.0,35334000.0,,5.731,1015865000.0,,,1015865000.0,0.0,7644000.0,0.0,0.008,0.107,59542000.0,67186000.0,0.214,67186000.0,59542000.0,59542000.0,0.38,0.36,0.38,686693000.0,,686693000.0,1217803130.0,8.0,7.008,115435000.0,1.235,1.0,313319000.0,1.0,130250000.0,0.0,3502190000.0,,0.0,816573000.0,,,3935269000.0,,,2073006130.0,251082000.0,-57304000.0,5900000.0,40265000.0,-6580000.0,39585000.0,88434000.0,153256000.0,123020000.0,43000.0,35334000.0,35334000.0,35334000.0,0.0,0.0,0.113,253777000.0,59542000.0,2643489000.0,0.282,3.019,16.065,18.035,62037000.0,0.0,24.167,1.875,2.043,1378836000.0,450283000.0,313319000.0,313319000.0,0.0,,,,,0.0,208728000.0,1.0,85779564.0,93483000.0,98443500.0,3.352,4491712000.0,0.0,24208000.0,0.0,48.048,
83,LM,MRQ,1999-09-30,1999-09-30,1999-09-30,2020-07-31,346000.0,3716336000.0,,,,,7.024,-5616000.0,1483545000.0,1483545000.0,0.0,30305000.0,,4.692,628342000.0,,,628342000.0,0.0,6197000.0,0.0,0.007,0.0,51037000.0,57234000.0,0.204,57234000.0,51037000.0,51037000.0,0.327,0.307,0.327,652882000.0,,652882000.0,1240595807.0,9.0,7.463,138484000.0,1.49,1.0,279937000.0,1.0,71067000.0,0.0,2790066000.0,,0.0,657800000.0,,,3063454000.0,,,2176192807.0,-18127000.0,-27875000.0,5955000.0,-1336000.0,-5687000.0,-1068000.0,-161274000.0,-127698000.0,144100000.0,115000.0,30305000.0,30305000.0,30305000.0,0.0,0.0,0.108,228900000.0,51037000.0,2230146000.0,0.0,3.333,19.423,21.516,58215000.0,0.0,25.54,2.067,2.254,1083095000.0,421525000.0,279937000.0,279937000.0,0.0,,,,,0.0,190577000.0,1.0,85207236.0,92953500.0,98445000.0,3.012,3645269000.0,0.0,20732000.0,0.0,39.216,
84,LM,MRQ,1999-06-30,1999-06-30,1999-06-30,2020-07-31,522000.0,3810449000.0,,,,,6.855,-5844000.0,1643841000.0,1643841000.0,0.0,34670000.0,,5.115,708244000.0,,,708244000.0,0.0,6276000.0,0.0,0.007,0.043,58981000.0,65257000.0,0.222,65257000.0,58981000.0,58981000.0,0.38,0.347,0.38,623100000.0,,623100000.0,1065704581.0,7.0,6.107,48200000.0,0.53,1.0,293738000.0,1.0,54851000.0,0.0,2820001000.0,,0.0,626231000.0,,,3187349000.0,,,2175523581.0,140855000.0,0.0,3578000.0,64392000.0,-5616000.0,62354000.0,24417000.0,30411000.0,54044000.0,40000.0,34670000.0,34670000.0,34670000.0,0.0,0.0,0.118,234757000.0,58981000.0,2268097000.0,0.113,3.491,21.003,22.917,57051000.0,0.0,25.667,2.131,2.286,1044070000.0,397768000.0,293738000.0,293738000.0,0.0,,,,,0.0,196871000.0,1.0,84760659.0,90903000.0,97860000.0,3.231,3755598000.0,0.0,24311000.0,0.0,41.314,
85,LM,MRQ,1999-03-31,1999-03-31,1999-03-31,2020-07-31,-173000.0,3473687000.0,,,,,6.569,-6071000.0,1582397000.0,1582397000.0,0.0,28731000.0,,5.268,472578000.0,,,472578000.0,0.0,7022000.0,0.0,0.007,0.043,-22934000.0,-15912000.0,-0.073,-15912000.0,-22934000.0,47995000.0,0.253,0.24,0.253,554177000.0,,554177000.0,705615502.0,4.0,3.931,-148760000.0,-1.763,1.0,218836000.0,1.0,56127000.0,-70929000.0,2307741000.0,,0.0,610963000.0,,,2919510000.0,,,1894656502.0,-58111000.0,0.0,3011000.0,-6319000.0,-6176000.0,-9484000.0,94291000.0,45190000.0,-142689000.0,-229000.0,28731000.0,28731000.0,28731000.0,0.0,0.0,0.131,241770000.0,-22934000.0,2181018000.0,0.17,3.419,20.313,21.452,55807000.0,0.0,22.46,1.942,1.942,1032793000.0,368632000.0,218836000.0,218836000.0,0.0,,,,,0.0,234654000.0,1.0,84356924.0,84356924.0,,2.594,3417560000.0,0.0,19264000.0,0.0,40.513,
86,LM,MRQ,1998-12-31,1998-12-31,1998-12-31,2020-07-31,113000.0,3232192000.0,,,,,6.523,-4590000.0,1523455000.0,1523455000.0,0.0,18335000.0,,5.064,333961000.0,,,333961000.0,0.0,5365000.0,0.0,0.008,0.087,54288000.0,59653000.0,0.229,59653000.0,54288000.0,30964000.0,0.227,0.213,0.227,533024000.0,,533024000.0,1060959596.0,8.0,7.018,68428000.0,0.837,1.0,260514000.0,1.0,57508000.0,23324000.0,1985190000.0,,0.0,427580000.0,,,2699168000.0,,,1761369596.0,25026000.0,0.0,2933000.0,-34741000.0,-3622000.0,-35430000.0,-12562000.0,47437000.0,73018000.0,0.0,18335000.0,18335000.0,18335000.0,0.0,0.0,0.07,206226000.0,54288000.0,2119794000.0,0.383,3.304,23.139,22.87,54201000.0,0.0,21.04,2.16,2.109,858314000.0,347530000.0,260514000.0,260514000.0,0.0,,,,,0.0,163465000.0,1.0,83715285.0,81715500.0,86248500.0,3.188,3174684000.0,0.0,12629000.0,0.0,38.85,
87,LM,MRQ,1998-09-30,1998-09-30,1998-09-30,2020-07-31,-112000.0,2941474000.0,,,,,6.215,-5598000.0,1188611000.0,1188611000.0,0.0,21844000.0,,4.692,487838000.0,,,487838000.0,0.0,5230000.0,0.0,0.008,0.0,60290000.0,65520000.0,0.265,65520000.0,60290000.0,36913000.0,0.26,0.247,0.26,516810000.0,,516810000.0,954211208.0,7.0,6.31,87137000.0,1.048,1.0,247603000.0,1.0,58822000.0,23377000.0,2181879000.0,,0.0,624284000.0,,,2424664000.0,,,1458064208.0,-44384000.0,0.0,2631000.0,-25469000.0,-3037000.0,-25875000.0,-111244000.0,-27853000.0,92735000.0,0.0,21844000.0,21844000.0,21844000.0,0.0,0.0,0.088,187313000.0,60290000.0,1739794000.0,0.0,2.821,19.155,19.065,53482000.0,0.0,17.54,1.788,1.789,855906000.0,332812000.0,247603000.0,247603000.0,0.0,,,,,0.0,152900000.0,1.0,83127948.0,83157000.0,88291500.0,2.978,2882652000.0,0.0,15069000.0,0.0,34.665,
88,LM,MRQ,1998-06-30,1998-06-30,1998-06-30,2020-07-31,444000.0,3009476000.0,,,,,6.326,-3197000.0,1148748000.0,1148748000.0,0.0,24364000.0,,4.75,644895000.0,,,644895000.0,0.0,5058000.0,0.0,0.008,0.037,65167000.0,70225000.0,0.282,70225000.0,65167000.0,40939000.0,0.293,0.273,0.293,523348000.0,,523348000.0,1039901310.0,9.0,7.337,-86102000.0,-1.041,1.0,248743000.0,1.0,60265000.0,24228000.0,2445358000.0,,0.0,708556000.0,,,2486128000.0,,,1587082310.0,77130000.0,0.0,2420000.0,101911000.0,-3025000.0,101306000.0,58729000.0,-15449000.0,-82905000.0,0.0,24364000.0,24364000.0,24364000.0,0.0,0.0,0.098,183576000.0,65167000.0,1681830000.0,0.126,3.033,21.569,21.319,52130000.0,0.0,19.187,2.012,2.013,874499000.0,314589000.0,248743000.0,248743000.0,0.0,,,,,0.0,152985000.0,1.0,82717980.0,82732500.0,88344000.0,3.007,2949211000.0,0.0,16575000.0,0.0,35.648,
89,LM,MRQ,1998-03-31,1998-03-31,1998-03-31,2020-07-31,946000.0,2832329000.0,,,,,6.076,-8043000.0,1127851000.0,1127851000.0,0.0,11578000.0,,4.664,580670000.0,,,580670000.0,0.0,7140000.0,0.0,0.007,0.037,-51366000.0,-44226000.0,-0.756,-44226000.0,-51366000.0,19563000.0,0.14,0.127,0.14,500095000.0,,500095000.0,1328673164.0,10.0,8.836,-37518000.0,-0.456,1.0,58494000.0,1.0,61304000.0,-70929000.0,2223844000.0,,0.0,654929000.0,,,2332234000.0,,,1627294164.0,-33701000.0,0.0,1880000.0,-67539000.0,-2725000.0,-68384000.0,64158000.0,75142000.0,-29475000.0,0.0,11578000.0,11578000.0,11578000.0,0.0,0.0,0.198,109860000.0,-51366000.0,1568281000.0,0.264,3.254,21.378,21.19,51991000.0,0.0,19.77,1.996,1.996,713391000.0,293263000.0,58494000.0,58494000.0,0.0,,,,,0.0,98563000.0,1.0,82311288.0,82311288.0,,0.711,2771025000.0,0.0,7985000.0,0.0,33.665,
90,LM,MRQ,1997-12-31,1997-12-31,1997-12-31,2020-07-31,423000.0,2619212000.0,,,,,5.803,-9628000.0,853069000.0,853069000.0,0.0,18335000.0,,4.523,554448000.0,,,554448000.0,0.0,5404000.0,0.0,0.007,0.073,54288000.0,59692000.0,0.229,59692000.0,54288000.0,30964000.0,0.227,0.213,0.227,474217000.0,,474217000.0,,,,134658000.0,1.648,1.0,260514000.0,1.0,59750000.0,23324000.0,2260841000.0,,0.0,797337000.0,,,2144995000.0,,,1534831150.0,8673000.0,0.0,3078000.0,-12149000.0,-2714000.0,-11785000.0,-123828000.0,-54007000.0,144286000.0,0.0,18335000.0,18335000.0,18335000.0,0.0,0.0,0.07,206226000.0,54288000.0,1432105000.0,0.322,3.237,22.246,23.603,48963000.0,0.0,18.647,1.766,1.753,755088000.0,271252000.0,260514000.0,260514000.0,0.0,,,,,0.0,163465000.0,1.0,82311288.0,81715500.0,86248500.0,3.188,2559462000.0,0.0,12629000.0,0.0,31.322,
91,LM,MRQ,1997-09-30,1997-09-30,1997-09-30,2020-07-31,,,,,,,,-4909000.0,,,0.0,19305000.0,,,,,,,,5242000.0,,0.006,0.0,50793000.0,56035000.0,0.254,56035000.0,50793000.0,32864000.0,0.24,0.22,0.24,,,,,,,65833000.0,0.809,1.0,220923000.0,1.0,,17929000.0,,,,,,,,,,,25056000.0,0.0,3009000.0,-2989000.0,-2383000.0,-2363000.0,-43323000.0,-41541000.0,70742000.0,0.0,19305000.0,19305000.0,19305000.0,0.0,0.0,0.087,170130000.0,50793000.0,,0.0,,,22.747,,0.0,17.583,,1.844,,,220923000.0,220923000.0,0.0,,,,,0.0,140859000.0,1.0,,81357000.0,86851500.0,2.715,,,13559000.0,,,
92,LM,MRQ,1997-06-30,1997-06-30,1997-06-30,2020-07-31,,,,,,,,-9107000.0,,,0.0,16259000.0,,,,,,,,4200000.0,,0.01,0.033,42418000.0,46618000.0,0.25,46618000.0,42418000.0,27742000.0,0.2,0.19,0.2,,,,,,,-96577000.0,-1.193,1.0,186580000.0,1.0,,14676000.0,,,,,,,,,,,55029000.0,0.0,1810000.0,82657000.0,-2375000.0,82092000.0,60407000.0,15094000.0,-87470000.0,0.0,16259000.0,16259000.0,16259000.0,0.0,0.0,0.087,144162000.0,42418000.0,,0.165,,,,,0.0,13.453,,,,,186580000.0,186580000.0,0.0,,,,,0.0,118139000.0,1.0,,80955000.0,85791000.0,2.305,,,11483000.0,,,
93,LM,MRQ,1997-03-31,1997-03-31,1997-03-31,2020-07-31,233000.0,1886736000.0,,,,,,-10466000.0,593493000.0,593493000.0,0.0,15096000.0,,3.46,376792000.0,,,376792000.0,0.0,5070000.0,0.0,0.012,0.033,39119000.0,44189000.0,0.22,44189000.0,39119000.0,25549000.0,0.123,0.117,0.123,423039000.0,,423039000.0,,,,-88476000.0,,1.0,201203000.0,1.0,61423000.0,13570000.0,1608612000.0,,0.0,542257000.0,,,1463697000.0,,,,-85859000.0,0.0,1224000.0,-55201000.0,-2365000.0,-56342000.0,48493000.0,59245000.0,-78010000.0,0.0,15096000.0,15096000.0,15096000.0,0.0,0.0,0.075,162084000.0,39119000.0,967758000.0,0.268,,,14.14,36584000.0,0.0,10.563,,,534018000.0,226677000.0,201203000.0,201203000.0,0.0,,,,,0.0,134049000.0,1.0,,,,,1825313000.0,0.0,10453000.0,0.0,,
94,LM,MRQ,1996-12-31,1996-12-31,1996-12-31,2020-07-31,,,,,,,,,,,0.0,15300000.0,,,,,,,,,,0.013,0.033,37298000.0,,,,37298000.0,25500000.0,0.21,0.2,0.21,,,,,,,,,1.0,167267000.0,1.0,,11798000.0,,,,,,,,,,,,,,,,,,,,,15300000.0,15300000.0,15300000.0,0.0,0.0,0.091,129969000.0,37298000.0,,0.157,,,,,0.0,9.625,,,,,167267000.0,167267000.0,0.0,,,,,,105245000.0,1.0,,72558000.0,75969000.0,2.305,,,10200000.0,,,
0,LM,MRT,2020-06-30,2020-06-30,2020-06-30,2020-07-31,-161246000.0,7917437000.0,7941394250.0,1962192000.0,5955245000.0,0.363,43.467,-26178000.0,952336000.0,952336000.0,0.0,297991000.0,2.267,0.882,2569286000.0,327191000.0,2242095000.0,2569286000.0,0.0,70330000.0,0.0,0.032,1.6,467337000.0,537667000.0,0.186,537667000.0,467337000.0,357369000.0,2.83,2.82,2.83,3866348000.0,3795755250.0,3866348000.0,5706864945.0,12.0,10.614,510463000.0,5.739,1.0,2882951000.0,1.0,5219143000.0,109968000.0,3449734000.0,3359751000.0,0.0,447121000.0,447121000.0,0.0,3408779000.0,865510000.0,2543269000.0,4425193945.0,278959000.0,-250000.0,0.0,0.0,-144085000.0,-219773000.0,-32370000.0,-5942000.0,536641000.0,-5539000.0,255439000.0,255439000.0,255439000.0,0.0,42552000.0,0.089,2393768000.0,489183000.0,165863000.0,0.565,1.145,17.324,17.58,406641000.0,0.0,49.75,1.535,1.535,406411000.0,1831364000.0,2882951000.0,2882951000.0,0.0,0.032,0.067,0.139,0.162,50888000.0,2160220000.0,1.0,88948622.0,88948622.0,,32.411,2698294000.0,165948000.0,101930000.0,167828000.0,30.335,1096682000.0
1,LM,MRT,2020-03-31,2020-03-31,2020-03-31,2020-07-31,-195306000.0,8006120000.0,7923495250.0,2039624000.0,5966496000.0,0.369,43.648,-29606000.0,1047613000.0,1047613000.0,0.0,304486000.0,2.202,0.915,2329284000.0,77814000.0,2251470000.0,2329284000.0,0.0,67378000.0,0.0,0.033,1.6,467285000.0,534663000.0,0.183,534663000.0,467285000.0,357415000.0,2.8,2.79,2.8,3792639000.0,3754364000.0,3792639000.0,5731725568.0,12.0,10.72,530950000.0,6.11,1.0,2922125000.0,1.0,5203456000.0,109870000.0,3158278000.0,3408214500.0,0.0,455978000.0,455978000.0,0.0,3470025000.0,926057000.0,2543968000.0,4244675568.0,98882000.0,-10247000.0,0.0,-250000000.0,-137950000.0,-409011000.0,-45372000.0,-5519000.0,560556000.0,-7291000.0,251367000.0,251367000.0,251367000.0,0.0,53119000.0,0.086,2417880000.0,504245000.0,156981000.0,0.571,1.119,16.886,17.446,425765000.0,0.0,48.85,1.453,1.453,407893000.0,1820412000.0,2922125000.0,2922125000.0,0.0,0.032,0.067,0.137,0.16,67301000.0,2185930000.0,1.0,86892028.0,86892028.0,,33.629,2802664000.0,161977000.0,106048000.0,165038000.0,32.255,1113567000.0
2,LM,MRT,2019-12-31,2019-12-31,2019-12-31,2020-07-31,-127402000.0,8039718000.0,7870495750.0,1975932000.0,6063786000.0,0.368,43.832,-36482000.0,848651000.0,848651000.0,0.0,283989000.0,2.123,0.929,2335701000.0,77377000.0,2258324000.0,2335701000.0,0.0,69764000.0,0.0,0.043,1.54,449197000.0,518961000.0,0.179,518961000.0,449197000.0,337557000.0,2.66,2.65,2.66,3804712000.0,3721143000.0,3804712000.0,4858275423.0,11.0,9.362,457479000.0,5.27,1.0,2895143000.0,1.0,5273614000.0,111640000.0,3322295000.0,3290973500.0,0.0,514755000.0,514755000.0,0.0,3536088000.0,930859000.0,2605229000.0,3117098423.0,-14355000.0,-23040000.0,0.0,-250000000.0,-132175000.0,-447458000.0,-48652000.0,10870000.0,493961000.0,-12207000.0,236695000.0,236695000.0,236695000.0,0.0,47294000.0,0.082,2479277000.0,415866000.0,159415000.0,0.579,0.819,13.169,13.5,434500000.0,0.0,35.91,1.077,1.077,461790000.0,1804251000.0,2895143000.0,2895143000.0,0.0,0.03,0.064,0.136,0.155,73858000.0,2238372000.0,1.0,86803075.0,86803075.0,,33.353,2766104000.0,193792000.0,100862000.0,181115000.0,31.866,1045073000.0
3,LM,MRT,2019-09-30,2019-09-30,2019-09-30,2020-07-31,-170161000.0,7802302000.0,7781220000.0,1743679000.0,6058623000.0,0.366,42.875,-38624000.0,605256000.0,605256000.0,0.0,-13404000.0,2.219,0.906,2346433000.0,76510000.0,2269923000.0,2346433000.0,0.0,69397000.0,0.0,0.037,1.42,65254000.0,134651000.0,0.047,134651000.0,65254000.0,-48124000.0,-0.72,-0.73,-0.72,3719322000.0,3676262250.0,3719322000.0,5257173438.0,81.0,39.043,376570000.0,4.341,1.0,2845551000.0,1.0,5249049000.0,113378000.0,3508697000.0,3133099750.0,0.0,542522000.0,542522000.0,0.0,3370156000.0,785733000.0,2584423000.0,3312888438.0,-32871000.0,-19492000.0,0.0,-250000000.0,-126108000.0,-393635000.0,-48959000.0,9157000.0,415194000.0,-5471000.0,-54968000.0,-54968000.0,-54968000.0,0.0,41564000.0,-0.019,2796106000.0,49445000.0,145861000.0,-1.972,0.891,-60.269,-53.042,453438000.0,0.0,38.19,1.164,1.164,455237000.0,1777014000.0,2845551000.0,2845551000.0,0.0,-0.007,-0.015,0.021,0.023,73182000.0,2175844000.0,1.0,86747537.0,86747537.0,,32.803,2553253000.0,193311000.0,6844000.0,152385000.0,29.433,957946000.0
4,LM,MRT,2019-06-30,2019-06-30,2019-06-30,2020-07-31,-140655000.0,7845841000.0,7799726500.0,1745864000.0,6099977000.0,0.367,42.734,-42535000.0,670561000.0,670561000.0,0.0,-8862000.0,2.014,0.932,2614846000.0,327626000.0,2287220000.0,2614846000.0,0.0,71744000.0,0.0,0.027,1.02,74593000.0,146337000.0,0.051,146337000.0,74593000.0,-41314000.0,-0.65,-0.65,-0.65,3700783000.0,3716912000.0,3700783000.0,4590281190.0,62.0,31.368,432924000.0,4.999,1.0,2860714000.0,1.0,5279657000.0,115907000.0,3643588000.0,2964573250.0,0.0,521741000.0,521741000.0,0.0,3449821000.0,866881000.0,2582940000.0,3315032190.0,56305000.0,-9324000.0,0.0,-125500000.0,-120320000.0,-369574000.0,-41139000.0,10720000.0,475459000.0,-8441000.0,-49248000.0,-49248000.0,-49248000.0,0.0,40386000.0,-0.017,2800373000.0,60341000.0,174025000.0,-1.569,0.896,-67.313,-58.892,472644000.0,0.0,38.28,1.159,1.159,425321000.0,1748106000.0,2860714000.0,2860714000.0,0.0,-0.006,-0.013,0.025,0.026,70633000.0,2176507000.0,1.0,86599587.0,86599587.0,,33.034,2566184000.0,194814000.0,7934000.0,136767000.0,29.633,878983000.0
5,LM,MRT,2019-03-31,2019-03-31,2019-03-31,2020-07-31,-131236000.0,7794122000.0,7819826500.0,2019856000.0,5774266000.0,0.371,42.784,-51335000.0,946503000.0,946503000.0,0.0,7934000.0,1.82,0.932,2221752000.0,250301000.0,1971451000.0,2221752000.0,0.0,72795000.0,0.0,0.05,1.36,109394000.0,182189000.0,0.063,182189000.0,109394000.0,-7947000.0,-0.38,-0.38,-0.38,3659755000.0,3748592250.0,3659755000.0,3701966661.0,34.0,20.319,509531000.0,5.957,1.0,2903259000.0,1.0,5270313000.0,117341000.0,2689314000.0,2868922250.0,0.0,506756000.0,506756000.0,0.0,3412207000.0,1109744000.0,2302463000.0,2341231661.0,177030000.0,923000.0,0.0,-125500000.0,-114761000.0,-331529000.0,-36501000.0,13911000.0,560866000.0,-15806000.0,-28508000.0,-28508000.0,-28508000.0,0.0,36442000.0,-0.01,2799586000.0,103673000.0,182921000.0,-3.579,0.64,-82.125,-72.026,149989000.0,0.0,27.37,0.806,0.806,425470000.0,1742764000.0,2903259000.0,2903259000.0,0.0,-0.004,-0.008,0.038,0.038,65884000.0,2171679000.0,1.0,85540068.0,85540068.0,,33.94,2523809000.0,199717000.0,20561000.0,123420000.0,29.504,910112000.0
6,LM,MRT,2018-12-31,2018-12-31,2018-12-31,2020-07-31,-135767000.0,7682615000.0,7909429500.0,1911018000.0,5771597000.0,0.379,42.386,-50868000.0,861032000.0,861032000.0,0.0,-30309000.0,1.767,0.925,2221767000.0,250636000.0,1971131000.0,2221767000.0,0.0,72466000.0,0.0,0.051,1.3,90385000.0,162851000.0,0.054,162851000.0,90385000.0,-28603000.0,-0.82,-0.83,-0.82,3625189000.0,3789754750.0,3625189000.0,3767812561.0,42.0,23.137,590671000.0,6.906,1.0,2995706000.0,1.0,5271269000.0,118988000.0,2690800000.0,2951201250.0,0.0,473925000.0,473925000.0,0.0,3352982000.0,1081281000.0,2271701000.0,2181829561.0,158676000.0,4390000.0,0.0,-225500000.0,-110808000.0,-438542000.0,-34047000.0,12431000.0,641539000.0,-10274000.0,-68726000.0,-68726000.0,-68726000.0,0.0,38417000.0,-0.023,2885966000.0,109740000.0,203881000.0,-1.585,0.602,-31.747,-31.11,150230000.0,0.0,25.51,0.728,0.728,432607000.0,1723817000.0,2995706000.0,2995706000.0,0.0,-0.009,-0.018,0.031,0.03,65848000.0,2198233000.0,1.0,85528403.0,85528403.0,,35.026,2411346000.0,189867000.0,40123000.0,99544000.0,28.194,829737000.0
7,LM,MRT,2018-09-30,2018-09-30,2018-09-30,2020-07-31,-122109000.0,7876328000.0,8007567250.0,1713068000.0,6163260000.0,0.385,45.429,-51331000.0,635798000.0,635798000.0,0.0,344627000.0,1.766,0.859,2221781000.0,250971000.0,1970810000.0,2221781000.0,0.0,72495000.0,0.0,0.038,1.18,307771000.0,380266000.0,0.123,380266000.0,307771000.0,188465000.0,3.32,3.3,3.32,3881921000.0,3834915250.0,3881921000.0,4402932916.0,14.0,11.579,450529000.0,5.272,1.0,3084474000.0,1.0,5657813000.0,119306000.0,2834591000.0,3068780000.0,0.0,480499000.0,480499000.0,0.0,3334038000.0,969907000.0,2364131000.0,2668636916.0,-42413000.0,4390000.0,-299490000.0,0.0,-109258000.0,-509438000.0,-33358000.0,13583000.0,501860000.0,-1477000.0,297384000.0,297384000.0,297384000.0,0.0,47243000.0,0.096,2764901000.0,319573000.0,175861000.0,0.355,0.687,8.974,9.407,153906000.0,0.0,31.23,0.865,0.865,446398000.0,1981939000.0,3084474000.0,3084474000.0,0.0,0.037,0.078,0.1,0.1,66569000.0,2257320000.0,1.0,85451070.0,85451070.0,,36.096,2218515000.0,194352000.0,-108919000.0,166543000.0,25.962,743161000.0
8,LM,MRT,2018-06-30,2018-06-30,2018-06-30,2020-07-31,-107662000.0,7926241000.0,8087401500.0,1738778000.0,6187463000.0,0.383,44.787,-46965000.0,613000000.0,613000000.0,0.0,351178000.0,2.414,0.868,2347296000.0,125500000.0,2221796000.0,2347296000.0,0.0,72060000.0,0.0,0.034,1.18,318678000.0,390738000.0,0.126,390738000.0,318678000.0,200155000.0,3.28,3.26,3.28,3827504000.0,3855977750.0,3827504000.0,4545972347.0,14.0,11.634,455717000.0,5.333,1.0,3094385000.0,1.0,5679241000.0,118523000.0,3260984000.0,3137224250.0,0.0,556764000.0,556764000.0,0.0,3322828000.0,720312000.0,2602516000.0,2968020347.0,105925000.0,3467000.0,-389490000.0,125500000.0,-105597000.0,-368828000.0,-30116000.0,13382000.0,502682000.0,2187000.0,300245000.0,300245000.0,300245000.0,0.0,50933000.0,0.097,2766266000.0,328119000.0,191901000.0,0.36,0.775,9.885,10.588,154315000.0,0.0,34.73,0.959,0.959,435620000.0,1941988000.0,3094385000.0,3094385000.0,0.0,0.037,0.078,0.102,0.103,68892000.0,2261124000.0,1.0,85459843.0,85459843.0,,36.209,2247000000.0,199431000.0,-100090000.0,155990000.0,26.293,1018466000.0
9,LM,MRT,2018-03-31,2018-03-31,2018-03-31,2020-07-31,-55182000.0,8152534000.0,8119448500.0,1928382000.0,6224152000.0,0.387,45.238,-37346000.0,769358000.0,769358000.0,0.0,336350000.0,1.964,0.933,2347310000.0,125500000.0,2221810000.0,2347310000.0,0.0,72986000.0,0.0,0.028,1.12,300437000.0,373423000.0,0.119,373423000.0,300437000.0,182565000.0,3.03,3.01,3.03,3824405000.0,3890734750.0,3824405000.0,5181634707.0,17.0,13.876,452022000.0,5.347,1.0,3140322000.0,1.0,5730014000.0,117872000.0,3018430000.0,3136735500.0,0.0,539503000.0,539503000.0,0.0,3568103000.0,982042000.0,2586061000.0,3436562707.0,19426000.0,6028000.0,-479139000.0,125500000.0,-102178000.0,-462296000.0,-19483000.0,11835000.0,489368000.0,11837000.0,285075000.0,285075000.0,285075000.0,0.0,51275000.0,0.091,2847650000.0,292672000.0,175583000.0,0.37,0.899,12.055,13.416,148406000.0,0.0,40.65,1.094,1.094,475594000.0,1894762000.0,3140322000.0,3140322000.0,0.0,0.035,0.073,0.096,0.096,70875000.0,2311687000.0,1.0,84540288.0,84540288.0,,37.146,2422520000.0,202068000.0,-102510000.0,139787000.0,28.655,946340000.0
10,LM,MRT,2017-12-31,2017-12-31,2017-12-31,2020-07-31,-74118000.0,8075166000.0,8153918750.0,1848758000.0,6226408000.0,0.378,41.396,-37028000.0,702252000.0,702252000.0,0.0,410011000.0,1.982,0.923,2447324000.0,225500000.0,2221824000.0,2447324000.0,0.0,74125000.0,0.0,0.025,1.06,340402000.0,414527000.0,0.135,414527000.0,340402000.0,221783000.0,3.64,3.63,3.64,3805831000.0,3930477000.0,3805831000.0,5403119334.0,16.0,13.034,442647000.0,4.815,1.0,3078396000.0,1.0,5726535000.0,118619000.0,3161115000.0,3130433000.0,0.0,536311000.0,536311000.0,0.0,3513968000.0,932588000.0,2581380000.0,3859536334.0,-7881000.0,9449000.0,-569137000.0,225500000.0,-97719000.0,-478534000.0,-14757000.0,17671000.0,479675000.0,5735000.0,351730000.0,351730000.0,351730000.0,0.0,58281000.0,0.114,2760027000.0,318369000.0,198481000.0,0.291,1.014,10.973,11.533,148859000.0,0.0,41.98,1.254,1.254,482652000.0,1911479000.0,3078396000.0,3078396000.0,0.0,0.043,0.089,0.109,0.111,76088000.0,2264607000.0,1.0,91937502.0,91937502.0,,33.484,2348631000.0,204787000.0,-129947000.0,123788000.0,25.546,916170000.0
11,LM,MRT,2017-09-30,2017-09-30,2017-09-30,2020-07-31,-74431000.0,8195665000.0,8200095250.0,1751556000.0,6444109000.0,0.366,42.374,-37139000.0,678256000.0,678256000.0,0.0,305992000.0,2.506,0.883,2221839000.0,0.0,2221839000.0,2221839000.0,0.0,76505000.0,0.0,0.024,0.94,478863000.0,555368000.0,0.185,555368000.0,478863000.0,359837000.0,2.55,2.55,2.55,3966171000.0,3973390750.0,3966171000.0,5394113571.0,11.0,9.713,534726000.0,5.713,1.0,3000547000.0,1.0,5931862000.0,119026000.0,3108368000.0,3108370250.0,0.0,499088000.0,499088000.0,0.0,3502694000.0,699018000.0,2803676000.0,3679392571.0,86727000.0,21530000.0,-359648000.0,0.0,-91433000.0,-484421000.0,1039000.0,17084000.0,571865000.0,-1756000.0,253947000.0,253947000.0,253947000.0,0.0,52045000.0,0.085,2558918000.0,441629000.0,173739000.0,0.369,0.928,14.489,15.416,151995000.0,0.0,39.31,1.226,1.226,439859000.0,1789298000.0,3000547000.0,3000547000.0,0.0,0.031,0.064,0.154,0.16,77558000.0,2226281000.0,1.0,93599404.0,93599404.0,,32.057,2263803000.0,204787000.0,105890000.0,347079000.0,24.186,1052538000.0
12,LM,MRT,2017-06-30,2017-06-30,2017-06-30,2020-07-31,-95994000.0,8054429000.0,8214816500.0,1605601000.0,6448828000.0,0.363,41.378,-36377000.0,507132000.0,507132000.0,0.0,304900000.0,2.738,0.851,2221853000.0,0.0,2221853000.0,2221853000.0,0.0,77768000.0,0.0,0.025,0.94,459717000.0,537485000.0,0.18,537485000.0,459717000.0,341843000.0,2.4,2.4,2.4,3966532000.0,3996734750.0,3966532000.0,5129504663.0,11.0,9.544,548927000.0,5.726,1.0,2980579000.0,1.0,5923737000.0,117874000.0,3259029000.0,3119850750.0,0.0,476361000.0,476361000.0,0.0,3375453000.0,586384000.0,2789069000.0,3658043663.0,-4343000.0,9535000.0,-359648000.0,-16833000.0,-87172000.0,-575403000.0,-13201000.0,14729000.0,585304000.0,-1043000.0,244724000.0,244724000.0,244724000.0,0.0,60176000.0,0.082,2562736000.0,417843000.0,194755000.0,0.392,0.922,14.948,15.9,156008000.0,0.0,38.16,1.227,1.227,480269000.0,1741362000.0,2980579000.0,2980579000.0,0.0,0.03,0.061,0.147,0.154,76605000.0,2237263000.0,1.0,95860683.0,95860683.0,,31.093,2130692000.0,202823000.0,97119000.0,320113000.0,22.227,1019217000.0
13,LM,MRT,2017-03-31,2017-03-31,2017-03-31,2020-07-31,-106784000.0,8290415000.0,8275357500.0,1801747000.0,6488668000.0,0.349,40.877,-39977000.0,750406000.0,750406000.0,0.0,286703000.0,2.226,0.904,2221867000.0,0.0,2221867000.0,2221867000.0,0.0,80213000.0,0.0,0.024,0.88,424604000.0,504817000.0,0.175,504817000.0,424604000.0,311431000.0,2.19,2.18,2.19,3983374000.0,4028681500.0,3983374000.0,5035431931.0,12.0,9.975,494841000.0,5.078,1.0,2886902000.0,1.0,5959269000.0,113173000.0,2993220000.0,3020790500.0,0.0,473520000.0,473520000.0,0.0,3601471000.0,809387000.0,2792084000.0,3518808931.0,-599661000.0,-990959000.0,-381672000.0,442361000.0,-87897000.0,-116877000.0,-1017339000.0,13597000.0,534818000.0,-263000.0,227256000.0,227256000.0,227256000.0,0.0,59447000.0,0.079,2504159000.0,382743000.0,181793000.0,0.402,0.883,15.484,16.489,159662000.0,0.0,36.11,1.219,1.219,433192000.0,1694859000.0,2886902000.0,2886902000.0,0.0,0.027,0.056,0.141,0.147,93008000.0,2196058000.0,1.0,97446938.0,97446938.0,,29.625,2331146000.0,202843000.0,84175000.0,329229000.0,23.922,992360000.0
14,LM,MRT,2016-12-31,2016-12-31,2016-12-31,2020-07-31,-136280000.0,8259872000.0,8082865250.0,1768026000.0,6491846000.0,0.344,39.378,-37907000.0,705259000.0,705259000.0,0.0,144241000.0,2.366,0.896,2221882000.0,0.0,2221882000.0,2221882000.0,0.0,76181000.0,0.0,0.035,1.06,333535000.0,409716000.0,0.147,409716000.0,333535000.0,236319000.0,1.02,1.02,1.02,3977486000.0,4086228750.0,3977486000.0,4650616563.0,14.0,11.351,457113000.0,4.526,1.0,2783327000.0,1.0,5956262000.0,97216000.0,3072864000.0,2893704000.0,0.0,516398000.0,516398000.0,0.0,3562207000.0,747369000.0,2814838000.0,3021111563.0,126034000.0,-1022847000.0,-318328000.0,1131279000.0,-87989000.0,688343000.0,-1052796000.0,5778000.0,495020000.0,-4533000.0,106059000.0,106059000.0,106059000.0,0.0,38182000.0,0.038,2509945000.0,273382000.0,194865000.0,1.039,0.76,28.485,29.324,160831000.0,0.0,29.91,1.085,1.085,421371000.0,1641068000.0,2783327000.0,2783327000.0,0.0,0.013,0.026,0.115,0.12,110273000.0,2178424000.0,1.0,101006739.0,101006739.0,,27.556,2303610000.0,209293000.0,130260000.0,321815000.0,22.806,1020657000.0
15,LM,MRT,2016-09-30,2016-09-30,2016-09-30,2020-07-31,-98675000.0,8254550000.0,7727515500.0,1661476000.0,6593074000.0,0.353,39.174,-39156000.0,592391000.0,592391000.0,0.0,-58896000.0,2.439,0.861,2221896000.0,0.0,2221896000.0,2221896000.0,0.0,73105000.0,0.0,0.03,1.02,-8114000.0,64991000.0,0.024,64991000.0,-8114000.0,-83838000.0,-0.79,-0.79,-0.79,4059547000.0,4163171500.0,4059547000.0,5196616385.0,-640.0,79.959,401446000.0,3.874,1.0,2727643000.0,1.0,6048420000.0,75724000.0,3154290000.0,2638505500.0,0.0,513174000.0,513174000.0,0.0,3495653000.0,681345000.0,2814308000.0,3469445385.0,-48067000.0,-1243981000.0,-253327000.0,1168615000.0,-87813000.0,797964000.0,-1278354000.0,1720000.0,440602000.0,-8279000.0,-84006000.0,-84006000.0,-84006000.0,0.0,25110000.0,-0.031,2791572000.0,-63929000.0,199331000.0,-1.291,0.855,-41.3,-42.38,165765000.0,0.0,33.48,1.272,1.272,425948000.0,1612875000.0,2727643000.0,2727643000.0,0.0,-0.011,-0.02,-0.003,-0.003,110867000.0,2151093000.0,1.0,103627401.0,103627401.0,,26.322,2206130000.0,209334000.0,168000.0,301215000.0,21.289,980131000.0
16,LM,MRT,2016-06-30,2016-06-30,2016-06-30,2020-07-31,-91471000.0,8296593000.0,7383366500.0,1702319000.0,6594274000.0,0.359,38.845,-42773000.0,511150000.0,511150000.0,0.0,-82509000.0,1.525,0.844,2238321000.0,500000000.0,1738321000.0,2238321000.0,0.0,67240000.0,0.0,0.035,1.02,-27136000.0,40104000.0,0.015,40104000.0,-27136000.0,-88215000.0,-0.84,-0.84,-0.84,4094319000.0,4262663000.0,4094319000.0,3540293173.0,-130.0,88.278,243038000.0,2.306,1.0,2652359000.0,1.0,6044865000.0,61079000.0,2862788000.0,2368991750.0,0.0,594167000.0,594167000.0,0.0,3456461000.0,1116111000.0,2340350000.0,3108311173.0,-39555000.0,-1231986000.0,-253305000.0,1185448000.0,-87934000.0,916293000.0,-1259198000.0,5756000.0,285811000.0,17539000.0,-86128000.0,-86128000.0,-86128000.0,0.0,3619000.0,-0.032,2703891000.0,-51532000.0,220092000.0,-1.214,0.759,-36.089,-35.107,170804000.0,0.0,29.49,1.172,1.172,403567000.0,1569994000.0,2652359000.0,2652359000.0,0.0,-0.012,-0.02,-0.011,-0.01,111527000.0,2068980000.0,1.0,105402210.0,105402210.0,,25.164,2251728000.0,208034000.0,-2087000.0,304779000.0,21.363,586208000.0
17,LM,MRT,2016-03-31,2016-03-31,2016-03-31,2020-07-31,-66493000.0,7520446000.0,7016565250.0,2385044000.0,5135402000.0,0.379,39.12,-40330000.0,1349003000.0,1349003000.0,0.0,-32910000.0,2.834,0.738,1780985000.0,40000000.0,1740985000.0,1780985000.0,0.0,60297000.0,0.0,0.029,1.0,31123000.0,91420000.0,0.034,91420000.0,31123000.0,-17340000.0,-0.25,-0.25,-0.25,4213563000.0,4369634750.0,4213563000.0,4250689839.0,137.0,46.496,414121000.0,3.845,1.0,2660844000.0,1.0,4626001000.0,48463000.0,2484874000.0,2191315500.0,0.0,564050000.0,564050000.0,0.0,3108896000.0,841553000.0,2267343000.0,3735316839.0,659574000.0,-234053000.0,-209632000.0,726254000.0,-84093000.0,465772000.0,-244569000.0,8749000.0,454451000.0,-16080000.0,-25032000.0,-25032000.0,-25032000.0,0.0,-7878000.0,-0.009,2643388000.0,17456000.0,201572000.0,-4.0,0.886,-149.222,-138.72,163305000.0,0.0,34.68,1.404,1.404,334922000.0,1576242000.0,2660844000.0,2660844000.0,0.0,-0.004,-0.006,0.014,0.012,92927000.0,2038822000.0,1.0,107708098.0,107708098.0,,24.704,2894445000.0,206797000.0,7692000.0,260386000.0,26.873,1543491000.0
18,LM,MRT,2015-12-31,2015-12-31,2015-12-31,2020-07-31,-78109000.0,6838473000.0,6902662250.0,1760821000.0,5077652000.0,0.397,39.778,-40791000.0,581386000.0,581386000.0,0.0,103276000.0,2.557,0.559,1096759000.0,40000000.0,1056759000.0,1096759000.0,0.0,58734000.0,0.0,0.019,0.76,142383000.0,201117000.0,0.073,201117000.0,142383000.0,95093000.0,0.85,0.83,0.85,4285257000.0,4437469250.0,4285257000.0,4655198724.0,33.0,23.147,452672000.0,4.202,1.0,2743639000.0,1.0,4613205000.0,47290000.0,2052070000.0,2055451000.0,0.0,550691000.0,550691000.0,0.0,2394685000.0,688571000.0,1706114000.0,4226195724.0,-101648000.0,-209053000.0,-272978000.0,37352000.0,-80334000.0,-331566000.0,-234183000.0,8512000.0,493463000.0,-29362000.0,103200000.0,103200000.0,103200000.0,0.0,76000.0,0.038,2746232000.0,-2593000.0,189144000.0,0.894,0.986,40.952,46.153,167741000.0,0.0,39.23,1.54,1.54,332769000.0,1643842000.0,2743639000.0,2743639000.0,0.0,0.015,0.023,0.069,0.052,69887000.0,2033973000.0,1.0,107728670.0,107728670.0,,25.468,2225268000.0,342834000.0,-8107000.0,343416000.0,20.656,1072250000.0
19,LM,MRT,2015-09-30,2015-09-30,2015-09-30,2020-07-31,-74264000.0,6877954000.0,6953851500.0,1765540000.0,5112414000.0,0.403,40.631,-45027000.0,630899000.0,630899000.0,0.0,321934000.0,2.96,0.525,1059902000.0,0.0,1059902000.0,1059902000.0,0.0,54635000.0,0.0,0.016,0.68,503893000.0,558528000.0,0.199,558528000.0,503893000.0,452423000.0,2.83,2.81,2.83,4457513000.0,4501316500.0,4457513000.0,5071947977.0,10.0,9.081,543178000.0,4.951,1.0,2803066000.0,1.0,4634263000.0,51470000.0,2076235000.0,2047106250.0,0.0,494347000.0,494347000.0,0.0,2341963000.0,596459000.0,1745504000.0,4564939977.0,-40039000.0,-126188000.0,-334479000.0,-940000.0,-76439000.0,-419807000.0,-171871000.0,9465000.0,588205000.0,-36566000.0,318862000.0,318862000.0,318862000.0,0.0,3072000.0,0.114,2394258000.0,408808000.0,189833000.0,0.24,1.024,14.316,14.703,172822000.0,0.0,41.61,1.629,1.629,331602000.0,1803934000.0,2803066000.0,2803066000.0,0.0,0.046,0.071,0.246,0.18,68587000.0,2081643000.0,1.0,109707762.0,109707762.0,,25.55,2243691000.0,329432000.0,133561000.0,387136000.0,20.452,1169081000.0
20,LM,MRT,2015-06-30,2015-06-30,2015-06-30,2020-07-31,-39010000.0,6829388000.0,6923121000.0,1675480000.0,5153908000.0,0.409,40.795,-43526000.0,550114000.0,550114000.0,0.0,264036000.0,3.256,0.498,1057122000.0,0.0,1057122000.0,1057122000.0,0.0,55092000.0,0.0,0.013,0.68,422323000.0,477415000.0,0.168,477415000.0,422323000.0,369158000.0,2.29,2.27,2.29,4522206000.0,4532885500.0,4522206000.0,6072289394.0,14.0,12.719,535086000.0,4.827,1.0,2833875000.0,1.0,4669765000.0,53165000.0,2152083000.0,2067080500.0,0.0,473038000.0,473038000.0,0.0,2251669000.0,514548000.0,1737121000.0,5712238394.0,-753147000.0,-126188000.0,-334523000.0,-646282000.0,-73345000.0,-1080233000.0,-173080000.0,4221000.0,578612000.0,-78446000.0,259440000.0,259440000.0,259440000.0,0.0,4596000.0,0.092,2427742000.0,406133000.0,210614000.0,0.297,1.263,22.018,22.502,175897000.0,0.0,51.53,2.016,2.016,349024000.0,1761785000.0,2833875000.0,2833875000.0,0.0,0.037,0.057,0.204,0.149,68736000.0,2111031000.0,1.0,110852676.0,110852676.0,,25.564,2159623000.0,331817000.0,109718000.0,369105000.0,19.482,1160932000.0
21,LM,MRT,2015-03-31,2015-03-31,2015-03-31,2020-07-31,-60742000.0,7064834000.0,7077757500.0,1921287000.0,5143547000.0,0.398,39.81,-45773000.0,704474000.0,704474000.0,0.0,242709000.0,2.357,0.565,1048946000.0,0.0,1048946000.0,1048946000.0,0.0,55086000.0,0.0,0.012,0.64,420638000.0,475724000.0,0.169,475724000.0,420638000.0,362364000.0,2.06,2.04,2.06,4484901000.0,4577123500.0,4484901000.0,6595540985.0,16.0,13.864,522345000.0,4.637,1.0,2819106000.0,1.0,4652844000.0,58274000.0,1941416000.0,2101476000.0,0.0,502735000.0,502735000.0,0.0,2534413000.0,815046000.0,1719367000.0,6218635985.0,-188470000.0,-136746000.0,-356522000.0,-71440000.0,-70815000.0,-507062000.0,-208043000.0,47000.0,568118000.0,-41483000.0,237080000.0,237080000.0,237080000.0,0.0,5629000.0,0.084,2320887000.0,498219000.0,208210000.0,0.311,1.387,26.23,26.796,179606000.0,0.0,55.2,2.206,2.206,368399000.0,1690055000.0,2819106000.0,2819106000.0,0.0,0.033,0.052,0.2,0.149,66245000.0,2095148000.0,1.0,112656449.0,112656449.0,,25.024,2411990000.0,331684000.0,125284000.0,362209000.0,21.41,1106241000.0
22,LM,MRT,2014-12-31,2014-12-31,2014-12-31,2020-07-31,-18983000.0,7043230000.0,7089386250.0,1813374000.0,5229856000.0,0.395,39.677,-45116000.0,684522000.0,684522000.0,0.0,223773000.0,2.55,0.535,1061427000.0,5212000.0,1056215000.0,1061427000.0,0.0,55709000.0,0.0,0.011,0.61,410911000.0,466620000.0,0.167,466620000.0,410911000.0,352401000.0,1.91,1.9,1.91,4540646000.0,4637079250.0,4540646000.0,6475073779.0,16.0,13.877,457901000.0,4.001,1.0,2798156000.0,1.0,4690323000.0,58510000.0,2018691000.0,2135661750.0,0.0,515980000.0,482452000.0,33528000.0,2429494000.0,711121000.0,1718373000.0,6090029779.0,-140218000.0,-136746000.0,-356522000.0,-150852000.0,-68473000.0,-530596000.0,-94206000.0,89247000.0,503017000.0,-18433000.0,223068000.0,223068000.0,223068000.0,0.0,705000.0,0.08,2062171000.0,735985000.0,223035000.0,0.319,1.341,27.301,27.942,183655000.0,0.0,53.37,2.176,2.183,360690000.0,1624328000.0,2798156000.0,2798156000.0,0.0,0.031,0.048,0.192,0.147,68279000.0,2110623000.0,1.0,114109608.0,114439000.0,,24.451,2352907000.0,347351000.0,129333000.0,344191000.0,20.56,1102253000.0
23,LM,MRT,2014-09-30,2014-09-30,2014-09-30,2020-07-31,16311000.0,6755032000.0,7079985500.0,1813922000.0,4941110000.0,0.395,39.584,-42127000.0,669662000.0,669662000.0,0.0,223676000.0,3.117,0.463,1054706000.0,2644000.0,1052062000.0,1054706000.0,0.0,59559000.0,0.0,0.011,0.55,424103000.0,483662000.0,0.173,483662000.0,424103000.0,365086000.0,1.92,1.9,1.92,4583789000.0,4688593750.0,4583789000.0,6322574711.0,15.0,13.072,426601000.0,3.684,1.0,2799264000.0,1.0,4401963000.0,59017000.0,2156132000.0,2185052500.0,0.0,497083000.0,464854000.0,32229000.0,2123794000.0,581981000.0,1541813000.0,5925104711.0,-52882000.0,-9207000.0,-360070000.0,-160637000.0,-66295000.0,-561602000.0,52665000.0,101595000.0,468728000.0,-12673000.0,227766000.0,227766000.0,227766000.0,0.0,-4090000.0,0.081,2112383000.0,686881000.0,210495000.0,0.286,1.293,26.014,26.646,182091000.0,0.0,51.16,2.117,2.116,344394000.0,1565983000.0,2799264000.0,2799264000.0,0.0,0.032,0.049,0.194,0.152,68229000.0,2104024000.0,1.0,115815182.0,115799000.0,,24.173,2353069000.0,347082000.0,137320000.0,290461000.0,20.32,1231941000.0
24,LM,MRT,2014-06-30,2014-06-30,2014-06-30,2020-07-31,49324000.0,7447934000.0,7118867250.0,2475895000.0,4972039000.0,0.388,40.121,-40364000.0,1304340000.0,1304340000.0,0.0,306353000.0,2.182,0.575,1701810000.0,648461000.0,1053349000.0,1701810000.0,0.0,61342000.0,0.0,0.011,0.55,518727000.0,580069000.0,0.21,580069000.0,518727000.0,461826000.0,2.58,2.56,2.58,4699158000.0,4732964000.0,4699158000.0,6193519036.0,12.0,10.677,466939000.0,3.987,1.0,2765221000.0,1.0,4421017000.0,56901000.0,2289665000.0,2229251250.0,0.0,547179000.0,512062000.0,35117000.0,2701806000.0,1134722000.0,1567084000.0,5993168036.0,616110000.0,-9207000.0,-360045000.0,435665000.0,-63359000.0,32852000.0,70481000.0,126850000.0,507303000.0,5474000.0,309157000.0,309157000.0,309157000.0,0.0,-2804000.0,0.112,2102329000.0,662892000.0,214302000.0,0.213,1.275,19.386,19.888,187388000.0,0.0,51.31,2.167,2.173,334747000.0,1579659000.0,2765221000.0,2765221000.0,0.0,0.043,0.065,0.233,0.188,67534000.0,2092016000.0,1.0,116803119.0,117126000.0,,23.609,3026917000.0,345064000.0,152669000.0,297154000.0,25.843,1341173000.0
25,LM,MRT,2014-03-31,2014-03-31,2014-03-31,2020-07-31,37949000.0,7111349000.0,6986172250.0,2128591000.0,4982758000.0,0.392,39.669,-40452000.0,927849000.0,927849000.0,0.0,281836000.0,2.592,0.496,1128200000.0,89374000.0,1038826000.0,1128200000.0,0.0,62845000.0,0.0,0.011,0.52,475500000.0,538345000.0,0.196,538345000.0,475500000.0,422589000.0,2.34,2.33,2.34,4724724000.0,4744621250.0,4724724000.0,6188414539.0,13.0,11.495,396872000.0,3.332,1.0,2741757000.0,1.0,4412296000.0,52911000.0,2078159000.0,2273959250.0,0.0,549999000.0,518189000.0,31810000.0,2341481000.0,821245000.0,1520236000.0,5840876539.0,-75014000.0,1351000.0,-359996000.0,-243686000.0,-61966000.0,-639071000.0,137627000.0,182529000.0,437324000.0,-10894000.0,284784000.0,284784000.0,284784000.0,0.0,-2948000.0,0.104,2114877000.0,626880000.0,214819000.0,0.222,1.236,20.51,20.957,189241000.0,0.0,49.04,2.13,2.13,348633000.0,1526662000.0,2741757000.0,2741757000.0,0.0,0.041,0.06,0.209,0.173,66488000.0,2100402000.0,1.0,119104334.0,119104334.0,,23.02,2699053000.0,351852000.0,137805000.0,265583000.0,22.661,1307346000.0
26,LM,MRT,2013-12-31,2013-12-31,2013-12-31,2020-07-31,22311000.0,7005627000.0,7025750000.0,1885263000.0,5120364000.0,0.388,39.365,-40351000.0,842071000.0,842071000.0,0.0,247435000.0,2.584,0.471,1189609000.0,50438000.0,1139171000.0,1189609000.0,0.0,86284000.0,0.0,0.011,0.5,408572000.0,494856000.0,0.181,494856000.0,408572000.0,353945000.0,1.95,1.94,1.95,4746704000.0,4768028000.0,4746704000.0,5704366884.0,14.0,11.527,488659000.0,4.052,1.0,2728124000.0,1.0,4407433000.0,54627000.0,2216254000.0,2378216250.0,0.0,582683000.0,462928000.0,119755000.0,2237865000.0,729478000.0,1508387000.0,5245123884.0,-100388000.0,-53926000.0,-380378000.0,-207031000.0,-46256000.0,-633828000.0,25311000.0,138139000.0,529010000.0,-20881000.0,245041000.0,245041000.0,245041000.0,0.0,2394000.0,0.09,2373559000.0,354565000.0,193261000.0,0.256,1.105,21.405,22.297,192045000.0,0.0,43.48,1.923,1.922,377970000.0,1477192000.0,2728124000.0,2728124000.0,0.0,0.035,0.051,0.172,0.15,67641000.0,2157596000.0,1.0,120633024.0,120583000.0,,22.624,2598194000.0,293204000.0,108904000.0,147907000.0,21.547,1155785000.0
27,LM,MRT,2013-09-30,2013-09-30,2013-09-30,2020-07-31,32310000.0,6910559000.0,7053108250.0,1731080000.0,5179479000.0,0.38,38.718,-38964000.0,737747000.0,737747000.0,0.0,-291066000.0,2.816,0.447,1196990000.0,50218000.0,1146772000.0,1196990000.0,0.0,85639000.0,0.0,0.014,0.46,-352376000.0,-266737000.0,-0.099,-266737000.0,-352376000.0,-407877000.0,-2.18,-2.18,-2.18,4761270000.0,4810929250.0,4761270000.0,4652169409.0,-13.0,-17.441,401464000.0,3.265,1.0,2681932000.0,1.0,4422205000.0,55501000.0,2332927000.0,2495682500.0,0.0,581842000.0,452373000.0,129469000.0,2130546000.0,614670000.0,1515876000.0,4125652409.0,-186112000.0,-55277000.0,-353745000.0,-239129000.0,-59429000.0,-666927000.0,57955000.0,163901000.0,440428000.0,-17568000.0,-290563000.0,-290563000.0,-290563000.0,0.0,-503000.0,-0.108,3082342000.0,-400410000.0,203406000.0,-0.211,0.867,-14.199,-15.339,195130000.0,0.0,33.44,1.538,1.533,343460000.0,1412704000.0,2681932000.0,2681932000.0,0.0,-0.041,-0.06,-0.141,-0.131,64781000.0,2137766000.0,1.0,123374773.0,122974000.0,,21.809,2488354000.0,324735000.0,-117314000.0,146822000.0,20.235,1116410000.0
28,LM,MRT,2013-06-30,2013-06-30,2013-06-30,2020-07-31,21963000.0,6917154000.0,7294193250.0,1670786000.0,5246368000.0,0.364,37.897,-42753000.0,722126000.0,722126000.0,0.0,-297669000.0,3.04,0.453,1248643000.0,50210000.0,1198433000.0,1248643000.0,0.0,86241000.0,0.0,0.015,0.46,-359364000.0,-273123000.0,-0.103,-273123000.0,-359364000.0,-416124000.0,-2.28,-2.28,-2.28,4745787000.0,4984736750.0,4745787000.0,4249011257.0,-12.0,-15.557,462316000.0,3.692,1.0,2652375000.0,1.0,4425577000.0,56760000.0,2468497000.0,2580059500.0,0.0,571493000.0,413390000.0,158103000.0,2150885000.0,549597000.0,1601288000.0,3884611257.0,-90604000.0,-55277000.0,-353553000.0,-190442000.0,-58186000.0,-619342000.0,40596000.0,150102000.0,505069000.0,-16927000.0,-296054000.0,-296054000.0,-296054000.0,0.0,-1615000.0,-0.112,3079417000.0,-427042000.0,216011000.0,-0.202,0.819,-13.121,-13.601,199923000.0,0.0,31.01,1.465,1.464,332937000.0,1341073000.0,2652375000.0,2652375000.0,0.0,-0.041,-0.059,-0.139,-0.135,61583000.0,2134238000.0,1.0,125269631.0,125228000.0,,21.18,2491577000.0,356713000.0,-120070000.0,171054000.0,19.896,1121189000.0
29,LM,MRT,2013-03-31,2013-03-31,2013-03-31,2020-07-31,47539000.0,7269660000.0,7514656500.0,1942862000.0,5326798000.0,0.348,37.364,-38351000.0,988389000.0,988389000.0,0.0,-359748000.0,2.766,0.504,1363109000.0,60758000.0,1302351000.0,1363109000.0,0.0,87848000.0,0.0,0.014,0.44,-441267000.0,-353419000.0,-0.135,-353419000.0,-441267000.0,-504186000.0,-2.65,-2.65,-2.65,4818351000.0,5162387500.0,4818351000.0,4596384227.0,-10.0,-13.005,264981000.0,2.055,1.0,2612650000.0,1.0,4446727000.0,62919000.0,2495187000.0,2667174250.0,0.0,606425000.0,395872000.0,210553000.0,2430300000.0,702466000.0,1727834000.0,4145929227.0,-449227000.0,-55277000.0,-425516000.0,-241822000.0,-55250000.0,-735897000.0,-11023000.0,89850000.0,303332000.0,-5639000.0,-353327000.0,-353327000.0,-353327000.0,0.0,-6421000.0,-0.135,3047149000.0,-434499000.0,214803000.0,-0.166,0.86,-11.734,-12.132,201819000.0,0.0,32.15,1.587,1.587,350726000.0,1309088000.0,2612650000.0,2612650000.0,0.0,-0.047,-0.068,-0.165,-0.169,58983000.0,2110700000.0,1.0,128955808.0,128955808.0,,20.26,2822933000.0,364618000.0,-150859000.0,161298000.0,21.891,1240396000.0
30,LM,MRT,2012-12-31,2012-12-31,2012-12-31,2020-07-31,58923000.0,7115060000.0,7836178250.0,1829585000.0,5285475000.0,0.331,37.392,-38534000.0,944418000.0,944418000.0,0.0,-313630000.0,3.53,0.442,1394873000.0,50438000.0,1344435000.0,1394873000.0,0.0,68442000.0,0.0,0.016,0.41,-373427000.0,-304985000.0,-0.118,-304985000.0,-373427000.0,-442092000.0,-2.38,-2.38,-2.38,4918309000.0,5377122500.0,4918309000.0,3888571209.0,-10.0,-12.75,214231000.0,1.629,1.0,2593478000.0,1.0,4361099000.0,68665000.0,2686119000.0,2717398500.0,0.0,628947000.0,375433000.0,253514000.0,2175075000.0,518297000.0,1656778000.0,3387659209.0,-326868000.0,3060000.0,-318596000.0,-199284000.0,-66468000.0,-595814000.0,13995000.0,47133000.0,252765000.0,2186000.0,-306462000.0,-306462000.0,-306462000.0,0.0,-7168000.0,-0.118,2998778000.0,-405300000.0,183603000.0,-0.172,0.689,-11.054,-10.807,226741000.0,0.0,25.72,1.306,1.304,314235000.0,1293316000.0,2593478000.0,2593478000.0,0.0,-0.039,-0.057,-0.137,-0.144,50784000.0,2066109000.0,1.0,131713033.0,131534000.0,,19.717,2753961000.0,363366000.0,-135630000.0,126698000.0,20.937,1311288000.0
31,LM,MRT,2012-09-30,2012-09-30,2012-09-30,2020-07-31,66066000.0,7874899000.0,8150178750.0,1831260000.0,6043639000.0,0.312,40.69,-35561000.0,929236000.0,929236000.0,0.0,180061000.0,3.056,0.439,1430148000.0,58372000.0,1371776000.0,1430148000.0,0.0,82230000.0,0.0,0.014,0.35,309663000.0,391893000.0,0.154,391893000.0,309663000.0,232731000.0,1.27,1.27,1.27,5456500000.0,5546788250.0,5456500000.0,3970649116.0,13.0,10.132,256160000.0,1.91,1.0,2546556000.0,1.0,5106062000.0,76932000.0,2670435000.0,2722505000.0,0.0,671999000.0,383867000.0,288132000.0,2396850000.0,599314000.0,1797536000.0,3333210116.0,-195676000.0,3060000.0,-254702000.0,-156865000.0,-48824000.0,-480398000.0,-12874000.0,16868000.0,291721000.0,5875000.0,175540000.0,175540000.0,175540000.0,0.0,4521000.0,0.069,2259210000.0,287346000.0,193416000.0,0.276,0.611,18.988,19.433,229982000.0,0.0,24.68,1.309,1.3,325228000.0,1766359000.0,2546556000.0,2546556000.0,0.0,0.022,0.032,0.114,0.122,49947000.0,2047523000.0,1.0,135057136.0,134098000.0,,18.99,2768837000.0,279482000.0,57191000.0,211395000.0,20.648,1231946000.0
32,LM,MRT,2012-06-30,2012-06-30,2012-06-30,2020-07-31,58390000.0,7799007000.0,8246241250.0,1679006000.0,6120001000.0,0.312,39.334,-31150000.0,788922000.0,788922000.0,0.0,156349000.0,3.31,0.425,1426361000.0,51066000.0,1375295000.0,1426361000.0,0.0,87995000.0,0.0,0.013,0.35,275045000.0,363040000.0,0.141,363040000.0,275045000.0,190595000.0,1.06,1.06,1.06,5456390000.0,5571597500.0,5456390000.0,3971163388.0,14.0,10.939,261976000.0,1.889,1.0,2576158000.0,1.0,5112276000.0,84450000.0,2816956000.0,2757124500.0,0.0,672073000.0,374944000.0,297129000.0,2321115000.0,507214000.0,1813901000.0,3723133388.0,-438135000.0,3060000.0,-364724000.0,-257744000.0,-45636000.0,-694418000.0,-18396000.0,498000.0,293126000.0,-18447000.0,151407000.0,151407000.0,151407000.0,0.0,4942000.0,0.059,2261694000.0,314464000.0,195504000.0,0.33,0.682,24.59,24.877,232401000.0,0.0,26.37,1.445,1.42,311471000.0,1699807000.0,2576158000.0,2576158000.0,0.0,0.018,0.027,0.1,0.107,49038000.0,2032060000.0,1.0,141188221.0,138720000.0,,18.571,2686731000.0,303319000.0,39188000.0,225717000.0,19.368,1171792000.0
33,LM,MRT,2012-03-31,2012-03-31,2012-03-31,2020-07-31,71472000.0,8555747000.0,8444724500.0,2457794000.0,6097953000.0,0.315,40.631,-31822000.0,1410569000.0,1410569000.0,0.0,231031000.0,2.519,0.503,1658599000.0,251278000.0,1407321000.0,1658599000.0,0.0,93795000.0,0.0,0.011,0.32,380453000.0,474248000.0,0.178,474248000.0,380453000.0,292869000.0,1.54,1.54,1.54,5677291000.0,5644099500.0,5677291000.0,4278952188.0,11.0,9.023,464947000.0,3.327,1.0,2662574000.0,1.0,5131911000.0,87584000.0,2696084000.0,2774018250.0,0.0,738547000.0,443694000.0,294853000.0,2854425000.0,975782000.0,1878643000.0,3902625188.0,6345000.0,3060000.0,-401797000.0,-19323000.0,-43602000.0,-481780000.0,2330000.0,19871000.0,496769000.0,-10974000.0,220817000.0,220817000.0,220817000.0,0.0,10214000.0,0.083,2323821000.0,338753000.0,195808000.0,0.208,0.687,17.674,18.136,239411000.0,0.0,27.93,1.466,1.466,333777000.0,1727616000.0,2662574000.0,2662574000.0,0.0,0.026,0.039,0.137,0.143,48735000.0,2078938000.0,1.0,139728793.0,139728793.0,,19.055,3423836000.0,260097000.0,72052000.0,242567000.0,24.503,1482012000.0
34,LM,MRT,2011-12-31,2011-12-31,2011-12-31,2020-07-31,64262000.0,8371062000.0,8482726750.0,2231546000.0,6139516000.0,0.322,39.963,-33545000.0,1266192000.0,1266192000.0,0.0,224990000.0,2.477,0.49,1642519000.0,251266000.0,1391253000.0,1642519000.0,0.0,99933000.0,0.0,0.012,0.3,372857000.0,472790000.0,0.173,472790000.0,372857000.0,284511000.0,1.42,1.42,1.42,5596972000.0,5667372750.0,5596972000.0,3879197239.0,10.0,8.205,517478000.0,3.695,1.0,2727413000.0,1.0,5139906000.0,88346000.0,2706545000.0,2814552500.0,0.0,742810000.0,452157000.0,290653000.0,2745274000.0,900938000.0,1844336000.0,3361535239.0,-28938000.0,0.0,-466435000.0,-18425000.0,-41564000.0,-541665000.0,-25450000.0,1100000.0,551023000.0,-12846000.0,213785000.0,213785000.0,213785000.0,0.0,11205000.0,0.078,2361732000.0,365681000.0,210698000.0,0.211,0.601,15.724,16.937,246331000.0,0.0,24.05,1.232,1.235,310514000.0,1662990000.0,2727413000.0,2727413000.0,0.0,0.025,0.038,0.132,0.137,52356000.0,2103211000.0,1.0,139772775.0,140053000.0,,19.474,3231156000.0,287236000.0,70726000.0,247936000.0,23.071,1330608000.0
35,LM,MRT,2011-09-30,2011-09-30,2011-09-30,2020-07-31,60952000.0,8259149000.0,8532134500.0,2104923000.0,6154226000.0,0.331,38.614,-35808000.0,1117720000.0,1117720000.0,0.0,243213000.0,2.566,0.478,1635382000.0,251008000.0,1384374000.0,1635382000.0,0.0,95295000.0,0.0,0.009,0.24,428088000.0,523383000.0,0.185,523383000.0,428088000.0,339184000.0,1.63,1.63,1.63,5555737000.0,5708693750.0,5555737000.0,4178405378.0,10.0,7.983,382870000.0,2.661,1.0,2822363000.0,1.0,5147525000.0,88904000.0,2808913000.0,2861732250.0,0.0,737335000.0,444540000.0,292795000.0,2657784000.0,820373000.0,1837411000.0,3787080378.0,-190255000.0,0.0,-502793000.0,-31517000.0,-36375000.0,-568923000.0,-30486000.0,-2383000.0,418678000.0,-9524000.0,247273000.0,247273000.0,247273000.0,0.0,-4060000.0,0.088,2419013000.0,403350000.0,189440000.0,0.147,0.682,15.315,15.773,266302000.0,0.0,25.71,1.342,1.311,326173000.0,1638025000.0,2822363000.0,2822363000.0,0.0,0.029,0.043,0.15,0.152,56963000.0,2155160000.0,1.0,147299898.0,143877000.0,,19.616,3111624000.0,279953000.0,91911000.0,247933000.0,21.627,1284550000.0
36,LM,MRT,2011-06-30,2011-06-30,2011-06-30,2020-07-31,106792000.0,8592940000.0,8598234750.0,2380461000.0,6212479000.0,0.329,38.512,-36920000.0,1244993000.0,1244993000.0,0.0,262418000.0,2.601,0.487,1636318000.0,250996000.0,1385322000.0,1636318000.0,0.0,99059000.0,0.0,0.007,0.24,477898000.0,576957000.0,0.204,576957000.0,477898000.0,386181000.0,1.74,1.74,1.74,5746398000.0,5743291250.0,5746398000.0,5181779781.0,11.0,8.981,273663000.0,1.834,1.0,2827260000.0,1.0,5184377000.0,91717000.0,2884531000.0,2858771750.0,0.0,784897000.0,486615000.0,298282000.0,2798551000.0,915357000.0,1883194000.0,4873915781.0,56835000.0,0.0,-318330000.0,75220000.0,-29406000.0,-263779000.0,-10654000.0,24649000.0,310583000.0,20685000.0,265944000.0,265944000.0,265944000.0,0.0,-3526000.0,0.094,2442863000.0,384397000.0,207976000.0,0.138,0.848,18.327,18.828,277857000.0,0.0,32.76,1.724,1.729,351565000.0,1596529000.0,2827260000.0,2827260000.0,0.0,0.031,0.046,0.167,0.169,56655000.0,2183394000.0,1.0,148776428.0,149210000.0,,18.948,3408563000.0,300006000.0,120237000.0,284983000.0,22.844,1465104000.0
37,LM,MRT,2011-03-31,2011-03-31,2011-03-31,2020-07-31,93361000.0,8707756000.0,8532902250.0,2446556000.0,6261200000.0,0.326,37.904,-32904000.0,1422324000.0,1422324000.0,0.0,245763000.0,2.525,0.503,1730188000.0,250792000.0,1479396000.0,1730188000.0,0.0,102748000.0,0.0,0.006,0.2,465514000.0,568262000.0,0.204,568262000.0,465514000.0,373357000.0,1.63,1.63,1.63,5770384000.0,5705567000.0,5770384000.0,5891419862.0,13.0,10.367,379236000.0,2.491,1.0,2784317000.0,1.0,5188427000.0,92157000.0,2858221000.0,2846197250.0,0.0,796104000.0,483339000.0,312765000.0,2900660000.0,968972000.0,1931688000.0,5494239862.0,-89970000.0,0.0,-431025000.0,-10540000.0,-26813000.0,-468466000.0,-44471000.0,-11567000.0,412140000.0,10827000.0,253923000.0,253923000.0,253923000.0,0.0,-8160000.0,0.091,2397509000.0,386808000.0,207870000.0,0.123,0.952,21.637,22.141,286705000.0,0.0,36.09,1.973,1.973,366571000.0,1550906000.0,2784317000.0,2784317000.0,0.0,0.03,0.045,0.164,0.167,56245000.0,2152974000.0,1.0,152237181.0,152237181.0,,18.289,3519329000.0,314568000.0,119434000.0,266193000.0,23.117,1477584000.0
38,LM,MRT,2010-12-31,2010-12-31,2010-12-31,2020-07-31,85964000.0,8568693000.0,8511621250.0,2297516000.0,6271177000.0,0.322,38.42,-32234000.0,1313321000.0,1313321000.0,0.0,240096000.0,2.629,0.481,1710501000.0,252314000.0,1458187000.0,1710501000.0,0.0,107422000.0,0.0,0.005,0.17,467422000.0,574844000.0,0.21,574844000.0,467422000.0,372688000.0,1.61,1.61,1.61,5762256000.0,5723402000.0,5762256000.0,5915608565.0,13.0,10.291,823983000.0,5.494,1.0,2742307000.0,1.0,5196594000.0,94734000.0,2895264000.0,2696820000.0,0.0,713497000.0,426923000.0,286574000.0,2774143000.0,874015000.0,1900128000.0,5549309565.0,-156213000.0,-3003000.0,-362920000.0,-565461000.0,-22455000.0,-954246000.0,-67304000.0,-35655000.0,856217000.0,9120000.0,248493000.0,248493000.0,248493000.0,0.0,-8397000.0,0.091,2348803000.0,393504000.0,207988000.0,0.106,0.963,22.332,22.528,294587000.0,0.0,36.27,2.024,1.984,374592000.0,1492771000.0,2742307000.0,2742307000.0,0.0,0.029,0.043,0.173,0.17,54055000.0,2104850000.0,1.0,152999988.0,149980000.0,,18.284,3372099000.0,311603000.0,124195000.0,260765000.0,22.484,1423501000.0
39,LM,MRT,2010-09-30,2010-09-30,2010-09-30,2020-07-31,78281000.0,8523550000.0,8644638000.0,2235471000.0,6288079000.0,0.314,37.606,-37588000.0,1320685000.0,1320685000.0,0.0,232965000.0,2.522,0.491,1686984000.0,252850000.0,1434134000.0,1686984000.0,0.0,98346000.0,0.0,0.004,0.13,449797000.0,548143000.0,0.202,548143000.0,449797000.0,348204000.0,1.48,1.48,1.48,5694127000.0,5729191000.0,5694127000.0,5195063216.0,12.0,9.478,886510000.0,5.855,1.0,2710858000.0,1.0,5206399000.0,101593000.0,2797071000.0,2672308250.0,0.0,692585000.0,408239000.0,284346000.0,2798393000.0,886379000.0,1912014000.0,4687259216.0,-228141000.0,-183372000.0,-326501000.0,-553262000.0,-21112000.0,-916792000.0,-241064000.0,-40205000.0,924098000.0,5617000.0,231795000.0,231795000.0,231795000.0,0.0,1170000.0,0.086,2335198000.0,375660000.0,203196000.0,0.088,0.823,20.222,20.48,333677000.0,0.0,30.31,1.729,1.693,344697000.0,1449526000.0,2710858000.0,2710858000.0,0.0,0.027,0.04,0.168,0.166,48576000.0,2118744000.0,1.0,154643986.0,151416000.0,,17.903,3317151000.0,281809000.0,116409000.0,260892000.0,21.908,1349092000.0
40,LM,MRT,2010-06-30,2010-06-30,2010-06-30,2020-07-31,48673000.0,8331610000.0,8812913500.0,2019840000.0,6311770000.0,0.306,34.945,-54047000.0,1170852000.0,1170852000.0,0.0,203699000.0,2.515,0.484,1678656000.0,253852000.0,1424804000.0,1678656000.0,0.0,105991000.0,0.0,0.005,0.13,425278000.0,531269000.0,0.197,531269000.0,425278000.0,319594000.0,1.28,1.28,1.28,5595501000.0,5738201000.0,5595501000.0,4493822164.0,11.0,8.459,880911000.0,5.501,1.0,2695960000.0,1.0,5202206000.0,105684000.0,2834233000.0,2799129000.0,0.0,657180000.0,368431000.0,288749000.0,2706146000.0,802975000.0,1903171000.0,4583948164.0,-373135000.0,-190896000.0,-308640000.0,-559910000.0,-20455000.0,-1038508000.0,-275658000.0,-62639000.0,934958000.0,6073000.0,202234000.0,202234000.0,202234000.0,0.0,1465000.0,0.075,2330315000.0,365645000.0,219801000.0,0.102,0.819,22.667,21.898,344810000.0,0.0,28.03,1.7,1.665,315929000.0,1379955000.0,2695960000.0,2695960000.0,0.0,0.023,0.035,0.152,0.158,45727000.0,2133371000.0,1.0,163537216.0,160123000.0,,16.837,3129404000.0,315011000.0,117360000.0,269045000.0,19.544,1216865000.0
41,LM,MRT,2010-03-31,2010-03-31,2010-03-31,2020-07-31,58227000.0,8622632000.0,8991184250.0,2559146000.0,6063486000.0,0.293,36.182,-83967000.0,1510460000.0,1510460000.0,0.0,210980000.0,2.427,0.471,1420334000.0,255154000.0,1165180000.0,1420334000.0,0.0,114078000.0,0.0,0.004,0.12,449306000.0,563384000.0,0.214,563384000.0,449306000.0,323033000.0,1.33,1.32,1.33,5841724000.0,5514429500.0,5841724000.0,5160264371.0,11.0,9.159,1329196000.0,8.233,1.0,2634879000.0,1.0,5217518000.0,126273000.0,2260712000.0,3177149250.0,0.0,385752000.0,372060000.0,13692000.0,2751331000.0,1054276000.0,1697055000.0,4628933371.0,409236000.0,-190896000.0,4999000.0,-557969000.0,-48241000.0,-746720000.0,-276688000.0,-40715000.0,1413163000.0,19481000.0,204357000.0,204357000.0,204357000.0,0.0,6623000.0,0.078,2313696000.0,321183000.0,399613000.0,0.09,0.792,22.651,21.556,361819000.0,0.0,28.67,1.757,1.757,349245000.0,1316981000.0,2634879000.0,2634879000.0,0.0,0.023,0.037,0.141,0.171,46578000.0,2123294000.0,1.0,161455646.0,161455646.0,,16.32,3405114000.0,338511000.0,118676000.0,270578000.0,21.09,1504870000.0
42,LM,MRT,2009-12-31,2009-12-31,2009-12-31,2020-07-31,63868000.0,9100760000.0,9143601000.0,3032495000.0,6068265000.0,0.282,35.976,-114297000.0,1433302000.0,1433302000.0,0.0,-181065000.0,1.886,0.568,1964633000.0,808087000.0,1156546000.0,1964633000.0,0.0,95390000.0,0.0,0.011,0.33,-323848000.0,-228458000.0,-0.089,-228458000.0,-323848000.0,-471948000.0,-1.42,-1.42,-1.42,5785412000.0,5203654750.0,5785412000.0,5252997013.0,-16.0,-22.993,647259000.0,4.025,1.0,2580670000.0,1.0,5226828000.0,148100000.0,2797217000.0,3788367750.0,0.0,410477000.0,410477000.0,0.0,3287914000.0,1608046000.0,1679868000.0,4865949013.0,-145075000.0,-136293000.0,5569000.0,-257056000.0,-77529000.0,-455127000.0,-446629000.0,-740925000.0,761556000.0,-4875000.0,-189474000.0,-189474000.0,-189474000.0,0.0,8409000.0,-0.073,2410658000.0,170012000.0,395873000.0,-0.232,0.841,-25.681,-21.239,374698000.0,0.0,30.16,1.886,1.879,352232000.0,1258943000.0,2580670000.0,2580670000.0,0.0,-0.021,-0.036,-0.085,-0.125,49714000.0,2153441000.0,1.0,161337832.0,160815000.0,,16.047,3873932000.0,875808000.0,-282474000.0,275819000.0,24.089,1424449000.0
43,LM,MRT,2009-09-30,2009-09-30,2009-09-30,2020-07-31,61022000.0,9196652000.0,9402513500.0,2701329000.0,6495323000.0,0.278,37.881,-131250000.0,1570763000.0,1570763000.0,0.0,-1720278000.0,2.537,0.598,1957811000.0,258990000.0,1698821000.0,1957811000.0,0.0,121412000.0,0.0,0.016,0.51,-2649315000.0,-2527903000.0,-0.968,-2527903000.0,-2649315000.0,-2813755000.0,-12.29,-12.29,-12.29,5730167000.0,4962545250.0,5730167000.0,5849369595.0,-2.0,-2.314,965853000.0,6.385,1.0,2610179000.0,1.0,5214716000.0,164440000.0,3304354000.0,4075005000.0,0.0,386597000.0,386597000.0,0.0,3428575000.0,1064630000.0,2363945000.0,4426896595.0,-324482000.0,104952000.0,19507000.0,-260866000.0,-106773000.0,-463392000.0,-954479000.0,-1326723000.0,1097103000.0,-3714000.0,-1727228000.0,-1727228000.0,-1727228000.0,0.0,6950000.0,-0.662,3592320000.0,-982141000.0,389758000.0,-0.041,0.773,-2.563,-2.525,384111000.0,0.0,31.03,1.696,1.798,332826000.0,1218845000.0,2610179000.0,2610179000.0,0.0,-0.184,-0.348,-0.65,-1.015,53965000.0,2098590000.0,1.0,142665053.0,151267000.0,,17.255,3981936000.0,872957000.0,-1086527000.0,262756000.0,26.324,1636699000.0
44,LM,MRT,2009-06-30,2009-06-30,2009-06-30,2020-07-31,38527000.0,9044693000.0,10222816750.0,2637562000.0,6407131000.0,0.285,33.1,-138960000.0,1574015000.0,1574015000.0,0.0,-1876589000.0,2.653,0.916,2996488000.0,257964000.0,2738524000.0,2996488000.0,0.0,131142000.0,0.0,0.031,0.75,-2873094000.0,-2741952000.0,-0.94,-2741952000.0,-2873094000.0,-3054826000.0,-13.36,-13.36,-13.36,4700415000.0,5118461000.0,4700415000.0,5556191455.0,-2.0,-2.026,824696000.0,5.807,1.0,2916420000.0,1.0,5126572000.0,181732000.0,4346314000.0,4220347000.0,0.0,356008000.0,356008000.0,0.0,4307652000.0,994280000.0,3313372000.0,3458961455.0,-803636000.0,112476000.0,20643000.0,-686608000.0,-136399000.0,-777111000.0,-971934000.0,-1217403000.0,963656000.0,-18247000.0,-1881737000.0,-1881737000.0,-1881737000.0,0.0,5148000.0,-0.645,3756232000.0,-839812000.0,396908000.0,-0.056,0.736,-1.838,-1.825,380408000.0,0.0,24.38,1.186,1.187,297447000.0,1177376000.0,2916420000.0,2916420000.0,0.0,-0.184,-0.368,-0.681,-0.985,54342000.0,2244408000.0,1.0,141877008.0,142006000.0,,20.537,3918121000.0,868144000.0,-1173089000.0,256812000.0,27.591,1643282000.0
45,LM,MRT,2009-03-31,2009-03-31,2009-03-31,2020-07-31,-2784000.0,9232299000.0,11191732500.0,2859387000.0,6372912000.0,0.3,32.483,50197000.0,1126162000.0,1126162000.0,0.0,-1964994000.0,2.232,1.001,2990190000.0,258188000.0,2732002000.0,2990190000.0,0.0,138445000.0,0.0,0.06,0.96,-3008316000.0,-2869871000.0,-0.855,-2869871000.0,-3008316000.0,-3191121000.0,-13.99,-13.99,-13.99,4598625000.0,5574075500.0,4598625000.0,3347464314.0,-1.0,-1.166,432257000.0,3.053,1.0,3357367000.0,1.0,5109548000.0,182805000.0,4705586000.0,4137197750.0,0.0,336092000.0,336092000.0,0.0,4602654000.0,1281193000.0,3321461000.0,2250942314.0,-406902000.0,112476000.0,31983000.0,409855000.0,-135878000.0,329150000.0,-1090906000.0,-1253579000.0,382060000.0,-27206000.0,-1967918000.0,-1967918000.0,-1967918000.0,0.0,2924000.0,-0.586,4026547000.0,-669180000.0,400761000.0,-0.069,0.489,-1.144,-1.137,367043000.0,0.0,15.9,0.67,0.67,293084000.0,1131625000.0,3357367000.0,3357367000.0,0.0,-0.176,-0.353,-0.727,-0.896,56993000.0,2500029000.0,1.0,141568699.0,141568699.0,,23.715,4122751000.0,1457213000.0,-1223203000.0,258944000.0,29.122,1578194000.0
46,LM,MRT,2008-12-31,2008-12-31,2008-12-31,2020-07-31,7932000.0,10136410000.0,11841245750.0,4198767000.0,5937643000.0,0.322,34.187,49300000.0,2379796000.0,2379796000.0,0.0,-1897280000.0,2.068,1.103,3476318000.0,509138000.0,2967180000.0,3476318000.0,0.0,172696000.0,0.0,0.044,0.96,-2725349000.0,-2552653000.0,-0.67,-2552653000.0,-2725349000.0,-2895849000.0,-13.44,-13.41,-13.44,4820974000.0,6079545000.0,4820974000.0,3500022232.0,-1.0,-1.371,794327000.0,5.633,1.0,3809279000.0,1.0,5259072000.0,170500000.0,3943766000.0,3684262500.0,0.0,509114000.0,509114000.0,0.0,5315436000.0,2030094000.0,3285342000.0,3081448232.0,372850000.0,60797000.0,-146804000.0,1901567000.0,-101768000.0,1571353000.0,-1950327000.0,-1978567000.0,745027000.0,6797000.0,-1897190000.0,-1897190000.0,-1897190000.0,0.0,-90000.0,-0.498,4295520000.0,-486241000.0,425923000.0,-0.071,0.639,-1.624,-1.63,360533000.0,0.0,21.91,0.809,0.811,346067000.0,1515081000.0,3809279000.0,3809279000.0,0.0,-0.16,-0.312,-0.74,-0.715,55873000.0,2684294000.0,1.0,140641179.0,141019000.0,,27.013,4877338000.0,501233000.0,-998659000.0,0.0,34.586,2168673000.0
47,LM,MRT,2008-09-30,2008-09-30,2008-09-30,2020-07-31,49969000.0,12477865000.0,11947493500.0,5355402000.0,7122463000.0,0.358,45.095,41455000.0,3060240000.0,3060240000.0,0.0,-249718000.0,2.215,0.959,3478814000.0,508358000.0,2970456000.0,3478814000.0,0.0,175339000.0,0.0,0.025,0.96,-232320000.0,-56981000.0,-0.013,-56981000.0,-232320000.0,-378069000.0,-1.76,-1.75,-1.76,6353830000.0,6632723000.0,6353830000.0,5803868150.0,-25.0,-101.856,628296000.0,4.459,1.0,4275935000.0,1.0,6592830000.0,145749000.0,3885722000.0,3043911750.0,0.0,1067892000.0,1067892000.0,0.0,6094035000.0,2417887000.0,3676148000.0,5323486150.0,457019000.0,-220647000.0,-150145000.0,2405503000.0,-136283000.0,2045014000.0,-2182148000.0,-1623203000.0,586841000.0,7312000.0,-249776000.0,-249776000.0,-249776000.0,0.0,58000.0,-0.058,3347180000.0,928755000.0,464301000.0,-0.545,0.838,-21.313,-21.625,353469000.0,0.0,38.06,1.245,1.254,457981000.0,3037210000.0,4275935000.0,4275935000.0,0.0,-0.021,-0.038,-0.076,-0.054,51520000.0,2943536000.0,1.0,139870892.0,140900000.0,,30.347,5885035000.0,385865000.0,-128293000.0,371666000.0,41.767,2937515000.0
48,LM,MRT,2008-06-30,2008-06-30,2008-06-30,2020-07-31,95881000.0,12920356000.0,11348253250.0,5780713000.0,7139643000.0,0.395,46.424,13294000.0,3425648000.0,3425648000.0,0.0,36735000.0,2.107,0.981,3906030000.0,931679000.0,2974351000.0,3906030000.0,0.0,176090000.0,0.0,0.022,0.96,190139000.0,366229000.0,0.082,366229000.0,190139000.0,73595000.0,0.26,0.25,0.26,6522873000.0,6756106000.0,6522873000.0,6505659220.0,34.0,17.764,998909000.0,7.109,1.0,4482149000.0,1.0,6643995000.0,116544000.0,4013717000.0,2292853250.0,0.0,1163414000.0,1163414000.0,0.0,6397483000.0,2743026000.0,3654457000.0,6063128220.0,1124834000.0,-221113000.0,-240982000.0,2783943000.0,-136772000.0,2327961000.0,-2205482000.0,-1732676000.0,985615000.0,16740000.0,36423000.0,36423000.0,36423000.0,0.0,312000.0,0.008,3495189000.0,986960000.0,521537000.0,3.692,0.93,166.464,167.577,349838000.0,0.0,43.57,1.353,1.366,507837000.0,3174974000.0,4482149000.0,4482149000.0,0.0,0.003,0.005,0.083,0.042,53763000.0,3090163000.0,1.0,139158325.0,140505000.0,,31.9,6276361000.0,323129000.0,37172000.0,348070000.0,44.67,3037687000.0
49,LM,MRT,2008-03-31,2008-03-31,2008-03-31,2020-07-31,82930000.0,11830352000.0,10539710750.0,4685752000.0,7144600000.0,0.44,49.852,-184275000.0,2308282000.0,2308282000.0,0.0,263831000.0,1.71,0.787,2757773000.0,932119000.0,1825654000.0,2757773000.0,0.0,180222000.0,0.0,0.017,0.96,526286000.0,706508000.0,0.152,706508000.0,526286000.0,437061000.0,1.86,1.83,1.86,6620503000.0,6815503750.0,6620503000.0,7394456032.0,14.0,10.466,960599000.0,7.233,1.0,4634086000.0,1.0,6646551000.0,89225000.0,2893845000.0,1676550750.0,0.0,1093723000.0,1093723000.0,0.0,5209849000.0,2739447000.0,2470402000.0,7434390032.0,279937000.0,-222358000.0,-242025000.0,1637733000.0,-132821000.0,1220003000.0,-2103310000.0,-1696677000.0,1144874000.0,18370000.0,263565000.0,263565000.0,263565000.0,0.0,266000.0,0.057,3583910000.0,1050176000.0,490141000.0,0.516,1.123,28.207,30.097,346802000.0,0.0,55.98,1.604,1.604,524488000.0,3240359000.0,4634086000.0,4634086000.0,0.0,0.025,0.039,0.314,0.114,49345000.0,3165749000.0,1.0,132804395.0,132804395.0,,34.894,5183801000.0,249812000.0,173496000.0,355239000.0,39.033,1946305000.0
50,LM,MRT,2007-12-31,2007-12-31,2007-12-31,2020-07-31,69030000.0,10561401000.0,9983244750.0,3093233000.0,7468168000.0,0.471,49.43,-178993000.0,1558160000.0,1558160000.0,0.0,695535000.0,1.435,0.502,1518226000.0,941010000.0,577216000.0,1518226000.0,0.0,185436000.0,0.0,0.013,0.93,1183779000.0,1369215000.0,0.291,1369215000.0,1183779000.0,1111064000.0,4.9,4.81,4.9,7033686000.0,6795750500.0,7033686000.0,9312352562.0,8.0,6.801,830659000.0,5.838,1.0,4706760000.0,1.0,6983647000.0,72715000.0,1382363000.0,1293885750.0,0.0,571853000.0,561283000.0,10570000.0,3527715000.0,2155457000.0,1372258000.0,9673267562.0,117957000.0,-255316000.0,-58941000.0,348309000.0,-162627000.0,175180000.0,-1076504000.0,-214468000.0,1009652000.0,9629000.0,695535000.0,695535000.0,695535000.0,0.0,0.0,0.148,3521734000.0,1185026000.0,184724000.0,0.19,1.375,13.908,14.929,328921000.0,0.0,73.15,2.055,2.212,612002000.0,3529399000.0,4706760000.0,4706760000.0,0.0,0.07,0.102,0.915,0.252,46522000.0,3246704000.0,1.0,132238791.0,142297000.0,,33.077,3577754000.0,17036000.0,415529000.0,496548000.0,25.143,937776000.0
51,LM,MRT,2007-09-30,2007-09-30,2007-09-30,2020-07-31,63799000.0,10080904000.0,9726921750.0,2668266000.0,7412638000.0,0.478,48.076,-173700000.0,1379503000.0,1379503000.0,0.0,715586000.0,1.442,0.472,1018588000.0,431459000.0,587129000.0,1018588000.0,0.0,191760000.0,0.0,0.011,0.9,1212833000.0,1404593000.0,0.302,1404593000.0,1212833000.0,1142448000.0,5.04,4.95,5.04,6847362000.0,6631234750.0,6847362000.0,11067093223.0,9.0,7.879,762212000.0,5.352,1.0,4653089000.0,1.0,6988740000.0,70385000.0,881488000.0,1333344000.0,0.0,355529000.0,345810000.0,9719000.0,3233542000.0,1849761000.0,1383781000.0,11190934223.0,366299000.0,-42869000.0,-67158000.0,-216920000.0,-123831000.0,-360755000.0,-218066000.0,-1497000.0,935912000.0,9208000.0,715586000.0,715586000.0,715586000.0,-572000.0,0.0,0.154,3546660000.0,1106429000.0,200174000.0,0.179,1.634,15.639,16.724,282376000.0,0.0,84.29,2.405,2.58,593065000.0,3409173000.0,4653089000.0,4653089000.0,0.0,0.074,0.108,0.91,0.261,44295000.0,3268003000.0,1.0,132767045.0,142427000.0,,32.67,3092164000.0,31982000.0,426862000.0,474925000.0,21.711,818505000.0
52,LM,MRT,2007-06-30,2007-06-30,2007-06-30,2020-07-31,49247000.0,9686186000.0,9525778250.0,2466658000.0,7219528000.0,0.474,47.573,-130562000.0,1191121000.0,1191121000.0,0.0,681798000.0,2.101,0.433,1067280000.0,6300000.0,1060980000.0,1067280000.0,0.0,197131000.0,0.0,0.009,0.87,1169543000.0,1366674000.0,0.303,1366674000.0,1169543000.0,1097105000.0,4.81,4.72,4.81,6760464000.0,6471081000.0,6760464000.0,12894513595.0,11.0,9.435,720087000.0,5.067,1.0,4511423000.0,1.0,6840021000.0,72438000.0,1548507000.0,1471871000.0,0.0,311170000.0,301772000.0,9398000.0,2925722000.0,1173817000.0,1751905000.0,12965506595.0,83077000.0,-441061000.0,31412000.0,-169474000.0,-114872000.0,-201648000.0,-571982000.0,-359000.0,850649000.0,6058000.0,681798000.0,681798000.0,681798000.0,-572000.0,0.0,0.151,3448396000.0,1063027000.0,178637000.0,0.181,1.918,19.017,20.453,241835000.0,0.0,98.38,2.874,3.099,616623000.0,3266173000.0,4511423000.0,4511423000.0,0.0,0.072,0.105,0.795,0.259,41947000.0,3163749000.0,1.0,131790065.0,142107000.0,,31.747,2846165000.0,35802000.0,415307000.0,466365000.0,20.028,1292841000.0
53,LM,MRT,2007-03-31,2007-03-31,2007-03-31,2020-07-31,37895000.0,9604488000.0,9422532000.0,2391507000.0,7212981000.0,0.461,49.742,-112026000.0,1183617000.0,1183617000.0,0.0,646818000.0,1.823,0.468,1112624000.0,5117000.0,1107507000.0,1112624000.0,0.0,202117000.0,0.0,0.009,0.81,1115904000.0,1318021000.0,0.303,1318021000.0,1115904000.0,1044430000.0,4.58,4.48,4.58,6541490000.0,6297354500.0,6541490000.0,12480087468.0,11.0,9.469,793445000.0,6.033,1.0,4343675000.0,1.0,6858249000.0,71474000.0,1363185000.0,1390063500.0,0.0,282761000.0,273166000.0,9595000.0,3062998000.0,1312061000.0,1750937000.0,12389440468.0,160147000.0,-445078000.0,26728000.0,-144323000.0,-109919000.0,-209431000.0,-542103000.0,15001000.0,905471000.0,6210000.0,646818000.0,646818000.0,646818000.0,-572000.0,0.0,0.149,3315377000.0,1028298000.0,160656000.0,0.177,1.894,19.154,20.57,219437000.0,0.0,94.21,2.852,2.852,585857000.0,3112844000.0,4343675000.0,4343675000.0,0.0,0.069,0.103,0.803,0.257,40654000.0,3038927000.0,1.0,131508762.0,131508762.0,,33.03,2746239000.0,33873000.0,397612000.0,444218000.0,20.883,1079446000.0
54,LM,MRT,2006-12-31,2006-12-31,2006-12-31,2020-07-31,32397000.0,9536109000.0,9347032500.0,2305228000.0,7230881000.0,0.455,45.082,-109996000.0,1072013000.0,1072013000.0,0.0,624398000.0,1.884,0.496,1162660000.0,4160000.0,1158500000.0,1162660000.0,0.0,190051000.0,0.0,0.008,0.78,1094602000.0,1284653000.0,0.302,1284653000.0,1094602000.0,1022135000.0,4.15,4.14,4.15,6375623000.0,6124511000.0,6375623000.0,12705409755.0,12.0,9.89,312310000.0,2.208,1.0,4254027000.0,1.0,6862669000.0,72467000.0,1540196000.0,1341863750.0,0.0,242736000.0,211796000.0,30940000.0,3160486000.0,1223891000.0,1936595000.0,12491233755.0,28272000.0,-399161000.0,62103000.0,-175085000.0,-82960000.0,-181201000.0,-216066000.0,293091000.0,422306000.0,3233000.0,624398000.0,624398000.0,624398000.0,1021000.0,0.0,0.147,3251501000.0,1002526000.0,167895000.0,0.188,1.959,20.005,22.904,201641000.0,0.0,95.05,2.936,3.16,587629000.0,2970235000.0,4254027000.0,4254027000.0,0.0,0.067,0.102,0.816,0.257,47462000.0,2967651000.0,1.0,131417504.0,141422000.0,,30.08,2673440000.0,55767000.0,397737000.0,453095000.0,18.904,1081337000.0
55,LM,MRT,2006-09-30,2006-09-30,2006-09-30,2020-07-31,23828000.0,9276330000.0,9322096250.0,2044492000.0,7231838000.0,0.409,43.948,-89201000.0,1013204000.0,1013204000.0,0.0,1210068000.0,1.756,0.495,1227380000.0,66114000.0,1161266000.0,1227380000.0,0.0,174791000.0,0.0,0.007,0.75,1635819000.0,1810610000.0,0.475,1810610000.0,1635819000.0,1569034000.0,9.15,8.73,9.15,6206747000.0,5940775750.0,6206747000.0,13346318315.0,8.0,7.371,540865000.0,3.83,1.0,3810043000.0,1.0,6890818000.0,66785000.0,1435596000.0,1339173250.0,0.0,180176000.0,171424000.0,8752000.0,3069583000.0,1164092000.0,1905491000.0,13227462315.0,230635000.0,-1300184000.0,95687000.0,599940000.0,-75777000.0,629613000.0,-1032807000.0,357875000.0,630066000.0,3763000.0,1210068000.0,1210068000.0,1210068000.0,-657925000.0,0.0,0.318,2916678000.0,893365000.0,179972000.0,0.082,2.131,10.931,11.023,192829000.0,0.0,100.86,3.472,3.739,520856000.0,2825407000.0,3810043000.0,3810043000.0,0.0,0.13,0.204,1.222,0.429,45663000.0,2636162000.0,1.0,131146761.0,141229000.0,,26.978,2385512000.0,38333000.0,358966000.0,404362000.0,16.891,880400000.0
56,LM,MRT,2006-06-30,2006-06-30,2006-06-30,2020-07-31,24670000.0,9273201000.0,9045350500.0,2108396000.0,7164805000.0,0.359,43.249,-98663000.0,1108044000.0,1108044000.0,0.0,1187428000.0,1.554,0.529,1226900000.0,66067000.0,1160833000.0,1226900000.0,0.0,140264000.0,0.0,0.007,0.72,1565619000.0,1705883000.0,0.526,1705883000.0,1565619000.0,1506947000.0,9.21,8.72,9.21,6065558000.0,5068420000.0,6065558000.0,13179078835.0,8.0,7.726,311757000.0,2.223,1.0,3245746000.0,1.0,6814365000.0,58672000.0,1221277000.0,1498318750.0,0.0,163425000.0,153825000.0,9600000.0,3207643000.0,1356415000.0,1851228000.0,12916361835.0,344755000.0,-901570000.0,126686000.0,600123000.0,-87145000.0,642299000.0,-711959000.0,291430000.0,410420000.0,3995000.0,1187428000.0,1187428000.0,1187428000.0,-686826000.0,0.0,0.366,2448829000.0,796917000.0,158293000.0,0.078,2.129,10.878,10.806,192364000.0,0.0,99.52,3.979,4.3,504268000.0,2711518000.0,3245746000.0,3245746000.0,0.0,0.131,0.234,1.045,0.482,43481000.0,2215199000.0,1.0,129786594.0,140247000.0,,23.143,2458836000.0,48908000.0,319519000.0,391281000.0,17.532,751981000.0
57,LM,MRT,2006-03-31,2006-03-31,2006-03-31,2020-07-31,14944000.0,9302490000.0,8669376000.0,2126731000.0,7175759000.0,0.305,47.235,-85204000.0,1023470000.0,1023470000.0,0.0,1144168000.0,1.331,0.59,1286187000.0,120110000.0,1166077000.0,1286187000.0,0.0,103641000.0,0.0,0.006,0.69,1472411000.0,1576052000.0,0.596,1576052000.0,1472411000.0,1419763000.0,9.5,8.8,9.5,5850116000.0,4172870000.0,5850116000.0,15763168700.0,11.0,10.002,459557000.0,3.711,1.0,2645212000.0,1.0,6797115000.0,52648000.0,1170386000.0,1684901500.0,0.0,168478000.0,142206000.0,26272000.0,3452374000.0,1597706000.0,1854668000.0,15522433700.0,228349000.0,-896308000.0,140454000.0,625467000.0,-78626000.0,687295000.0,-1003581000.0,-17477000.0,544761000.0,-126000.0,1144168000.0,1144168000.0,1144168000.0,-710461000.0,0.0,0.433,1965482000.0,679730000.0,135607000.0,0.073,2.653,13.567,13.193,182609000.0,0.0,125.33,5.868,5.868,560407000.0,2580898000.0,2645212000.0,2645212000.0,0.0,0.132,0.274,0.874,0.557,35465000.0,1776061000.0,1.0,123852499.0,123852499.0,,21.358,2505375000.0,60135000.0,275595000.0,392009000.0,20.229,529025000.0
58,LM,MRT,2005-12-31,2005-12-31,2005-12-31,2020-07-31,12094000.0,9436364000.0,8398621500.0,2639394000.0,6796970000.0,0.242,46.235,-53098000.0,1043741000.0,1043741000.0,0.0,1111759000.0,1.458,0.632,1284476000.0,184560000.0,1099916000.0,1284476000.0,0.0,75628000.0,0.0,0.006,0.66,1381685000.0,1457313000.0,0.718,1457313000.0,1381685000.0,1336894000.0,9.45,8.7,9.45,5640682000.0,3283627500.0,5640682000.0,13563736101.0,10.0,9.307,694398000.0,5.692,1.0,2030049000.0,1.0,6337882000.0,44791000.0,1529434000.0,1849506000.0,0.0,719146000.0,645616000.0,73530000.0,3565924000.0,1809783000.0,1756141000.0,13646227101.0,374235000.0,-910141000.0,113389000.0,707254000.0,-91343000.0,729300000.0,-1103560000.0,-136905000.0,747496000.0,999000.0,1111759000.0,1111759000.0,1111759000.0,-743675000.0,0.0,0.548,1454833000.0,575216000.0,0.0,0.07,2.419,12.274,12.666,158648000.0,0.0,119.69,6.722,7.193,527721000.0,2457723000.0,2030049000.0,2030049000.0,0.0,0.132,0.339,0.747,0.681,27655000.0,1320180000.0,1.0,114013093.0,121999000.0,,16.64,3098482000.0,0.0,225135000.0,443386000.0,25.398,829611000.0
59,LM,MRT,2005-09-30,2005-09-30,2005-09-30,2020-07-31,11481000.0,8169347000.0,7972837250.0,6390755000.0,1778592000.0,0.22,24.331,-50499000.0,782569000.0,782569000.0,0.0,464166000.0,1.394,2.006,700078000.0,103358000.0,596720000.0,700078000.0,0.0,51702000.0,0.0,0.007,0.78,713861000.0,765563000.0,0.437,765563000.0,713861000.0,670701000.0,4.32,3.88,4.32,2717324000.0,2414291750.0,2717324000.0,12045824969.0,17.0,15.735,623408000.0,5.582,1.0,1751931000.0,1.0,1431047000.0,43160000.0,2072178000.0,2502460750.0,0.0,488392000.0,358000000.0,130392000.0,5452023000.0,4583631000.0,868392000.0,12059272969.0,341540000.0,-155997000.0,398626000.0,-1355000.0,-84289000.0,312982000.0,-578666000.0,-359398000.0,673907000.0,264000.0,464166000.0,464166000.0,464166000.0,-117827000.0,0.0,0.265,1206104000.0,545827000.0,0.0,0.181,4.438,25.981,25.391,113850000.0,0.0,109.69,6.883,6.993,277263000.0,1720457000.0,1751931000.0,1751931000.0,0.0,0.058,0.192,0.285,0.407,20167000.0,1121837000.0,1.0,109939584.0,111682000.0,,15.687,6738300000.0,0.0,206535000.0,0.0,60.335,1807124000.0
60,LM,MRT,2005-06-30,2005-06-30,2005-06-30,2020-07-31,10576000.0,7769303000.0,7687493250.0,6044760000.0,1724543000.0,0.216,22.824,-27511000.0,763289000.0,763289000.0,0.0,434792000.0,1.389,2.129,749841000.0,103322000.0,646519000.0,749841000.0,0.0,48129000.0,0.0,0.006,0.6,669707000.0,717836000.0,0.433,717836000.0,669707000.0,625771000.0,4.14,3.7,4.14,2483358000.0,2167041250.0,2483358000.0,9012636270.0,13.0,12.555,636080000.0,5.846,1.0,1659154000.0,1.0,1437046000.0,43936000.0,1967608000.0,2986538500.0,0.0,378709000.0,294400000.0,84309000.0,5285945000.0,4351201000.0,934744000.0,11188650270.0,70809000.0,-558426000.0,347728000.0,-539000.0,-57832000.0,289357000.0,-890306000.0,-293456000.0,663591000.0,625000.0,434792000.0,434792000.0,434792000.0,-113938000.0,0.0,0.262,1138527000.0,520627000.0,0.0,0.145,4.505,25.733,25.147,95361000.0,0.0,104.11,6.744,6.827,259451000.0,1619964000.0,1659154000.0,1659154000.0,0.0,0.057,0.201,0.224,0.404,11717000.0,1052772000.0,1.0,107469506.0,108803000.0,,15.249,6332257000.0,0.0,190979000.0,0.0,58.199,1693559000.0
61,LM,MRT,2005-03-31,2005-03-31,2005-03-31,2020-07-31,15710000.0,8219472000.0,7619273250.0,6552043000.0,1667429000.0,0.206,21.649,-26557000.0,815779000.0,815779000.0,0.0,408431000.0,1.327,2.584,811164000.0,103017000.0,708147000.0,811164000.0,0.0,44836000.0,0.0,0.007,0.55,628530000.0,673366000.0,0.429,673366000.0,628530000.0,583765000.0,3.95,3.53,3.95,2293146000.0,1958435000.0,2293146000.0,6140799459.0,10.0,9.12,339198000.0,3.202,1.0,1570700000.0,1.0,1446723000.0,44765000.0,1828804000.0,3488682500.0,0.0,73956000.0,64904000.0,9052000.0,5926326000.0,4939330000.0,986996000.0,8276848459.0,69550000.0,-559904000.0,329607000.0,20000000.0,-51728000.0,297879000.0,-595765000.0,173000.0,365755000.0,1681000.0,408431000.0,408431000.0,408431000.0,-113007000.0,0.0,0.26,1081583000.0,489117000.0,0.0,0.139,3.609,20.265,19.782,92351000.0,0.0,78.14,5.27,5.27,263153000.0,1523875000.0,1570700000.0,1570700000.0,0.0,0.054,0.209,0.18,0.4,9921000.0,988950000.0,1.0,105923323.0,105923323.0,,14.829,6772749000.0,0.0,175334000.0,0.0,63.94,1612713000.0
62,LM,MRT,2004-12-31,2004-12-31,2004-12-31,2020-07-31,17304000.0,7733227000.0,7385026000.0,,,0.123,21.05,-48542000.0,3286990000.0,3286990000.0,0.0,382711000.0,,2.575,1150941000.0,,,1150941000.0,0.0,36604000.0,0.0,0.007,0.5,571871000.0,608475000.0,0.672,608475000.0,571871000.0,493584000.0,3.76,3.36,3.76,2163339000.0,1775051000.0,2163339000.0,5765672131.0,10.0,9.476,425551000.0,4.141,1.0,905297000.0,1.0,1455925000.0,78287000.0,4141253000.0,4008812500.0,0.0,1063671000.0,,,5569888000.0,,,7382113131.0,-60460000.0,-559308000.0,296735000.0,44770000.0,-46401000.0,295104000.0,-832797000.0,-204455000.0,474093000.0,3140000.0,382711000.0,382711000.0,382711000.0,-191135000.0,0.0,0.423,590288000.0,315009000.0,3493606000.0,0.133,3.412,19.289,19.484,98221000.0,0.0,73.26,8.154,8.317,1562483000.0,1422628000.0,905297000.0,905297000.0,0.0,0.052,0.216,0.143,0.632,0.0,554682000.0,1.0,100765945.0,102771000.0,,8.809,6277302000.0,0.0,110873000.0,0.0,61.08,
63,LM,MRT,2004-09-30,2004-09-30,2004-09-30,2020-07-31,11246000.0,7027971000.0,7155314000.0,,,0.14,16.956,-49507000.0,2828195000.0,2828195000.0,0.0,350834000.0,,3.066,1211754000.0,,,1211754000.0,0.0,35515000.0,0.0,0.006,0.3,535385000.0,570900000.0,0.57,570900000.0,535385000.0,468292000.0,3.46,3.09,3.46,1728322000.0,1605654000.0,1728322000.0,3253957895.0,6.0,5.7,538948000.0,5.287,1.0,1000848000.0,1.0,1403041000.0,67093000.0,4008489000.0,3819244500.0,0.0,902305000.0,,,5299649000.0,,,5366440895.0,141948000.0,-405760000.0,-19707000.0,44770000.0,-41056000.0,-15993000.0,-499692000.0,-34586000.0,588455000.0,2231000.0,350834000.0,350834000.0,350834000.0,-157465000.0,0.0,0.351,662495000.0,338353000.0,3153220000.0,0.087,3.105,15.296,15.396,108213000.0,0.0,53.27,5.362,5.425,1507308000.0,1325482000.0,1000848000.0,1000848000.0,0.0,0.049,0.218,0.14,0.535,0.0,607931000.0,1.0,100740396.0,101932000.0,,9.819,5624930000.0,0.0,117458000.0,0.0,55.183,
64,LM,MRT,2004-06-30,2004-06-30,2004-06-30,2020-07-31,8989000.0,7496423000.0,7026121750.0,,,0.154,16.234,9125000.0,3410292000.0,3410292000.0,0.0,325812000.0,,3.546,1297809000.0,,,1297809000.0,0.0,36278000.0,0.0,0.007,0.4,496264000.0,532542000.0,0.491,532542000.0,496264000.0,440514000.0,3.23,2.9,3.23,1648933000.0,1522415250.0,1648933000.0,3617378111.0,7.0,6.793,431280000.0,4.246,1.0,1084966000.0,1.0,1407756000.0,55750000.0,3976184000.0,3675236000.0,0.0,860326000.0,,,5847490000.0,,,6079896111.0,317128000.0,-3286000.0,-8109000.0,-13905000.0,-38153000.0,-60167000.0,-38368000.0,-34368000.0,422155000.0,1050000.0,325812000.0,325812000.0,325812000.0,-133238000.0,0.0,0.3,753040000.0,331926000.0,3381841000.0,0.124,3.687,18.661,18.784,101690000.0,0.0,60.673,5.604,5.68,1457045000.0,1249370000.0,1084966000.0,1084966000.0,0.0,0.046,0.214,0.135,0.457,0.0,668955000.0,1.0,100207056.0,101573000.0,,10.682,6088667000.0,0.0,114702000.0,0.0,59.944,
65,LM,MRT,2004-03-31,2004-03-31,2004-03-31,2020-07-31,10949000.0,7282483000.0,6704286250.0,,,0.172,15.669,12958000.0,3744473000.0,3744473000.0,0.0,297764000.0,,3.669,1281955000.0,,,1281955000.0,0.0,38607000.0,0.0,0.006,0.373,456721000.0,495328000.0,0.43,495328000.0,456721000.0,411987000.0,2.97,2.65,2.97,1559610000.0,1441382500.0,1559610000.0,3639073880.0,8.0,7.347,281159000.0,2.825,1.0,1153076000.0,1.0,910641000.0,44734000.0,3909324000.0,3491183000.0,0.0,870769000.0,,,5722873000.0,,,6156672880.0,235253000.0,-4510000.0,4995000.0,-4708000.0,-35238000.0,-34951000.0,-890000.0,501000.0,268201000.0,2893000.0,297764000.0,297764000.0,297764000.0,-110424000.0,0.0,0.258,826828000.0,326248000.0,3657103000.0,0.126,3.948,20.676,20.826,111255000.0,0.0,61.853,5.339,5.339,1377742000.0,1173282000.0,1153076000.0,1153076000.0,0.0,0.044,0.207,0.131,0.396,0.0,731621000.0,1.0,99536639.0,99536639.0,,11.584,6371842000.0,0.0,114223000.0,0.0,64.015,
66,LM,MRT,2003-12-31,2003-12-31,2003-12-31,2020-07-31,8930000.0,6814379000.0,6400528000.0,,,0.275,14.767,17968000.0,3576161000.0,3576161000.0,0.0,254505000.0,,3.586,1058562000.0,,,1058562000.0,0.0,50819000.0,0.0,0.007,0.347,411663000.0,462482000.0,0.263,462482000.0,411663000.0,411663000.0,2.547,2.283,2.547,1485751000.0,1363469250.0,1485751000.0,2943496217.0,7.0,6.365,242647000.0,2.412,1.0,1757925000.0,1.0,913799000.0,0.0,3382981000.0,3239983500.0,0.0,773985000.0,,,5328628000.0,,,5109381217.0,105309000.0,-4179000.0,19398000.0,-143470000.0,-32386000.0,-156458000.0,33304000.0,18064000.0,224679000.0,3784000.0,254505000.0,254505000.0,254505000.0,-1639000.0,0.0,0.145,1344517000.0,413408000.0,3559499000.0,0.136,3.439,20.076,20.202,75910000.0,0.0,51.453,2.906,2.945,1247435000.0,1091646000.0,1757925000.0,1757925000.0,0.0,0.04,0.187,0.127,0.234,0.0,1201615000.0,1.0,99301268.0,100611000.0,,17.472,5900580000.0,0.0,157158000.0,0.0,58.647,
67,LM,MRT,2003-09-30,2003-09-30,2003-09-30,2020-07-31,2807000.0,6511202000.0,6250808000.0,,,0.26,13.937,23356000.0,3235562000.0,3235562000.0,0.0,221526000.0,,3.666,1069677000.0,,,1069677000.0,0.0,53870000.0,0.0,0.008,0.393,354334000.0,408204000.0,0.252,408204000.0,354334000.0,354334000.0,2.233,2.04,2.233,1395367000.0,1294244000.0,1395367000.0,2855893846.0,8.0,6.996,27805000.0,0.278,1.0,1622573000.0,1.0,912862000.0,0.0,3432455000.0,3153955500.0,0.0,839861000.0,,,5115835000.0,,,4899216846.0,-60374000.0,-2829000.0,9066000.0,-230178000.0,-29570000.0,-250682000.0,182623000.0,160645000.0,4449000.0,3236000.0,221526000.0,221526000.0,221526000.0,-2605000.0,0.0,0.137,1281949000.0,340624000.0,3463326000.0,0.176,3.511,22.116,21.555,69550000.0,0.0,48.133,3.019,2.97,1242744000.0,1021049000.0,1622573000.0,1622573000.0,0.0,0.035,0.171,0.112,0.218,0.0,1140735000.0,1.0,101784284.0,100121000.0,,16.206,5598340000.0,0.0,132808000.0,0.0,55.916,
68,LM,MRT,2003-06-30,2003-06-30,2003-06-30,2020-07-31,948000.0,6209081000.0,6126708500.0,,,0.25,13.347,-38494000.0,3142654000.0,3142654000.0,0.0,200257000.0,,3.687,1099331000.0,,,1099331000.0,0.0,55562000.0,0.0,0.007,0.293,323051000.0,378613000.0,0.247,378613000.0,323051000.0,323051000.0,2.023,1.86,2.023,1324802000.0,1237434500.0,1324802000.0,1988256258.0,6.0,5.251,234755000.0,2.365,1.0,1531159000.0,1.0,925786000.0,0.0,3239972000.0,3091884000.0,0.0,601198000.0,,,4884279000.0,,,4226260258.0,95775000.0,-5945000.0,-2962000.0,-212949000.0,-28874000.0,-244785000.0,64556000.0,107544000.0,273249000.0,2755000.0,200257000.0,200257000.0,200257000.0,-1345000.0,0.0,0.131,1224384000.0,306775000.0,3336916000.0,0.145,3.19,21.104,21.404,68765000.0,0.0,43.3,2.76,2.807,1270928000.0,964613000.0,1531159000.0,1531159000.0,0.0,0.033,0.162,0.104,0.211,0.0,1095200000.0,1.0,97604163.0,99259500.0,,15.426,5283295000.0,0.0,122794000.0,0.0,53.227,
69,LM,MRT,2003-03-31,2003-03-31,2003-03-31,2020-07-31,-3976000.0,6067450000.0,6065583250.0,,,0.247,12.843,-40947000.0,3274189000.0,3274189000.0,0.0,190909000.0,,3.862,1036185000.0,,,1036185000.0,0.0,55888000.0,0.0,0.009,0.287,308333000.0,364221000.0,0.243,364221000.0,308333000.0,308333000.0,1.93,1.78,1.93,1247957000.0,1190008750.0,1247957000.0,913305759.0,3.0,2.508,276907000.0,2.85,1.0,1500346000.0,1.0,924920000.0,0.0,2904526000.0,3140313500.0,0.0,496210000.0,,,4819493000.0,,,3157320759.0,222375000.0,-3243000.0,-19285000.0,-85713000.0,-28195000.0,-133193000.0,35316000.0,78055000.0,317854000.0,2398000.0,190909000.0,190909000.0,190909000.0,-1477000.0,0.0,0.127,1168918000.0,331428000.0,3321302000.0,0.149,2.53,16.538,16.836,69814000.0,0.0,32.493,2.104,2.104,1117667000.0,913670000.0,1500346000.0,1500346000.0,0.0,0.031,0.16,0.098,0.206,0.0,1036177000.0,1.0,97168263.0,97168263.0,,15.441,5142530000.0,0.0,117424000.0,0.0,52.924,
70,LM,MRT,2002-12-31,2002-12-31,2002-12-31,2020-07-31,-5365000.0,6215499000.0,6033624250.0,,,0.234,12.214,-26618000.0,3441730000.0,3441730000.0,0.0,152936000.0,,4.142,1197715000.0,,,1197715000.0,0.0,57517000.0,0.0,0.009,0.28,252333000.0,309850000.0,0.22,309850000.0,252333000.0,252333000.0,1.567,1.493,1.567,1208850000.0,1149156500.0,1208850000.0,1250571688.0,5.0,4.036,194296000.0,1.963,1.0,1409815000.0,1.0,932615000.0,0.0,3038869000.0,3212306500.0,0.0,463017000.0,,,5006649000.0,,,3144253688.0,189810000.0,-1551000.0,-11404000.0,-68368000.0,-27478000.0,-107250000.0,76876000.0,105044000.0,220914000.0,-730000.0,152936000.0,152936000.0,152936000.0,-1760000.0,0.0,0.108,1142765000.0,267050000.0,3428511000.0,0.179,2.601,20.559,20.651,71115000.0,0.0,32.36,2.23,2.272,1153957000.0,872378000.0,1409815000.0,1409815000.0,0.0,0.025,0.133,0.079,0.179,0.0,1010198000.0,1.0,97164824.0,98973000.0,,14.244,5282884000.0,0.0,99397000.0,0.0,53.377,
71,LM,MRT,2002-09-30,2002-09-30,2002-09-30,2020-07-31,-6716000.0,6014804000.0,6004854250.0,,,0.235,11.796,-24654000.0,3139271000.0,3139271000.0,0.0,146170000.0,,4.149,1245589000.0,,,1245589000.0,0.0,56487000.0,0.0,0.009,0.267,242967000.0,299454000.0,0.212,299454000.0,242967000.0,242967000.0,1.5,1.427,1.5,1168129000.0,1107785250.0,1168129000.0,1272848434.0,5.0,4.251,220948000.0,2.231,1.0,1413511000.0,1.0,936953000.0,0.0,3184169000.0,3333289750.0,0.0,584207000.0,,,4846675000.0,,,2864205434.0,176780000.0,-107235000.0,-4631000.0,28993000.0,-26749000.0,-2387000.0,-65473000.0,66910000.0,245602000.0,-962000.0,146170000.0,146170000.0,146170000.0,-794000.0,0.0,0.103,1154861000.0,258650000.0,3271950000.0,0.178,2.452,19.595,18.916,71832000.0,0.0,28.373,2.026,1.988,1128152000.0,831909000.0,1413511000.0,1413511000.0,0.0,0.024,0.132,0.073,0.172,0.0,1019473000.0,1.0,100947090.0,99030000.0,,14.274,5077851000.0,0.0,96797000.0,0.0,51.276,
72,LM,MRT,2002-06-30,2002-06-30,2002-06-30,2020-07-31,-7265000.0,5964580000.0,5913046250.0,,,0.234,11.476,-23355000.0,2910989000.0,2910989000.0,0.0,131189000.0,,4.255,1319632000.0,,,1319632000.0,0.0,53819000.0,0.0,0.008,0.267,221328000.0,275147000.0,0.199,275147000.0,221328000.0,221328000.0,1.353,1.287,1.353,1135099000.0,1066912500.0,1135099000.0,1428466868.0,6.0,5.192,86509000.0,0.875,1.0,1382264000.0,1.0,939533000.0,0.0,3433690000.0,3412980750.0,0.0,651485000.0,,,4829481000.0,,,3200250868.0,-261093000.0,-785606000.0,11404000.0,440725000.0,-25966000.0,426163000.0,-797406000.0,14171000.0,109864000.0,286000.0,131189000.0,131189000.0,131189000.0,-1269000.0,0.0,0.095,1145728000.0,236536000.0,3197160000.0,0.197,2.819,24.394,24.311,70583000.0,0.0,32.893,2.315,2.354,1084258000.0,793926000.0,1382264000.0,1382264000.0,0.0,0.022,0.123,0.065,0.16,0.0,1011355000.0,1.0,97291778.0,98907000.0,,13.975,5025047000.0,0.0,90139000.0,0.0,50.806,
73,LM,MRT,2002-03-31,2002-03-31,2002-03-31,2020-07-31,-9896000.0,5939614000.0,5313620000.0,,,0.268,10.824,-20785000.0,2969990000.0,2969990000.0,0.0,152936000.0,,4.477,1160297000.0,,,1160297000.0,0.0,48202000.0,0.0,0.007,0.26,252412000.0,300614000.0,0.211,300614000.0,252412000.0,252412000.0,1.567,1.493,1.567,1084548000.0,1025142500.0,1084548000.0,1909504261.0,8.0,6.352,56920000.0,0.568,1.0,1423551000.0,1.0,937423000.0,0.0,3192498000.0,2837394000.0,0.0,583126000.0,,,4855066000.0,,,3545756261.0,-87771000.0,-792856000.0,19577000.0,636698000.0,-25149000.0,631126000.0,-796302000.0,19996000.0,77705000.0,-300000.0,152936000.0,152936000.0,152936000.0,-1269000.0,0.0,0.107,1155931000.0,267620000.0,3284531000.0,0.166,3.269,23.185,22.582,69146000.0,0.0,35.387,2.491,2.491,1180135000.0,751635000.0,1423551000.0,1423551000.0,0.0,0.029,0.149,0.089,0.177,0.0,1023208000.0,1.0,100200347.0,100200347.0,,14.207,5002191000.0,0.0,99476000.0,0.0,49.922,
74,LM,MRT,2001-12-31,2001-12-31,2001-12-31,2020-07-31,-8323000.0,6100419000.0,5456263000.0,,,0.249,10.636,-27023000.0,2962550000.0,2962550000.0,0.0,156230000.0,,4.847,1326298000.0,,,1326298000.0,0.0,41730000.0,0.0,0.008,0.253,265820000.0,307550000.0,0.226,307550000.0,265820000.0,265820000.0,1.64,1.533,1.64,1043365000.0,985935500.0,1043365000.0,2018538335.0,8.0,6.563,166700000.0,1.699,1.0,1360864000.0,1.0,941365000.0,0.0,3522802000.0,3446376500.0,0.0,654229000.0,,,5057054000.0,,,3330580335.0,360130000.0,-811123000.0,20393000.0,562721000.0,-23157000.0,559957000.0,-407741000.0,432237000.0,193723000.0,14191000.0,156230000.0,156230000.0,156230000.0,0.0,0.0,0.115,1095044000.0,265820000.0,3395326000.0,0.154,3.192,21.318,20.317,69955000.0,0.0,33.32,2.447,2.402,1185336000.0,712233000.0,1360864000.0,1360864000.0,0.0,0.029,0.158,0.077,0.195,0.0,959210000.0,1.0,99957393.0,98098500.0,,13.872,5159054000.0,0.0,109590000.0,0.0,52.591,
75,LM,MRT,2001-09-30,2001-09-30,2001-09-30,2020-07-31,-5189000.0,5647572000.0,5046797000.0,,,0.265,10.277,-31821000.0,2551753000.0,2551753000.0,0.0,156463000.0,,4.621,1239711000.0,,,1239711000.0,0.0,38435000.0,0.0,0.009,0.24,268567000.0,307002000.0,0.23,307002000.0,268567000.0,268567000.0,1.653,1.54,1.653,1004638000.0,917796250.0,1004638000.0,799775317.0,3.0,2.605,-12257000.0,-0.125,1.0,1335183000.0,1.0,832597000.0,0.0,3502933000.0,3623701500.0,0.0,716957000.0,,,4642934000.0,,,2642516317.0,106991000.0,-705337000.0,22781000.0,541696000.0,-22358000.0,542119000.0,-468867000.0,271229000.0,19564000.0,14175000.0,156463000.0,156463000.0,156463000.0,0.0,0.0,0.117,1066616000.0,268567000.0,3126523000.0,0.145,2.63,16.889,16.035,71309000.0,0.0,26.507,1.979,1.941,1182076000.0,677812000.0,1335183000.0,1335183000.0,0.0,0.031,0.17,0.074,0.201,0.0,938811000.0,1.0,99692517.0,97756500.0,,13.658,4814975000.0,0.0,112104000.0,0.0,49.255,
76,LM,MRT,2001-06-30,2001-06-30,2001-06-30,2020-07-31,-7730000.0,,,,,,9.982,-34610000.0,2714850000.0,2714850000.0,0.0,163279000.0,,,872109000.0,,,872109000.0,,36049000.0,,0.007,0.24,280385000.0,316434000.0,0.238,316434000.0,280385000.0,280385000.0,1.727,1.607,1.727,968019000.0,880400000.0,968019000.0,1161829754.0,4.0,3.672,-105900000.0,-1.092,1.0,1330019000.0,1.0,155359000.0,0.0,,,,540443000.0,,,,,,3144478754.0,454287000.0,-23851000.0,22110000.0,152634000.0,-22261000.0,152483000.0,359805000.0,419215000.0,-71290000.0,13289000.0,163279000.0,163279000.0,163279000.0,0.0,0.0,0.123,1049634000.0,280385000.0,2929551000.0,0.139,3.248,19.258,19.209,70832000.0,0.0,33.173,2.364,2.419,1254253000.0,654083000.0,1330019000.0,1330019000.0,0.0,,0.185,,0.211,0.0,930401000.0,1.0,94789352.0,96975000.0,,13.715,,,117106000.0,,,
77,LM,MRT,2001-03-31,2001-03-31,2001-03-31,2020-07-31,-7657000.0,4687626000.0,4604082500.0,,,0.296,9.483,-34311000.0,2571496000.0,2571496000.0,0.0,156230000.0,,4.053,515609000.0,,,515609000.0,0.0,36448000.0,0.0,0.008,0.233,265820000.0,302268000.0,0.222,302268000.0,265820000.0,265820000.0,1.633,1.533,1.633,927720000.0,841465500.0,927720000.0,1447850612.0,5.0,4.79,188551000.0,1.927,1.0,1360864000.0,1.0,149449000.0,0.0,2482290000.0,3370493000.0,0.0,503693000.0,,,3759906000.0,,,2745833612.0,342945000.0,-16601000.0,21037000.0,-124299000.0,-23615000.0,-126877000.0,234663000.0,286976000.0,222862000.0,12297000.0,156230000.0,156230000.0,156230000.0,0.0,0.0,0.115,1095044000.0,265820000.0,2954934000.0,0.143,2.96,17.576,17.187,71645000.0,0.0,28.067,2.018,2.018,1138242000.0,624665000.0,1360864000.0,1360864000.0,0.0,0.034,0.186,0.079,0.195,0.0,959210000.0,1.0,97832552.0,97832552.0,,13.91,4538177000.0,0.0,109590000.0,0.0,46.387,
78,LM,MRT,2000-12-31,2000-12-31,2000-12-31,2020-07-31,482000.0,4812107000.0,4635202750.0,,,0.273,8.028,-26513000.0,2009306000.0,2009306000.0,0.0,150413000.0,,5.243,711323000.0,,,711323000.0,0.0,37823000.0,0.0,0.006,0.227,254438000.0,292261000.0,0.231,292261000.0,254438000.0,254438000.0,1.613,1.52,1.613,770808000.0,802237500.0,770808000.0,2987999349.0,12.0,10.224,3624000.0,0.038,1.0,1265203000.0,1.0,144173000.0,0.0,3369951000.0,3778187000.0,0.0,925399000.0,,,4041299000.0,,,3544174349.0,-311384000.0,-2458000.0,22974000.0,-83646000.0,-25565000.0,-86237000.0,-255092000.0,-223967000.0,30137000.0,-192000.0,150413000.0,150413000.0,150413000.0,0.0,0.0,0.119,1010765000.0,254438000.0,2900932000.0,0.141,4.598,23.563,22.525,65136000.0,0.0,36.333,2.801,2.757,1349279000.0,593224000.0,1265203000.0,1265203000.0,0.0,0.032,0.187,0.067,0.201,0.0,930739000.0,1.0,97546083.0,96015000.0,,13.177,4667934000.0,0.0,104025000.0,0.0,48.617,
79,LM,MRT,2000-09-30,2000-09-30,2000-09-30,2020-07-31,63000.0,4446022000.0,4587666500.0,,,0.268,8.945,-25018000.0,1390700000.0,1390700000.0,0.0,144426000.0,,4.2,834525000.0,,,834525000.0,0.0,35626000.0,0.0,0.005,0.213,244229000.0,279855000.0,0.228,279855000.0,244229000.0,244229000.0,1.56,1.473,1.56,855053000.0,781208750.0,855053000.0,3317837987.0,14.0,11.856,44639000.0,0.467,1.0,1229437000.0,1.0,145377000.0,0.0,3744470000.0,3811246750.0,0.0,990770000.0,,,3590969000.0,,,3760816987.0,-59335000.0,-59762000.0,24747000.0,-33009000.0,-26285000.0,-34547000.0,-93925000.0,-8659000.0,69657000.0,-520000.0,144426000.0,144426000.0,144426000.0,0.0,0.0,0.117,985208000.0,244229000.0,2501357000.0,0.137,4.398,26.04,24.838,63094000.0,0.0,38.747,3.059,3.012,1615305000.0,557762000.0,1229437000.0,1229437000.0,0.0,0.031,0.185,0.064,0.199,0.0,893977000.0,1.0,97061691.0,95586000.0,,12.862,4300645000.0,0.0,99803000.0,0.0,44.992,
80,LM,MRT,2000-06-30,2000-06-30,2000-06-30,2020-07-31,-1137000.0,4470575000.0,4405245000.0,,,0.268,8.485,-22704000.0,1427329000.0,1427329000.0,0.0,137525000.0,,4.504,984350000.0,,,984350000.0,0.0,33095000.0,0.0,0.006,0.213,232470000.0,265565000.0,0.225,265565000.0,232470000.0,232470000.0,1.5,1.413,1.5,812281000.0,730666000.0,812281000.0,2395584877.0,10.0,9.021,218212000.0,2.279,1.0,1179470000.0,1.0,142335000.0,0.0,3885261000.0,3572645750.0,0.0,1091267000.0,,,3658294000.0,,,2945318877.0,-66763000.0,-87637000.0,24301000.0,-15569000.0,-26125000.0,-17393000.0,-289894000.0,-179115000.0,240916000.0,-392000.0,137525000.0,137525000.0,137525000.0,0.0,0.0,0.117,947000000.0,232470000.0,2408328000.0,0.142,3.626,21.417,22.244,60849000.0,0.0,33.367,2.497,2.708,1485133000.0,526403000.0,1179470000.0,1179470000.0,0.0,0.031,0.188,0.065,0.197,0.0,849256000.0,1.0,88271295.0,95734500.0,,12.32,4328240000.0,0.0,94945000.0,0.0,45.211,
81,LM,MRT,2000-03-31,2000-03-31,2000-03-31,2020-07-31,-959000.0,4812107000.0,4240213500.0,,,0.298,8.92,-23297000.0,1632224000.0,1632224000.0,0.0,150413000.0,,5.243,1078325000.0,,,1078325000.0,0.0,30774000.0,0.0,0.007,0.203,254438000.0,285212000.0,0.225,285212000.0,254438000.0,254438000.0,1.62,1.513,1.62,770808000.0,683370750.0,770808000.0,1502048004.0,6.0,5.266,146164000.0,1.691,1.0,1265203000.0,1.0,145142000.0,0.0,4113066000.0,3306330750.0,0.0,1204206000.0,,,4041299000.0,,,2491570004.0,478000.0,-87637000.0,20780000.0,-26650000.0,-24509000.0,-30379000.0,-138931000.0,-27902000.0,169461000.0,327000.0,150413000.0,150413000.0,150413000.0,0.0,0.0,0.119,1010765000.0,254438000.0,2647875000.0,0.125,3.232,16.565,17.798,61243000.0,0.0,28.833,1.969,1.969,1549939000.0,493696000.0,1265203000.0,1265203000.0,0.0,0.035,0.22,0.077,0.201,0.0,885697000.0,1.0,86412833.0,86412833.0,,14.641,4666965000.0,0.0,104025000.0,0.0,54.008,
82,LM,MRT,1999-12-31,1999-12-31,1999-12-31,2020-07-31,-669000.0,4621962000.0,3905608500.0,,,0.283,7.346,-25116000.0,2005387000.0,2005387000.0,0.0,129040000.0,,5.731,1015865000.0,,,1015865000.0,0.0,27139000.0,0.0,0.008,0.193,146626000.0,173765000.0,0.157,173765000.0,146626000.0,217555000.0,1.34,1.253,1.34,686693000.0,629213000.0,686693000.0,1217803130.0,8.0,7.008,153359000.0,1.641,1.0,1105830000.0,1.0,130250000.0,-70929000.0,3502190000.0,2854999500.0,0.0,816573000.0,,,3935269000.0,,,2073006130.0,315699000.0,-85179000.0,18444000.0,97002000.0,-24059000.0,91387000.0,45868000.0,101159000.0,178475000.0,-31000.0,129040000.0,129040000.0,129040000.0,0.0,0.0,0.117,959204000.0,146626000.0,2643489000.0,0.144,3.019,16.065,18.035,62037000.0,0.0,24.167,1.875,2.043,1378836000.0,450283000.0,1105830000.0,1105830000.0,0.0,0.033,0.205,0.051,0.133,0.0,830830000.0,1.0,85779564.0,93483000.0,,11.829,4491712000.0,0.0,88515000.0,0.0,48.048,
83,LM,MRT,1999-09-30,1999-09-30,1999-09-30,2020-07-31,346000.0,3716336000.0,3558166000.0,,,0.296,7.024,-22121000.0,1483545000.0,1483545000.0,0.0,112041000.0,,4.692,628342000.0,,,628342000.0,0.0,24860000.0,0.0,0.007,0.173,141372000.0,166232000.0,0.158,166232000.0,141372000.0,188977000.0,1.187,1.107,1.187,652882000.0,590795750.0,652882000.0,1240595807.0,9.0,7.463,106352000.0,1.144,1.0,1053025000.0,1.0,71067000.0,-47605000.0,2790066000.0,2475749500.0,0.0,657800000.0,,,3063454000.0,,,2176192807.0,89643000.0,-27875000.0,15477000.0,21996000.0,-21101000.0,16372000.0,-55128000.0,-4660000.0,128473000.0,-74000.0,112041000.0,112041000.0,112041000.0,0.0,0.0,0.106,911653000.0,141372000.0,2230146000.0,0.146,3.333,19.423,21.516,58215000.0,0.0,25.54,2.067,2.254,1083095000.0,421525000.0,1053025000.0,1053025000.0,0.0,0.031,0.19,0.057,0.134,0.0,785567000.0,1.0,85207236.0,92953500.0,,11.329,3645269000.0,0.0,76936000.0,0.0,39.216,
84,LM,MRT,1999-06-30,1999-06-30,1999-06-30,2020-07-31,522000.0,3810449000.0,3364450500.0,,,0.303,6.855,-22103000.0,1643841000.0,1643841000.0,0.0,103580000.0,,5.115,708244000.0,,,708244000.0,0.0,23893000.0,0.0,0.007,0.173,150625000.0,174518000.0,0.171,174518000.0,150625000.0,174853000.0,1.12,1.047,1.12,623100000.0,556777750.0,623100000.0,1065704581.0,7.0,6.107,55005000.0,0.605,1.0,1020691000.0,1.0,54851000.0,-24228000.0,2820001000.0,2323702750.0,0.0,626231000.0,,,3187349000.0,,,2175523581.0,63386000.0,0.0,12153000.0,-2137000.0,-18451000.0,-8435000.0,-5098000.0,95185000.0,77108000.0,-189000.0,103580000.0,103580000.0,103580000.0,0.0,0.0,0.101,870066000.0,150625000.0,2268097000.0,0.154,3.491,21.003,22.917,57051000.0,0.0,25.667,2.131,2.286,1044070000.0,397768000.0,1020691000.0,1020691000.0,0.0,0.031,0.186,0.065,0.148,0.0,747890000.0,1.0,84760659.0,90903000.0,,11.228,3755598000.0,0.0,71273000.0,0.0,41.314,
85,LM,MRT,1999-03-31,1999-03-31,1999-03-31,2020-07-31,-173000.0,3473687000.0,3164207250.0,,,0.308,6.569,-19456000.0,1582397000.0,1582397000.0,0.0,93274000.0,,5.268,472578000.0,,,472578000.0,0.0,22675000.0,0.0,0.007,0.167,156811000.0,179486000.0,0.184,179486000.0,156811000.0,156811000.0,1.047,0.987,1.047,554177000.0,531839750.0,554177000.0,705615502.0,4.0,3.931,-79297000.0,-0.94,1.0,975696000.0,1.0,56127000.0,0.0,2307741000.0,2230042000.0,0.0,610963000.0,,,2919510000.0,,,1894656502.0,-339000.0,0.0,10995000.0,35382000.0,-15860000.0,30517000.0,29214000.0,49325000.0,-59841000.0,-229000.0,93274000.0,93274000.0,93274000.0,0.0,0.0,0.096,818885000.0,156811000.0,2181018000.0,0.16,3.419,20.313,21.452,55807000.0,0.0,22.46,1.942,1.942,1032793000.0,368632000.0,975696000.0,975696000.0,0.0,0.029,0.175,0.07,0.161,0.0,704244000.0,1.0,84356924.0,84356924.0,,11.566,3417560000.0,0.0,63537000.0,0.0,40.513,
86,LM,MRT,1998-12-31,1998-12-31,1998-12-31,2020-07-31,113000.0,3232192000.0,3003867750.0,,,0.271,6.523,-21428000.0,1523455000.0,1523455000.0,0.0,76121000.0,,5.064,333961000.0,,,333961000.0,0.0,22793000.0,0.0,0.008,0.16,128379000.0,151172000.0,0.185,151172000.0,128379000.0,128379000.0,0.92,0.86,0.92,533024000.0,518319250.0,533024000.0,1060959596.0,8.0,7.018,31945000.0,0.391,1.0,815354000.0,1.0,57508000.0,0.0,1985190000.0,2209067750.0,0.0,427580000.0,,,2699168000.0,,,1761369596.0,24071000.0,0.0,9864000.0,-25838000.0,-12409000.0,-28383000.0,-919000.0,79277000.0,53373000.0,0.0,76121000.0,76121000.0,76121000.0,0.0,0.0,0.093,686975000.0,128379000.0,2119794000.0,0.174,3.304,23.139,22.87,54201000.0,0.0,21.04,2.16,2.109,858314000.0,347530000.0,815354000.0,815354000.0,0.0,0.025,0.147,0.058,0.157,0.0,567913000.0,1.0,83715285.0,81715500.0,,9.978,3174684000.0,0.0,52258000.0,0.0,38.85,
87,LM,MRT,1998-09-30,1998-09-30,1998-09-30,2020-07-31,-112000.0,2941474000.0,2850622750.0,,,0.286,6.215,-26466000.0,1188611000.0,1188611000.0,0.0,76121000.0,,4.692,487838000.0,,,487838000.0,0.0,22832000.0,0.0,0.008,0.147,128379000.0,151211000.0,0.185,151211000.0,128379000.0,128379000.0,0.92,0.86,0.92,516810000.0,503617500.0,516810000.0,954211208.0,7.0,6.31,98175000.0,1.181,1.0,815354000.0,1.0,58822000.0,0.0,2181879000.0,2277980500.0,0.0,624284000.0,,,2424664000.0,,,1458064208.0,7718000.0,0.0,10009000.0,-3246000.0,-11501000.0,-4738000.0,-112185000.0,-22167000.0,124641000.0,0.0,76121000.0,76121000.0,76121000.0,0.0,0.0,0.093,686975000.0,128379000.0,1739794000.0,0.16,2.821,19.155,19.065,53482000.0,0.0,17.54,1.788,1.789,855906000.0,332812000.0,815354000.0,815354000.0,0.0,0.027,0.151,0.056,0.157,0.0,567913000.0,1.0,83127948.0,83157000.0,,9.805,2882652000.0,0.0,52258000.0,0.0,34.665,
88,LM,MRT,1998-06-30,1998-06-30,1998-06-30,2020-07-31,444000.0,3009476000.0,,,,,6.326,-25777000.0,1148748000.0,1148748000.0,0.0,73582000.0,,4.75,644895000.0,,,644895000.0,0.0,22844000.0,0.0,0.008,0.147,118882000.0,141726000.0,0.18,141726000.0,118882000.0,124330000.0,0.9,0.833,0.9,523348000.0,,523348000.0,1039901310.0,9.0,7.337,76871000.0,0.929,1.0,788674000.0,1.0,60265000.0,-5448000.0,2445358000.0,,0.0,708556000.0,,,2486128000.0,,,1587082310.0,77158000.0,0.0,10387000.0,19234000.0,-10847000.0,18774000.0,-44264000.0,-35855000.0,102648000.0,0.0,73582000.0,73582000.0,73582000.0,0.0,0.0,0.093,669792000.0,118882000.0,1681830000.0,0.163,3.033,21.569,21.319,52130000.0,0.0,19.187,2.012,2.013,874499000.0,314589000.0,788674000.0,788674000.0,0.0,,,,0.151,0.0,555872000.0,1.0,82717980.0,82732500.0,,9.533,2949211000.0,0.0,50748000.0,0.0,35.648,
89,LM,MRT,1998-03-31,1998-03-31,1998-03-31,2020-07-31,946000.0,2832329000.0,2359532500.0,,,0.346,6.076,-31687000.0,1127851000.0,1127851000.0,0.0,76121000.0,,4.664,580670000.0,,,580670000.0,0.0,21986000.0,0.0,0.007,0.143,128379000.0,150365000.0,0.184,150365000.0,128379000.0,128379000.0,0.933,0.873,0.933,500095000.0,461567000.0,500095000.0,1328673164.0,10.0,8.836,66396000.0,0.807,1.0,815354000.0,1.0,61304000.0,0.0,2223844000.0,1916228000.0,0.0,654929000.0,,,2332234000.0,,,1627294164.0,55057000.0,0.0,9777000.0,-20000.0,-10197000.0,-440000.0,-42586000.0,-5312000.0,98083000.0,0.0,76121000.0,76121000.0,76121000.0,0.0,0.0,0.093,686975000.0,128379000.0,1568281000.0,0.153,3.254,21.378,21.19,51991000.0,0.0,19.77,1.996,1.996,713391000.0,293263000.0,815354000.0,815354000.0,0.0,0.032,0.165,0.067,0.157,0.0,568153000.0,1.0,82311288.0,82311288.0,,9.906,2771025000.0,0.0,52258000.0,0.0,33.665,
90,LM,MRT,1997-12-31,1997-12-31,1997-12-31,2020-07-31,423000.0,2619212000.0,,,,,5.803,-34110000.0,853069000.0,853069000.0,0.0,68995000.0,,4.523,554448000.0,,,554448000.0,0.0,19916000.0,0.0,0.007,0.138,186618000.0,206534000.0,0.238,206534000.0,186618000.0,117119000.0,0.79,0.74,0.79,474217000.0,,474217000.0,,,,15438000.0,0.189,1.0,869220000.0,1.0,59750000.0,69499000.0,2260841000.0,,0.0,797337000.0,,,2144995000.0,,,1534831150.0,2899000.0,0.0,9121000.0,12318000.0,-9837000.0,11602000.0,-58251000.0,-21209000.0,49548000.0,0.0,68995000.0,68995000.0,68995000.0,0.0,0.0,0.079,682602000.0,186618000.0,1432105000.0,0.175,3.237,22.246,23.603,48963000.0,0.0,18.647,1.766,1.753,755088000.0,271252000.0,869220000.0,869220000.0,0.0,,,,0.215,0.0,556512000.0,1.0,82311288.0,81715500.0,,10.637,2559462000.0,0.0,48124000.0,0.0,31.322,
91,LM,MRT,1997-09-30,1997-09-30,1997-09-30,2020-07-31,,,,,,,,,,,0.0,65960000.0,,,,,,,,,,0.006,0.098,169628000.0,,,,169628000.0,111655000.0,0.773,0.727,0.773,,,,,,,,,1.0,775973000.0,1.0,,57973000.0,,,,,,,,,,,,,,,,,,,,,65960000.0,65960000.0,65960000.0,0.0,0.0,0.085,606345000.0,169628000.0,,0.127,,,22.747,,0.0,17.583,,1.844,,,775973000.0,775973000.0,0.0,,,,0.219,,498292000.0,1.0,,81357000.0,,9.538,,,45695000.0,,,
92,LM,MRT,1997-06-30,1997-06-30,1997-06-30,2020-07-31,,,,,,,,,,,,,,,,,,,,,,0.01,0.13,,,,,,,,,,,,,,,,,,1.0,,,,,,,,,,,,,,,,,,,,,,,,,,,,,,,,,,,,,,,,13.453,,,,,,,,,,,,,,1.0,,80955000.0,,,,,,,,
93,LM,MRT,1997-03-31,1997-03-31,1997-03-31,2020-07-31,233000.0,1886736000.0,,,,,,-13236000.0,593493000.0,593493000.0,0.0,57192000.0,,3.46,376792000.0,,,376792000.0,0.0,17422000.0,0.0,0.012,0.128,139574000.0,156996000.0,0.236,156996000.0,139574000.0,96210000.0,0.747,0.68,0.747,423039000.0,,423039000.0,,,,66696000.0,,1.0,664601000.0,1.0,61423000.0,43364000.0,1608612000.0,,0.0,542257000.0,,,1463697000.0,,,,61275000.0,0.0,4976000.0,6717000.0,-8412000.0,3281000.0,-21938000.0,-8049000.0,79932000.0,0.0,57192000.0,57192000.0,57192000.0,0.0,0.0,0.086,525027000.0,139574000.0,967758000.0,0.171,,,14.14,36584000.0,0.0,10.563,,,534018000.0,226677000.0,664601000.0,664601000.0,0.0,,,,0.21,0.0,426702000.0,1.0,,,,,1825313000.0,0.0,39018000.0,0.0,,
94,LM,MRT,1996-12-31,1996-12-31,1996-12-31,2020-07-31,,,,,,,,,,,,,,,,,,,,,,0.013,0.125,,,,,,,,,,,,,,,,,,1.0,,,,,,,,,,,,,,,,,,,,,,,,,,,,,,,,,,,,,,,,9.625,,,,,,,,,,,,,,1.0,,72558000.0,,,,,,,,
95,LM,MRT,1996-03-31,1996-03-31,1996-03-31,2020-07-31,,,,,,,,-13081000.0,,,0.0,38281000.0,,,,,,,,14439000.0,,0.016,0.117,90738000.0,105177000.0,0.197,105177000.0,90738000.0,64551000.0,0.577,0.49,0.577,,,,,,,37288000.0,,1.0,533343000.0,1.0,,26187000.0,,,,,,,,,,,29808000.0,-2674000.0,3887000.0,105808000.0,-6058000.0,103637000.0,-124198000.0,-108054000.0,50369000.0,0.0,38281000.0,38281000.0,38281000.0,0.0,0.0,0.072,442605000.0,90738000.0,,0.203,,,12.617,,0.0,7.28,,,,,533343000.0,533343000.0,0.0,,,,0.17,0.0,349886000.0,1.0,,,,,,,26270000.0,,,
