None,ticker,dimension,calendardate,datekey,reportperiod,lastupdated,accoci,assets,assetsavg,assetsc,assetsnc,assetturnover,bvps,capex,cashneq,cashnequsd,cor,consolinc,currentratio,de,debt,debtc,debtnc,debtusd,deferredrev,depamor,deposits,divyield,dps,ebit,ebitda,ebitdamargin,ebitdausd,ebitusd,ebt,eps,epsdil,epsusd,equity,equityavg,equityusd,ev,evebit,evebitda,fcf,fcfps,fxusd,gp,grossmargin,intangibles,intexp,invcap,invcapavg,inventory,investments,investmentsc,investmentsnc,liabilities,liabilitiesc,liabilitiesnc,marketcap,ncf,ncfbus,ncfcommon,ncfdebt,ncfdiv,ncff,ncfi,ncfinv,ncfo,ncfx,netinc,netinccmn,netinccmnusd,netincdis,netincnci,netmargin,opex,opinc,payables,payoutratio,pb,pe,pe1,ppnenet,prefdivis,price,ps,ps1,receivables,retearn,revenue,revenueusd,rnd,roa,roe,roic,ros,sbcomp,sgna,sharefactor,sharesbas,shareswa,shareswadil,sps,tangibles,taxassets,taxexp,taxliabilities,tbvps,workingcapital
0,HIG,MRY,2020-12-31,2020-12-31,2020-12-31,2021-07-28,1170000000.0,74111000000.0,71536000000.0,,,0.287,51.785,-114000000.0,239000000.0,239000000.0,11805000000.0,1737000000.0,,2.994,4352000000.0,,,4352000000.0,6629000000.0,562000000.0,0.0,0.027,1.3,2356000000.0,2918000000.0,0.142,2918000000.0,2356000000.0,2120000000.0,4.79,4.76,4.79,18556000000.0,17174000000.0,18556000000.0,21632024706.0,9.0,7.413,3757000000.0,10.485,1.0,8718000000.0,0.425,2861000000.0,236000000.0,75363000000.0,72692750000.0,0.0,56532000000.0,,,55555000000.0,,,17551024706.0,35000000.0,0.0,-171000000.0,-500000000.0,-457000000.0,-1778000000.0,-2066000000.0,-1951000000.0,3871000000.0,8000000.0,1737000000.0,1716000000.0,1716000000.0,0.0,0.0,0.084,6362000000.0,2356000000.0,701000000.0,0.271,0.946,10.228,10.225,1122000000.0,21000000.0,48.98,0.855,0.855,10279000000.0,13918000000.0,20523000000.0,20523000000.0,0.0,0.024,0.1,0.032,0.115,0.0,4480000000.0,1.0,358330435.0,358330435,,57.274,71250000000.0,46000000.0,383000000.0,0.0,198.839,
1,HIG,MRY,2019-12-31,2019-12-31,2019-12-31,2021-07-28,52000000.0,70817000000.0,68467250000.0,,,0.303,45.142,-105000000.0,262000000.0,262000000.0,11472000000.0,2085000000.0,,3.353,4848000000.0,,,4848000000.0,6635000000.0,451000000.0,0.0,0.02,1.2,2819000000.0,3270000000.0,0.158,3270000000.0,2819000000.0,2560000000.0,5.72,5.66,5.72,16270000000.0,15495000000.0,16270000000.0,26458798269.0,9.0,8.091,3384000000.0,9.389,1.0,9268000000.0,0.447,2983000000.0,259000000.0,72420000000.0,70095000000.0,0.0,53030000000.0,,,54547000000.0,,,21902798269.0,141000000.0,-1901000000.0,-206000000.0,-207000000.0,-433000000.0,-1191000000.0,-2148000000.0,-191000000.0,3489000000.0,-9000000.0,2085000000.0,2064000000.0,2064000000.0,0.0,0.0,0.1,6359000000.0,2909000000.0,755000000.0,0.21,1.346,10.612,10.624,1181000000.0,21000000.0,60.77,1.056,1.056,9911000000.0,12685000000.0,20740000000.0,20740000000.0,0.0,0.03,0.133,0.04,0.136,0.0,4580000000.0,1.0,360421232.0,360421232,,57.544,67834000000.0,299000000.0,475000000.0,0.0,188.208,
2,HIG,MRY,2018-12-31,2018-12-31,2018-12-31,2021-07-28,-1579000000.0,62307000000.0,100296250000.0,,,0.189,36.52,-122000000.0,121000000.0,121000000.0,11165000000.0,1807000000.0,,3.756,4678000000.0,,,4678000000.0,5282000000.0,467000000.0,0.0,0.025,1.1,2373000000.0,2840000000.0,0.15,2840000000.0,2373000000.0,2075000000.0,5.03,4.95,5.03,13101000000.0,12879750000.0,13101000000.0,20519762705.0,9.0,7.225,2721000000.0,7.585,1.0,7790000000.0,0.411,1947000000.0,298000000.0,64917000000.0,102990000000.0,0.0,46790000000.0,,,49206000000.0,,,15945762705.0,-596000000.0,1115000000.0,-16000000.0,-338000000.0,-379000000.0,-1467000000.0,-1962000000.0,-2975000000.0,2843000000.0,-10000000.0,1807000000.0,1801000000.0,1801000000.0,-322000000.0,0.0,0.095,5733000000.0,2057000000.0,767000000.0,0.219,1.217,8.854,8.837,1006000000.0,6000000.0,44.45,0.841,0.841,8352000000.0,11055000000.0,18955000000.0,18955000000.0,0.0,0.018,0.14,0.023,0.125,0.0,4281000000.0,1.0,358734819.0,358734819,,52.838,60360000000.0,1248000000.0,268000000.0,0.0,168.258,
3,HIG,MRY,2017-12-31,2017-12-31,2017-12-31,2021-07-28,663000000.0,225260000000.0,225180500000.0,,,0.076,37.828,-250000000.0,180000000.0,180000000.0,10174000000.0,-3131000000.0,,15.693,4998000000.0,,,4998000000.0,5322000000.0,399000000.0,0.0,0.017,0.94,-1830000000.0,-1431000000.0,-0.083,-1431000000.0,-1830000000.0,-2146000000.0,-8.61,-8.61,-8.61,13494000000.0,16256000000.0,13494000000.0,24881127479.0,-14.0,-17.387,1936000000.0,5.427,1.0,6988000000.0,0.407,1949000000.0,316000000.0,228129000000.0,229067500000.0,0.0,45146000000.0,,,211766000000.0,,,20076127479.0,-148000000.0,-1201000000.0,-1038000000.0,1391000000.0,-341000000.0,-979000000.0,-1442000000.0,-12000000.0,2186000000.0,70000000.0,-3131000000.0,-3131000000.0,-3131000000.0,2869000000.0,0.0,-0.182,5949000000.0,1039000000.0,816000000.0,-0.109,1.488,-6.412,-6.537,1034000000.0,0.0,56.28,1.17,1.17,7971000000.0,9642000000.0,17162000000.0,17162000000.0,0.0,-0.014,-0.193,-0.008,-0.107,0.0,4563000000.0,1.0,356718683.0,356718683,,48.111,223311000000.0,1164000000.0,985000000.0,0.0,626.014,
4,HIG,MRY,2016-12-31,2016-12-31,2016-12-31,2021-07-28,-337000000.0,224576000000.0,227028750000.0,,,0.072,44.748,-224000000.0,328000000.0,328000000.0,9961000000.0,896000000.0,,12.286,4910000000.0,,,4910000000.0,5392000000.0,398000000.0,0.0,0.018,0.86,1057000000.0,1455000000.0,0.089,1455000000.0,1057000000.0,730000000.0,2.31,2.27,2.31,16903000000.0,18058000000.0,16903000000.0,22514042588.0,21.0,15.474,1842000000.0,4.876,1.0,6330000000.0,0.389,611000000.0,327000000.0,228547000000.0,231186250000.0,0.0,39757000000.0,,,207673000000.0,,,17999042588.0,185000000.0,-175000000.0,-1321000000.0,-104000000.0,-334000000.0,-2541000000.0,949000000.0,1724000000.0,2066000000.0,-40000000.0,896000000.0,896000000.0,896000000.0,-283000000.0,0.0,0.055,5556000000.0,774000000.0,602000000.0,0.372,1.065,20.088,20.628,991000000.0,0.0,47.65,1.105,1.105,7389000000.0,13114000000.0,16291000000.0,16291000000.0,0.0,0.004,0.05,0.005,0.065,0.0,3525000000.0,1.0,377734367.0,377734367,,43.128,223965000000.0,2999000000.0,-166000000.0,0.0,592.917,
5,HIG,MRY,2015-12-31,2015-12-31,2015-12-31,2021-07-28,-329000000.0,228348000000.0,236945250000.0,,,0.068,43.07,-307000000.0,448000000.0,448000000.0,9325000000.0,1682000000.0,,11.943,5359000000.0,,,5359000000.0,5385000000.0,373000000.0,0.0,0.018,0.78,2317000000.0,2690000000.0,0.168,2690000000.0,2317000000.0,1971000000.0,4.05,3.96,4.05,17642000000.0,18287500000.0,17642000000.0,22662646515.0,10.0,8.425,2449000000.0,5.979,1.0,6672000000.0,0.417,498000000.0,346000000.0,232761000000.0,241478250000.0,0.0,72918000000.0,,,210706000000.0,,,17801646515.0,2000000.0,0.0,-1250000000.0,-299000000.0,-316000000.0,-3144000000.0,485000000.0,994000000.0,2756000000.0,-48000000.0,1682000000.0,1682000000.0,1682000000.0,-493000000.0,0.0,0.105,4827000000.0,1845000000.0,31670000000.0,0.193,1.009,10.584,10.731,974000000.0,0.0,43.46,1.113,1.113,26726000000.0,12550000000.0,15997000000.0,15997000000.0,0.0,0.007,0.092,0.01,0.145,0.0,3459000000.0,1.0,409609906.0,409609906,,39.054,227850000000.0,3206000000.0,289000000.0,0.0,556.261,
6,HIG,MRY,2014-12-31,2014-12-31,2014-12-31,2021-07-28,928000000.0,245013000000.0,254937250000.0,,,0.073,43.385,-121000000.0,399000000.0,399000000.0,10805000000.0,798000000.0,,12.088,6109000000.0,,,6109000000.0,5255000000.0,276000000.0,0.0,0.016,0.66,1524000000.0,1800000000.0,0.097,1800000000.0,1524000000.0,1148000000.0,1.81,1.73,1.81,18720000000.0,19189250000.0,18720000000.0,23656454313.0,16.0,13.142,1765000000.0,4.091,1.0,7809000000.0,0.42,498000000.0,376000000.0,250225000000.0,259699000000.0,0.0,76278000000.0,,,226293000000.0,,,17988454313.0,-1029000000.0,963000000.0,-1766000000.0,-213000000.0,-282000000.0,-4476000000.0,1696000000.0,872000000.0,1886000000.0,-135000000.0,798000000.0,798000000.0,798000000.0,551000000.0,0.0,0.043,5734000000.0,2075000000.0,73976000000.0,0.365,0.961,22.542,23.033,831000000.0,0.0,41.69,0.966,0.966,26349000000.0,11191000000.0,18614000000.0,18614000000.0,0.0,0.003,0.042,0.006,0.082,0.0,4028000000.0,1.0,431481274.0,431481274,,43.14,244515000000.0,2897000000.0,350000000.0,0.0,566.687,
7,HIG,MRY,2013-12-31,2013-12-31,2013-12-31,2021-07-28,-79000000.0,277884000000.0,288421250000.0,,,0.072,42.285,-64000000.0,1428000000.0,1428000000.0,11048000000.0,176000000.0,,13.699,6544000000.0,,,6544000000.0,5225000000.0,189000000.0,0.0,0.014,0.5,819000000.0,1008000000.0,0.049,1008000000.0,819000000.0,422000000.0,0.37,0.36,0.37,18905000000.0,19441500000.0,18905000000.0,21164825532.0,26.0,20.997,1173000000.0,2.624,1.0,9625000000.0,0.466,498000000.0,397000000.0,282502000000.0,292811250000.0,0.0,98401000000.0,,,258979000000.0,,,16197825532.0,-993000000.0,815000000.0,-580000000.0,-2870000000.0,-202000000.0,-5820000000.0,3745000000.0,2924000000.0,1237000000.0,-155000000.0,176000000.0,176000000.0,176000000.0,1049000000.0,0.0,0.009,5970000000.0,3655000000.0,100136000000.0,1.351,0.857,92.033,97.919,877000000.0,0.0,36.23,0.784,0.784,26795000000.0,10683000000.0,20673000000.0,20673000000.0,0.0,0.001,0.009,0.003,0.04,0.0,4176000000.0,1.0,447083233.0,447083233,,46.24,277386000000.0,3840000000.0,246000000.0,0.0,620.435,
8,HIG,MRY,2012-12-31,2012-12-31,2012-12-31,2021-07-28,2843000000.0,298513000000.0,305439750000.0,,,0.072,51.448,-66000000.0,2421000000.0,2421000000.0,13195000000.0,-38000000.0,,12.299,7287000000.0,,,7287000000.0,5145000000.0,467000000.0,0.0,0.018,0.4,110000000.0,577000000.0,0.026,577000000.0,110000000.0,-347000000.0,-0.18,-0.17,-0.18,22447000000.0,22166000000.0,22447000000.0,14401749994.0,131.0,24.96,2615000000.0,5.993,1.0,8891000000.0,0.403,654000000.0,457000000.0,302725000000.0,309354500000.0,0.0,134250000000.0,,,276066000000.0,,,9790749994.0,-160000000.0,58000000.0,-140000000.0,1825000000.0,-175000000.0,-228000000.0,-2557000000.0,-2534000000.0,2681000000.0,-56000000.0,-38000000.0,-80000000.0,-80000000.0,258000000.0,0.0,-0.004,7613000000.0,1278000000.0,111893000000.0,-2.222,0.436,-122.384,-124.667,977000000.0,42000000.0,22.44,0.443,0.443,8208000000.0,10745000000.0,22086000000.0,22086000000.0,0.0,0.0,-0.004,0.0,0.005,0.0,7080000000.0,1.0,436307932.0,436307932,,50.62,297859000000.0,1942000000.0,-309000000.0,0.0,682.681,
9,HIG,MRY,2011-12-31,2011-12-31,2011-12-31,2021-07-28,1251000000.0,302609000000.0,312053500000.0,,,0.07,48.203,0.0,2581000000.0,2581000000.0,13282000000.0,712000000.0,,13.084,6530000000.0,,,6530000000.0,5222000000.0,668000000.0,0.0,0.025,0.4,847000000.0,1515000000.0,0.07,1515000000.0,847000000.0,339000000.0,1.51,1.4,1.51,21486000000.0,21735250000.0,21486000000.0,11620271734.0,14.0,7.67,2274000000.0,5.102,1.0,8451000000.0,0.389,1006000000.0,508000000.0,305552000000.0,315542500000.0,0.0,134948000000.0,,,281123000000.0,,,7243271734.0,519000000.0,278000000.0,-36000000.0,-473000000.0,-153000000.0,-609000000.0,-1182000000.0,-1303000000.0,2274000000.0,36000000.0,712000000.0,670000000.0,670000000.0,-139000000.0,0.0,0.031,7743000000.0,708000000.0,117089000000.0,0.265,0.337,10.811,10.762,1029000000.0,42000000.0,16.25,0.333,0.333,8214000000.0,11001000000.0,21733000000.0,21733000000.0,0.0,0.002,0.031,0.003,0.039,0.0,7713000000.0,1.0,445739799.0,445739799,,48.757,301603000000.0,2131000000.0,-373000000.0,0.0,676.635,
10,HIG,MRY,2010-12-31,2010-12-31,2010-12-31,2021-07-28,-1001000000.0,318346000000.0,315926000000.0,,,0.07,45.69,0.0,2062000000.0,2062000000.0,12251000000.0,1636000000.0,,14.674,6989000000.0,,,6989000000.0,5176000000.0,596000000.0,0.0,0.008,0.2,2716000000.0,3312000000.0,0.15,3312000000.0,2716000000.0,2208000000.0,2.6,2.4,2.6,20311000000.0,19487750000.0,20311000000.0,17055895620.0,6.0,5.15,3309000000.0,7.444,1.0,9798000000.0,0.444,1051000000.0,508000000.0,322222000000.0,319808750000.0,0.0,130995000000.0,,,298035000000.0,,,11775895620.0,-80000000.0,241000000.0,1625000000.0,-7000000.0,-85000000.0,-2955000000.0,-434000000.0,-439000000.0,3309000000.0,0.0,1636000000.0,1121000000.0,1121000000.0,64000000.0,0.0,0.051,7018000000.0,2780000000.0,116941000000.0,0.077,0.58,10.505,10.188,1150000000.0,515000000.0,26.49,0.534,0.534,8135000000.0,12077000000.0,22049000000.0,22049000000.0,0.0,0.004,0.058,0.008,0.123,0.0,7018000000.0,1.0,444541171.0,444541171,,49.599,317295000000.0,3725000000.0,572000000.0,0.0,713.758,
11,HIG,MRY,2009-12-31,2009-12-31,2009-12-31,2021-07-28,-3312000000.0,307717000000.0,297576250000.0,,,0.082,51.588,0.0,2142000000.0,2142000000.0,17019000000.0,-887000000.0,,16.223,6975000000.0,,,6975000000.0,5221000000.0,470000000.0,0.0,0.009,0.2,-1249000000.0,-779000000.0,-0.032,-779000000.0,-1249000000.0,-1725000000.0,-2.93,-2.93,-2.93,17865000000.0,14155750000.0,17865000000.0,13519775826.0,-11.0,-17.355,2974000000.0,8.588,1.0,7414000000.0,0.303,1204000000.0,476000000.0,311346000000.0,301275250000.0,0.0,125556000000.0,,,289823000000.0,,,8908775826.0,331000000.0,-7000000.0,904000000.0,-473000000.0,-149000000.0,523000000.0,-3123000000.0,-180000000.0,2974000000.0,-43000000.0,-887000000.0,-1014000000.0,-1014000000.0,4000000.0,0.0,-0.042,8659000000.0,-1245000000.0,117779000000.0,-0.068,0.499,-8.786,-7.939,1026000000.0,127000000.0,23.26,0.365,0.33,8788000000.0,11164000000.0,24433000000.0,24433000000.0,0.0,-0.003,-0.072,-0.004,-0.051,0.0,8627000000.0,1.0,383008419.0,346300000,346300000.0,70.554,306513000000.0,3940000000.0,-838000000.0,0.0,885.108,
12,HIG,MRY,2008-12-31,2008-12-31,2008-12-31,2021-07-28,-7520000000.0,287583000000.0,319269000000.0,,,0.029,30.218,0.0,1811000000.0,1811000000.0,3748000000.0,-2749000000.0,,30.02,7431000000.0,,,7431000000.0,5379000000.0,361000000.0,0.0,0.116,1.91,-4248000000.0,-3887000000.0,-0.422,-3887000000.0,-4248000000.0,-4591000000.0,-8.99,-8.99,-8.99,9268000000.0,14121250000.0,9268000000.0,9744372142.0,-2.0,-2.507,4192000000.0,13.668,1.0,5471000000.0,0.593,1060000000.0,343000000.0,292143000000.0,322443250000.0,0.0,120107000000.0,,,278223000000.0,,,4935372142.0,-200000000.0,-94000000.0,-959000000.0,2079000000.0,-660000000.0,4274000000.0,-8827000000.0,-7270000000.0,4192000000.0,161000000.0,-2749000000.0,-2757000000.0,-2757000000.0,0.0,0.0,-0.299,9719000000.0,-4248000000.0,84552000000.0,-0.212,0.533,-1.79,-1.826,1075000000.0,8000000.0,16.42,0.535,0.546,9961000000.0,11336000000.0,9219000000.0,9219000000.0,0.0,-0.009,-0.195,-0.013,-0.461,0.0,8974000000.0,1.0,300570776.0,306700000,306700000.0,30.059,286523000000.0,5239000000.0,-1842000000.0,0.0,934.213,
13,HIG,MRY,2007-12-31,2007-12-31,2007-12-31,2021-07-28,-858000000.0,360361000000.0,348793250000.0,,,0.074,60.715,0.0,2011000000.0,2011000000.0,14064000000.0,2949000000.0,,17.765,5316000000.0,,,5316000000.0,5545000000.0,794000000.0,0.0,0.023,2.03,4268000000.0,5062000000.0,0.195,5062000000.0,4268000000.0,4005000000.0,9.32,9.24,9.32,19204000000.0,18913250000.0,19204000000.0,30627129681.0,7.0,6.05,5991000000.0,18.941,1.0,11852000000.0,0.457,1726000000.0,263000000.0,361940000000.0,350359000000.0,0.0,131086000000.0,,,341157000000.0,,,27364129681.0,587000000.0,0.0,-976000000.0,821000000.0,-636000000.0,499000000.0,-6176000000.0,-7767000000.0,5991000000.0,273000000.0,2949000000.0,2949000000.0,2949000000.0,0.0,0.0,0.114,7584000000.0,4268000000.0,80342000000.0,0.218,1.425,9.279,9.355,972000000.0,0.0,87.19,1.056,1.064,8831000000.0,14686000000.0,25916000000.0,25916000000.0,0.0,0.008,0.156,0.012,0.165,0.0,6883000000.0,1.0,313844818.0,316300000,319100000.0,81.935,358635000000.0,308000000.0,1056000000.0,0.0,1133.844,
14,HIG,MRY,2006-12-31,2006-12-31,2006-12-31,2021-07-28,178000000.0,326544000000.0,305412750000.0,,,0.087,61.127,-195000000.0,1424000000.0,1424000000.0,15042000000.0,2745000000.0,,16.299,4361000000.0,,,4361000000.0,5620000000.0,606000000.0,0.0,0.018,1.7,3879000000.0,4485000000.0,0.169,4485000000.0,3879000000.0,3602000000.0,8.89,8.69,8.89,18876000000.0,16850500000.0,18876000000.0,32294493831.0,8.0,7.201,5443000000.0,17.626,1.0,11458000000.0,0.432,1717000000.0,277000000.0,327764000000.0,306871750000.0,0.0,119171000000.0,,,307668000000.0,,,29573493831.0,151000000.0,-112000000.0,142000000.0,-340000000.0,-460000000.0,1915000000.0,-7410000000.0,-7619000000.0,5638000000.0,8000000.0,2745000000.0,2745000000.0,2745000000.0,0.0,0.0,0.104,7579000000.0,3879000000.0,71311000000.0,0.191,1.567,10.774,10.496,791000000.0,0.0,93.31,1.116,1.087,9246000000.0,12421000000.0,26500000000.0,26500000000.0,0.0,0.009,0.163,0.013,0.146,0.0,6810000000.0,1.0,316938097.0,308800000,315900000.0,85.816,324827000000.0,284000000.0,857000000.0,0.0,1051.901,
15,HIG,MRY,2005-12-31,2005-12-31,2005-12-31,2021-07-28,90000000.0,285557000000.0,273956000000.0,,,0.099,51.426,-211000000.0,1273000000.0,1273000000.0,16776000000.0,2274000000.0,,17.633,4767000000.0,,,4767000000.0,5566000000.0,561000000.0,0.0,0.014,1.17,3237000000.0,3798000000.0,0.14,3798000000.0,3237000000.0,2985000000.0,7.63,7.44,7.63,15325000000.0,15109000000.0,15325000000.0,28991587697.0,9.0,7.633,3521000000.0,11.815,1.0,10307000000.0,0.381,1720000000.0,252000000.0,287331000000.0,275691750000.0,0.0,106935000000.0,,,270232000000.0,,,25799587697.0,125000000.0,8000000.0,388000000.0,-150000000.0,-345000000.0,1280000000.0,-4860000000.0,-4302000000.0,3732000000.0,-27000000.0,2274000000.0,2274000000.0,2274000000.0,0.0,0.0,0.084,7070000000.0,3237000000.0,64452000000.0,0.153,1.683,11.345,11.257,683000000.0,0.0,85.89,0.953,0.945,10094000000.0,10207000000.0,27083000000.0,27083000000.0,0.0,0.008,0.151,0.012,0.12,0.0,6396000000.0,1.0,300379412.0,298000000,305600000.0,90.883,283837000000.0,675000000.0,711000000.0,0.0,952.473,
16,HIG,MRY,2004-12-31,2004-12-31,2004-12-31,2021-07-28,1425000000.0,259735000000.0,245927500000.0,,,0.092,48.71,-180000000.0,1148000000.0,1148000000.0,13640000000.0,2115000000.0,,17.242,4929000000.0,,,4929000000.0,4807000000.0,274000000.0,0.0,0.016,1.13,2751000000.0,3025000000.0,0.133,3025000000.0,2751000000.0,2500000000.0,7.24,7.12,7.24,14238000000.0,13425000000.0,14238000000.0,24471137966.0,9.0,8.09,2454000000.0,8.395,1.0,9068000000.0,0.399,1720000000.0,251000000.0,261796000000.0,248367750000.0,0.0,94408000000.0,,,245497000000.0,,,20357137966.0,686000000.0,-58000000.0,570000000.0,-730000000.0,-325000000.0,477000000.0,-2401000000.0,-2424000000.0,2634000000.0,-24000000.0,2115000000.0,2115000000.0,2115000000.0,0.0,0.0,0.093,6294000000.0,2774000000.0,52833000000.0,0.156,1.43,9.625,9.573,643000000.0,0.0,69.31,0.896,0.892,9413000000.0,8283000000.0,22708000000.0,22708000000.0,0.0,0.009,0.158,0.011,0.121,0.0,5619000000.0,1.0,293711412.0,292300000,297000000.0,77.687,258015000000.0,419000000.0,385000000.0,0.0,882.706,
17,HIG,MRY,2003-12-31,2003-12-31,2003-12-31,2021-07-28,1246000000.0,225850000000.0,208418250000.0,,,0.09,42.728,-89000000.0,462000000.0,462000000.0,13548000000.0,-91000000.0,,18.405,5660000000.0,,,5660000000.0,4423000000.0,219000000.0,0.0,0.018,1.09,-279000000.0,-60000000.0,-0.003,-60000000.0,-279000000.0,-550000000.0,-0.33,-0.33,-0.33,11639000000.0,10981000000.0,11639000000.0,21340816804.0,-76.0,-355.68,3807000000.0,13.976,1.0,5171000000.0,0.276,1720000000.0,271000000.0,229328000000.0,211268250000.0,0.0,65847000000.0,,,214211000000.0,,,16699816804.0,85000000.0,-431000000.0,1220000000.0,1270000000.0,-291000000.0,4608000000.0,-8387000000.0,-7867000000.0,3896000000.0,-32000000.0,-91000000.0,-91000000.0,-91000000.0,0.0,0.0,-0.005,5450000000.0,-279000000.0,26185000000.0,-3.303,1.435,-183.514,-178.879,593000000.0,0.0,59.03,0.892,0.859,9043000000.0,6499000000.0,18719000000.0,18719000000.0,0.0,0.0,-0.008,-0.001,-0.015,0.0,4711000000.0,1.0,282903893.0,272400000,272400000.0,68.719,224130000000.0,845000000.0,-459000000.0,0.0,822.797,
18,HIG,MRY,2002-12-31,2002-12-31,2002-12-31,2021-07-28,1094000000.0,181975000000.0,180522000000.0,,,0.091,43.039,-189000000.0,377000000.0,377000000.0,10034000000.0,1000000000.0,,15.953,4379000000.0,,,4379000000.0,3989000000.0,104000000.0,0.0,0.023,1.05,1333000000.0,1437000000.0,0.088,1437000000.0,1333000000.0,1068000000.0,4.01,3.97,4.01,10734000000.0,10093000000.0,10734000000.0,15849593067.0,12.0,11.03,2388000000.0,9.575,1.0,6383000000.0,0.389,1721000000.0,265000000.0,184256000000.0,182699750000.0,0.0,54530000000.0,,,171241000000.0,,,11591593067.0,24000000.0,0.0,422000000.0,333000000.0,-257000000.0,4037000000.0,-6600000000.0,-6411000000.0,2577000000.0,10000000.0,1000000000.0,1000000000.0,1000000000.0,0.0,0.0,0.061,5050000000.0,1333000000.0,23956000000.0,0.262,1.08,11.592,11.329,0.0,0.0,45.43,0.706,0.69,7638000000.0,6890000000.0,16417000000.0,16417000000.0,0.0,0.006,0.099,0.007,0.081,0.0,4461000000.0,1.0,255152830.0,249400000,251800000.0,65.826,180254000000.0,545000000.0,68000000.0,0.0,722.751,
19,HIG,MRY,2001-12-31,2001-12-31,2001-12-31,2021-07-28,534000000.0,181593000000.0,173909500000.0,,,0.092,37.918,-209000000.0,353000000.0,353000000.0,10597000000.0,507000000.0,,19.148,3976000000.0,,,3976000000.0,3436000000.0,85000000.0,0.0,0.016,1.01,307000000.0,392000000.0,0.025,392000000.0,307000000.0,307000000.0,2.13,2.1,2.13,9013000000.0,8676000000.0,9013000000.0,19022240638.0,62.0,48.526,2052000000.0,8.633,1.0,5383000000.0,0.337,1721000000.0,0.0,183495000000.0,176263750000.0,0.0,46689000000.0,,,172580000000.0,,,15404240638.0,126000000.0,-1066000000.0,1085000000.0,648000000.0,-235000000.0,3399000000.0,-5528000000.0,-4253000000.0,2261000000.0,-6000000.0,507000000.0,507000000.0,507000000.0,0.0,0.0,0.032,5042000000.0,341000000.0,19355000000.0,0.474,1.709,30.383,29.498,0.0,0.0,62.83,0.964,0.935,7952000000.0,6152000000.0,15980000000.0,15980000000.0,0.0,0.003,0.058,0.002,0.019,0.0,4251000000.0,1.0,245173335.0,237700000,241400000.0,67.228,179872000000.0,693000000.0,-200000000.0,0.0,756.719,
20,HIG,MRY,2000-12-31,2000-12-31,2000-12-31,2021-07-28,369000000.0,171532000000.0,173271000000.0,,,0.085,33.835,-200000000.0,227000000.0,227000000.0,8419000000.0,974000000.0,,21.981,3340000000.0,,,3340000000.0,3093000000.0,63000000.0,0.0,0.014,0.97,1364000000.0,1427000000.0,0.097,1427000000.0,1364000000.0,1364000000.0,4.42,4.34,4.42,7464000000.0,6428500000.0,7464000000.0,19426715382.0,14.0,13.614,2235000000.0,10.131,1.0,6284000000.0,0.427,1202000000.0,0.0,173443000000.0,176157750000.0,0.0,40669000000.0,,,164068000000.0,,,15926715381.0,45000000.0,-846000000.0,298000000.0,520000000.0,-210000000.0,-208000000.0,-2164000000.0,-1118000000.0,2435000000.0,-18000000.0,974000000.0,974000000.0,974000000.0,0.0,0.0,0.066,4866000000.0,1418000000.0,15848000000.0,0.219,2.134,16.352,15.98,0.0,0.0,70.63,1.083,1.06,6874000000.0,5887000000.0,14703000000.0,14703000000.0,0.0,0.006,0.152,0.008,0.093,0.0,4171000000.0,1.0,225495050.0,220600000,224400000.0,66.65,170330000000.0,682000000.0,390000000.0,0.0,772.121,
21,HIG,MRY,1999-12-31,1999-12-31,1999-12-31,2021-07-28,-272000000.0,167051000000.0,157206750000.0,,,0.086,22.397,-183000000.0,182000000.0,182000000.0,7902000000.0,862000000.0,,32.08,2829000000.0,,,2829000000.0,2777000000.0,58000000.0,0.0,0.019,0.92,1149000000.0,1207000000.0,0.089,1207000000.0,1149000000.0,1149000000.0,3.83,3.79,3.83,5037000000.0,5453000000.0,5037000000.0,13194378627.0,11.0,10.932,771000000.0,3.428,1.0,5626000000.0,0.416,0.0,0.0,169698000000.0,159879250000.0,0.0,39141000000.0,,,161585000000.0,,,10500378627.0,59000000.0,-52000000.0,-596000000.0,0.0,-207000000.0,-3104000000.0,2216000000.0,2451000000.0,954000000.0,-7000000.0,862000000.0,862000000.0,862000000.0,0.0,0.0,0.064,4391000000.0,1235000000.0,16884000000.0,0.24,2.085,12.181,12.371,0.0,0.0,47.38,0.776,0.788,6544000000.0,5127000000.0,13528000000.0,13528000000.0,0.0,0.005,0.158,0.007,0.085,0.0,3790000000.0,1.0,221620486.0,224900000,227500000.0,60.151,167051000000.0,1404000000.0,287000000.0,0.0,742.779,
22,HIG,MRY,1998-12-31,1998-12-31,1998-12-31,2021-07-28,811000000.0,150632000000.0,144513750000.0,,,0.104,25.593,-108000000.0,123000000.0,123000000.0,8613000000.0,1015000000.0,,24.204,2829000000.0,,,2829000000.0,2478000000.0,89000000.0,0.0,0.015,0.85,1403000000.0,1492000000.0,0.099,1492000000.0,1403000000.0,1403000000.0,4.36,4.3,4.36,5958000000.0,5951000000.0,5958000000.0,14088908152.0,10.0,9.443,799000000.0,3.432,1.0,6409000000.0,0.427,0.0,0.0,153338000000.0,146399000000.0,0.0,43696000000.0,,,144209000000.0,,,12510908152.0,-17000000.0,155000000.0,-547000000.0,190000000.0,-197000000.0,-1340000000.0,411000000.0,364000000.0,907000000.0,5000000.0,1015000000.0,1015000000.0,1015000000.0,0.0,0.0,0.068,4934000000.0,1475000000.0,19774000000.0,0.195,2.1,12.326,12.587,0.0,0.0,54.88,0.833,0.85,6811000000.0,4474000000.0,15022000000.0,15022000000.0,0.0,0.007,0.171,0.01,0.093,0.0,4335000000.0,1.0,227968443.0,232800000,236200000.0,64.527,150632000000.0,1085000000.0,388000000.0,0.0,647.045,
23,HIG,MRY,1997-12-31,1997-12-31,1997-12-31,2021-07-28,832000000.0,131743000000.0,120291500000.0,,,0.112,24.102,-109000000.0,140000000.0,140000000.0,7977000000.0,1332000000.0,,22.092,2773000000.0,,,2773000000.0,2895000000.0,85000000.0,0.0,0.017,0.8,1666000000.0,1751000000.0,0.13,1751000000.0,1666000000.0,1666000000.0,5.64,5.58,5.64,5688000000.0,5104000000.0,5688000000.0,,,,1936000000.0,8.203,1.0,5484000000.0,0.407,0.0,0.0,134376000000.0,122318000000.0,0.0,41122000000.0,,,125658000000.0,,,11025274036.0,28000000.0,0.0,-45000000.0,241000000.0,-190000000.0,239000000.0,-2247000000.0,-2138000000.0,2045000000.0,-9000000.0,1332000000.0,1332000000.0,1332000000.0,0.0,0.0,0.099,4149000000.0,1335000000.0,0.0,0.142,1.938,8.277,8.294,0.0,0.0,46.78,0.819,0.82,12712000000.0,3658000000.0,13461000000.0,13461000000.0,0.0,0.011,0.261,0.014,0.124,0.0,1888000000.0,1.0,235683498.0,236000000,238900000.0,57.038,131743000000.0,955000000.0,334000000.0,0.0,558.233,
24,HIG,MRY,1996-12-31,1996-12-31,1996-12-31,2021-07-28,392000000.0,108840000000.0,,,,,19.275,-69000000.0,112000000.0,112000000.0,8942000000.0,-99000000.0,,23.08,1532000000.0,,,1532000000.0,2797000000.0,81000000.0,0.0,0.024,0.8,-318000000.0,-237000000.0,-0.019,-237000000.0,-318000000.0,-318000000.0,-0.42,-0.42,-0.42,4520000000.0,,4520000000.0,,,,925000000.0,3.945,1.0,3635000000.0,0.289,0.0,0.0,110260000000.0,,0.0,37639000000.0,,,104320000000.0,,,,17000000.0,0.0,0.0,583000000.0,-140000000.0,59000000.0,-1035000000.0,-966000000.0,994000000.0,-1000000.0,-99000000.0,-99000000.0,-99000000.0,0.0,0.0,-0.008,3953000000.0,-318000000.0,0.0,-1.905,,,-80.357,0.0,0.0,33.75,,0.629,13026000000.0,2515000000.0,12577000000.0,12577000000.0,0.0,,,,-0.025,0.0,1678000000.0,1.0,,234500000,234500000.0,53.633,108840000000.0,1480000000.0,-219000000.0,0.0,464.136,
25,HIG,MRY,1995-12-31,1995-12-31,1995-12-31,2021-07-28,,,,,,,,-76000000.0,,,7769000000.0,559000000.0,,,,,,,,85000000.0,,0.0,0.0,739000000.0,824000000.0,0.068,824000000.0,739000000.0,739000000.0,2.385,2.375,2.385,,,,,,,1018000000.0,4.347,1.0,4381000000.0,0.361,,0.0,,,,,,,,,,,40000000.0,0.0,0.0,410000000.0,0.0,533000000.0,-1597000000.0,-1521000000.0,1094000000.0,10000000.0,559000000.0,559000000.0,559000000.0,0.0,0.0,0.046,3639000000.0,742000000.0,,0.0,,,10.143,,0.0,24.19,,0.466,,,12150000000.0,12150000000.0,0.0,,,,0.061,0.0,1658000000.0,1.0,,234200000,235400000.0,51.879,,,180000000.0,,,
0,HIG,MRQ,2021-06-30,2021-06-30,2021-06-30,2021-07-28,570000000.0,74732000000.0,,,,,51.076,-24000000.0,308000000.0,308000000.0,2786000000.0,905000000.0,,3.096,4354000000.0,,,4354000000.0,7167000000.0,173000000.0,0.0,0.022,0.35,1167000000.0,1340000000.0,0.24,1340000000.0,1167000000.0,1110000000.0,2.54,2.51,2.54,18244000000.0,,18244000000.0,26208127138.0,9.0,7.561,814000000.0,2.279,1.0,2803000000.0,0.502,2815000000.0,57000000.0,75963000000.0,,0.0,56787000000.0,,,56488000000.0,,,22135127138.0,28000000.0,0.0,-563000000.0,0.0,-126000000.0,-667000000.0,-129000000.0,-109000000.0,838000000.0,4000000.0,905000000.0,900000000.0,900000000.0,0.0,0.0,0.161,1636000000.0,1167000000.0,685000000.0,0.138,1.213,10.397,10.38,1067000000.0,5000000.0,61.97,1.035,1.035,10839000000.0,14813000000.0,5589000000.0,5589000000.0,0.0,,,,,0.0,1202000000.0,1.0,357191014.0,357191014,,15.647,71917000000.0,151000000.0,205000000.0,0.0,201.34,
1,HIG,MRQ,2021-03-31,2021-03-31,2021-03-31,2021-07-28,264000000.0,74201000000.0,,,,,49.514,-23000000.0,280000000.0,280000000.0,3350000000.0,249000000.0,,3.192,4353000000.0,,,4353000000.0,6958000000.0,174000000.0,0.0,0.02,0.35,360000000.0,534000000.0,0.101,534000000.0,360000000.0,303000000.0,0.68,0.67,0.68,17702000000.0,,17702000000.0,27991381099.0,12.0,9.619,736000000.0,2.059,1.0,1949000000.0,0.368,2838000000.0,57000000.0,75436000000.0,,0.0,55727000000.0,,,56499000000.0,,,23878381099.0,41000000.0,0.0,-123000000.0,0.0,-116000000.0,-266000000.0,-450000000.0,-421000000.0,759000000.0,-3000000.0,249000000.0,244000000.0,244000000.0,0.0,0.0,0.046,1589000000.0,360000000.0,681000000.0,0.515,1.349,14.113,14.15,1092000000.0,5000000.0,66.79,1.144,1.144,10570000000.0,14036000000.0,5299000000.0,5299000000.0,0.0,,,,,0.0,1144000000.0,1.0,357514315.0,357514315,,14.822,71363000000.0,205000000.0,54000000.0,0.0,199.609,
2,HIG,MRQ,2020-12-31,2020-12-31,2020-12-31,2021-07-28,1170000000.0,74111000000.0,,,,,51.785,-36000000.0,239000000.0,239000000.0,3080000000.0,537000000.0,,2.994,4352000000.0,,,4352000000.0,6629000000.0,151000000.0,0.0,0.027,0.325,709000000.0,860000000.0,0.161,860000000.0,709000000.0,652000000.0,1.49,1.47,1.49,18556000000.0,,18556000000.0,21632024706.0,9.0,7.413,1180000000.0,3.293,1.0,2248000000.0,0.422,2861000000.0,57000000.0,75363000000.0,,0.0,56532000000.0,,,55555000000.0,,,17551024706.0,27000000.0,0.0,6000000.0,0.0,-116000000.0,-199000000.0,-1059000000.0,-1034000000.0,1216000000.0,11000000.0,537000000.0,532000000.0,532000000.0,0.0,0.0,0.1,1539000000.0,709000000.0,701000000.0,0.218,0.946,10.228,10.225,1122000000.0,5000000.0,48.98,0.855,0.855,10279000000.0,13918000000.0,5328000000.0,5328000000.0,0.0,,,,,0.0,1086000000.0,1.0,358330435.0,358330435,,14.869,71250000000.0,46000000.0,115000000.0,0.0,198.839,
3,HIG,MRQ,2020-09-30,2020-09-30,2020-09-30,2021-07-28,856000000.0,72319000000.0,,,,,49.699,-27000000.0,270000000.0,270000000.0,2962000000.0,459000000.0,,3.062,4351000000.0,,,4351000000.0,6761000000.0,142000000.0,0.0,0.035,0.325,590000000.0,732000000.0,0.142,732000000.0,590000000.0,532000000.0,1.26,1.26,1.26,17802000000.0,,17802000000.0,17181119488.0,7.0,5.89,1361000000.0,3.8,1.0,2209000000.0,0.427,2884000000.0,58000000.0,73516000000.0,,0.0,54778000000.0,,,54517000000.0,,,13203119488.0,-102000000.0,0.0,1000000.0,0.0,-117000000.0,-252000000.0,-1222000000.0,-1155000000.0,1388000000.0,42000000.0,459000000.0,453000000.0,453000000.0,0.0,0.0,0.088,1619000000.0,590000000.0,711000000.0,0.258,0.742,7.645,7.663,1144000000.0,6000000.0,36.86,0.642,0.642,10118000000.0,13503000000.0,5171000000.0,5171000000.0,0.0,,,,,0.0,1093000000.0,1.0,358196405.0,358196405,,14.436,69435000000.0,49000000.0,73000000.0,0.0,193.846,
4,HIG,MRQ,2020-06-30,2020-06-30,2020-06-30,2021-07-28,479000000.0,70990000000.0,,,,,47.677,-28000000.0,372000000.0,372000000.0,2847000000.0,468000000.0,,3.158,4350000000.0,,,4350000000.0,6872000000.0,135000000.0,0.0,0.032,0.325,649000000.0,784000000.0,0.155,784000000.0,649000000.0,592000000.0,1.29,1.29,1.29,17072000000.0,,17072000000.0,17851790518.0,7.0,5.917,941000000.0,2.628,1.0,2221000000.0,0.438,2907000000.0,57000000.0,72061000000.0,,0.0,53028000000.0,,,53918000000.0,,,13803790518.0,71000000.0,0.0,4000000.0,0.0,-116000000.0,-300000000.0,-562000000.0,-573000000.0,969000000.0,-36000000.0,468000000.0,463000000.0,463000000.0,0.0,0.0,0.091,1572000000.0,649000000.0,750000000.0,0.252,0.809,7.677,7.71,1135000000.0,5000000.0,38.55,0.666,0.666,10235000000.0,13167000000.0,5068000000.0,5068000000.0,0.0,,,,,0.0,1125000000.0,1.0,358074981.0,358074981,,14.153,68083000000.0,130000000.0,124000000.0,0.0,190.136,
5,HIG,MRQ,2020-03-31,2020-03-31,2020-03-31,2021-07-28,-957000000.0,68724000000.0,,,,,42.612,-23000000.0,301000000.0,301000000.0,2916000000.0,273000000.0,,3.502,4349000000.0,,,4349000000.0,6810000000.0,134000000.0,0.0,0.035,0.325,408000000.0,542000000.0,0.109,542000000.0,408000000.0,344000000.0,0.75,0.74,0.75,15266000000.0,,15266000000.0,17210806929.0,7.0,6.007,275000000.0,0.768,1.0,2040000000.0,0.412,2941000000.0,64000000.0,69831000000.0,,0.0,50359000000.0,,,53458000000.0,,,12624806929.0,39000000.0,0.0,-182000000.0,-500000000.0,-108000000.0,-1027000000.0,777000000.0,802000000.0,298000000.0,-9000000.0,273000000.0,268000000.0,268000000.0,0.0,0.0,0.054,1632000000.0,408000000.0,758000000.0,0.433,0.827,7.396,7.435,1161000000.0,5000000.0,35.24,0.608,0.608,10154000000.0,12819000000.0,4956000000.0,4956000000.0,0.0,,,,,0.0,1176000000.0,1.0,358252183.0,358252183,,13.834,65783000000.0,502000000.0,71000000.0,0.0,183.622,
6,HIG,MRQ,2019-12-31,2019-12-31,2019-12-31,2021-07-28,52000000.0,70817000000.0,,,,,45.142,-30000000.0,262000000.0,262000000.0,2939000000.0,548000000.0,,3.353,4848000000.0,,,4848000000.0,6635000000.0,118000000.0,0.0,0.02,0.3,741000000.0,859000000.0,0.16,859000000.0,741000000.0,676000000.0,1.51,1.49,1.51,16270000000.0,,16270000000.0,26458798269.0,9.0,8.091,1013000000.0,2.811,1.0,2422000000.0,0.452,2983000000.0,65000000.0,72420000000.0,,0.0,53030000000.0,,,54547000000.0,,,21902798269.0,-28000000.0,0.0,-98000000.0,0.0,-106000000.0,-248000000.0,-828000000.0,-853000000.0,1043000000.0,5000000.0,548000000.0,543000000.0,543000000.0,0.0,0.0,0.101,1681000000.0,741000000.0,755000000.0,0.199,1.346,10.612,10.624,1181000000.0,5000000.0,60.77,1.056,1.056,9911000000.0,12685000000.0,5361000000.0,5361000000.0,0.0,,,,,0.0,1224000000.0,1.0,360421232.0,360421232,,14.874,67834000000.0,299000000.0,128000000.0,0.0,188.208,
7,HIG,MRQ,2019-09-30,2019-09-30,2019-09-30,2021-07-28,214000000.0,70256000000.0,,,,,44.466,-31000000.0,290000000.0,290000000.0,2914000000.0,535000000.0,,3.37,4846000000.0,,,4846000000.0,6820000000.0,112000000.0,0.0,0.02,0.3,720000000.0,832000000.0,0.156,832000000.0,720000000.0,653000000.0,1.45,1.43,1.45,16078000000.0,,16078000000.0,26182448290.0,11.0,9.5,1411000000.0,3.902,1.0,2433000000.0,0.455,3039000000.0,67000000.0,71773000000.0,,0.0,52577000000.0,,,54178000000.0,,,21915448290.0,7000000.0,0.0,-42000000.0,206000000.0,-111000000.0,-88000000.0,-1350000000.0,-1314000000.0,1442000000.0,3000000.0,535000000.0,524000000.0,524000000.0,0.0,0.0,0.098,1623000000.0,810000000.0,764000000.0,0.207,1.363,12.809,12.76,1194000000.0,11000000.0,60.61,1.095,1.095,9913000000.0,12251000000.0,5347000000.0,5347000000.0,0.0,,,,,0.0,1167000000.0,1.0,361581394.0,361581394,,14.788,67217000000.0,376000000.0,118000000.0,0.0,185.897,
8,HIG,MRQ,2019-06-30,2019-06-30,2019-06-30,2021-07-28,-198000000.0,69472000000.0,,,,,42.302,-24000000.0,283000000.0,283000000.0,2934000000.0,372000000.0,,3.543,4550000000.0,,,4550000000.0,6833000000.0,113000000.0,0.0,0.022,0.3,519000000.0,632000000.0,0.124,632000000.0,519000000.0,456000000.0,1.03,1.02,1.03,15292000000.0,,15292000000.0,24304732137.0,11.0,9.172,701000000.0,1.939,1.0,2158000000.0,0.424,3104000000.0,63000000.0,70635000000.0,,0.0,50769000000.0,,,54180000000.0,,,20142732137.0,179000000.0,-1901000000.0,-38000000.0,-152000000.0,-107000000.0,-427000000.0,-99000000.0,1828000000.0,725000000.0,-20000000.0,372000000.0,372000000.0,372000000.0,0.0,0.0,0.073,1639000000.0,519000000.0,790000000.0,0.291,1.317,12.441,12.382,1222000000.0,0.0,55.72,1.033,1.033,10120000000.0,11836000000.0,5092000000.0,5092000000.0,0.0,,,,,0.0,1141000000.0,1.0,361499141.0,361499141,,14.086,66368000000.0,615000000.0,84000000.0,0.0,183.591,
9,HIG,MRQ,2019-03-31,2019-03-31,2019-03-31,2021-07-28,-885000000.0,63324000000.0,,,,,39.892,-20000000.0,104000000.0,104000000.0,2685000000.0,630000000.0,,3.416,4266000000.0,,,4266000000.0,5482000000.0,108000000.0,0.0,0.023,0.3,839000000.0,947000000.0,0.192,947000000.0,839000000.0,775000000.0,1.74,1.71,1.74,14340000000.0,,14340000000.0,22429868338.0,9.0,7.726,259000000.0,0.721,1.0,2255000000.0,0.456,1934000000.0,64000000.0,65552000000.0,,0.0,47895000000.0,,,48984000000.0,,,17872868338.0,-17000000.0,0.0,-28000000.0,-261000000.0,-109000000.0,-428000000.0,129000000.0,148000000.0,279000000.0,3000000.0,630000000.0,625000000.0,625000000.0,0.0,0.0,0.127,1416000000.0,839000000.0,742000000.0,0.172,1.246,9.772,9.768,1145000000.0,5000000.0,49.72,0.931,0.931,8501000000.0,11572000000.0,4940000000.0,4940000000.0,0.0,,,,,0.0,1048000000.0,1.0,359470401.0,359470401,,13.742,61390000000.0,921000000.0,145000000.0,0.0,170.779,
10,HIG,MRQ,2018-12-31,2018-12-31,2018-12-31,2021-07-28,-1579000000.0,62307000000.0,,,,,36.52,-52000000.0,121000000.0,121000000.0,2946000000.0,196000000.0,,3.756,4678000000.0,,,4678000000.0,5282000000.0,108000000.0,0.0,0.025,0.3,237000000.0,345000000.0,0.074,345000000.0,237000000.0,167000000.0,0.53,0.53,0.53,13101000000.0,,13101000000.0,20519762705.0,9.0,7.225,949000000.0,2.645,1.0,1687000000.0,0.364,1947000000.0,70000000.0,64917000000.0,,0.0,46790000000.0,,,49206000000.0,,,15945762705.0,-518000000.0,0.0,-26000000.0,0.0,-109000000.0,224000000.0,-1200000000.0,-1172000000.0,1001000000.0,-6000000.0,196000000.0,190000000.0,190000000.0,0.0,0.0,0.041,1450000000.0,237000000.0,767000000.0,0.566,1.217,8.854,8.837,1006000000.0,6000000.0,44.45,0.841,0.841,8352000000.0,11055000000.0,4633000000.0,4633000000.0,0.0,,,,,0.0,1086000000.0,1.0,358734819.0,358734819,,12.915,60360000000.0,1248000000.0,-29000000.0,0.0,168.258,
11,HIG,MRQ,2018-09-30,2018-09-30,2018-09-30,2021-07-28,-1519000000.0,61437000000.0,,,,,35.514,-11000000.0,102000000.0,102000000.0,2786000000.0,432000000.0,,3.827,4676000000.0,,,4676000000.0,5388000000.0,122000000.0,0.0,0.021,0.3,604000000.0,726000000.0,0.15,726000000.0,604000000.0,535000000.0,1.2,1.19,1.2,12729000000.0,,12729000000.0,22434619135.0,-44.0,-439.894,561000000.0,1.565,1.0,2056000000.0,0.425,1941000000.0,69000000.0,64070000000.0,,0.0,46134000000.0,,,48708000000.0,,,17906619135.0,-45000000.0,0.0,5000000.0,671000000.0,-90000000.0,-64000000.0,-555000000.0,-544000000.0,572000000.0,2000000.0,432000000.0,432000000.0,432000000.0,-5000000.0,0.0,0.089,1457000000.0,599000000.0,775000000.0,0.25,1.407,-8.56,-8.796,997000000.0,0.0,49.96,0.947,0.947,7956000000.0,10973000000.0,4842000000.0,4842000000.0,0.0,,,,,0.0,1091000000.0,1.0,358419118.0,358419118,,13.509,59496000000.0,1244000000.0,103000000.0,0.0,165.996,
12,HIG,MRQ,2018-06-30,2018-06-30,2018-06-30,2021-07-28,-1353000000.0,60775000000.0,,,,,35.031,-20000000.0,147000000.0,147000000.0,2738000000.0,582000000.0,,3.844,4675000000.0,,,4675000000.0,5446000000.0,121000000.0,0.0,0.019,0.25,764000000.0,885000000.0,0.185,885000000.0,764000000.0,685000000.0,1.62,1.6,1.62,12546000000.0,,12546000000.0,23251656887.0,-30.0,-72.889,538000000.0,1.502,1.0,2051000000.0,0.428,1959000000.0,79000000.0,63344000000.0,,0.0,45648000000.0,,,48229000000.0,,,18311656887.0,-81000000.0,1115000000.0,4000000.0,-807000000.0,-90000000.0,-950000000.0,35000000.0,-1087000000.0,558000000.0,-1000000.0,582000000.0,582000000.0,582000000.0,-148000000.0,0.0,0.122,1429000000.0,622000000.0,784000000.0,0.154,1.46,-7.996,-8.207,1013000000.0,0.0,51.13,1.003,1.003,7913000000.0,10649000000.0,4789000000.0,4789000000.0,0.0,,,,,0.0,1067000000.0,1.0,358139192.0,358139192,,13.372,58816000000.0,1282000000.0,103000000.0,0.0,164.227,
13,HIG,MRQ,2018-03-31,2018-03-31,2018-03-31,2021-07-28,-239000000.0,216666000000.0,,,,,36.817,-39000000.0,228000000.0,228000000.0,2695000000.0,597000000.0,,15.485,5168000000.0,,,5168000000.0,5450000000.0,116000000.0,0.0,0.019,0.25,768000000.0,884000000.0,0.188,884000000.0,768000000.0,688000000.0,1.67,1.64,1.67,13143000000.0,,13143000000.0,23209681058.0,-14.0,-19.358,673000000.0,1.885,1.0,1996000000.0,0.425,1977000000.0,80000000.0,219629000000.0,,0.0,44432000000.0,,,203523000000.0,,,18391681058.0,48000000.0,0.0,1000000.0,-202000000.0,-90000000.0,-677000000.0,-242000000.0,-172000000.0,712000000.0,-5000000.0,597000000.0,597000000.0,597000000.0,-169000000.0,0.0,0.127,1397000000.0,599000000.0,800000000.0,0.15,1.399,-6.316,-6.472,1018000000.0,0.0,51.52,1.04,1.04,8033000000.0,10156000000.0,4691000000.0,4691000000.0,0.0,,,,,0.0,1037000000.0,1.0,356981387.0,356981387,,13.141,214689000000.0,1215000000.0,91000000.0,0.0,601.401,
14,HIG,MRQ,2017-12-31,2017-12-31,2017-12-31,2021-07-28,663000000.0,225260000000.0,,,,,37.828,-121000000.0,180000000.0,180000000.0,2692000000.0,-3703000000.0,,15.693,4998000000.0,,,4998000000.0,5322000000.0,99000000.0,0.0,0.017,0.25,-2645000000.0,-2546000000.0,-0.555,-2546000000.0,-2645000000.0,-2723000000.0,-10.17,-10.15,-10.17,13494000000.0,,13494000000.0,24881127479.0,-14.0,-17.387,541000000.0,1.517,1.0,1895000000.0,0.413,1949000000.0,78000000.0,228129000000.0,,0.0,45146000000.0,,,211766000000.0,,,20076127479.0,86000000.0,-1423000000.0,-47000000.0,-115000000.0,-83000000.0,-321000000.0,43000000.0,1478000000.0,662000000.0,0.0,-3703000000.0,-3703000000.0,-3703000000.0,3145000000.0,0.0,-0.807,1395000000.0,500000000.0,816000000.0,-0.025,1.488,-6.412,-6.537,1034000000.0,0.0,56.28,1.17,1.17,7971000000.0,9642000000.0,4587000000.0,4587000000.0,0.0,,,,,0.0,1042000000.0,1.0,356718683.0,356718683,,12.859,223311000000.0,1164000000.0,980000000.0,0.0,626.014,
15,HIG,MRQ,2017-09-30,2017-09-30,2017-09-30,2021-07-28,585000000.0,224211000000.0,,,,,47.304,-37000000.0,333000000.0,333000000.0,2638000000.0,234000000.0,,12.011,5138000000.0,,,5138000000.0,5528000000.0,109000000.0,0.0,0.017,0.23,349000000.0,458000000.0,0.109,458000000.0,349000000.0,270000000.0,0.65,0.64,0.65,17233000000.0,,17233000000.0,24968155042.0,47.0,26.619,593000000.0,1.628,1.0,1554000000.0,0.371,567000000.0,79000000.0,228449000000.0,,0.0,72993000000.0,,,206978000000.0,,,20193155042.0,-7000000.0,0.0,-319000000.0,87000000.0,-85000000.0,-658000000.0,-9000000.0,70000000.0,630000000.0,8000000.0,234000000.0,234000000.0,234000000.0,-89000000.0,0.0,0.056,1294000000.0,260000000.0,30151000000.0,0.354,1.172,41.127,40.46,962000000.0,0.0,55.43,1.342,1.342,27127000000.0,13434000000.0,4192000000.0,4192000000.0,0.0,,,,,0.0,952000000.0,1.0,364300109.0,364300109,,11.507,223644000000.0,2766000000.0,36000000.0,0.0,613.9,
16,HIG,MRQ,2017-06-30,2017-06-30,2017-06-30,2021-07-28,494000000.0,225863000000.0,,,,,47.06,-51000000.0,362000000.0,362000000.0,2420000000.0,-40000000.0,,12.065,5137000000.0,,,5137000000.0,5573000000.0,95000000.0,0.0,0.017,0.23,-90000000.0,5000000.0,0.001,5000000.0,-90000000.0,-169000000.0,-0.11,-0.11,-0.11,17288000000.0,,17288000000.0,24112162723.0,30.0,19.994,618000000.0,1.682,1.0,1794000000.0,0.426,567000000.0,79000000.0,230071000000.0,,0.0,73780000000.0,,,208575000000.0,,,19312162723.0,0.0,222000000.0,-321000000.0,227000000.0,-86000000.0,-436000000.0,-268000000.0,-465000000.0,669000000.0,60000000.0,-40000000.0,-40000000.0,-40000000.0,-112000000.0,0.0,-0.009,1996000000.0,-202000000.0,30466000000.0,-2.091,1.117,27.787,28.263,974000000.0,0.0,52.57,1.241,1.241,27111000000.0,13282000000.0,4214000000.0,4214000000.0,0.0,,,,,0.0,1650000000.0,1.0,367360904.0,367360904,,11.471,225296000000.0,2868000000.0,-129000000.0,0.0,613.282,
17,HIG,MRQ,2017-03-31,2017-03-31,2017-03-31,2021-07-28,-207000000.0,225388000000.0,,,,,45.947,-41000000.0,337000000.0,337000000.0,2424000000.0,378000000.0,,12.251,5137000000.0,,,5137000000.0,5609000000.0,96000000.0,0.0,0.018,0.23,556000000.0,652000000.0,0.156,652000000.0,556000000.0,476000000.0,1.02,1.0,1.02,17009000000.0,,17009000000.0,21964998161.0,19.0,14.217,184000000.0,0.497,1.0,1745000000.0,0.419,567000000.0,80000000.0,229621000000.0,,0.0,72189000000.0,,,208379000000.0,,,17794998161.0,-227000000.0,0.0,-351000000.0,1192000000.0,-87000000.0,436000000.0,-1208000000.0,-1095000000.0,225000000.0,2000000.0,378000000.0,378000000.0,378000000.0,-75000000.0,0.0,0.091,1264000000.0,481000000.0,30863000000.0,0.225,1.046,18.712,19.075,984000000.0,0.0,48.07,1.109,1.109,27169000000.0,13406000000.0,4169000000.0,4169000000.0,0.0,,,,,0.0,919000000.0,1.0,370189269.0,370189269,,11.262,224821000000.0,3105000000.0,98000000.0,0.0,607.314,
18,HIG,MRQ,2016-12-31,2016-12-31,2016-12-31,2021-07-28,-337000000.0,224576000000.0,,,,,44.748,-41000000.0,328000000.0,328000000.0,1398000000.0,-81000000.0,,12.286,4910000000.0,,,4910000000.0,5392000000.0,102000000.0,0.0,0.018,0.23,-279000000.0,-177000000.0,-0.072,-177000000.0,-279000000.0,-349000000.0,-0.19,-0.18,-0.19,16903000000.0,,16903000000.0,22514042588.0,21.0,15.474,620000000.0,1.641,1.0,1072000000.0,0.434,611000000.0,70000000.0,228547000000.0,,0.0,39757000000.0,,,207673000000.0,,,17999042588.0,-177000000.0,0.0,-271000000.0,-52000000.0,-81000000.0,-574000000.0,4000000.0,453000000.0,661000000.0,-19000000.0,-81000000.0,-81000000.0,-81000000.0,-283000000.0,0.0,-0.033,1634000000.0,-562000000.0,602000000.0,-1.211,1.065,20.088,20.628,991000000.0,0.0,47.65,1.105,1.105,7389000000.0,13114000000.0,2470000000.0,2470000000.0,0.0,,,,,0.0,748000000.0,1.0,377734367.0,377734367,,6.539,223965000000.0,2999000000.0,-268000000.0,0.0,592.917,
19,HIG,MRQ,2016-09-30,2016-09-30,2016-09-30,2021-07-28,987000000.0,228430000000.0,,,,,48.341,-46000000.0,810000000.0,810000000.0,2780000000.0,438000000.0,,11.243,5325000000.0,,,5325000000.0,5622000000.0,112000000.0,0.0,0.02,0.21,614000000.0,726000000.0,0.154,726000000.0,614000000.0,528000000.0,1.14,1.12,1.14,18658000000.0,,18658000000.0,21390130491.0,11.0,9.208,543000000.0,1.407,1.0,1935000000.0,0.41,567000000.0,86000000.0,232378000000.0,,0.0,73719000000.0,,,209772000000.0,,,16527130491.0,349000000.0,-175000000.0,-350000000.0,-182000000.0,-83000000.0,-835000000.0,604000000.0,820000000.0,589000000.0,-9000000.0,438000000.0,438000000.0,438000000.0,0.0,0.0,0.093,1321000000.0,614000000.0,73097000000.0,0.184,0.886,11.822,12.096,1001000000.0,0.0,42.82,1.036,1.036,26789000000.0,13282000000.0,4715000000.0,4715000000.0,0.0,,,,,0.0,918000000.0,1.0,385967550.0,385967550,,12.216,227863000000.0,2439000000.0,90000000.0,0.0,590.368,
20,HIG,MRQ,2016-06-30,2016-06-30,2016-06-30,2021-07-28,900000000.0,227616000000.0,,,,,47.178,-53000000.0,461000000.0,461000000.0,3142000000.0,216000000.0,,11.264,5324000000.0,,,5324000000.0,5538000000.0,89000000.0,0.0,0.019,0.21,255000000.0,344000000.0,0.073,344000000.0,255000000.0,170000000.0,0.55,0.54,0.55,18559000000.0,,18559000000.0,22302421507.0,13.0,10.397,365000000.0,0.928,1.0,1554000000.0,0.331,498000000.0,85000000.0,231981000000.0,,0.0,75144000000.0,,,209057000000.0,,,17458421507.0,-18000000.0,0.0,-350000000.0,71000000.0,-85000000.0,-567000000.0,147000000.0,183000000.0,418000000.0,-16000000.0,216000000.0,216000000.0,216000000.0,0.0,0.0,0.046,1299000000.0,255000000.0,73562000000.0,0.382,0.941,13.019,13.367,1005000000.0,0.0,44.38,1.105,1.105,26777000000.0,12923000000.0,4696000000.0,4696000000.0,0.0,,,,,0.0,931000000.0,1.0,393384892.0,393384892,,11.937,227118000000.0,2562000000.0,-46000000.0,0.0,577.343,
21,HIG,MRQ,2016-03-31,2016-03-31,2016-03-31,2021-07-28,254000000.0,227493000000.0,,,,,45.659,-84000000.0,479000000.0,479000000.0,2641000000.0,323000000.0,,11.56,5323000000.0,,,5323000000.0,5497000000.0,95000000.0,0.0,0.018,0.21,467000000.0,562000000.0,0.127,562000000.0,467000000.0,381000000.0,0.81,0.79,0.81,18112000000.0,,18112000000.0,23189824735.0,11.0,9.535,314000000.0,0.792,1.0,1769000000.0,0.401,498000000.0,86000000.0,231839000000.0,,0.0,73910000000.0,,,209381000000.0,,,18278824735.0,31000000.0,0.0,-350000000.0,59000000.0,-85000000.0,-565000000.0,194000000.0,268000000.0,398000000.0,4000000.0,323000000.0,323000000.0,323000000.0,0.0,0.0,0.073,1302000000.0,467000000.0,73367000000.0,0.259,1.009,11.885,12.255,995000000.0,0.0,46.08,1.158,1.158,26730000000.0,12789000000.0,4410000000.0,4410000000.0,0.0,,,,,0.0,928000000.0,1.0,396675884.0,396675884,,11.117,226995000000.0,2868000000.0,58000000.0,0.0,572.243,
22,HIG,MRQ,2015-12-31,2015-12-31,2015-12-31,2021-07-28,-329000000.0,228348000000.0,,,,,43.07,-113000000.0,448000000.0,448000000.0,1240000000.0,421000000.0,,11.943,5359000000.0,,,5359000000.0,5385000000.0,128000000.0,0.0,0.018,0.21,563000000.0,691000000.0,0.324,691000000.0,563000000.0,488000000.0,1.04,1.02,1.04,17642000000.0,,17642000000.0,22662646515.0,10.0,8.425,643000000.0,1.57,1.0,893000000.0,0.419,498000000.0,75000000.0,232761000000.0,,0.0,72918000000.0,,,210706000000.0,,,17801646515.0,-264000000.0,0.0,-490000000.0,4000000.0,-87000000.0,-838000000.0,-118000000.0,196000000.0,756000000.0,-17000000.0,421000000.0,421000000.0,421000000.0,-484000000.0,0.0,0.197,786000000.0,107000000.0,31670000000.0,0.202,1.009,10.584,10.731,974000000.0,0.0,43.46,1.113,1.113,26726000000.0,12550000000.0,2133000000.0,2133000000.0,0.0,,,,,0.0,630000000.0,1.0,409609906.0,409609906,,5.207,227850000000.0,3206000000.0,67000000.0,0.0,556.261,
23,HIG,MRQ,2015-09-30,2015-09-30,2015-09-30,2021-07-28,140000000.0,231453000000.0,,,,,43.881,-92000000.0,665000000.0,665000000.0,2710000000.0,381000000.0,,11.714,5526000000.0,,,5526000000.0,5508000000.0,72000000.0,0.0,0.016,0.21,476000000.0,548000000.0,0.12,548000000.0,476000000.0,388000000.0,0.92,0.9,0.92,18204000000.0,,18204000000.0,24023624609.0,10.0,8.904,799000000.0,1.926,1.0,1852000000.0,0.406,498000000.0,88000000.0,235816000000.0,,0.0,74405000000.0,,,213249000000.0,,,18991624609.0,172000000.0,0.0,-278000000.0,-16000000.0,-76000000.0,-838000000.0,135000000.0,229000000.0,891000000.0,-16000000.0,381000000.0,381000000.0,381000000.0,-9000000.0,0.0,0.084,1405000000.0,447000000.0,73608000000.0,0.228,1.043,11.559,11.738,932000000.0,0.0,45.78,1.028,1.028,26688000000.0,12215000000.0,4562000000.0,4562000000.0,0.0,,,,,0.0,971000000.0,1.0,414845448.0,414845448,,10.997,230955000000.0,3062000000.0,7000000.0,0.0,556.725,
24,HIG,MRQ,2015-06-30,2015-06-30,2015-06-30,2021-07-28,188000000.0,241020000000.0,,,,,43.405,-44000000.0,493000000.0,493000000.0,2812000000.0,413000000.0,,12.223,5525000000.0,,,5525000000.0,5463000000.0,72000000.0,0.0,0.017,0.18,559000000.0,631000000.0,0.135,631000000.0,559000000.0,470000000.0,0.99,0.96,0.99,18227000000.0,,18227000000.0,22776440964.0,9.0,8.045,618000000.0,1.472,1.0,1873000000.0,0.4,498000000.0,89000000.0,245554000000.0,,0.0,74440000000.0,,,222793000000.0,,,17456440964.0,-7000000.0,0.0,-207000000.0,-319000000.0,-75000000.0,-849000000.0,173000000.0,217000000.0,662000000.0,7000000.0,413000000.0,413000000.0,413000000.0,0.0,0.0,0.088,1301000000.0,572000000.0,73371000000.0,0.182,0.958,10.58,10.742,874000000.0,0.0,41.57,0.934,0.934,26479000000.0,11921000000.0,4685000000.0,4685000000.0,0.0,,,,,0.0,910000000.0,1.0,419928818.0,419928818,,11.157,240522000000.0,3056000000.0,57000000.0,0.0,572.769,
25,HIG,MRQ,2015-03-31,2015-03-31,2015-03-31,2021-07-28,1150000000.0,246960000000.0,,,,,45.319,-58000000.0,500000000.0,500000000.0,2563000000.0,467000000.0,,11.945,5820000000.0,,,5820000000.0,5383000000.0,101000000.0,0.0,0.016,0.18,719000000.0,820000000.0,0.178,820000000.0,719000000.0,625000000.0,1.11,1.08,1.11,19077000000.0,,19077000000.0,23314177009.0,15.0,12.761,389000000.0,0.924,1.0,2054000000.0,0.445,498000000.0,94000000.0,251782000000.0,,0.0,76576000000.0,,,227883000000.0,,,17604177009.0,101000000.0,0.0,-275000000.0,32000000.0,-78000000.0,-619000000.0,295000000.0,352000000.0,447000000.0,-22000000.0,467000000.0,467000000.0,467000000.0,0.0,0.0,0.101,1335000000.0,719000000.0,73624000000.0,0.162,0.923,22.863,22.728,848000000.0,0.0,41.82,0.945,0.945,26234000000.0,11583000000.0,4617000000.0,4617000000.0,0.0,,,,,0.0,948000000.0,1.0,420951148.0,420951148,,10.968,246462000000.0,2636000000.0,158000000.0,0.0,585.488,
26,HIG,MRQ,2014-12-31,2014-12-31,2014-12-31,2021-07-28,928000000.0,245013000000.0,,,,,43.385,-64000000.0,399000000.0,399000000.0,2582000000.0,382000000.0,,12.088,6109000000.0,,,6109000000.0,5255000000.0,124000000.0,0.0,0.016,0.18,575000000.0,699000000.0,0.151,699000000.0,575000000.0,481000000.0,0.88,0.84,0.88,18720000000.0,,18720000000.0,23656454313.0,16.0,13.142,927000000.0,2.148,1.0,2035000000.0,0.441,498000000.0,94000000.0,250225000000.0,,0.0,76278000000.0,,,226293000000.0,,,17988454313.0,-41000000.0,0.0,-282000000.0,0.0,-69000000.0,-800000000.0,-223000000.0,-39000000.0,991000000.0,-9000000.0,382000000.0,382000000.0,382000000.0,-37000000.0,0.0,0.083,1497000000.0,538000000.0,73976000000.0,0.205,0.961,22.542,23.033,831000000.0,0.0,41.69,0.966,0.966,26349000000.0,11191000000.0,4617000000.0,4617000000.0,0.0,,,,,0.0,1139000000.0,1.0,431481274.0,431481274,,10.7,244515000000.0,2897000000.0,99000000.0,0.0,566.687,
27,HIG,MRQ,2014-09-30,2014-09-30,2014-09-30,2021-07-28,1077000000.0,247100000000.0,,,,,42.062,-43000000.0,440000000.0,440000000.0,2624000000.0,388000000.0,,12.119,6108000000.0,,,6108000000.0,5389000000.0,92000000.0,0.0,0.017,0.18,589000000.0,681000000.0,0.143,681000000.0,589000000.0,496000000.0,0.89,0.86,0.89,18835000000.0,,18835000000.0,21276325904.0,15.0,12.833,342000000.0,0.764,1.0,2145000000.0,0.45,498000000.0,93000000.0,252270000000.0,,0.0,76231000000.0,,,228265000000.0,,,16680325904.0,-1072000000.0,0.0,-834000000.0,-7000000.0,-79000000.0,-1636000000.0,190000000.0,86000000.0,385000000.0,-11000000.0,388000000.0,388000000.0,388000000.0,0.0,0.0,0.081,1556000000.0,589000000.0,74190000000.0,0.202,0.886,22.541,22.576,816000000.0,0.0,37.25,0.888,0.888,26354000000.0,10886000000.0,4769000000.0,4769000000.0,0.0,,,,,0.0,976000000.0,1.0,447793984.0,447793984,,10.65,246602000000.0,2890000000.0,108000000.0,0.0,550.704,
28,HIG,MRQ,2014-06-30,2014-06-30,2014-06-30,2021-07-28,1162000000.0,254713000000.0,,,,,43.203,19000000.0,1512000000.0,1512000000.0,3023000000.0,-467000000.0,,12.111,6108000000.0,,,6108000000.0,5348000000.0,0.0,0.0,0.017,0.15,-373000000.0,-373000000.0,-0.081,-373000000.0,-373000000.0,-467000000.0,-1.04,-1.0,-1.04,19428000000.0,,19428000000.0,21168485238.0,16.0,13.854,180000000.0,0.4,1.0,1593000000.0,0.345,498000000.0,94000000.0,258811000000.0,,0.0,76239000000.0,,,235285000000.0,,,16103485238.0,227000000.0,963000000.0,-380000000.0,0.0,-67000000.0,-1355000000.0,1533000000.0,594000000.0,161000000.0,-112000000.0,-467000000.0,-467000000.0,-467000000.0,617000000.0,0.0,-0.101,1349000000.0,244000000.0,75157000000.0,-0.144,0.829,24.967,25.397,807000000.0,0.0,35.81,0.854,0.854,26516000000.0,10577000000.0,4616000000.0,4616000000.0,0.0,,,,,0.0,977000000.0,1.0,449692411.0,449692411,,10.265,254215000000.0,3036000000.0,0.0,0.0,565.309,
29,HIG,MRQ,2014-03-31,2014-03-31,2014-03-31,2021-07-28,659000000.0,272923000000.0,,,,,44.302,-33000000.0,1285000000.0,1285000000.0,2576000000.0,495000000.0,,12.802,6350000000.0,,,6350000000.0,5326000000.0,60000000.0,0.0,0.016,0.15,733000000.0,793000000.0,0.172,793000000.0,733000000.0,638000000.0,1.1,1.03,1.1,19774000000.0,,19774000000.0,20942492357.0,13.0,11.507,316000000.0,0.708,1.0,2036000000.0,0.441,498000000.0,95000000.0,277490000000.0,,0.0,97084000000.0,,,253149000000.0,,,15742492357.0,-143000000.0,0.0,-270000000.0,-206000000.0,-67000000.0,-685000000.0,196000000.0,231000000.0,349000000.0,-3000000.0,495000000.0,495000000.0,495000000.0,-29000000.0,0.0,0.107,1332000000.0,704000000.0,97297000000.0,0.136,0.796,17.074,17.374,870000000.0,0.0,35.27,0.829,0.829,26605000000.0,11111000000.0,4612000000.0,4612000000.0,0.0,,,,,0.0,1332000000.0,1.0,446342284.0,446342284,,10.333,272425000000.0,3211000000.0,143000000.0,0.0,610.35,
30,HIG,MRQ,2013-12-31,2013-12-31,2013-12-31,2021-07-28,-79000000.0,277884000000.0,,,,,42.285,-64000000.0,1428000000.0,1428000000.0,2703000000.0,314000000.0,,13.699,6544000000.0,,,6544000000.0,5225000000.0,49000000.0,0.0,0.014,0.15,508000000.0,557000000.0,0.117,557000000.0,508000000.0,412000000.0,0.7,0.64,0.7,18905000000.0,,18905000000.0,21164825532.0,26.0,20.997,270000000.0,0.604,1.0,2074000000.0,0.434,498000000.0,96000000.0,282502000000.0,,0.0,98401000000.0,,,258979000000.0,,,16197825532.0,6000000.0,330000000.0,-222000000.0,-1749000000.0,-68000000.0,-2366000000.0,2057000000.0,1722000000.0,334000000.0,-134000000.0,314000000.0,324000000.0,324000000.0,70000000.0,0.0,0.068,-78000000.0,2152000000.0,100136000000.0,0.214,0.857,92.033,97.919,877000000.0,-10000000.0,36.23,0.784,0.784,26795000000.0,10683000000.0,4777000000.0,4777000000.0,0.0,,,,,0.0,-298000000.0,1.0,447083233.0,447083233,,10.685,277386000000.0,3840000000.0,98000000.0,0.0,620.435,
31,HIG,MRQ,2013-09-30,2013-09-30,2013-09-30,2021-07-28,-17000000.0,283947000000.0,,,,,41.597,0.0,1422000000.0,1422000000.0,2764000000.0,293000000.0,,14.001,6389000000.0,,,6389000000.0,5445000000.0,83000000.0,0.0,0.014,0.15,468000000.0,551000000.0,0.113,551000000.0,468000000.0,374000000.0,0.65,0.6,0.65,18928000000.0,,18928000000.0,19155626151.0,211.0,57.698,495000000.0,1.088,1.0,2098000000.0,0.432,498000000.0,94000000.0,288416000000.0,,0.0,103064000000.0,,,265019000000.0,,,14160626151.0,-318000000.0,0.0,-228000000.0,500000000.0,-47000000.0,-1083000000.0,169000000.0,200000000.0,495000000.0,113000000.0,293000000.0,293000000.0,293000000.0,72000000.0,0.0,0.06,1558000000.0,540000000.0,103978000000.0,0.231,0.748,-69.076,-64.833,895000000.0,0.0,31.12,0.635,0.635,26788000000.0,10439000000.0,4862000000.0,4862000000.0,0.0,,,,,0.0,1558000000.0,1.0,455032974.0,455032974,,10.685,283449000000.0,3893000000.0,81000000.0,0.0,622.92,
32,HIG,MRQ,2013-06-30,2013-06-30,2013-06-30,2021-07-28,74000000.0,294833000000.0,,,,,41.705,0.0,1740000000.0,1740000000.0,2922000000.0,-190000000.0,,14.507,6735000000.0,,,6735000000.0,5297000000.0,5000000.0,0.0,0.013,0.1,-86000000.0,-81000000.0,-0.017,-81000000.0,-86000000.0,-186000000.0,-0.42,-0.39,-0.42,19013000000.0,,19013000000.0,18570078851.0,-63.0,-844.094,222000000.0,0.487,1.0,1812000000.0,0.383,498000000.0,100000000.0,299330000000.0,,0.0,105520000000.0,,,275820000000.0,,,14096078851.0,-245000000.0,0.0,-90000000.0,-1046000000.0,-43000000.0,-1519000000.0,1212000000.0,1190000000.0,222000000.0,-57000000.0,-190000000.0,-190000000.0,-190000000.0,423000000.0,0.0,-0.04,1475000000.0,337000000.0,105496000000.0,-0.238,0.741,-28.477,-27.607,911000000.0,0.0,30.92,0.593,0.593,26301000000.0,10213000000.0,4734000000.0,4734000000.0,0.0,,,,,0.0,1475000000.0,1.0,455888708.0,455888708,,10.384,294335000000.0,3732000000.0,4000000.0,0.0,645.629,
33,HIG,MRQ,2013-03-31,2013-03-31,2013-03-31,2021-07-28,1649000000.0,297021000000.0,,,,,47.916,0.0,1985000000.0,1985000000.0,5226000000.0,-241000000.0,,13.198,6459000000.0,,,6459000000.0,5307000000.0,52000000.0,0.0,0.016,0.1,-331000000.0,-279000000.0,-0.031,-279000000.0,-331000000.0,-438000000.0,-0.58,-0.58,-0.58,20920000000.0,,20920000000.0,16130236398.0,-45.0,273.394,186000000.0,0.426,1.0,3798000000.0,0.421,498000000.0,107000000.0,300997000000.0,,0.0,114838000000.0,,,276101000000.0,,,11264236398.0,-436000000.0,485000000.0,-40000000.0,-575000000.0,-44000000.0,-852000000.0,307000000.0,-188000000.0,186000000.0,-77000000.0,-241000000.0,-251000000.0,-251000000.0,1000000.0,0.0,-0.028,3915000000.0,-117000000.0,110813000000.0,-0.172,0.538,-27.013,-26.875,921000000.0,10000000.0,25.8,0.478,0.478,25979000000.0,10449000000.0,9024000000.0,9024000000.0,0.0,,,,,0.0,2341000000.0,1.0,436598310.0,436598310,,20.669,296523000000.0,2667000000.0,-197000000.0,0.0,679.167,
34,HIG,MRQ,2012-12-31,2012-12-31,2012-12-31,2021-07-28,2843000000.0,298513000000.0,,,,,51.448,-66000000.0,2421000000.0,2421000000.0,1535000000.0,-46000000.0,,12.299,7287000000.0,,,7287000000.0,5145000000.0,101000000.0,0.0,0.018,0.1,40000000.0,141000000.0,0.038,141000000.0,40000000.0,-69000000.0,-0.13,-0.12,-0.13,22447000000.0,,22447000000.0,14401749994.0,131.0,24.96,403000000.0,0.924,1.0,2129000000.0,0.581,654000000.0,109000000.0,302725000000.0,,0.0,134250000000.0,,,276066000000.0,,,9790749994.0,-284000000.0,58000000.0,4000000.0,374000000.0,-43000000.0,-11000000.0,-695000000.0,-723000000.0,469000000.0,-47000000.0,-46000000.0,-57000000.0,-57000000.0,321000000.0,0.0,-0.016,2301000000.0,-172000000.0,111893000000.0,-0.769,0.436,-122.384,-124.667,977000000.0,11000000.0,22.44,0.443,0.443,8208000000.0,10745000000.0,3664000000.0,3664000000.0,0.0,,,,,0.0,1768000000.0,1.0,436307932.0,436307932,,8.398,297859000000.0,1942000000.0,-23000000.0,0.0,682.681,
35,HIG,MRQ,2012-09-30,2012-09-30,2012-09-30,2021-07-28,3295000000.0,308721000000.0,,,,,52.733,0.0,2705000000.0,2705000000.0,3905000000.0,13000000.0,,12.433,7316000000.0,,,7316000000.0,5370000000.0,116000000.0,0.0,0.021,0.1,81000000.0,197000000.0,0.031,197000000.0,81000000.0,-28000000.0,0.01,0.01,0.01,22982000000.0,,22982000000.0,13513236971.0,64.0,18.926,976000000.0,2.239,1.0,2427000000.0,0.383,664000000.0,109000000.0,312668000000.0,,0.0,137168000000.0,,,285739000000.0,,,8472236971.0,367000000.0,0.0,9000000.0,-39000000.0,-43000000.0,-326000000.0,-311000000.0,-288000000.0,976000000.0,28000000.0,13000000.0,3000000.0,3000000.0,-20000000.0,0.0,0.0,1833000000.0,594000000.0,114016000000.0,10.0,0.369,100.86,102.316,979000000.0,10000000.0,19.44,0.352,0.352,8372000000.0,10847000000.0,6332000000.0,6332000000.0,0.0,,,,,0.0,1833000000.0,1.0,435814659.0,435814659,,14.529,308057000000.0,1393000000.0,-41000000.0,0.0,706.853,
36,HIG,MRQ,2012-06-30,2012-06-30,2012-06-30,2021-07-28,2256000000.0,303977000000.0,,,,,49.813,0.0,2338000000.0,2338000000.0,1959000000.0,-101000000.0,,12.842,7379000000.0,,,7379000000.0,5278000000.0,152000000.0,0.0,0.023,0.1,-152000000.0,0.0,0.0,0.0,-152000000.0,-267000000.0,-0.26,-0.26,-0.26,21961000000.0,,21961000000.0,12243457090.0,50.0,15.717,96000000.0,0.218,1.0,2606000000.0,0.571,1006000000.0,115000000.0,308012000000.0,,0.0,134935000000.0,,,282016000000.0,,,7772457090.0,279000000.0,0.0,-101000000.0,1494000000.0,-45000000.0,342000000.0,-184000000.0,-160000000.0,96000000.0,25000000.0,-101000000.0,-112000000.0,-112000000.0,-7000000.0,0.0,-0.025,1855000000.0,751000000.0,114168000000.0,-0.385,0.354,59.332,60.793,1001000000.0,11000000.0,17.63,0.349,0.349,8480000000.0,10887000000.0,4565000000.0,4565000000.0,0.0,,,,,0.0,1855000000.0,1.0,440865405.0,440865405,,10.355,302971000000.0,1808000000.0,-166000000.0,0.0,687.219,
37,HIG,MRQ,2012-03-31,2012-03-31,2012-03-31,2021-07-28,1328000000.0,310548000000.0,,,,,48.324,0.0,2059000000.0,2059000000.0,5902000000.0,96000000.0,,13.598,6530000000.0,,,6530000000.0,5325000000.0,98000000.0,0.0,0.019,0.1,125000000.0,223000000.0,0.029,223000000.0,125000000.0,1000000.0,0.2,0.18,0.2,21274000000.0,,21274000000.0,13229205973.0,45.0,14.179,1140000000.0,2.59,1.0,1759000000.0,0.23,1006000000.0,124000000.0,314013000000.0,,0.0,133600000000.0,,,289274000000.0,,,9280205973.0,-522000000.0,0.0,-52000000.0,-4000000.0,-44000000.0,-233000000.0,-1367000000.0,-1363000000.0,1140000000.0,-62000000.0,96000000.0,86000000.0,86000000.0,1000000.0,0.0,0.011,1633000000.0,126000000.0,115289000000.0,0.5,0.436,35.02,35.133,1017000000.0,10000000.0,21.08,0.402,0.402,8124000000.0,11042000000.0,7661000000.0,7661000000.0,0.0,,,,,0.0,1633000000.0,1.0,440237475.0,440237475,,17.402,309542000000.0,2375000000.0,-95000000.0,0.0,703.125,
38,HIG,MRQ,2011-12-31,2011-12-31,2011-12-31,2021-07-28,1251000000.0,302609000000.0,,,,,48.203,0.0,2581000000.0,2581000000.0,3805000000.0,118000000.0,,13.084,6530000000.0,,,6530000000.0,5222000000.0,136000000.0,0.0,0.025,0.1,158000000.0,294000000.0,0.053,294000000.0,158000000.0,34000000.0,0.24,0.23,0.24,21486000000.0,,21486000000.0,11620271734.0,14.0,7.67,650000000.0,1.458,1.0,1707000000.0,0.31,1006000000.0,124000000.0,305552000000.0,,0.0,134948000000.0,,,281123000000.0,,,7243271734.0,-8000000.0,0.0,-42000000.0,-440000000.0,-46000000.0,-370000000.0,-286000000.0,-248000000.0,650000000.0,-2000000.0,118000000.0,107000000.0,107000000.0,-54000000.0,0.0,0.019,1603000000.0,104000000.0,117089000000.0,0.417,0.337,10.811,10.762,1029000000.0,11000000.0,16.25,0.333,0.333,8214000000.0,11001000000.0,5512000000.0,5512000000.0,0.0,,,,,0.0,1573000000.0,1.0,445739799.0,445739799,,12.366,301603000000.0,2131000000.0,-84000000.0,0.0,676.635,
39,HIG,MRQ,2011-09-30,2011-09-30,2011-09-30,2021-07-28,1065000000.0,305598000000.0,,,,,51.143,0.0,2589000000.0,2589000000.0,2117000000.0,60000000.0,,12.415,6966000000.0,,,6966000000.0,5409000000.0,148000000.0,0.0,0.022,0.1,114000000.0,262000000.0,0.058,262000000.0,114000000.0,-14000000.0,0.11,0.11,0.11,22781000000.0,,22781000000.0,12273408847.0,8.0,5.564,660000000.0,1.482,1.0,2403000000.0,0.532,1036000000.0,128000000.0,308939000000.0,,0.0,136178000000.0,,,282817000000.0,,,7189408847.0,691000000.0,0.0,4000000.0,-19000000.0,-43000000.0,80000000.0,-89000000.0,-57000000.0,660000000.0,40000000.0,60000000.0,50000000.0,50000000.0,-3000000.0,0.0,0.011,2292000000.0,111000000.0,117636000000.0,0.909,0.316,6.379,6.305,1029000000.0,10000000.0,16.14,0.325,0.325,8778000000.0,12447000000.0,4520000000.0,4520000000.0,0.0,,,,,0.0,2292000000.0,1.0,445440449.0,445440449,,10.147,304562000000.0,1611000000.0,-74000000.0,0.0,683.732,
40,HIG,MRQ,2011-06-30,2011-06-30,2011-06-30,2021-07-28,-77000000.0,317469000000.0,,,,,48.678,0.0,1898000000.0,1898000000.0,3379000000.0,33000000.0,,13.647,6982000000.0,,,6982000000.0,5315000000.0,256000000.0,0.0,0.011,0.1,-102000000.0,154000000.0,0.029,154000000.0,-102000000.0,-230000000.0,0.05,0.05,0.05,21675000000.0,,21675000000.0,16416865755.0,7.0,5.255,490000000.0,1.1,1.0,2022000000.0,0.374,1036000000.0,128000000.0,321517000000.0,,0.0,132072000000.0,,,295794000000.0,,,11741865755.0,-419000000.0,0.0,4000000.0,-14000000.0,-45000000.0,132000000.0,-1061000000.0,-1020000000.0,490000000.0,20000000.0,33000000.0,22000000.0,22000000.0,80000000.0,0.0,0.004,2044000000.0,-22000000.0,116494000000.0,2.0,0.542,6.775,6.71,1020000000.0,11000000.0,26.37,0.485,0.485,8269000000.0,12503000000.0,5401000000.0,5401000000.0,0.0,,,,,0.0,2044000000.0,1.0,445273635.0,445273635,,12.13,316433000000.0,3362000000.0,-263000000.0,0.0,710.648,
41,HIG,MRQ,2011-03-31,2011-03-31,2011-03-31,2021-07-28,-764000000.0,322538000000.0,,,,,47.217,0.0,2317000000.0,2317000000.0,3981000000.0,501000000.0,,14.36,6992000000.0,,,6992000000.0,5314000000.0,128000000.0,0.0,0.009,0.1,677000000.0,805000000.0,0.128,805000000.0,677000000.0,549000000.0,1.1,0.99,1.1,20999000000.0,,20999000000.0,16903690579.0,6.0,5.095,474000000.0,1.066,1.0,2319000000.0,0.368,1051000000.0,128000000.0,326162000000.0,,0.0,129689000000.0,,,301539000000.0,,,11976690579.0,255000000.0,278000000.0,-2000000.0,0.0,-19000000.0,-451000000.0,254000000.0,22000000.0,474000000.0,-22000000.0,501000000.0,491000000.0,491000000.0,-162000000.0,0.0,0.078,1804000000.0,515000000.0,115608000000.0,0.091,0.57,6.744,6.682,1132000000.0,10000000.0,26.93,0.542,0.542,8377000000.0,12533000000.0,6300000000.0,6300000000.0,0.0,,,,,0.0,1804000000.0,1.0,444734147.0,444734147,,14.166,321487000000.0,3401000000.0,48000000.0,0.0,722.875,
42,HIG,MRQ,2010-12-31,2010-12-31,2010-12-31,2021-07-28,-1001000000.0,318346000000.0,,,,,45.69,0.0,2062000000.0,2062000000.0,3394000000.0,575000000.0,,14.674,6989000000.0,,,6989000000.0,5176000000.0,147000000.0,0.0,0.008,0.05,838000000.0,985000000.0,0.166,985000000.0,838000000.0,710000000.0,1.3,1.19,1.3,20311000000.0,,20311000000.0,17055895620.0,6.0,5.15,1064000000.0,2.393,1.0,2536000000.0,0.428,1051000000.0,128000000.0,322222000000.0,,0.0,130995000000.0,,,298035000000.0,,,11775895620.0,355000000.0,111000000.0,8000000.0,-2000000.0,-23000000.0,-560000000.0,-148000000.0,-174000000.0,1064000000.0,-1000000.0,575000000.0,564000000.0,564000000.0,-35000000.0,0.0,0.095,1733000000.0,803000000.0,116941000000.0,0.038,0.58,10.505,10.188,1150000000.0,11000000.0,26.49,0.534,0.534,8135000000.0,12077000000.0,5930000000.0,5930000000.0,0.0,,,,,0.0,1733000000.0,1.0,444541171.0,444541171,,13.34,317295000000.0,3725000000.0,135000000.0,0.0,713.758,
43,HIG,MRQ,2010-09-30,2010-09-30,2010-09-30,2021-07-28,194000000.0,313926000000.0,,,,,47.058,0.0,1707000000.0,1707000000.0,4080000000.0,666000000.0,,14.014,6987000000.0,,,6987000000.0,5296000000.0,134000000.0,0.0,0.009,0.05,1046000000.0,1180000000.0,0.179,1180000000.0,1046000000.0,918000000.0,1.48,1.34,1.48,20909000000.0,,20909000000.0,14251242387.0,5.0,4.336,1045000000.0,2.352,1.0,2522000000.0,0.382,1051000000.0,128000000.0,318155000000.0,,0.0,133590000000.0,,,293017000000.0,,,10197242387.0,-1291000000.0,0.0,3000000.0,-68000000.0,-22000000.0,-428000000.0,-1886000000.0,-1737000000.0,1045000000.0,-22000000.0,666000000.0,656000000.0,656000000.0,-1000000.0,0.0,0.099,1477000000.0,1045000000.0,118249000000.0,0.034,0.488,9.693,8.196,1143000000.0,10000000.0,22.95,0.457,0.457,8612000000.0,11488000000.0,6602000000.0,6602000000.0,0.0,,,,,0.0,1477000000.0,1.0,444324287.0,444324287,,14.859,312875000000.0,1721000000.0,252000000.0,0.0,704.159,
44,HIG,MRQ,2010-06-30,2010-06-30,2010-06-30,2021-07-28,-1379000000.0,314150000000.0,,,,,42.537,0.0,2998000000.0,2998000000.0,943000000.0,76000000.0,,15.63,7052000000.0,,,7052000000.0,5291000000.0,171000000.0,0.0,0.009,0.05,177000000.0,348000000.0,0.107,348000000.0,177000000.0,45000000.0,0.15,0.14,0.15,18891000000.0,,18891000000.0,15454996823.0,12.0,8.269,712000000.0,1.603,1.0,2322000000.0,0.711,1051000000.0,132000000.0,317153000000.0,,0.0,128071000000.0,,,295259000000.0,,,9827996823.0,919000000.0,130000000.0,6000000.0,-657000000.0,-20000000.0,-1315000000.0,1501000000.0,1292000000.0,712000000.0,21000000.0,76000000.0,65000000.0,65000000.0,99000000.0,0.0,0.02,2046000000.0,276000000.0,76555000000.0,0.333,0.52,86.21,41.755,1150000000.0,11000000.0,22.13,0.47,0.47,8856000000.0,11049000000.0,3265000000.0,3265000000.0,0.0,,,,,0.0,2046000000.0,1.0,444102884.0,444102884,,7.352,313099000000.0,2828000000.0,-31000000.0,0.0,705.015,
45,HIG,MRQ,2010-03-31,2010-03-31,2010-03-31,2021-07-28,-2377000000.0,317282000000.0,,,,,45.314,0.0,2079000000.0,2079000000.0,3834000000.0,319000000.0,,16.785,7706000000.0,,,7706000000.0,5293000000.0,144000000.0,0.0,0.007,0.05,655000000.0,799000000.0,0.128,799000000.0,655000000.0,535000000.0,-0.42,-0.42,-0.42,17840000000.0,,17840000000.0,15749933050.0,12.0,8.848,488000000.0,1.24,1.0,2423000000.0,0.387,1204000000.0,120000000.0,321705000000.0,,0.0,127351000000.0,,,299442000000.0,,,10916933050.0,-63000000.0,0.0,1608000000.0,720000000.0,-20000000.0,-652000000.0,99000000.0,180000000.0,488000000.0,2000000.0,319000000.0,-164000000.0,-164000000.0,0.0,0.0,-0.026,1768000000.0,655000000.0,77415000000.0,-0.119,0.612,352.159,88.812,1032000000.0,483000000.0,28.42,0.432,0.442,8581000000.0,11006000000.0,6257000000.0,6257000000.0,0.0,,,,,0.0,1768000000.0,1.0,384128538.0,393700000,393700000.0,15.893,316078000000.0,3322000000.0,216000000.0,0.0,802.84,
46,HIG,MRQ,2009-12-31,2009-12-31,2009-12-31,2021-07-28,-3312000000.0,307717000000.0,,,,,46.657,0.0,2142000000.0,2142000000.0,3783000000.0,557000000.0,,16.223,6975000000.0,,,6975000000.0,5221000000.0,110000000.0,0.0,0.009,0.05,850000000.0,960000000.0,0.156,960000000.0,850000000.0,731000000.0,1.59,1.59,1.59,17865000000.0,,17865000000.0,13519775826.0,-11.0,-17.355,229000000.0,0.598,1.0,2389000000.0,0.387,1204000000.0,119000000.0,311346000000.0,,0.0,125556000000.0,,,289823000000.0,,,8908775826.0,-275000000.0,-14000000.0,-1000000.0,-57000000.0,-20000000.0,-1169000000.0,698000000.0,638000000.0,229000000.0,-33000000.0,557000000.0,495000000.0,495000000.0,4000000.0,0.0,0.08,1535000000.0,854000000.0,117779000000.0,0.031,0.499,-8.786,-7.939,1026000000.0,62000000.0,23.26,0.365,0.33,8788000000.0,11164000000.0,6172000000.0,6172000000.0,0.0,,,,,0.0,1535000000.0,1.0,383008419.0,382900000,382900000.0,16.119,306513000000.0,3940000000.0,174000000.0,0.0,800.504,
47,HIG,MRQ,2009-09-30,2009-09-30,2009-09-30,2021-07-28,-3217000000.0,316720000000.0,,,,,49.02,0.0,2417000000.0,2417000000.0,3708000000.0,-220000000.0,,17.142,7028000000.0,,,7028000000.0,5324000000.0,101000000.0,0.0,0.018,0.05,-339000000.0,-238000000.0,-0.046,-238000000.0,-339000000.0,-457000000.0,-0.79,-0.79,-0.79,17456000000.0,,17456000000.0,13169199164.0,-4.0,-4.919,759000000.0,2.131,1.0,1522000000.0,0.291,1204000000.0,118000000.0,320127000000.0,,0.0,129439000000.0,,,299239000000.0,,,8696199164.0,-141000000.0,0.0,887000000.0,-6000000.0,-14000000.0,-646000000.0,-264000000.0,285000000.0,759000000.0,10000000.0,-220000000.0,-282000000.0,-282000000.0,0.0,0.0,-0.054,1861000000.0,-339000000.0,81435000000.0,-0.063,0.498,-3.744,-3.62,1032000000.0,62000000.0,26.5,0.462,0.501,9086000000.0,10689000000.0,5230000000.0,5230000000.0,0.0,,,,,0.0,1861000000.0,1.0,328158459.0,356100000,356100000.0,14.687,315516000000.0,3820000000.0,-237000000.0,0.0,886.032,
48,HIG,MRQ,2009-06-30,2009-06-30,2009-06-30,2021-07-28,-6610000000.0,289700000000.0,,,,,41.309,0.0,2558000000.0,2558000000.0,5615000000.0,-15000000.0,,20.55,7031000000.0,,,7031000000.0,5333000000.0,122000000.0,0.0,0.08,0.05,137000000.0,259000000.0,0.034,259000000.0,137000000.0,18000000.0,-0.06,-0.06,-0.06,13442000000.0,,13442000000.0,9389865685.0,-1.0,-1.391,976000000.0,2.999,1.0,2022000000.0,0.265,1204000000.0,119000000.0,292969000000.0,,0.0,121361000000.0,,,276238000000.0,,,3862865685.0,707000000.0,7000000.0,25000000.0,-357000000.0,-16000000.0,2212000000.0,-2546000000.0,-1731000000.0,976000000.0,65000000.0,-15000000.0,-18000000.0,-18000000.0,0.0,0.0,-0.002,1885000000.0,137000000.0,80050000000.0,-0.833,0.287,-0.827,-0.777,1024000000.0,3000000.0,11.87,0.293,0.293,9358000000.0,10991000000.0,7637000000.0,7637000000.0,0.0,,,,,0.0,1633000000.0,1.0,325430976.0,325400000,325400000.0,23.47,288496000000.0,5321000000.0,33000000.0,0.0,886.589,
49,HIG,MRQ,2009-03-31,2009-03-31,2009-03-31,2021-07-28,-7801000000.0,276168000000.0,,,,,24.501,0.0,1851000000.0,1851000000.0,3913000000.0,-1209000000.0,,34.132,7378000000.0,,,7378000000.0,5366000000.0,137000000.0,0.0,0.182,0.05,-1897000000.0,-1760000000.0,-0.326,-1760000000.0,-1897000000.0,-2017000000.0,-3.77,-3.77,-3.77,7860000000.0,,7860000000.0,8173050923.0,-1.0,-1.363,1010000000.0,3.148,1.0,1481000000.0,0.275,1036000000.0,120000000.0,280659000000.0,,0.0,116333000000.0,,,268281000000.0,,,2553050923.0,40000000.0,0.0,-7000000.0,-53000000.0,-99000000.0,126000000.0,-1011000000.0,628000000.0,1010000000.0,-85000000.0,-1209000000.0,-1209000000.0,-1209000000.0,0.0,0.0,-0.224,3378000000.0,-1897000000.0,80745000000.0,-0.013,0.325,-0.621,-0.583,1062000000.0,0.0,7.85,0.195,0.193,10082000000.0,10111000000.0,5394000000.0,5394000000.0,0.0,,,,,0.0,3157000000.0,1.0,325229417.0,320800000,320800000.0,16.814,275132000000.0,6300000000.0,-808000000.0,0.0,857.643,
50,HIG,MRQ,2008-12-31,2008-12-31,2008-12-31,2021-07-28,-7520000000.0,287583000000.0,,,,,30.852,0.0,1811000000.0,1811000000.0,-1349000000.0,-806000000.0,,30.02,7431000000.0,,,7431000000.0,5379000000.0,98000000.0,0.0,0.116,0.32,-1036000000.0,-938000000.0,-1.66,-938000000.0,-1036000000.0,-1151000000.0,-2.7,-2.7,-2.7,9268000000.0,,9268000000.0,9744372142.0,-2.0,-2.507,1254000000.0,4.174,1.0,1914000000.0,3.388,1060000000.0,115000000.0,292143000000.0,,0.0,120107000000.0,,,278223000000.0,,,4935372142.0,-152000000.0,0.0,7000000.0,638000000.0,-159000000.0,3240000000.0,-4778000000.0,-4373000000.0,1254000000.0,132000000.0,-806000000.0,-814000000.0,-814000000.0,0.0,0.0,-1.441,2950000000.0,-1036000000.0,84552000000.0,-0.119,0.533,-1.79,-1.826,1075000000.0,8000000.0,16.42,0.535,0.546,9961000000.0,11336000000.0,565000000.0,565000000.0,0.0,,,,,0.0,2747000000.0,1.0,300570776.0,300400000,300400000.0,1.881,286523000000.0,5239000000.0,-345000000.0,0.0,953.805,
51,HIG,MRQ,2008-09-30,2008-09-30,2008-09-30,2021-07-28,-4155000000.0,311485000000.0,,,,,41.704,185000000.0,1963000000.0,1963000000.0,579000000.0,-2631000000.0,,23.806,6772000000.0,,,6772000000.0,5523000000.0,-213000000.0,0.0,0.052,0.53,-4099000000.0,-4312000000.0,10.972,-4312000000.0,-4099000000.0,-4183000000.0,-8.74,-8.74,-8.74,12557000000.0,,12557000000.0,17350048315.0,-7.0,-9.687,862000000.0,2.863,1.0,-972000000.0,2.473,1801000000.0,84000000.0,314493000000.0,,0.0,123437000000.0,,,298928000000.0,,,12350048315.0,-121000000.0,0.0,-172000000.0,-313000000.0,-165000000.0,-968000000.0,268000000.0,167000000.0,677000000.0,-98000000.0,-2631000000.0,-2631000000.0,-2631000000.0,0.0,0.0,6.695,3127000000.0,-4099000000.0,80837000000.0,-0.061,0.984,-9.162,-8.834,1038000000.0,0.0,40.99,0.862,0.861,9302000000.0,12249000000.0,-393000000.0,-393000000.0,0.0,,,,,0.0,2956000000.0,1.0,301294177.0,301100000,301100000.0,-1.305,309684000000.0,3560000000.0,-1552000000.0,0.0,1028.509,
52,HIG,MRQ,2008-06-30,2008-06-30,2008-06-30,2021-07-28,-2780000000.0,333840000000.0,,,,,53.975,-118000000.0,2084000000.0,2084000000.0,4739000000.0,543000000.0,,18.843,7084000000.0,,,7084000000.0,5530000000.0,286000000.0,0.0,0.032,0.53,729000000.0,1015000000.0,0.135,1015000000.0,729000000.0,652000000.0,1.74,1.73,1.74,16824000000.0,,16824000000.0,24025959522.0,8.0,6.06,1576000000.0,5.056,1.0,2764000000.0,0.368,1788000000.0,77000000.0,337052000000.0,,0.0,131493000000.0,,,317016000000.0,,,20320959522.0,-164000000.0,0.0,-796000000.0,1122000000.0,-167000000.0,652000000.0,-2497000000.0,-1631000000.0,1694000000.0,-13000000.0,543000000.0,543000000.0,543000000.0,0.0,0.0,0.072,2035000000.0,729000000.0,83385000000.0,0.305,1.208,9.522,9.496,1022000000.0,0.0,64.57,0.989,0.98,8773000000.0,15039000000.0,7503000000.0,7503000000.0,0.0,,,,,0.0,1853000000.0,1.0,314712088.0,311700000,313100000.0,24.071,332052000000.0,1259000000.0,109000000.0,0.0,1065.294,
53,HIG,MRQ,2008-03-31,2008-03-31,2008-03-31,2021-07-28,-2225000000.0,344168000000.0,,,,,56.839,-67000000.0,2248000000.0,2248000000.0,-221000000.0,145000000.0,,18.296,5953000000.0,,,5953000000.0,5551000000.0,190000000.0,0.0,0.027,0.53,158000000.0,348000000.0,0.225,348000000.0,158000000.0,91000000.0,0.46,0.46,0.46,17836000000.0,,17836000000.0,27097642945.0,9.0,6.736,500000000.0,1.593,1.0,1765000000.0,1.143,1788000000.0,67000000.0,346085000000.0,,0.0,131475000000.0,,,326332000000.0,,,23792642945.0,237000000.0,-94000000.0,2000000.0,632000000.0,-169000000.0,1350000000.0,-1820000000.0,-1433000000.0,567000000.0,140000000.0,145000000.0,145000000.0,145000000.0,0.0,0.0,0.094,1607000000.0,158000000.0,83836000000.0,1.152,1.334,10.727,10.763,994000000.0,0.0,75.77,1.149,1.149,8886000000.0,14661000000.0,1544000000.0,1544000000.0,0.0,,,,,0.0,1418000000.0,1.0,314011389.0,313800000,315700000.0,4.92,342380000000.0,956000000.0,-54000000.0,0.0,1091.077,
54,HIG,MRQ,2007-12-31,2007-12-31,2007-12-31,2021-07-28,-858000000.0,360361000000.0,,,,,61.296,251000000.0,2011000000.0,2011000000.0,2775000000.0,595000000.0,,17.765,5316000000.0,,,5316000000.0,5545000000.0,310000000.0,0.0,0.023,0.53,848000000.0,1158000000.0,0.204,1158000000.0,848000000.0,781000000.0,1.9,1.89,1.9,19204000000.0,,19204000000.0,30627129681.0,7.0,6.05,1675000000.0,5.346,1.0,2899000000.0,0.511,1726000000.0,67000000.0,361940000000.0,,0.0,131086000000.0,,,341157000000.0,,,27364129681.0,59000000.0,0.0,43000000.0,86000000.0,-155000000.0,-176000000.0,-1272000000.0,-1447000000.0,1424000000.0,83000000.0,595000000.0,595000000.0,595000000.0,0.0,0.0,0.105,2051000000.0,848000000.0,80342000000.0,0.279,1.425,9.279,9.355,972000000.0,0.0,87.19,1.056,1.064,8831000000.0,14686000000.0,5674000000.0,5674000000.0,0.0,,,,,0.0,1872000000.0,1.0,313844818.0,313300000,316100000.0,18.11,358635000000.0,308000000.0,186000000.0,0.0,1144.702,
55,HIG,MRQ,2007-09-30,2007-09-30,2007-09-30,2021-07-28,-666000000.0,356455000000.0,,,,,60.082,-161000000.0,1952000000.0,1952000000.0,2968000000.0,851000000.0,,17.81,5215000000.0,,,5215000000.0,5677000000.0,202000000.0,0.0,0.022,0.5,1242000000.0,1444000000.0,0.248,1444000000.0,1242000000.0,1175000000.0,2.7,2.68,2.7,18950000000.0,,18950000000.0,32883337679.0,7.0,6.33,1459000000.0,4.626,1.0,2855000000.0,0.49,1726000000.0,67000000.0,357992000000.0,,0.0,129192000000.0,,,337505000000.0,,,29401337679.0,328000000.0,0.0,-351000000.0,110000000.0,-158000000.0,193000000.0,-1746000000.0,-1878000000.0,1620000000.0,261000000.0,851000000.0,851000000.0,851000000.0,0.0,0.0,0.146,1613000000.0,1242000000.0,78925000000.0,0.185,1.552,9.372,9.348,941000000.0,0.0,92.55,1.057,1.049,8929000000.0,14260000000.0,5823000000.0,5823000000.0,0.0,,,,,0.0,1449000000.0,1.0,317680580.0,315400000,318000000.0,18.462,354729000000.0,279000000.0,324000000.0,0.0,1124.696,
56,HIG,MRQ,2007-06-30,2007-06-30,2007-06-30,2021-07-28,-601000000.0,345646000000.0,,,,,58.864,-29000000.0,1624000000.0,1624000000.0,4778000000.0,627000000.0,,17.535,5106000000.0,,,5106000000.0,5704000000.0,170000000.0,0.0,0.019,0.5,903000000.0,1073000000.0,0.14,1073000000.0,903000000.0,837000000.0,1.98,1.96,1.98,18648000000.0,,18648000000.0,34311500402.0,8.0,7.001,1613000000.0,5.092,1.0,2882000000.0,0.376,1726000000.0,66000000.0,347402000000.0,,0.0,125317000000.0,,,326998000000.0,,,31194500402.0,-166000000.0,0.0,70000000.0,84000000.0,-161000000.0,210000000.0,-1962000000.0,-2230000000.0,1642000000.0,-56000000.0,627000000.0,627000000.0,627000000.0,0.0,0.0,0.082,1979000000.0,903000000.0,74796000000.0,0.253,1.673,10.248,10.208,910000000.0,0.0,98.51,1.061,1.061,8980000000.0,13564000000.0,7660000000.0,7660000000.0,0.0,,,,,0.0,1802000000.0,1.0,316663287.0,316800000,319600000.0,24.179,343920000000.0,558000000.0,210000000.0,0.0,1085.606,
57,HIG,MRQ,2007-03-31,2007-03-31,2007-03-31,2021-07-28,177000000.0,332711000000.0,,,,,58.983,-61000000.0,1790000000.0,1790000000.0,3543000000.0,876000000.0,,16.65,4907000000.0,,,4907000000.0,5657000000.0,112000000.0,0.0,0.019,0.5,1275000000.0,1387000000.0,0.205,1387000000.0,1275000000.0,1212000000.0,2.74,2.71,2.74,18851000000.0,,18851000000.0,33543430705.0,8.0,7.02,1244000000.0,3.892,1.0,3216000000.0,0.476,1726000000.0,63000000.0,334102000000.0,,0.0,122943000000.0,,,313860000000.0,,,30606430705.0,366000000.0,0.0,-738000000.0,541000000.0,-162000000.0,272000000.0,-1196000000.0,-2212000000.0,1305000000.0,-15000000.0,876000000.0,876000000.0,876000000.0,0.0,0.0,0.13,1941000000.0,1275000000.0,73465000000.0,0.182,1.624,10.579,10.344,815000000.0,0.0,95.58,1.146,1.143,9252000000.0,13095000000.0,6759000000.0,6759000000.0,0.0,,,,,0.0,1760000000.0,1.0,320217940.0,319600000,322700000.0,21.148,330985000000.0,142000000.0,336000000.0,0.0,1035.623,
58,HIG,MRQ,2006-12-31,2006-12-31,2006-12-31,2021-07-28,178000000.0,326544000000.0,,,,,59.508,-79000000.0,1424000000.0,1424000000.0,4301000000.0,783000000.0,,16.299,4361000000.0,,,4361000000.0,5620000000.0,219000000.0,0.0,0.018,0.5,1072000000.0,1291000000.0,0.17,1291000000.0,1072000000.0,1002000000.0,2.48,2.44,2.48,18876000000.0,,18876000000.0,32294493831.0,8.0,7.201,1773000000.0,5.59,1.0,3278000000.0,0.433,1717000000.0,70000000.0,327764000000.0,,0.0,119171000000.0,,,307668000000.0,,,29573493831.0,69000000.0,-112000000.0,46000000.0,309000000.0,-125000000.0,808000000.0,-2580000000.0,-2901000000.0,1852000000.0,-11000000.0,783000000.0,783000000.0,783000000.0,0.0,0.0,0.103,2206000000.0,1072000000.0,71311000000.0,0.202,1.567,10.774,10.496,791000000.0,0.0,93.31,1.116,1.087,9246000000.0,12421000000.0,7579000000.0,7579000000.0,0.0,,,,,0.0,1967000000.0,1.0,316938097.0,317200000,321300000.0,23.893,324827000000.0,284000000.0,219000000.0,0.0,1024.045,
59,HIG,MRQ,2006-09-30,2006-09-30,2006-09-30,2021-07-28,64000000.0,304794000000.0,,,,,57.203,-51000000.0,1355000000.0,1355000000.0,4491000000.0,758000000.0,,16.188,4076000000.0,,,4076000000.0,5670000000.0,69000000.0,0.0,0.017,0.4,1081000000.0,1150000000.0,0.155,1150000000.0,1081000000.0,1011000000.0,2.45,2.39,2.45,17733000000.0,,17733000000.0,30076436706.0,9.0,7.523,1211000000.0,3.906,1.0,2916000000.0,0.394,1720000000.0,70000000.0,305795000000.0,,0.0,114724000000.0,,,287061000000.0,,,26393436706.0,274000000.0,0.0,25000000.0,-649000000.0,-123000000.0,490000000.0,-1441000000.0,-1467000000.0,1262000000.0,-37000000.0,758000000.0,758000000.0,758000000.0,0.0,0.0,0.102,1835000000.0,1081000000.0,69296000000.0,0.163,1.488,10.866,10.871,753000000.0,0.0,86.75,0.991,1.01,8723000000.0,11800000000.0,7407000000.0,7407000000.0,0.0,,,,,0.0,1671000000.0,1.0,304247109.0,310000000,316700000.0,23.894,303074000000.0,472000000.0,253000000.0,0.0,977.658,
60,HIG,MRQ,2006-06-30,2006-06-30,2006-06-30,2021-07-28,-924000000.0,294938000000.0,,,,,50.719,-44000000.0,1081000000.0,1081000000.0,2471000000.0,476000000.0,,18.173,4764000000.0,,,4764000000.0,5660000000.0,274000000.0,0.0,0.016,0.4,676000000.0,950000000.0,0.191,950000000.0,676000000.0,605000000.0,1.57,1.52,1.57,15383000000.0,,15383000000.0,29013706293.0,9.0,7.712,1112000000.0,3.666,1.0,2500000000.0,0.503,1720000000.0,71000000.0,296901000000.0,,0.0,110831000000.0,,,279555000000.0,,,25641706293.0,-313000000.0,0.0,53000000.0,0.0,-121000000.0,633000000.0,-2143000000.0,-1831000000.0,1156000000.0,41000000.0,476000000.0,476000000.0,476000000.0,0.0,0.0,0.096,1824000000.0,676000000.0,67767000000.0,0.255,1.667,11.603,11.542,717000000.0,0.0,84.6,0.966,0.967,8978000000.0,11167000000.0,4971000000.0,4971000000.0,0.0,,,,,0.0,1628000000.0,1.0,303093455.0,303300000,312300000.0,16.39,293218000000.0,1123000000.0,129000000.0,0.0,966.759,
61,HIG,MRQ,2006-03-31,2006-03-31,2006-03-31,2021-07-28,-457000000.0,295375000000.0,,,,,50.993,-21000000.0,1394000000.0,1394000000.0,3779000000.0,728000000.0,,18.168,4766000000.0,,,4766000000.0,5672000000.0,44000000.0,0.0,0.016,0.4,1050000000.0,1094000000.0,0.167,1094000000.0,1050000000.0,984000000.0,2.41,2.34,2.41,15410000000.0,,15410000000.0,27856996572.0,8.0,7.169,1347000000.0,4.457,1.0,2764000000.0,0.422,1720000000.0,66000000.0,297027000000.0,,0.0,108819000000.0,,,279965000000.0,,,24362996572.0,121000000.0,0.0,18000000.0,0.0,-91000000.0,-16000000.0,-1246000000.0,-1420000000.0,1368000000.0,15000000.0,728000000.0,728000000.0,728000000.0,0.0,0.0,0.111,1714000000.0,1050000000.0,66602000000.0,0.166,1.581,10.429,10.34,691000000.0,0.0,80.55,0.882,0.881,9795000000.0,10814000000.0,6543000000.0,6543000000.0,0.0,,,,,0.0,1544000000.0,1.0,302458058.0,302200000,310900000.0,21.651,293655000000.0,884000000.0,256000000.0,0.0,971.724,
62,HIG,MRQ,2005-12-31,2005-12-31,2005-12-31,2021-07-28,90000000.0,285557000000.0,,,,,50.964,-42000000.0,1273000000.0,1273000000.0,5206000000.0,467000000.0,,17.633,4767000000.0,,,4767000000.0,5566000000.0,193000000.0,0.0,0.014,0.3,611000000.0,804000000.0,0.104,804000000.0,611000000.0,548000000.0,1.55,1.5,1.55,15325000000.0,,15325000000.0,28991587697.0,9.0,7.633,743000000.0,2.471,1.0,2504000000.0,0.325,1720000000.0,63000000.0,287331000000.0,,0.0,106935000000.0,,,270232000000.0,,,25799587697.0,-208000000.0,16000000.0,106000000.0,100000000.0,-87000000.0,205000000.0,-1185000000.0,-963000000.0,785000000.0,-13000000.0,467000000.0,467000000.0,467000000.0,0.0,0.0,0.061,1893000000.0,611000000.0,64452000000.0,0.194,1.683,11.345,11.257,683000000.0,0.0,85.89,0.953,0.945,10094000000.0,10207000000.0,7710000000.0,7710000000.0,0.0,,,,,0.0,1718000000.0,1.0,300379412.0,300700000,310100000.0,25.64,283837000000.0,675000000.0,81000000.0,0.0,943.921,
63,HIG,MRQ,2005-09-30,2005-09-30,2005-09-30,2021-07-28,593000000.0,280465000000.0,,,,,51.17,-53000000.0,1481000000.0,1481000000.0,4769000000.0,539000000.0,,17.319,4673000000.0,,,4673000000.0,5111000000.0,156000000.0,0.0,0.015,0.29,758000000.0,914000000.0,0.125,914000000.0,758000000.0,696000000.0,1.8,1.76,1.8,15310000000.0,,15310000000.0,26764962506.0,8.0,6.757,1465000000.0,4.896,1.0,2538000000.0,0.347,1720000000.0,62000000.0,281937000000.0,,0.0,103617000000.0,,,265155000000.0,,,23110962506.0,454000000.0,-8000000.0,70000000.0,0.0,-86000000.0,701000000.0,-1776000000.0,-1460000000.0,1518000000.0,11000000.0,539000000.0,539000000.0,539000000.0,0.0,0.0,0.074,1780000000.0,758000000.0,61535000000.0,0.161,1.51,9.522,9.4,675000000.0,0.0,77.17,0.907,0.906,9246000000.0,9831000000.0,7307000000.0,7307000000.0,0.0,,,,,0.0,1607000000.0,1.0,299481178.0,299200000,307000000.0,24.422,278745000000.0,459000000.0,157000000.0,0.0,931.634,
64,HIG,MRQ,2005-06-30,2005-06-30,2005-06-30,2021-07-28,1419000000.0,268382000000.0,,,,,52.474,-101000000.0,1027000000.0,1027000000.0,3446000000.0,602000000.0,,16.215,4681000000.0,,,4681000000.0,5038000000.0,183000000.0,0.0,0.015,0.29,891000000.0,1074000000.0,0.177,1074000000.0,891000000.0,827000000.0,2.03,1.98,2.03,15590000000.0,,15590000000.0,25664710676.0,8.0,7.533,662000000.0,2.228,1.0,2618000000.0,0.432,1720000000.0,64000000.0,270316000000.0,,0.0,100624000000.0,,,252792000000.0,,,22181710676.0,-412000000.0,0.0,107000000.0,-250000000.0,-86000000.0,-193000000.0,-952000000.0,-1230000000.0,763000000.0,-30000000.0,602000000.0,602000000.0,602000000.0,0.0,0.0,0.099,1727000000.0,891000000.0,57481000000.0,0.143,1.423,9.312,9.244,657000000.0,0.0,74.78,0.94,0.941,9029000000.0,9379000000.0,6064000000.0,6064000000.0,0.0,,,,,0.0,1573000000.0,1.0,296626246.0,297100000,303900000.0,20.411,266662000000.0,52000000.0,225000000.0,0.0,897.55,
65,HIG,MRQ,2005-03-31,2005-03-31,2005-03-31,2021-07-28,690000000.0,261420000000.0,,,,,48.206,-15000000.0,1439000000.0,1439000000.0,3355000000.0,666000000.0,,17.396,4922000000.0,,,4922000000.0,4943000000.0,29000000.0,0.0,0.017,0.29,977000000.0,1006000000.0,0.168,1006000000.0,977000000.0,914000000.0,2.26,2.21,2.26,14211000000.0,,14211000000.0,24055006630.0,8.0,7.668,651000000.0,2.208,1.0,2647000000.0,0.441,1720000000.0,63000000.0,263183000000.0,,0.0,96508000000.0,,,247209000000.0,,,20274006630.0,291000000.0,0.0,105000000.0,0.0,-86000000.0,567000000.0,-947000000.0,-649000000.0,666000000.0,5000000.0,666000000.0,666000000.0,666000000.0,0.0,0.0,0.111,1670000000.0,977000000.0,55459000000.0,0.128,1.427,9.161,9.093,658000000.0,0.0,68.56,0.882,0.88,9249000000.0,8863000000.0,6002000000.0,6002000000.0,0.0,,,,,0.0,1498000000.0,1.0,295711882.0,294800000,301300000.0,20.36,259700000000.0,550000000.0,248000000.0,0.0,880.936,
66,HIG,MRQ,2004-12-31,2004-12-31,2004-12-31,2021-07-28,1425000000.0,259735000000.0,,,,,48.462,-54000000.0,1148000000.0,1148000000.0,3588000000.0,620000000.0,,17.242,4929000000.0,,,4929000000.0,4807000000.0,84000000.0,0.0,0.016,0.29,883000000.0,967000000.0,0.158,967000000.0,883000000.0,821000000.0,2.12,2.08,2.12,14238000000.0,,14238000000.0,24471137966.0,9.0,8.09,975000000.0,3.319,1.0,2528000000.0,0.413,1720000000.0,62000000.0,261796000000.0,,0.0,94408000000.0,,,245497000000.0,,,20357137966.0,329000000.0,-3000000.0,3000000.0,0.0,-82000000.0,287000000.0,-963000000.0,-1167000000.0,1029000000.0,-24000000.0,620000000.0,620000000.0,620000000.0,0.0,0.0,0.101,1645000000.0,883000000.0,52833000000.0,0.137,1.43,9.625,9.573,643000000.0,0.0,69.31,0.896,0.892,9413000000.0,8283000000.0,6116000000.0,6116000000.0,0.0,,,,,0.0,1468000000.0,1.0,293711412.0,293800000,298200000.0,20.817,258015000000.0,419000000.0,201000000.0,0.0,878.199,
67,HIG,MRQ,2004-09-30,2004-09-30,2004-09-30,2021-07-28,1410000000.0,246489000000.0,,,,,46.555,-49000000.0,819000000.0,819000000.0,3467000000.0,494000000.0,,17.058,4933000000.0,,,4933000000.0,4911000000.0,-8000000.0,0.0,0.018,0.28,368000000.0,360000000.0,0.066,360000000.0,368000000.0,307000000.0,1.68,1.66,1.68,13650000000.0,,13650000000.0,22388183561.0,9.0,8.129,925000000.0,3.155,1.0,1949000000.0,0.36,1720000000.0,61000000.0,248883000000.0,,0.0,90372000000.0,,,232839000000.0,,,18157183561.0,124000000.0,3000000.0,41000000.0,0.0,-83000000.0,781000000.0,-1633000000.0,-1587000000.0,974000000.0,2000000.0,494000000.0,494000000.0,494000000.0,0.0,0.0,0.091,1581000000.0,368000000.0,49347000000.0,0.167,1.33,9.316,9.081,0.0,0.0,61.93,0.85,0.85,9273000000.0,7749000000.0,5416000000.0,5416000000.0,0.0,,,,,0.0,1426000000.0,1.0,293188819.0,293200000,297500000.0,18.472,244769000000.0,487000000.0,-187000000.0,0.0,834.819,
68,HIG,MRQ,2004-06-30,2004-06-30,2004-06-30,2021-07-28,480000000.0,240222000000.0,,,,,41.995,-59000000.0,695000000.0,695000000.0,3288000000.0,433000000.0,,18.57,4926000000.0,,,4926000000.0,4843000000.0,165000000.0,0.0,0.016,0.28,639000000.0,804000000.0,0.148,804000000.0,639000000.0,577000000.0,1.48,1.46,1.48,12275000000.0,,12275000000.0,24588693603.0,9.0,7.963,473000000.0,1.618,1.0,2156000000.0,0.396,1720000000.0,62000000.0,242733000000.0,,0.0,84849000000.0,,,227947000000.0,,,20073693603.0,57000000.0,-58000000.0,60000000.0,-200000000.0,-81000000.0,-284000000.0,-191000000.0,-74000000.0,532000000.0,0.0,433000000.0,433000000.0,433000000.0,0.0,0.0,0.08,1517000000.0,639000000.0,46605000000.0,0.189,1.635,11.164,10.825,0.0,0.0,68.74,0.961,0.962,9084000000.0,7337000000.0,5444000000.0,5444000000.0,0.0,,,,,0.0,1354000000.0,1.0,292023474.0,292300000,297500000.0,18.625,238502000000.0,987000000.0,144000000.0,0.0,815.949,
69,HIG,MRQ,2004-03-31,2004-03-31,2004-03-31,2021-07-28,2168000000.0,237264000000.0,,,,,46.695,-18000000.0,638000000.0,638000000.0,3297000000.0,568000000.0,,16.527,5153000000.0,,,5153000000.0,4612000000.0,33000000.0,0.0,0.017,0.28,861000000.0,894000000.0,0.156,894000000.0,861000000.0,795000000.0,1.96,1.93,1.96,13537000000.0,,13537000000.0,23759685928.0,9.0,8.134,81000000.0,0.279,1.0,2435000000.0,0.425,1720000000.0,66000000.0,240059000000.0,,0.0,85757000000.0,,,223727000000.0,,,18558685928.0,176000000.0,0.0,466000000.0,-530000000.0,-79000000.0,-307000000.0,386000000.0,404000000.0,99000000.0,-2000000.0,568000000.0,568000000.0,568000000.0,0.0,0.0,0.099,1551000000.0,884000000.0,45321000000.0,0.143,1.371,9.914,9.423,0.0,0.0,63.7,0.922,0.918,8937000000.0,6986000000.0,5732000000.0,5732000000.0,0.0,,,,,0.0,1371000000.0,1.0,291345148.0,289900000,294900000.0,19.772,235544000000.0,245000000.0,227000000.0,0.0,812.501,
70,HIG,MRQ,2003-12-31,2003-12-31,2003-12-31,2021-07-28,1246000000.0,225850000000.0,,,,,41.142,-15000000.0,462000000.0,462000000.0,2676000000.0,454000000.0,,18.405,5660000000.0,,,5660000000.0,4423000000.0,20000000.0,0.0,0.018,0.28,676000000.0,696000000.0,0.146,696000000.0,676000000.0,610000000.0,1.7,1.7,1.7,11639000000.0,,11639000000.0,21340816804.0,-76.0,-355.68,1003000000.0,3.545,1.0,2083000000.0,0.438,1720000000.0,66000000.0,229328000000.0,,0.0,65847000000.0,,,214211000000.0,,,16699816804.0,-34000000.0,-464000000.0,24000000.0,535000000.0,-76000000.0,493000000.0,-1514000000.0,-1035000000.0,1018000000.0,-31000000.0,454000000.0,454000000.0,454000000.0,0.0,0.0,0.095,1407000000.0,676000000.0,26185000000.0,0.165,1.435,-183.514,-178.879,593000000.0,0.0,59.03,0.892,0.859,9043000000.0,6499000000.0,4759000000.0,4759000000.0,0.0,,,,,0.0,1247000000.0,1.0,282903893.0,282900000,282900000.0,16.822,224130000000.0,845000000.0,156000000.0,0.0,792.259,
71,HIG,MRQ,2003-09-30,2003-09-30,2003-09-30,2021-07-28,1357000000.0,211365000000.0,,,,,40.156,-2000000.0,496000000.0,496000000.0,2998000000.0,343000000.0,,17.632,5137000000.0,,,5137000000.0,4560000000.0,188000000.0,0.0,0.021,0.27,506000000.0,694000000.0,0.14,694000000.0,506000000.0,436000000.0,1.21,1.2,1.21,11344000000.0,,11344000000.0,19581214774.0,-51.0,-137.896,1540000000.0,5.451,1.0,1949000000.0,0.394,1720000000.0,70000000.0,214286000000.0,,0.0,63620000000.0,,,200021000000.0,,,14863214774.0,67000000.0,33000000.0,17000000.0,-3000000.0,-77000000.0,23000000.0,-1493000000.0,-1524000000.0,1542000000.0,-5000000.0,343000000.0,343000000.0,343000000.0,0.0,0.0,0.069,1443000000.0,506000000.0,26240000000.0,0.223,1.31,-51.788,-38.985,0.0,0.0,52.63,0.815,0.815,9046000000.0,6124000000.0,4947000000.0,4947000000.0,0.0,,,,,0.0,1221000000.0,1.0,282409553.0,282500000,284800000.0,17.512,209645000000.0,888000000.0,93000000.0,0.0,742.106,
72,HIG,MRQ,2003-06-30,2003-06-30,2003-06-30,2021-07-28,1807000000.0,207801000000.0,,,,,42.779,-29000000.0,429000000.0,429000000.0,2629000000.0,507000000.0,,17.071,5147000000.0,,,5147000000.0,4454000000.0,-61000000.0,0.0,0.021,0.27,698000000.0,637000000.0,0.136,637000000.0,698000000.0,629000000.0,1.89,1.88,1.89,11499000000.0,,11499000000.0,16598358295.0,-24.0,-26.945,640000000.0,2.381,1.0,2053000000.0,0.438,1721000000.0,69000000.0,210798000000.0,,0.0,62190000000.0,,,196302000000.0,,,12873358295.0,-226000000.0,0.0,1173000000.0,738000000.0,-69000000.0,2876000000.0,-3773000000.0,-3744000000.0,669000000.0,2000000.0,507000000.0,507000000.0,507000000.0,0.0,0.0,0.108,1355000000.0,698000000.0,26254000000.0,0.143,1.12,-35.269,-33.573,0.0,0.0,50.36,0.741,0.779,9015000000.0,5857000000.0,4682000000.0,4682000000.0,0.0,,,,,0.0,1141000000.0,1.0,255626654.0,268800000,270200000.0,17.418,206080000000.0,765000000.0,122000000.0,0.0,766.667,
73,HIG,MRQ,2003-03-31,2003-03-31,2003-03-31,2021-07-28,1257000000.0,188657000000.0,,,,,36.969,-43000000.0,655000000.0,655000000.0,5245000000.0,-1395000000.0,,18.981,4380000000.0,,,4380000000.0,4291000000.0,72000000.0,0.0,0.03,0.27,-2159000000.0,-2087000000.0,-0.482,-2087000000.0,-2159000000.0,-2225000000.0,-5.46,-5.46,-5.46,9442000000.0,,9442000000.0,13015043344.0,-11.0,-12.624,624000000.0,2.443,1.0,-914000000.0,-0.211,1721000000.0,66000000.0,190661000000.0,,0.0,57328000000.0,,,179215000000.0,,,9013043344.0,278000000.0,0.0,6000000.0,0.0,-69000000.0,1216000000.0,-1607000000.0,-1564000000.0,667000000.0,2000000.0,-1395000000.0,-1395000000.0,-1395000000.0,0.0,0.0,-0.322,1245000000.0,-2159000000.0,25251000000.0,-0.049,0.955,-13.119,-13.367,0.0,0.0,35.29,0.54,0.54,9212000000.0,5426000000.0,4331000000.0,4331000000.0,0.0,,,,,0.0,1102000000.0,1.0,255399358.0,255400000,255400000.0,16.958,186936000000.0,1274000000.0,-830000000.0,0.0,731.934,
74,HIG,MRQ,2002-12-31,2002-12-31,2002-12-31,2021-07-28,1094000000.0,181975000000.0,,,,,42.028,-61000000.0,377000000.0,377000000.0,2579000000.0,258000000.0,,15.953,4379000000.0,,,4379000000.0,3989000000.0,43000000.0,0.0,0.023,0.27,571000000.0,614000000.0,0.143,614000000.0,571000000.0,306000000.0,1.01,1.01,1.01,10734000000.0,,10734000000.0,15849593067.0,12.0,11.03,455000000.0,1.782,1.0,1701000000.0,0.397,1721000000.0,265000000.0,184256000000.0,,0.0,54530000000.0,,,171241000000.0,,,11591593067.0,-36000000.0,-3000000.0,92000000.0,-300000000.0,-65000000.0,266000000.0,-820000000.0,-756000000.0,516000000.0,2000000.0,258000000.0,258000000.0,258000000.0,0.0,0.0,0.06,1130000000.0,571000000.0,23956000000.0,0.267,1.08,11.592,11.329,0.0,0.0,45.43,0.706,0.69,7638000000.0,6890000000.0,4280000000.0,4280000000.0,0.0,,,,,0.0,1104000000.0,1.0,255152830.0,255400000,256300000.0,16.758,180254000000.0,545000000.0,48000000.0,0.0,705.771,
75,HIG,MRQ,2002-09-30,2002-09-30,2002-09-30,2021-07-28,1510000000.0,175539000000.0,,,,,43.965,-38000000.0,413000000.0,413000000.0,2557000000.0,265000000.0,,15.041,4671000000.0,,,4671000000.0,3973000000.0,26000000.0,0.0,0.025,0.26,194000000.0,220000000.0,0.054,220000000.0,194000000.0,194000000.0,1.06,1.06,1.06,10943000000.0,,10943000000.0,13843909202.0,15.0,13.559,934000000.0,3.753,1.0,1528000000.0,0.374,1722000000.0,0.0,178075000000.0,,0.0,54101000000.0,,,164596000000.0,,,10153909202.0,94000000.0,0.0,330000000.0,617000000.0,-64000000.0,2668000000.0,-3546000000.0,-3508000000.0,972000000.0,0.0,265000000.0,265000000.0,265000000.0,0.0,0.0,0.065,1334000000.0,194000000.0,22336000000.0,0.245,0.928,11.46,11.421,0.0,0.0,41.0,0.603,0.606,7674000000.0,6701000000.0,4085000000.0,4085000000.0,0.0,,,,,0.0,1135000000.0,1.0,247656322.0,248900000,250500000.0,16.412,173817000000.0,281000000.0,-71000000.0,0.0,698.341,
76,HIG,MRQ,2002-06-30,2002-06-30,2002-06-30,2021-07-28,728000000.0,179637000000.0,,,,,39.03,-59000000.0,319000000.0,319000000.0,2482000000.0,185000000.0,,17.604,4009000000.0,,,4009000000.0,3839000000.0,22000000.0,0.0,0.017,0.26,200000000.0,222000000.0,0.056,222000000.0,200000000.0,200000000.0,0.75,0.74,0.75,9656000000.0,,9656000000.0,18368575274.0,63.0,44.911,643000000.0,2.599,1.0,1510000000.0,0.378,1725000000.0,0.0,181602000000.0,,0.0,49332000000.0,,,169981000000.0,,,14714575274.0,-32000000.0,3000000.0,0.0,0.0,-64000000.0,717000000.0,-1459000000.0,-1403000000.0,702000000.0,8000000.0,185000000.0,185000000.0,185000000.0,0.0,0.0,0.046,1310000000.0,200000000.0,20517000000.0,0.347,1.524,28.407,28.319,0.0,0.0,59.47,0.894,0.894,7823000000.0,6501000000.0,3992000000.0,3992000000.0,0.0,,,,,0.0,1133000000.0,1.0,247428540.0,247400000,250700000.0,16.136,177912000000.0,470000000.0,15000000.0,0.0,719.127,
77,HIG,MRQ,2002-03-31,2002-03-31,2002-03-31,2021-07-28,278000000.0,184937000000.0,,,,,36.729,-31000000.0,351000000.0,351000000.0,2416000000.0,292000000.0,,19.46,4005000000.0,,,4005000000.0,3649000000.0,13000000.0,0.0,0.015,0.26,368000000.0,381000000.0,0.094,381000000.0,368000000.0,368000000.0,1.19,1.17,1.19,9039000000.0,,9039000000.0,20398189919.0,54.0,44.344,356000000.0,1.447,1.0,1644000000.0,0.405,1725000000.0,0.0,186866000000.0,,0.0,47059000000.0,,,175898000000.0,,,16775189919.0,-2000000.0,0.0,0.0,16000000.0,-64000000.0,386000000.0,-775000000.0,-744000000.0,387000000.0,0.0,292000000.0,292000000.0,292000000.0,0.0,0.0,0.072,1276000000.0,368000000.0,19771000000.0,0.218,1.856,30.009,29.617,0.0,0.0,68.12,1.028,1.027,7720000000.0,6380000000.0,4060000000.0,4060000000.0,0.0,,,,,0.0,1089000000.0,1.0,246259394.0,246100000,249700000.0,16.497,183212000000.0,747000000.0,76000000.0,0.0,744.462,
78,HIG,MRQ,2001-12-31,2001-12-31,2001-12-31,2021-07-28,534000000.0,181593000000.0,,,,,36.939,-68000000.0,353000000.0,353000000.0,3162000000.0,144000000.0,,19.148,3976000000.0,,,3976000000.0,3436000000.0,47000000.0,0.0,0.016,0.26,151000000.0,198000000.0,0.042,198000000.0,151000000.0,151000000.0,0.59,0.58,0.59,9013000000.0,,9013000000.0,19022240638.0,62.0,48.526,1134000000.0,4.648,1.0,1527000000.0,0.326,1721000000.0,0.0,183495000000.0,,0.0,46689000000.0,,,172580000000.0,,,15404240638.0,28000000.0,24000000.0,477000000.0,48000000.0,-59000000.0,279000000.0,-1447000000.0,-1403000000.0,1202000000.0,-6000000.0,144000000.0,144000000.0,144000000.0,0.0,0.0,0.031,1376000000.0,151000000.0,19355000000.0,0.441,1.709,30.383,29.498,0.0,0.0,62.83,0.964,0.935,7952000000.0,6152000000.0,4689000000.0,4689000000.0,0.0,,,,,0.0,1160000000.0,1.0,245173335.0,244000000,247100000.0,19.217,179872000000.0,693000000.0,7000000.0,0.0,737.18,
79,HIG,MRQ,2001-09-30,2001-09-30,2001-09-30,2021-07-28,784000000.0,170612000000.0,,,,,36.832,-68000000.0,325000000.0,325000000.0,2886000000.0,-103000000.0,,18.463,3943000000.0,,,3943000000.0,3458000000.0,34000000.0,0.0,0.017,0.25,-426000000.0,-392000000.0,-0.105,-392000000.0,-426000000.0,-426000000.0,-0.43,-0.43,-0.43,8766000000.0,,8766000000.0,17597418282.0,27.0,24.855,309000000.0,1.298,1.0,836000000.0,0.225,1683000000.0,0.0,172547000000.0,,0.0,45946000000.0,,,161846000000.0,,,13980418282.0,1000000.0,1000000.0,-7000000.0,0.0,-60000000.0,813000000.0,-1193000000.0,-1126000000.0,377000000.0,4000000.0,-103000000.0,-103000000.0,-103000000.0,0.0,0.0,-0.028,1262000000.0,-426000000.0,19542000000.0,-0.581,1.595,21.982,21.129,0.0,0.0,58.74,0.92,0.92,7568000000.0,6072000000.0,3722000000.0,3722000000.0,0.0,,,,,0.0,1069000000.0,1.0,238005078.0,238000000,238000000.0,15.639,168929000000.0,461000000.0,-323000000.0,0.0,709.786,
80,HIG,MRQ,2001-06-30,2001-06-30,2001-06-30,2021-07-28,341000000.0,177927000000.0,,,,,35.731,-42000000.0,324000000.0,324000000.0,2338000000.0,226000000.0,,19.984,3941000000.0,,,3941000000.0,3385000000.0,-11000000.0,0.0,0.014,0.25,284000000.0,273000000.0,0.071,273000000.0,284000000.0,284000000.0,0.95,0.94,0.95,8479000000.0,,8479000000.0,19876051378.0,14.0,13.822,334000000.0,1.408,1.0,1509000000.0,0.392,1701000000.0,0.0,179843000000.0,,0.0,44292000000.0,,,169448000000.0,,,16212051378.0,47000000.0,-1116000000.0,0.0,0.0,-59000000.0,664000000.0,-989000000.0,169000000.0,376000000.0,-4000000.0,226000000.0,226000000.0,226000000.0,0.0,0.0,0.059,1214000000.0,295000000.0,18661000000.0,0.263,1.912,16.392,15.833,0.0,0.0,68.4,1.062,1.064,7028000000.0,6234000000.0,3847000000.0,3847000000.0,0.0,,,,,0.0,1026000000.0,1.0,237018295.0,237300000,241300000.0,16.212,176226000000.0,511000000.0,58000000.0,0.0,742.63,
81,HIG,MRQ,2001-03-31,2001-03-31,2001-03-31,2021-07-28,522000000.0,165506000000.0,,,,,36.484,-31000000.0,277000000.0,277000000.0,2211000000.0,240000000.0,,18.596,3941000000.0,,,3941000000.0,3256000000.0,15000000.0,0.0,0.017,0.25,298000000.0,313000000.0,0.084,313000000.0,298000000.0,298000000.0,1.04,1.02,1.04,8446000000.0,,8446000000.0,17074817053.0,13.0,12.162,275000000.0,1.188,1.0,1511000000.0,0.406,0.0,0.0,169170000000.0,,0.0,42835000000.0,,,157060000000.0,,,13961817053.0,50000000.0,25000000.0,615000000.0,600000000.0,-57000000.0,1643000000.0,-1899000000.0,-1893000000.0,306000000.0,0.0,240000000.0,240000000.0,240000000.0,0.0,0.0,0.064,1190000000.0,321000000.0,16324000000.0,0.24,1.653,14.305,13.563,0.0,0.0,59.0,0.935,0.915,6703000000.0,6068000000.0,3722000000.0,3722000000.0,0.0,,,,,0.0,996000000.0,1.0,236640967.0,231500000,235500000.0,16.078,165506000000.0,502000000.0,58000000.0,0.0,714.929,
82,HIG,MRQ,2000-12-31,2000-12-31,2000-12-31,2021-07-28,369000000.0,171532000000.0,,,,,33.07,-62000000.0,227000000.0,227000000.0,2165000000.0,273000000.0,,21.981,3340000000.0,,,3340000000.0,3093000000.0,17000000.0,0.0,0.014,0.25,497000000.0,514000000.0,0.132,514000000.0,497000000.0,497000000.0,1.22,1.19,1.22,7464000000.0,,7464000000.0,19426715382.0,14.0,13.614,725000000.0,3.212,1.0,1734000000.0,0.445,1202000000.0,0.0,173443000000.0,,0.0,40669000000.0,,,164068000000.0,,,15926715381.0,-8000000.0,547000000.0,0.0,-396000000.0,-54000000.0,-308000000.0,-481000000.0,-966000000.0,787000000.0,-6000000.0,273000000.0,273000000.0,273000000.0,0.0,0.0,0.07,1237000000.0,497000000.0,15848000000.0,0.205,2.134,16.352,15.98,0.0,0.0,70.63,1.083,1.06,6874000000.0,5887000000.0,3899000000.0,3899000000.0,0.0,,,,,0.0,1039000000.0,1.0,225495050.0,225700000,230700000.0,17.275,170330000000.0,682000000.0,224000000.0,0.0,754.674,
83,HIG,MRQ,2000-09-30,2000-09-30,2000-09-30,2021-07-28,-76000000.0,177246000000.0,,,,,30.053,-43000000.0,235000000.0,235000000.0,2176000000.0,250000000.0,,25.282,3735000000.0,,,3735000000.0,3081000000.0,19000000.0,0.0,0.013,0.24,319000000.0,338000000.0,0.089,338000000.0,319000000.0,319000000.0,1.11,1.09,1.11,6744000000.0,,6744000000.0,19870493431.0,17.0,16.142,669000000.0,2.981,1.0,1615000000.0,0.426,0.0,0.0,180746000000.0,,0.0,39888000000.0,,,170502000000.0,,,16347493431.0,23000000.0,-285000000.0,0.0,0.0,-51000000.0,170000000.0,-852000000.0,-524000000.0,712000000.0,-7000000.0,250000000.0,250000000.0,250000000.0,0.0,0.0,0.066,1296000000.0,319000000.0,0.0,0.216,2.424,17.692,17.352,0.0,0.0,72.88,1.148,1.148,6786000000.0,5671000000.0,3791000000.0,3791000000.0,0.0,,,,,0.0,1103000000.0,1.0,224306990.0,224400000,229300000.0,16.894,177246000000.0,1271000000.0,69000000.0,0.0,789.866,
84,HIG,MRQ,2000-06-30,2000-06-30,2000-06-30,2021-07-28,-248000000.0,171905000000.0,,,,,29.044,-43000000.0,212000000.0,212000000.0,2088000000.0,213000000.0,,26.339,3735000000.0,,,3735000000.0,2973000000.0,7000000.0,0.0,0.017,0.24,232000000.0,239000000.0,0.068,239000000.0,232000000.0,232000000.0,0.98,0.97,0.98,6288000000.0,,6288000000.0,14634456717.0,13.0,12.882,557000000.0,2.573,1.0,1426000000.0,0.406,0.0,0.0,175428000000.0,,0.0,39017000000.0,,,165617000000.0,,,12021456717.0,-4000000.0,-1108000000.0,398000000.0,916000000.0,-52000000.0,1174000000.0,-1776000000.0,-625000000.0,600000000.0,-2000000.0,213000000.0,213000000.0,213000000.0,0.0,0.0,0.061,1168000000.0,258000000.0,0.0,0.245,1.912,13.978,14.27,0.0,0.0,55.94,0.865,0.872,6590000000.0,5475000000.0,3514000000.0,3514000000.0,0.0,,,,,0.0,1013000000.0,1.0,214899119.0,216500000,219900000.0,16.231,171905000000.0,1314000000.0,19000000.0,0.0,794.018,
85,HIG,MRQ,2000-03-31,2000-03-31,2000-03-31,2021-07-28,-172000000.0,172401000000.0,,,,,24.18,-52000000.0,216000000.0,216000000.0,1990000000.0,238000000.0,,31.952,2829000000.0,,,2829000000.0,2915000000.0,20000000.0,0.0,0.018,0.24,316000000.0,336000000.0,0.096,336000000.0,316000000.0,316000000.0,1.1,1.1,1.1,5218000000.0,,5218000000.0,13966198496.0,12.0,11.6,284000000.0,1.316,1.0,1509000000.0,0.431,0.0,0.0,175014000000.0,,0.0,38741000000.0,,,166726000000.0,,,11319198496.0,34000000.0,0.0,-100000000.0,0.0,-53000000.0,-1244000000.0,945000000.0,997000000.0,336000000.0,-3000000.0,238000000.0,238000000.0,238000000.0,0.0,0.0,0.068,1165000000.0,344000000.0,0.0,0.218,2.169,13.131,13.56,0.0,0.0,52.75,0.825,0.829,6656000000.0,5313000000.0,3499000000.0,3499000000.0,0.0,,,,,0.0,544000000.0,1.0,214581962.0,215800000,217300000.0,16.214,172401000000.0,1257000000.0,78000000.0,0.0,798.892,
86,HIG,MRQ,1999-12-31,1999-12-31,1999-12-31,2021-07-28,-272000000.0,167051000000.0,,,,,22.854,-104000000.0,182000000.0,182000000.0,1963000000.0,223000000.0,,32.08,2829000000.0,,,2829000000.0,2777000000.0,10000000.0,0.0,0.019,0.24,308000000.0,318000000.0,0.093,318000000.0,308000000.0,308000000.0,1.01,1.0,1.01,5037000000.0,,5037000000.0,13194378627.0,11.0,10.932,415000000.0,1.883,1.0,1473000000.0,0.429,0.0,0.0,169698000000.0,,0.0,39141000000.0,,,161585000000.0,,,10500378627.0,47000000.0,-73000000.0,-309000000.0,0.0,-51000000.0,-62000000.0,-407000000.0,-230000000.0,519000000.0,-3000000.0,223000000.0,223000000.0,223000000.0,0.0,0.0,0.065,1142000000.0,331000000.0,16884000000.0,0.238,2.085,12.181,12.371,0.0,0.0,47.38,0.776,0.788,6544000000.0,5127000000.0,3436000000.0,3436000000.0,0.0,,,,,0.0,2326000000.0,1.0,221620486.0,220400000,222100000.0,15.59,167051000000.0,1404000000.0,85000000.0,0.0,757.945,
87,HIG,MRQ,1999-09-30,1999-09-30,1999-09-30,2021-07-28,-88000000.0,153553000000.0,,,,,23.702,-33000000.0,135000000.0,135000000.0,2025000000.0,186000000.0,,27.674,2829000000.0,,,2829000000.0,2715000000.0,12000000.0,0.0,0.022,0.23,231000000.0,243000000.0,0.071,243000000.0,231000000.0,231000000.0,0.83,0.82,0.83,5340000000.0,,5340000000.0,11867133660.0,9.0,9.018,296000000.0,1.314,1.0,1419000000.0,0.412,0.0,0.0,156247000000.0,,0.0,39417000000.0,,,147780000000.0,,,9239133660.0,-66000000.0,21000000.0,-136000000.0,0.0,-52000000.0,-505000000.0,110000000.0,122000000.0,329000000.0,0.0,186000000.0,186000000.0,186000000.0,0.0,0.0,0.054,1166000000.0,253000000.0,0.0,0.277,1.73,9.829,9.851,0.0,0.0,40.88,0.648,0.646,6490000000.0,4957000000.0,3444000000.0,3444000000.0,0.0,,,,,0.0,516000000.0,1.0,226006205.0,225300000,227800000.0,15.286,153553000000.0,1380000000.0,45000000.0,0.0,681.549,
88,HIG,MRQ,1999-06-30,1999-06-30,1999-06-30,2021-07-28,133000000.0,157263000000.0,,,,,24.533,-32000000.0,201000000.0,201000000.0,2005000000.0,215000000.0,,27.187,2829000000.0,,,2829000000.0,2651000000.0,21000000.0,0.0,0.015,0.23,286000000.0,307000000.0,0.092,307000000.0,286000000.0,286000000.0,0.95,0.93,0.95,5564000000.0,,5564000000.0,15953604515.0,12.0,11.552,192000000.0,0.847,1.0,1344000000.0,0.401,0.0,0.0,159891000000.0,,0.0,40006000000.0,,,151266000000.0,,,13232604515.0,93000000.0,0.0,-75000000.0,0.0,-51000000.0,-173000000.0,43000000.0,75000000.0,224000000.0,-1000000.0,215000000.0,215000000.0,215000000.0,0.0,0.0,0.064,1037000000.0,307000000.0,0.0,0.242,2.378,13.67,13.752,0.0,0.0,58.31,0.916,0.915,6570000000.0,4824000000.0,3349000000.0,3349000000.0,0.0,,,,,0.0,490000000.0,1.0,226935423.0,226800000,230000000.0,14.766,157263000000.0,1327000000.0,71000000.0,0.0,693.399,
89,HIG,MRQ,1999-03-31,1999-03-31,1999-03-31,2021-07-28,583000000.0,150960000000.0,,,,,25.863,-14000000.0,108000000.0,108000000.0,1909000000.0,238000000.0,,24.635,2829000000.0,,,2829000000.0,2587000000.0,15000000.0,0.0,0.015,0.22,324000000.0,339000000.0,0.103,339000000.0,324000000.0,324000000.0,1.05,1.04,1.05,5871000000.0,,5871000000.0,15592022441.0,11.0,10.896,-132000000.0,-0.581,1.0,1390000000.0,0.421,0.0,0.0,153681000000.0,,0.0,40859000000.0,,,144630000000.0,,,12886022441.0,-15000000.0,0.0,-76000000.0,0.0,-53000000.0,-2364000000.0,2470000000.0,2484000000.0,-118000000.0,-3000000.0,238000000.0,238000000.0,238000000.0,0.0,0.0,0.072,1046000000.0,344000000.0,0.0,0.21,2.195,13.029,13.242,0.0,0.0,56.81,0.883,0.884,6549000000.0,4661000000.0,3299000000.0,3299000000.0,0.0,,,,,0.0,458000000.0,1.0,226826658.0,227000000,229900000.0,14.533,150960000000.0,1158000000.0,86000000.0,0.0,665.022,
90,HIG,MRQ,1998-12-31,1998-12-31,1998-12-31,2021-07-28,811000000.0,150632000000.0,,,,,26.166,-20000000.0,123000000.0,123000000.0,2342000000.0,301000000.0,,24.204,2829000000.0,,,2829000000.0,2478000000.0,11000000.0,0.0,0.015,0.22,416000000.0,427000000.0,0.103,427000000.0,416000000.0,416000000.0,1.32,1.3,1.32,5958000000.0,,5958000000.0,14088908152.0,10.0,9.443,129000000.0,0.567,1.0,1819000000.0,0.437,0.0,0.0,153338000000.0,,0.0,43696000000.0,,,144209000000.0,,,12510908152.0,-12000000.0,514000000.0,-147000000.0,0.0,-51000000.0,-969000000.0,805000000.0,311000000.0,149000000.0,3000000.0,301000000.0,301000000.0,301000000.0,0.0,0.0,0.072,1383000000.0,436000000.0,19774000000.0,0.167,2.1,12.326,12.587,0.0,0.0,54.88,0.833,0.85,6811000000.0,4474000000.0,4161000000.0,4161000000.0,0.0,,,,,0.0,2744000000.0,1.0,227968443.0,227700000,230800000.0,18.274,150632000000.0,1085000000.0,115000000.0,0.0,661.537,
91,HIG,MRQ,1998-09-30,1998-09-30,1998-09-30,2021-07-28,926000000.0,141064000000.0,,,,,25.491,-25000000.0,135000000.0,135000000.0,2125000000.0,214000000.0,,22.753,1713000000.0,,,1713000000.0,3243000000.0,14000000.0,0.0,0.017,0.21,294000000.0,308000000.0,0.085,308000000.0,294000000.0,294000000.0,0.92,0.91,0.92,5919000000.0,,5919000000.0,12644520644.0,10.0,8.93,430000000.0,1.852,1.0,1515000000.0,0.416,0.0,0.0,142642000000.0,,0.0,41690000000.0,,,134677000000.0,,,11074520644.0,-8000000.0,-170000000.0,-248000000.0,0.0,-49000000.0,-563000000.0,99000000.0,294000000.0,455000000.0,1000000.0,214000000.0,214000000.0,214000000.0,0.0,0.0,0.059,1202000000.0,313000000.0,0.0,0.228,1.871,11.429,11.515,0.0,0.0,47.44,0.755,0.751,12488000000.0,4224000000.0,3640000000.0,3640000000.0,0.0,,,,,0.0,537000000.0,1.0,233442678.0,232200000,235600000.0,15.676,141064000000.0,974000000.0,80000000.0,0.0,607.511,
92,HIG,MRQ,1998-06-30,1998-06-30,1998-06-30,2021-07-28,891000000.0,144948000000.0,,,,,25.476,-25000000.0,143000000.0,143000000.0,2035000000.0,236000000.0,,23.097,1713000000.0,,,1713000000.0,3258000000.0,34000000.0,0.0,0.014,0.21,323000000.0,357000000.0,0.102,357000000.0,323000000.0,323000000.0,1.0,0.99,1.0,5997000000.0,,5997000000.0,15167808141.0,10.0,9.735,102000000.0,0.433,1.0,1458000000.0,0.417,0.0,0.0,146518000000.0,,0.0,42145000000.0,,,138511000000.0,,,13480808141.0,67000000.0,0.0,-106000000.0,200000000.0,-50000000.0,-30000000.0,-29000000.0,-4000000.0,127000000.0,-1000000.0,236000000.0,236000000.0,236000000.0,0.0,0.0,0.068,1118000000.0,340000000.0,0.0,0.21,2.248,12.79,12.825,0.0,0.0,57.2,0.938,0.937,12622000000.0,4059000000.0,3493000000.0,3493000000.0,0.0,,,,,0.0,567000000.0,1.0,235678464.0,235400000,239100000.0,14.839,144948000000.0,1034000000.0,87000000.0,0.0,615.752,
93,HIG,MRQ,1998-03-31,1998-03-31,1998-03-31,2021-07-28,869000000.0,141411000000.0,,,,,25.148,-38000000.0,76000000.0,76000000.0,2111000000.0,264000000.0,,22.777,1763000000.0,,,1763000000.0,3117000000.0,30000000.0,0.0,0.015,0.21,370000000.0,400000000.0,0.107,400000000.0,370000000.0,370000000.0,1.12,1.1,1.12,5930000000.0,,5930000000.0,14418829766.0,8.0,7.769,138000000.0,0.585,1.0,1617000000.0,0.434,0.0,0.0,143098000000.0,,0.0,42040000000.0,,,135070000000.0,,,12785829766.0,-64000000.0,-189000000.0,-46000000.0,-10000000.0,-47000000.0,222000000.0,-464000000.0,-237000000.0,176000000.0,2000000.0,264000000.0,264000000.0,264000000.0,0.0,0.0,0.071,1231000000.0,386000000.0,0.0,0.188,2.156,9.185,9.211,0.0,0.0,54.25,0.91,0.91,12507000000.0,3873000000.0,3728000000.0,3728000000.0,0.0,,,,,0.0,487000000.0,1.0,235683498.0,235800000,239100000.0,15.81,141411000000.0,1069000000.0,106000000.0,0.0,599.707,
94,HIG,MRQ,1997-12-31,1997-12-31,1997-12-31,2021-07-28,832000000.0,131743000000.0,,,,,24.102,-47000000.0,140000000.0,140000000.0,2162000000.0,255000000.0,,22.092,2773000000.0,,,2773000000.0,2895000000.0,26000000.0,0.0,0.017,0.2,325000000.0,351000000.0,0.092,351000000.0,325000000.0,325000000.0,1.08,1.07,1.08,5688000000.0,,5688000000.0,,,,709000000.0,3.004,1.0,1640000000.0,0.431,0.0,0.0,134376000000.0,,0.0,41122000000.0,,,125658000000.0,,,11025274036.0,-38000000.0,0.0,-29000000.0,9000000.0,-48000000.0,-240000000.0,-549000000.0,-502000000.0,756000000.0,-5000000.0,255000000.0,255000000.0,255000000.0,0.0,0.0,0.067,1299000000.0,341000000.0,0.0,0.185,1.938,8.277,8.294,0.0,0.0,46.78,0.819,0.82,12712000000.0,3658000000.0,3802000000.0,3802000000.0,0.0,,,,,0.0,494000000.0,1.0,235683498.0,236000000,239200000.0,16.11,131743000000.0,955000000.0,70000000.0,0.0,558.233,
95,HIG,MRQ,1997-09-30,1997-09-30,1997-09-30,2021-07-28,,,,,,,,-34000000.0,,,1929000000.0,299000000.0,,,,,,,,21000000.0,,0.019,0.2,429000000.0,450000000.0,0.134,450000000.0,429000000.0,429000000.0,1.26,1.25,1.26,,,,,,,413000000.0,1.746,1.0,1425000000.0,0.425,,0.0,,,,,,,,,,,43000000.0,0.0,-16000000.0,-6000000.0,-47000000.0,-108000000.0,-296000000.0,-262000000.0,447000000.0,0.0,299000000.0,299000000.0,299000000.0,0.0,0.0,0.089,980000000.0,445000000.0,,0.159,,,,,0.0,43.065,,,,,3354000000.0,3354000000.0,0.0,,,,,0.0,463000000.0,1.0,,236500000,239500000.0,14.182,,,130000000.0,,,
96,HIG,MRQ,1997-06-30,1997-06-30,1997-06-30,2021-07-28,,,,,,,,-15000000.0,,,1928000000.0,574000000.0,,,,,,,,17000000.0,,0.019,0.2,638000000.0,655000000.0,0.207,655000000.0,638000000.0,638000000.0,2.43,2.4,2.43,,,,,,,481000000.0,2.038,1.0,1241000000.0,0.392,,0.0,,,,,,,,,,,-11000000.0,0.0,0.0,-399000000.0,-47000000.0,302000000.0,-807000000.0,-792000000.0,496000000.0,-2000000.0,574000000.0,574000000.0,574000000.0,0.0,0.0,0.181,966000000.0,275000000.0,,0.082,,,,,0.0,41.375,,,,,3169000000.0,3169000000.0,0.0,,,,,0.0,477000000.0,1.0,,236000000,238800000.0,13.428,,,64000000.0,,,
97,HIG,MRQ,1997-03-31,1997-03-31,1997-03-31,2021-07-28,,,,,,,,-13000000.0,,,1958000000.0,204000000.0,,,,,,,,21000000.0,,0.022,0.2,274000000.0,295000000.0,0.094,295000000.0,274000000.0,274000000.0,0.865,0.855,0.865,,,,,,,333000000.0,1.415,1.0,1178000000.0,0.376,,0.0,,,,,,,,,,,34000000.0,0.0,0.0,637000000.0,-48000000.0,285000000.0,-595000000.0,-582000000.0,346000000.0,-2000000.0,204000000.0,204000000.0,204000000.0,0.0,0.0,0.065,904000000.0,274000000.0,,0.231,,,,,0.0,36.065,,,,,3136000000.0,3136000000.0,0.0,,,,,0.0,454000000.0,1.0,,235400000,238200000.0,13.322,,,70000000.0,,,
98,HIG,MRQ,1996-12-31,1996-12-31,1996-12-31,2021-07-28,392000000.0,108840000000.0,,,,,19.275,,112000000.0,112000000.0,,,,23.08,1532000000.0,,,1532000000.0,2797000000.0,,0.0,0.024,0.2,,,,,,,,,,4520000000.0,,4520000000.0,,,,,,1.0,,,0.0,,110260000000.0,,0.0,37639000000.0,,,104320000000.0,,,,,,,,,,,,,,,,,,,,,,0.0,,,,-80.357,0.0,,33.75,,0.629,13026000000.0,2515000000.0,,,,,,,,,,1.0,,234500000,,,108840000000.0,1480000000.0,,0.0,464.136,
0,HIG,MRT,2021-06-30,2021-06-30,2021-06-30,2021-07-28,570000000.0,74732000000.0,73840750000.0,,,0.29,51.076,-110000000.0,308000000.0,308000000.0,12178000000.0,2150000000.0,,3.096,4354000000.0,,,4354000000.0,7167000000.0,640000000.0,0.0,0.022,1.35,2826000000.0,3466000000.0,0.162,3466000000.0,2826000000.0,2597000000.0,5.97,5.91,5.97,18244000000.0,18076000000.0,18244000000.0,26208127138.0,9.0,7.561,4091000000.0,11.453,1.0,9209000000.0,0.431,2815000000.0,229000000.0,75963000000.0,75069500000.0,0.0,56787000000.0,,,56488000000.0,,,22135127138.0,-6000000.0,0.0,-679000000.0,0.0,-475000000.0,-1384000000.0,-2860000000.0,-2719000000.0,4201000000.0,54000000.0,2150000000.0,2129000000.0,2129000000.0,0.0,0.0,0.1,6383000000.0,2826000000.0,685000000.0,0.226,1.213,10.397,10.38,1067000000.0,21000000.0,61.97,1.035,1.035,10839000000.0,14813000000.0,21387000000.0,21387000000.0,0.0,0.029,0.118,0.038,0.132,0.0,4525000000.0,1.0,357191014.0,357191014,,59.876,71917000000.0,151000000.0,447000000.0,0.0,201.34,
1,HIG,MRT,2021-03-31,2021-03-31,2021-03-31,2021-07-28,264000000.0,74201000000.0,72905250000.0,,,0.286,49.514,-114000000.0,280000000.0,280000000.0,12239000000.0,1713000000.0,,3.192,4353000000.0,,,4353000000.0,6958000000.0,602000000.0,0.0,0.02,1.325,2308000000.0,2910000000.0,0.139,2910000000.0,2308000000.0,2079000000.0,4.72,4.69,4.72,17702000000.0,17783000000.0,17702000000.0,27991381099.0,12.0,9.619,4218000000.0,11.798,1.0,8627000000.0,0.413,2838000000.0,229000000.0,75436000000.0,74094000000.0,0.0,55727000000.0,,,56499000000.0,,,23878381099.0,37000000.0,0.0,-112000000.0,0.0,-465000000.0,-1017000000.0,-3293000000.0,-3183000000.0,4332000000.0,14000000.0,1713000000.0,1692000000.0,1692000000.0,0.0,0.0,0.081,6319000000.0,2308000000.0,681000000.0,0.281,1.349,14.113,14.15,1092000000.0,21000000.0,66.79,1.144,1.144,10570000000.0,14036000000.0,20866000000.0,20866000000.0,0.0,0.023,0.095,0.031,0.111,0.0,4448000000.0,1.0,357514315.0,357514315,,58.364,71363000000.0,205000000.0,366000000.0,0.0,199.609,
2,HIG,MRT,2020-12-31,2020-12-31,2020-12-31,2021-07-28,1170000000.0,74111000000.0,71536000000.0,,,0.287,51.785,-114000000.0,239000000.0,239000000.0,11805000000.0,1737000000.0,,2.994,4352000000.0,,,4352000000.0,6629000000.0,562000000.0,0.0,0.027,1.3,2356000000.0,2918000000.0,0.142,2918000000.0,2356000000.0,2120000000.0,4.79,4.76,4.79,18556000000.0,17174000000.0,18556000000.0,21632024706.0,9.0,7.413,3757000000.0,10.485,1.0,8718000000.0,0.425,2861000000.0,236000000.0,75363000000.0,72692750000.0,0.0,56532000000.0,,,55555000000.0,,,17551024706.0,35000000.0,0.0,-171000000.0,-500000000.0,-457000000.0,-1778000000.0,-2066000000.0,-1951000000.0,3871000000.0,8000000.0,1737000000.0,1716000000.0,1716000000.0,0.0,0.0,0.084,6362000000.0,2356000000.0,701000000.0,0.271,0.946,10.228,10.225,1122000000.0,21000000.0,48.98,0.855,0.855,10279000000.0,13918000000.0,20523000000.0,20523000000.0,0.0,0.024,0.1,0.032,0.115,0.0,4480000000.0,1.0,358330435.0,358330435,,57.274,71250000000.0,46000000.0,383000000.0,0.0,198.839,
3,HIG,MRT,2020-09-30,2020-09-30,2020-09-30,2021-07-28,856000000.0,72319000000.0,70712500000.0,,,0.291,49.699,-108000000.0,270000000.0,270000000.0,11664000000.0,1748000000.0,,3.062,4351000000.0,,,4351000000.0,6761000000.0,529000000.0,0.0,0.035,1.275,2388000000.0,2917000000.0,0.142,2917000000.0,2388000000.0,2144000000.0,4.81,4.78,4.81,17802000000.0,16602500000.0,17802000000.0,17181119488.0,7.0,5.89,3590000000.0,10.022,1.0,8892000000.0,0.433,2884000000.0,244000000.0,73516000000.0,71957000000.0,0.0,54778000000.0,,,54517000000.0,,,13203119488.0,-20000000.0,0.0,-275000000.0,-500000000.0,-447000000.0,-1827000000.0,-1835000000.0,-1779000000.0,3698000000.0,2000000.0,1748000000.0,1727000000.0,1727000000.0,0.0,0.0,0.084,6504000000.0,2388000000.0,711000000.0,0.265,0.742,7.645,7.663,1144000000.0,21000000.0,36.86,0.642,0.642,10118000000.0,13503000000.0,20556000000.0,20556000000.0,0.0,0.024,0.104,0.033,0.116,0.0,4618000000.0,1.0,358196405.0,358196405,,57.388,69435000000.0,49000000.0,396000000.0,0.0,193.846,
4,HIG,MRT,2020-06-30,2020-06-30,2020-06-30,2021-07-28,479000000.0,70990000000.0,70196750000.0,,,0.295,47.677,-112000000.0,372000000.0,372000000.0,11616000000.0,1824000000.0,,3.158,4350000000.0,,,4350000000.0,6872000000.0,499000000.0,0.0,0.032,1.25,2518000000.0,3017000000.0,0.146,3017000000.0,2518000000.0,2265000000.0,5.0,4.95,5.0,17072000000.0,16171500000.0,17072000000.0,17851790518.0,7.0,5.917,3640000000.0,10.165,1.0,9116000000.0,0.44,2907000000.0,253000000.0,72061000000.0,71521250000.0,0.0,53028000000.0,,,53918000000.0,,,13803790518.0,89000000.0,0.0,-318000000.0,-294000000.0,-441000000.0,-1663000000.0,-1963000000.0,-1938000000.0,3752000000.0,-37000000.0,1824000000.0,1798000000.0,1798000000.0,0.0,0.0,0.087,6508000000.0,2608000000.0,750000000.0,0.25,0.809,7.677,7.71,1135000000.0,26000000.0,38.55,0.666,0.666,10235000000.0,13167000000.0,20732000000.0,20732000000.0,0.0,0.026,0.111,0.035,0.121,0.0,4692000000.0,1.0,358074981.0,358074981,,57.898,68083000000.0,130000000.0,441000000.0,0.0,190.136,
5,HIG,MRT,2020-03-31,2020-03-31,2020-03-31,2021-07-28,-957000000.0,68724000000.0,69817250000.0,,,0.297,42.612,-108000000.0,301000000.0,301000000.0,11703000000.0,1728000000.0,,3.502,4349000000.0,,,4349000000.0,6810000000.0,477000000.0,0.0,0.035,1.225,2388000000.0,2865000000.0,0.138,2865000000.0,2388000000.0,2129000000.0,4.74,4.68,4.74,15266000000.0,15726500000.0,15266000000.0,17210806929.0,7.0,6.007,3400000000.0,9.491,1.0,9053000000.0,0.436,2941000000.0,259000000.0,69831000000.0,71164750000.0,0.0,50359000000.0,,,53458000000.0,,,12624806929.0,197000000.0,-1901000000.0,-360000000.0,-446000000.0,-432000000.0,-1790000000.0,-1500000000.0,463000000.0,3508000000.0,-21000000.0,1728000000.0,1707000000.0,1707000000.0,0.0,0.0,0.082,6575000000.0,2478000000.0,758000000.0,0.258,0.827,7.396,7.435,1161000000.0,21000000.0,35.24,0.608,0.608,10154000000.0,12819000000.0,20756000000.0,20756000000.0,0.0,0.024,0.109,0.034,0.115,0.0,4708000000.0,1.0,358252183.0,358252183,,57.937,65783000000.0,502000000.0,401000000.0,0.0,183.622,
6,HIG,MRT,2019-12-31,2019-12-31,2019-12-31,2021-07-28,52000000.0,70817000000.0,68467250000.0,,,0.303,45.142,-105000000.0,262000000.0,262000000.0,11472000000.0,2085000000.0,,3.353,4848000000.0,,,4848000000.0,6635000000.0,451000000.0,0.0,0.02,1.2,2819000000.0,3270000000.0,0.158,3270000000.0,2819000000.0,2560000000.0,5.72,5.66,5.72,16270000000.0,15495000000.0,16270000000.0,26458798269.0,9.0,8.091,3384000000.0,9.389,1.0,9268000000.0,0.447,2983000000.0,259000000.0,72420000000.0,70095000000.0,0.0,53030000000.0,,,54547000000.0,,,21902798269.0,141000000.0,-1901000000.0,-206000000.0,-207000000.0,-433000000.0,-1191000000.0,-2148000000.0,-191000000.0,3489000000.0,-9000000.0,2085000000.0,2064000000.0,2064000000.0,0.0,0.0,0.1,6359000000.0,2909000000.0,755000000.0,0.21,1.346,10.612,10.624,1181000000.0,21000000.0,60.77,1.056,1.056,9911000000.0,12685000000.0,20740000000.0,20740000000.0,0.0,0.03,0.133,0.04,0.136,0.0,4580000000.0,1.0,360421232.0,360421232,,57.544,67834000000.0,299000000.0,475000000.0,0.0,188.208,
7,HIG,MRT,2019-09-30,2019-09-30,2019-09-30,2021-07-28,214000000.0,70256000000.0,66339750000.0,,,0.302,44.466,-127000000.0,290000000.0,290000000.0,11479000000.0,1733000000.0,,3.37,4846000000.0,,,4846000000.0,6820000000.0,441000000.0,0.0,0.02,1.2,2315000000.0,2756000000.0,0.138,2756000000.0,2315000000.0,2051000000.0,4.75,4.69,4.75,16078000000.0,14702750000.0,16078000000.0,26182448290.0,11.0,9.5,3320000000.0,9.182,1.0,8533000000.0,0.426,3039000000.0,264000000.0,71773000000.0,68219250000.0,0.0,52577000000.0,,,54178000000.0,,,21915448290.0,-349000000.0,-1901000000.0,-134000000.0,-207000000.0,-436000000.0,-719000000.0,-2520000000.0,-510000000.0,3447000000.0,-20000000.0,1733000000.0,1711000000.0,1711000000.0,0.0,0.0,0.085,6128000000.0,2405000000.0,764000000.0,0.253,1.363,12.809,12.76,1194000000.0,22000000.0,60.61,1.095,1.095,9913000000.0,12251000000.0,20012000000.0,20012000000.0,0.0,0.026,0.116,0.034,0.116,0.0,4442000000.0,1.0,361581394.0,361581394,,55.346,67217000000.0,376000000.0,318000000.0,0.0,185.897,
8,HIG,MRT,2019-06-30,2019-06-30,2019-06-30,2021-07-28,-198000000.0,69472000000.0,64135000000.0,,,0.304,42.302,-107000000.0,283000000.0,283000000.0,11351000000.0,1630000000.0,,3.543,4550000000.0,,,4550000000.0,6833000000.0,451000000.0,0.0,0.022,1.2,2199000000.0,2650000000.0,0.136,2650000000.0,2199000000.0,1933000000.0,4.5,4.45,4.5,15292000000.0,13865500000.0,15292000000.0,24304732137.0,11.0,9.172,2470000000.0,6.833,1.0,8156000000.0,0.418,3104000000.0,266000000.0,70635000000.0,66293500000.0,0.0,50769000000.0,,,54180000000.0,,,20142732137.0,-401000000.0,-1901000000.0,-87000000.0,258000000.0,-415000000.0,-695000000.0,-1725000000.0,260000000.0,2577000000.0,-21000000.0,1630000000.0,1619000000.0,1619000000.0,-5000000.0,0.0,0.083,5962000000.0,2194000000.0,790000000.0,0.267,1.317,12.441,12.382,1222000000.0,11000000.0,55.72,1.033,1.033,10120000000.0,11836000000.0,19507000000.0,19507000000.0,0.0,0.025,0.117,0.033,0.113,0.0,4366000000.0,1.0,361499141.0,361499141,,53.961,66368000000.0,615000000.0,303000000.0,0.0,183.591,
9,HIG,MRT,2019-03-31,2019-03-31,2019-03-31,2021-07-28,-885000000.0,63324000000.0,61960750000.0,,,0.31,39.892,-103000000.0,104000000.0,104000000.0,11155000000.0,1840000000.0,,3.416,4266000000.0,,,4266000000.0,5482000000.0,459000000.0,0.0,0.023,1.15,2444000000.0,2903000000.0,0.151,2903000000.0,2444000000.0,2162000000.0,5.09,5.03,5.09,14340000000.0,13179000000.0,14340000000.0,22429868338.0,9.0,7.726,2307000000.0,6.418,1.0,8049000000.0,0.419,1934000000.0,282000000.0,65552000000.0,64470750000.0,0.0,47895000000.0,,,48984000000.0,,,17872868338.0,-661000000.0,1115000000.0,-45000000.0,-397000000.0,-398000000.0,-1218000000.0,-1591000000.0,-2655000000.0,2410000000.0,-2000000.0,1840000000.0,1829000000.0,1829000000.0,-153000000.0,0.0,0.095,5752000000.0,2297000000.0,742000000.0,0.226,1.246,9.772,9.768,1145000000.0,11000000.0,49.72,0.931,0.931,8501000000.0,11572000000.0,19204000000.0,19204000000.0,0.0,0.03,0.139,0.038,0.127,0.0,4292000000.0,1.0,359470401.0,359470401,,53.423,61390000000.0,921000000.0,322000000.0,0.0,170.779,
10,HIG,MRT,2018-12-31,2018-12-31,2018-12-31,2021-07-28,-1579000000.0,62307000000.0,100296250000.0,,,0.189,36.52,-122000000.0,121000000.0,121000000.0,11165000000.0,1807000000.0,,3.756,4678000000.0,,,4678000000.0,5282000000.0,467000000.0,0.0,0.025,1.1,2373000000.0,2840000000.0,0.15,2840000000.0,2373000000.0,2075000000.0,5.03,4.95,5.03,13101000000.0,12879750000.0,13101000000.0,20519762705.0,9.0,7.225,2721000000.0,7.585,1.0,7790000000.0,0.411,1947000000.0,298000000.0,64917000000.0,102990000000.0,0.0,46790000000.0,,,49206000000.0,,,15945762705.0,-596000000.0,1115000000.0,-16000000.0,-338000000.0,-379000000.0,-1467000000.0,-1962000000.0,-2975000000.0,2843000000.0,-10000000.0,1807000000.0,1801000000.0,1801000000.0,-322000000.0,0.0,0.095,5733000000.0,2057000000.0,767000000.0,0.219,1.217,8.854,8.837,1006000000.0,6000000.0,44.45,0.841,0.841,8352000000.0,11055000000.0,18955000000.0,18955000000.0,0.0,0.018,0.14,0.023,0.125,0.0,4281000000.0,1.0,358734819.0,358734819,,52.838,60360000000.0,1248000000.0,268000000.0,0.0,168.258,
11,HIG,MRT,2018-09-30,2018-09-30,2018-09-30,2021-07-28,-1519000000.0,61437000000.0,141034500000.0,,,0.134,35.514,-191000000.0,102000000.0,102000000.0,10911000000.0,-2092000000.0,,3.827,4676000000.0,,,4676000000.0,5388000000.0,458000000.0,0.0,0.021,1.05,-509000000.0,-51000000.0,-0.003,-51000000.0,-509000000.0,-815000000.0,-5.68,-5.72,-5.68,12729000000.0,12978000000.0,12729000000.0,22434619135.0,-44.0,-439.894,2313000000.0,6.453,1.0,7998000000.0,0.423,1941000000.0,306000000.0,64070000000.0,143793000000.0,0.0,46134000000.0,,,48708000000.0,,,17906619135.0,8000000.0,-308000000.0,-37000000.0,-453000000.0,-353000000.0,-2012000000.0,-719000000.0,-325000000.0,2504000000.0,-4000000.0,-2092000000.0,-2092000000.0,-2092000000.0,2823000000.0,0.0,-0.111,5678000000.0,2320000000.0,775000000.0,-0.185,1.407,-8.56,-8.796,997000000.0,0.0,49.96,0.947,0.947,7956000000.0,10973000000.0,18909000000.0,18909000000.0,0.0,-0.015,-0.161,-0.004,-0.027,0.0,4237000000.0,1.0,358419118.0,358419118,,52.757,59496000000.0,1244000000.0,1277000000.0,0.0,165.996,
12,HIG,MRT,2018-06-30,2018-06-30,2018-06-30,2021-07-28,-1353000000.0,60775000000.0,181728000000.0,,,0.1,35.031,-217000000.0,147000000.0,147000000.0,10763000000.0,-2290000000.0,,3.844,4675000000.0,,,4675000000.0,5446000000.0,445000000.0,0.0,0.019,0.98,-764000000.0,-319000000.0,-0.017,-319000000.0,-764000000.0,-1080000000.0,-6.23,-6.27,-6.23,12546000000.0,14104000000.0,12546000000.0,23251656887.0,-30.0,-72.889,2345000000.0,6.548,1.0,7496000000.0,0.411,1959000000.0,316000000.0,63344000000.0,184887750000.0,0.0,45648000000.0,,,48229000000.0,,,18311656887.0,46000000.0,-308000000.0,-361000000.0,-1037000000.0,-348000000.0,-2606000000.0,-173000000.0,289000000.0,2562000000.0,2000000.0,-2290000000.0,-2290000000.0,-2290000000.0,2739000000.0,0.0,-0.125,5515000000.0,1981000000.0,784000000.0,-0.157,1.46,-7.996,-8.207,1013000000.0,0.0,51.13,1.003,1.003,7913000000.0,10649000000.0,18259000000.0,18259000000.0,0.0,-0.013,-0.162,-0.004,-0.042,0.0,4098000000.0,1.0,358139192.0,358139192,,50.983,58816000000.0,1282000000.0,1210000000.0,0.0,164.227,
13,HIG,MRT,2018-03-31,2018-03-31,2018-03-31,2021-07-28,-239000000.0,216666000000.0,223000000000.0,,,0.079,36.817,-248000000.0,228000000.0,228000000.0,10445000000.0,-2912000000.0,,15.485,5168000000.0,,,5168000000.0,5450000000.0,419000000.0,0.0,0.019,0.96,-1618000000.0,-1199000000.0,-0.068,-1199000000.0,-1618000000.0,-1934000000.0,-7.96,-7.98,-7.96,13143000000.0,15289500000.0,13143000000.0,23209681058.0,-14.0,-19.358,2425000000.0,6.793,1.0,7239000000.0,0.409,1977000000.0,316000000.0,219629000000.0,226569500000.0,0.0,44432000000.0,,,203523000000.0,,,18391681058.0,127000000.0,-1201000000.0,-686000000.0,-3000000.0,-344000000.0,-2092000000.0,-476000000.0,911000000.0,2673000000.0,63000000.0,-2912000000.0,-2912000000.0,-2912000000.0,2775000000.0,0.0,-0.165,6082000000.0,1157000000.0,800000000.0,-0.121,1.399,-6.316,-6.472,1018000000.0,0.0,51.52,1.04,1.04,8033000000.0,10156000000.0,17684000000.0,17684000000.0,0.0,-0.013,-0.19,-0.007,-0.091,0.0,4681000000.0,1.0,356981387.0,356981387,,49.538,214689000000.0,1215000000.0,978000000.0,0.0,601.401,
14,HIG,MRT,2017-12-31,2017-12-31,2017-12-31,2021-07-28,663000000.0,225260000000.0,225180500000.0,,,0.076,37.828,-250000000.0,180000000.0,180000000.0,10174000000.0,-3131000000.0,,15.693,4998000000.0,,,4998000000.0,5322000000.0,399000000.0,0.0,0.017,0.94,-1830000000.0,-1431000000.0,-0.083,-1431000000.0,-1830000000.0,-2146000000.0,-8.61,-8.61,-8.61,13494000000.0,16256000000.0,13494000000.0,24881127479.0,-14.0,-17.387,1936000000.0,5.427,1.0,6988000000.0,0.407,1949000000.0,316000000.0,228129000000.0,229067500000.0,0.0,45146000000.0,,,211766000000.0,,,20076127479.0,-148000000.0,-1201000000.0,-1038000000.0,1391000000.0,-341000000.0,-979000000.0,-1442000000.0,-12000000.0,2186000000.0,70000000.0,-3131000000.0,-3131000000.0,-3131000000.0,2869000000.0,0.0,-0.182,5949000000.0,1039000000.0,816000000.0,-0.109,1.488,-6.412,-6.537,1034000000.0,0.0,56.28,1.17,1.17,7971000000.0,9642000000.0,17162000000.0,17162000000.0,0.0,-0.014,-0.193,-0.008,-0.107,0.0,4563000000.0,1.0,356718683.0,356718683,,48.111,223311000000.0,1164000000.0,985000000.0,0.0,626.014,
15,HIG,MRT,2017-09-30,2017-09-30,2017-09-30,2021-07-28,585000000.0,224211000000.0,225009500000.0,,,0.067,47.304,-170000000.0,333000000.0,333000000.0,8880000000.0,491000000.0,,12.011,5138000000.0,,,5138000000.0,5528000000.0,402000000.0,0.0,0.017,0.92,536000000.0,938000000.0,0.062,938000000.0,536000000.0,228000000.0,1.37,1.35,1.37,17233000000.0,17108250000.0,17233000000.0,24968155042.0,47.0,26.619,2015000000.0,5.531,1.0,6165000000.0,0.41,567000000.0,308000000.0,228449000000.0,229172000000.0,0.0,72993000000.0,,,206978000000.0,,,20193155042.0,-411000000.0,222000000.0,-1262000000.0,1454000000.0,-339000000.0,-1232000000.0,-1481000000.0,-1037000000.0,2185000000.0,51000000.0,491000000.0,491000000.0,491000000.0,-559000000.0,0.0,0.033,6188000000.0,-23000000.0,30151000000.0,0.672,1.172,41.127,40.46,962000000.0,0.0,55.43,1.342,1.342,27127000000.0,13434000000.0,15045000000.0,15045000000.0,0.0,0.002,0.029,0.002,0.036,0.0,4269000000.0,1.0,364300109.0,364300109,,41.298,223644000000.0,2766000000.0,-263000000.0,0.0,613.9,
16,HIG,MRT,2017-06-30,2017-06-30,2017-06-30,2021-07-28,494000000.0,225863000000.0,226064250000.0,,,0.069,47.06,-179000000.0,362000000.0,362000000.0,9022000000.0,695000000.0,,12.065,5137000000.0,,,5137000000.0,5573000000.0,405000000.0,0.0,0.017,0.9,801000000.0,1206000000.0,0.077,1206000000.0,801000000.0,486000000.0,1.86,1.83,1.86,17288000000.0,17464500000.0,17288000000.0,24112162723.0,30.0,19.994,1965000000.0,5.349,1.0,6546000000.0,0.42,567000000.0,315000000.0,230071000000.0,230154250000.0,0.0,73780000000.0,,,208575000000.0,,,19312162723.0,-55000000.0,47000000.0,-1293000000.0,1185000000.0,-337000000.0,-1409000000.0,-868000000.0,-287000000.0,2144000000.0,34000000.0,695000000.0,695000000.0,695000000.0,-470000000.0,0.0,0.045,6215000000.0,331000000.0,30466000000.0,0.484,1.117,27.787,28.263,974000000.0,0.0,52.57,1.241,1.241,27111000000.0,13282000000.0,15568000000.0,15568000000.0,0.0,0.003,0.04,0.003,0.051,0.0,4235000000.0,1.0,367360904.0,367360904,,42.378,225296000000.0,2868000000.0,-209000000.0,0.0,613.282,
17,HIG,MRT,2017-03-31,2017-03-31,2017-03-31,2021-07-28,-207000000.0,225388000000.0,226502500000.0,,,0.071,45.947,-181000000.0,337000000.0,337000000.0,9744000000.0,951000000.0,,12.251,5137000000.0,,,5137000000.0,5609000000.0,399000000.0,0.0,0.018,0.88,1146000000.0,1545000000.0,0.096,1545000000.0,1146000000.0,825000000.0,2.52,2.48,2.52,17009000000.0,17782250000.0,17009000000.0,21964998161.0,19.0,14.217,1712000000.0,4.625,1.0,6306000000.0,0.393,567000000.0,321000000.0,229621000000.0,230631750000.0,0.0,72189000000.0,,,208379000000.0,,,17794998161.0,-73000000.0,-175000000.0,-1322000000.0,1029000000.0,-336000000.0,-1540000000.0,-453000000.0,361000000.0,1893000000.0,-42000000.0,951000000.0,951000000.0,951000000.0,-358000000.0,0.0,0.059,5518000000.0,788000000.0,30863000000.0,0.349,1.046,18.712,19.075,984000000.0,0.0,48.07,1.109,1.109,27169000000.0,13406000000.0,16050000000.0,16050000000.0,0.0,0.004,0.053,0.005,0.071,0.0,3516000000.0,1.0,370189269.0,370189269,,43.356,224821000000.0,3105000000.0,-126000000.0,0.0,607.314,
18,HIG,MRT,2016-12-31,2016-12-31,2016-12-31,2021-07-28,-337000000.0,224576000000.0,227028750000.0,,,0.072,44.748,-224000000.0,328000000.0,328000000.0,9961000000.0,896000000.0,,12.286,4910000000.0,,,4910000000.0,5392000000.0,398000000.0,0.0,0.018,0.86,1057000000.0,1455000000.0,0.089,1455000000.0,1057000000.0,730000000.0,2.31,2.27,2.31,16903000000.0,18058000000.0,16903000000.0,22514042588.0,21.0,15.474,1842000000.0,4.876,1.0,6330000000.0,0.389,611000000.0,327000000.0,228547000000.0,231186250000.0,0.0,39757000000.0,,,207673000000.0,,,17999042588.0,185000000.0,-175000000.0,-1321000000.0,-104000000.0,-334000000.0,-2541000000.0,949000000.0,1724000000.0,2066000000.0,-40000000.0,896000000.0,896000000.0,896000000.0,-283000000.0,0.0,0.055,5556000000.0,774000000.0,602000000.0,0.372,1.065,20.088,20.628,991000000.0,0.0,47.65,1.105,1.105,7389000000.0,13114000000.0,16291000000.0,16291000000.0,0.0,0.004,0.05,0.005,0.065,0.0,3525000000.0,1.0,377734367.0,377734367,,43.128,223965000000.0,2999000000.0,-166000000.0,0.0,592.917,
19,HIG,MRT,2016-09-30,2016-09-30,2016-09-30,2021-07-28,987000000.0,228430000000.0,227971750000.0,,,0.07,48.341,-296000000.0,810000000.0,810000000.0,9803000000.0,1398000000.0,,11.243,5325000000.0,,,5325000000.0,5622000000.0,424000000.0,0.0,0.02,0.84,1899000000.0,2323000000.0,0.146,2323000000.0,1899000000.0,1567000000.0,3.54,3.47,3.54,18658000000.0,18242750000.0,18658000000.0,21390130491.0,11.0,9.208,1865000000.0,4.832,1.0,6151000000.0,0.386,567000000.0,332000000.0,232378000000.0,232239750000.0,0.0,73719000000.0,,,209772000000.0,,,16527130491.0,98000000.0,-175000000.0,-1540000000.0,-48000000.0,-340000000.0,-2805000000.0,827000000.0,1467000000.0,2161000000.0,-38000000.0,1398000000.0,1398000000.0,1398000000.0,-484000000.0,0.0,0.088,4708000000.0,1443000000.0,73097000000.0,0.237,0.886,11.822,12.096,1001000000.0,0.0,42.82,1.036,1.036,26789000000.0,13282000000.0,15954000000.0,15954000000.0,0.0,0.006,0.077,0.008,0.119,0.0,3407000000.0,1.0,385967550.0,385967550,,41.335,227863000000.0,2439000000.0,169000000.0,0.0,590.368,
20,HIG,MRT,2016-06-30,2016-06-30,2016-06-30,2021-07-28,900000000.0,227616000000.0,228727500000.0,,,0.069,47.178,-342000000.0,461000000.0,461000000.0,9733000000.0,1341000000.0,,11.264,5324000000.0,,,5324000000.0,5538000000.0,384000000.0,0.0,0.019,0.84,1761000000.0,2145000000.0,0.136,2145000000.0,1761000000.0,1427000000.0,3.32,3.25,3.32,18559000000.0,18129250000.0,18559000000.0,22302421507.0,13.0,10.397,2121000000.0,5.392,1.0,6068000000.0,0.384,498000000.0,334000000.0,231981000000.0,233099250000.0,0.0,75144000000.0,,,209057000000.0,,,17458421507.0,-79000000.0,0.0,-1468000000.0,118000000.0,-333000000.0,-2808000000.0,358000000.0,876000000.0,2463000000.0,-45000000.0,1341000000.0,1341000000.0,1341000000.0,-493000000.0,0.0,0.085,4792000000.0,1276000000.0,73562000000.0,0.253,0.941,13.019,13.367,1005000000.0,0.0,44.38,1.105,1.105,26777000000.0,12923000000.0,15801000000.0,15801000000.0,0.0,0.006,0.074,0.008,0.111,0.0,3460000000.0,1.0,393384892.0,393384892,,40.167,227118000000.0,2562000000.0,86000000.0,0.0,577.343,
21,HIG,MRT,2016-03-31,2016-03-31,2016-03-31,2021-07-28,254000000.0,227493000000.0,232078500000.0,,,0.068,45.659,-333000000.0,479000000.0,479000000.0,9403000000.0,1538000000.0,,11.56,5323000000.0,,,5323000000.0,5497000000.0,367000000.0,0.0,0.018,0.81,2065000000.0,2432000000.0,0.154,2432000000.0,2065000000.0,1727000000.0,3.76,3.67,3.76,18112000000.0,18046250000.0,18112000000.0,23189824735.0,11.0,9.535,2374000000.0,5.985,1.0,6387000000.0,0.404,498000000.0,338000000.0,231839000000.0,236492500000.0,0.0,73910000000.0,,,209381000000.0,,,18278824735.0,-68000000.0,0.0,-1325000000.0,-272000000.0,-323000000.0,-3090000000.0,384000000.0,910000000.0,2707000000.0,-22000000.0,1538000000.0,1538000000.0,1538000000.0,-493000000.0,0.0,0.097,4794000000.0,1593000000.0,73367000000.0,0.215,1.009,11.885,12.255,995000000.0,0.0,46.08,1.158,1.158,26730000000.0,12789000000.0,15790000000.0,15790000000.0,0.0,0.007,0.085,0.009,0.131,0.0,3439000000.0,1.0,396675884.0,396675884,,39.806,226995000000.0,2868000000.0,189000000.0,0.0,572.243,
22,HIG,MRT,2015-12-31,2015-12-31,2015-12-31,2021-07-28,-329000000.0,228348000000.0,236945250000.0,,,0.068,43.07,-307000000.0,448000000.0,448000000.0,9325000000.0,1682000000.0,,11.943,5359000000.0,,,5359000000.0,5385000000.0,373000000.0,0.0,0.018,0.78,2317000000.0,2690000000.0,0.168,2690000000.0,2317000000.0,1971000000.0,4.05,3.96,4.05,17642000000.0,18287500000.0,17642000000.0,22662646515.0,10.0,8.425,2449000000.0,5.979,1.0,6672000000.0,0.417,498000000.0,346000000.0,232761000000.0,241478250000.0,0.0,72918000000.0,,,210706000000.0,,,17801646515.0,2000000.0,0.0,-1250000000.0,-299000000.0,-316000000.0,-3144000000.0,485000000.0,994000000.0,2756000000.0,-48000000.0,1682000000.0,1682000000.0,1682000000.0,-493000000.0,0.0,0.105,4827000000.0,1845000000.0,31670000000.0,0.193,1.009,10.584,10.731,974000000.0,0.0,43.46,1.113,1.113,26726000000.0,12550000000.0,15997000000.0,15997000000.0,0.0,0.007,0.092,0.01,0.145,0.0,3459000000.0,1.0,409609906.0,409609906,,39.054,227850000000.0,3206000000.0,289000000.0,0.0,556.261,
23,HIG,MRT,2015-09-30,2015-09-30,2015-09-30,2021-07-28,140000000.0,231453000000.0,241111500000.0,,,0.077,43.881,-258000000.0,665000000.0,665000000.0,10667000000.0,1643000000.0,,11.714,5526000000.0,,,5526000000.0,5508000000.0,369000000.0,0.0,0.016,0.75,2329000000.0,2698000000.0,0.146,2698000000.0,2329000000.0,1964000000.0,3.9,3.78,3.9,18204000000.0,18557000000.0,18204000000.0,24023624609.0,10.0,8.904,2733000000.0,6.588,1.0,7814000000.0,0.423,498000000.0,365000000.0,235816000000.0,245844250000.0,0.0,74405000000.0,,,213249000000.0,,,18991624609.0,225000000.0,0.0,-1042000000.0,-303000000.0,-298000000.0,-3106000000.0,380000000.0,759000000.0,2991000000.0,-40000000.0,1643000000.0,1643000000.0,1643000000.0,-46000000.0,0.0,0.089,5538000000.0,2276000000.0,73608000000.0,0.192,1.043,11.559,11.738,932000000.0,0.0,45.78,1.028,1.028,26688000000.0,12215000000.0,18481000000.0,18481000000.0,0.0,0.007,0.089,0.009,0.126,0.0,3968000000.0,1.0,414845448.0,414845448,,44.549,230955000000.0,3062000000.0,321000000.0,0.0,556.725,
24,HIG,MRT,2015-06-30,2015-06-30,2015-06-30,2021-07-28,188000000.0,241020000000.0,245023250000.0,,,0.076,43.405,-209000000.0,493000000.0,493000000.0,10581000000.0,1650000000.0,,12.223,5525000000.0,,,5525000000.0,5463000000.0,389000000.0,0.0,0.017,0.72,2442000000.0,2831000000.0,0.151,2831000000.0,2442000000.0,2072000000.0,3.87,3.74,3.87,18227000000.0,18714750000.0,18227000000.0,22776440964.0,9.0,8.045,2276000000.0,5.42,1.0,8107000000.0,0.434,498000000.0,370000000.0,245554000000.0,249957750000.0,0.0,74440000000.0,,,222793000000.0,,,17456440964.0,-1019000000.0,0.0,-1598000000.0,-294000000.0,-301000000.0,-3904000000.0,435000000.0,616000000.0,2485000000.0,-35000000.0,1650000000.0,1650000000.0,1650000000.0,-37000000.0,0.0,0.088,5689000000.0,2418000000.0,73371000000.0,0.186,0.958,10.58,10.742,874000000.0,0.0,41.57,0.934,0.934,26479000000.0,11921000000.0,18688000000.0,18688000000.0,0.0,0.007,0.088,0.01,0.131,0.0,3973000000.0,1.0,419928818.0,419928818,,44.503,240522000000.0,3056000000.0,422000000.0,0.0,572.769,
25,HIG,MRT,2015-03-31,2015-03-31,2015-03-31,2021-07-28,1150000000.0,246960000000.0,248446500000.0,,,0.075,45.319,-146000000.0,500000000.0,500000000.0,10792000000.0,770000000.0,,11.945,5820000000.0,,,5820000000.0,5383000000.0,317000000.0,0.0,0.016,0.69,1510000000.0,1827000000.0,0.098,1827000000.0,1510000000.0,1135000000.0,1.84,1.78,1.84,19077000000.0,19015000000.0,19077000000.0,23314177009.0,15.0,12.761,1838000000.0,4.366,1.0,7827000000.0,0.42,498000000.0,375000000.0,251782000000.0,253272000000.0,0.0,76576000000.0,,,227883000000.0,,,17604177009.0,-785000000.0,963000000.0,-1771000000.0,25000000.0,-293000000.0,-4410000000.0,1795000000.0,993000000.0,1984000000.0,-154000000.0,770000000.0,770000000.0,770000000.0,580000000.0,0.0,0.041,5737000000.0,2090000000.0,73624000000.0,0.375,0.923,22.863,22.728,848000000.0,0.0,41.82,0.945,0.945,26234000000.0,11583000000.0,18619000000.0,18619000000.0,0.0,0.003,0.04,0.006,0.081,0.0,4040000000.0,1.0,420951148.0,420951148,,44.231,246462000000.0,2636000000.0,365000000.0,0.0,585.488,
26,HIG,MRT,2014-12-31,2014-12-31,2014-12-31,2021-07-28,928000000.0,245013000000.0,254937250000.0,,,0.073,43.385,-121000000.0,399000000.0,399000000.0,10805000000.0,798000000.0,,12.088,6109000000.0,,,6109000000.0,5255000000.0,276000000.0,0.0,0.016,0.66,1524000000.0,1800000000.0,0.097,1800000000.0,1524000000.0,1148000000.0,1.81,1.73,1.81,18720000000.0,19189250000.0,18720000000.0,23656454313.0,16.0,13.142,1765000000.0,4.091,1.0,7809000000.0,0.42,498000000.0,376000000.0,250225000000.0,259699000000.0,0.0,76278000000.0,,,226293000000.0,,,17988454313.0,-1029000000.0,963000000.0,-1766000000.0,-213000000.0,-282000000.0,-4476000000.0,1696000000.0,872000000.0,1886000000.0,-135000000.0,798000000.0,798000000.0,798000000.0,551000000.0,0.0,0.043,5734000000.0,2075000000.0,73976000000.0,0.365,0.961,22.542,23.033,831000000.0,0.0,41.69,0.966,0.966,26349000000.0,11191000000.0,18614000000.0,18614000000.0,0.0,0.003,0.042,0.006,0.082,0.0,4028000000.0,1.0,431481274.0,431481274,,43.14,244515000000.0,2897000000.0,350000000.0,0.0,566.687,
27,HIG,MRT,2014-09-30,2014-09-30,2014-09-30,2021-07-28,1077000000.0,247100000000.0,263155000000.0,,,0.071,42.062,-121000000.0,440000000.0,440000000.0,10926000000.0,730000000.0,,12.119,6108000000.0,,,6108000000.0,5389000000.0,201000000.0,0.0,0.017,0.63,1457000000.0,1658000000.0,0.088,1658000000.0,1457000000.0,1079000000.0,1.65,1.53,1.65,18835000000.0,19235500000.0,18835000000.0,21276325904.0,15.0,12.833,1108000000.0,2.474,1.0,7848000000.0,0.418,498000000.0,378000000.0,252270000000.0,267768250000.0,0.0,76231000000.0,,,228265000000.0,,,16680325904.0,-982000000.0,1293000000.0,-1706000000.0,-1962000000.0,-281000000.0,-6042000000.0,3976000000.0,2633000000.0,1229000000.0,-260000000.0,730000000.0,740000000.0,740000000.0,658000000.0,0.0,0.039,4159000000.0,3689000000.0,74190000000.0,0.382,0.886,22.541,22.576,816000000.0,-10000000.0,37.25,0.888,0.888,26354000000.0,10886000000.0,18774000000.0,18774000000.0,0.0,0.003,0.038,0.005,0.078,0.0,2987000000.0,1.0,447793984.0,447793984,,41.926,246602000000.0,2890000000.0,349000000.0,0.0,550.704,
28,HIG,MRT,2014-06-30,2014-06-30,2014-06-30,2021-07-28,1162000000.0,254713000000.0,272366750000.0,,,0.069,43.203,-78000000.0,1512000000.0,1512000000.0,11066000000.0,635000000.0,,12.111,6108000000.0,,,6108000000.0,5348000000.0,192000000.0,0.0,0.017,0.6,1336000000.0,1528000000.0,0.081,1528000000.0,1336000000.0,957000000.0,1.41,1.27,1.41,19428000000.0,19258750000.0,19428000000.0,21168485238.0,16.0,13.854,1261000000.0,2.804,1.0,7801000000.0,0.413,498000000.0,379000000.0,258811000000.0,276804750000.0,0.0,76239000000.0,,,235285000000.0,,,16103485238.0,-228000000.0,1293000000.0,-1100000000.0,-1455000000.0,-249000000.0,-5489000000.0,3955000000.0,2747000000.0,1339000000.0,-136000000.0,635000000.0,645000000.0,645000000.0,730000000.0,0.0,0.034,4161000000.0,3640000000.0,75157000000.0,0.426,0.829,24.967,25.397,807000000.0,-10000000.0,35.81,0.854,0.854,26516000000.0,10577000000.0,18867000000.0,18867000000.0,0.0,0.002,0.033,0.005,0.071,0.0,3569000000.0,1.0,449692411.0,449692411,,41.955,254215000000.0,3036000000.0,322000000.0,0.0,565.309,
29,HIG,MRT,2014-03-31,2014-03-31,2014-03-31,2021-07-28,659000000.0,272923000000.0,282396750000.0,,,0.067,44.302,-97000000.0,1285000000.0,1285000000.0,10965000000.0,912000000.0,,12.802,6350000000.0,,,6350000000.0,5326000000.0,197000000.0,0.0,0.016,0.55,1623000000.0,1820000000.0,0.096,1820000000.0,1623000000.0,1238000000.0,2.03,1.88,2.03,19774000000.0,19155000000.0,19774000000.0,20942492357.0,13.0,11.507,1303000000.0,2.919,1.0,8020000000.0,0.422,498000000.0,385000000.0,277490000000.0,286934500000.0,0.0,97084000000.0,,,253149000000.0,,,15742492357.0,-700000000.0,330000000.0,-810000000.0,-2501000000.0,-225000000.0,-5653000000.0,3634000000.0,3343000000.0,1400000000.0,-81000000.0,912000000.0,922000000.0,922000000.0,536000000.0,0.0,0.049,4287000000.0,3733000000.0,97297000000.0,0.271,0.796,17.074,17.374,870000000.0,-10000000.0,35.27,0.829,0.829,26605000000.0,11111000000.0,18985000000.0,18985000000.0,0.0,0.003,0.048,0.006,0.085,0.0,4067000000.0,1.0,446342284.0,446342284,,42.535,272425000000.0,3211000000.0,326000000.0,0.0,610.35,
30,HIG,MRT,2013-12-31,2013-12-31,2013-12-31,2021-07-28,-79000000.0,277884000000.0,288421250000.0,,,0.072,42.285,-64000000.0,1428000000.0,1428000000.0,11048000000.0,176000000.0,,13.699,6544000000.0,,,6544000000.0,5225000000.0,189000000.0,0.0,0.014,0.5,819000000.0,1008000000.0,0.049,1008000000.0,819000000.0,422000000.0,0.37,0.36,0.37,18905000000.0,19441500000.0,18905000000.0,21164825532.0,26.0,20.997,1173000000.0,2.624,1.0,9625000000.0,0.466,498000000.0,397000000.0,282502000000.0,292811250000.0,0.0,98401000000.0,,,258979000000.0,,,16197825532.0,-993000000.0,815000000.0,-580000000.0,-2870000000.0,-202000000.0,-5820000000.0,3745000000.0,2924000000.0,1237000000.0,-155000000.0,176000000.0,176000000.0,176000000.0,1049000000.0,0.0,0.009,5970000000.0,3655000000.0,100136000000.0,1.351,0.857,92.033,97.919,877000000.0,0.0,36.23,0.784,0.784,26795000000.0,10683000000.0,20673000000.0,20673000000.0,0.0,0.001,0.009,0.003,0.04,0.0,4176000000.0,1.0,447083233.0,447083233,,46.24,277386000000.0,3840000000.0,246000000.0,0.0,620.435,
31,HIG,MRT,2013-09-30,2013-09-30,2013-09-30,2021-07-28,-17000000.0,283947000000.0,293578500000.0,,,0.076,41.597,-66000000.0,1422000000.0,1422000000.0,12447000000.0,-184000000.0,,14.001,6389000000.0,,,6389000000.0,5445000000.0,241000000.0,0.0,0.014,0.45,91000000.0,332000000.0,0.015,332000000.0,91000000.0,-319000000.0,-0.48,-0.49,-0.48,18928000000.0,20327000000.0,18928000000.0,19155626151.0,211.0,57.698,1306000000.0,2.87,1.0,9837000000.0,0.441,498000000.0,410000000.0,288416000000.0,297867000000.0,0.0,103064000000.0,,,265019000000.0,,,14160626151.0,-1283000000.0,543000000.0,-354000000.0,-747000000.0,-177000000.0,-3465000000.0,993000000.0,479000000.0,1372000000.0,-68000000.0,-184000000.0,-205000000.0,-205000000.0,817000000.0,0.0,-0.009,9249000000.0,588000000.0,103978000000.0,-0.938,0.748,-69.076,-64.833,895000000.0,21000000.0,31.12,0.635,0.635,26788000000.0,10439000000.0,22284000000.0,22284000000.0,0.0,-0.001,-0.01,0.0,0.004,0.0,7142000000.0,1.0,455032974.0,455032974,,48.972,283449000000.0,3893000000.0,-135000000.0,0.0,622.92,
32,HIG,MRT,2013-06-30,2013-06-30,2013-06-30,2021-07-28,74000000.0,294833000000.0,299772000000.0,,,0.079,41.705,-66000000.0,1740000000.0,1740000000.0,13588000000.0,-464000000.0,,14.507,6735000000.0,,,6735000000.0,5297000000.0,274000000.0,0.0,0.013,0.4,-296000000.0,-22000000.0,-0.001,-22000000.0,-296000000.0,-721000000.0,-1.12,-1.08,-1.12,19013000000.0,21340500000.0,19013000000.0,18570078851.0,-63.0,-844.094,1787000000.0,3.92,1.0,10166000000.0,0.428,498000000.0,425000000.0,299330000000.0,303930000000.0,0.0,105520000000.0,,,275820000000.0,,,14096078851.0,-598000000.0,543000000.0,-117000000.0,-1286000000.0,-173000000.0,-2708000000.0,513000000.0,-9000000.0,1853000000.0,-153000000.0,-464000000.0,-495000000.0,-495000000.0,725000000.0,0.0,-0.021,9524000000.0,642000000.0,105496000000.0,-0.357,0.741,-28.477,-27.607,911000000.0,31000000.0,30.92,0.593,0.593,26301000000.0,10213000000.0,23754000000.0,23754000000.0,0.0,-0.002,-0.023,-0.001,-0.012,0.0,7417000000.0,1.0,455888708.0,455888708,,52.105,294335000000.0,3732000000.0,-257000000.0,0.0,645.629,
33,HIG,MRT,2013-03-31,2013-03-31,2013-03-31,2021-07-28,1649000000.0,297021000000.0,302058000000.0,,,0.078,47.916,-66000000.0,1985000000.0,1985000000.0,12625000000.0,-375000000.0,,13.198,6459000000.0,,,6459000000.0,5307000000.0,421000000.0,0.0,0.016,0.4,-362000000.0,59000000.0,0.003,59000000.0,-362000000.0,-802000000.0,-0.96,-0.95,-0.96,20920000000.0,22077500000.0,20920000000.0,16130236398.0,-45.0,273.394,1661000000.0,3.804,1.0,10960000000.0,0.465,498000000.0,440000000.0,300997000000.0,306100500000.0,0.0,114838000000.0,,,276101000000.0,,,11264236398.0,-74000000.0,543000000.0,-128000000.0,1254000000.0,-175000000.0,-847000000.0,-883000000.0,-1359000000.0,1727000000.0,-71000000.0,-375000000.0,-417000000.0,-417000000.0,295000000.0,0.0,-0.018,9904000000.0,1056000000.0,110813000000.0,-0.417,0.538,-27.013,-26.875,921000000.0,42000000.0,25.8,0.478,0.478,25979000000.0,10449000000.0,23585000000.0,23585000000.0,0.0,-0.001,-0.019,-0.001,-0.015,0.0,7797000000.0,1.0,436598310.0,436598310,,54.02,296523000000.0,2667000000.0,-427000000.0,0.0,679.167,
34,HIG,MRT,2012-12-31,2012-12-31,2012-12-31,2021-07-28,2843000000.0,298513000000.0,305439750000.0,,,0.072,51.448,-66000000.0,2421000000.0,2421000000.0,13195000000.0,-38000000.0,,12.299,7287000000.0,,,7287000000.0,5145000000.0,467000000.0,0.0,0.018,0.4,110000000.0,577000000.0,0.026,577000000.0,110000000.0,-347000000.0,-0.18,-0.17,-0.18,22447000000.0,22166000000.0,22447000000.0,14401749994.0,131.0,24.96,2615000000.0,5.993,1.0,8891000000.0,0.403,654000000.0,457000000.0,302725000000.0,309354500000.0,0.0,134250000000.0,,,276066000000.0,,,9790749994.0,-160000000.0,58000000.0,-140000000.0,1825000000.0,-175000000.0,-228000000.0,-2557000000.0,-2534000000.0,2681000000.0,-56000000.0,-38000000.0,-80000000.0,-80000000.0,258000000.0,0.0,-0.004,7613000000.0,1278000000.0,111893000000.0,-2.222,0.436,-122.384,-124.667,977000000.0,42000000.0,22.44,0.443,0.443,8208000000.0,10745000000.0,22086000000.0,22086000000.0,0.0,0.0,-0.004,0.0,0.005,0.0,7080000000.0,1.0,436307932.0,436307932,,50.62,297859000000.0,1942000000.0,-309000000.0,0.0,682.681,
35,HIG,MRT,2012-09-30,2012-09-30,2012-09-30,2021-07-28,3295000000.0,308721000000.0,306463750000.0,,,0.079,52.733,0.0,2705000000.0,2705000000.0,15571000000.0,126000000.0,,12.433,7316000000.0,,,7316000000.0,5370000000.0,502000000.0,0.0,0.021,0.4,212000000.0,714000000.0,0.03,714000000.0,212000000.0,-260000000.0,0.19,0.16,0.19,22982000000.0,21925750000.0,22982000000.0,13513236971.0,64.0,18.926,2862000000.0,6.567,1.0,8499000000.0,0.353,664000000.0,472000000.0,312668000000.0,310061250000.0,0.0,137168000000.0,,,285739000000.0,,,8472236971.0,116000000.0,0.0,-186000000.0,1011000000.0,-178000000.0,-587000000.0,-2148000000.0,-2059000000.0,2862000000.0,-11000000.0,126000000.0,84000000.0,84000000.0,-80000000.0,0.0,0.003,6924000000.0,1575000000.0,114016000000.0,2.105,0.369,100.86,102.316,979000000.0,42000000.0,19.44,0.352,0.352,8372000000.0,10847000000.0,24070000000.0,24070000000.0,0.0,0.0,0.004,0.001,0.009,0.0,6894000000.0,1.0,435814659.0,435814659,,55.23,308057000000.0,1393000000.0,-386000000.0,0.0,706.853,
36,HIG,MRT,2012-06-30,2012-06-30,2012-06-30,2021-07-28,2256000000.0,303977000000.0,305683000000.0,,,0.073,49.813,0.0,2338000000.0,2338000000.0,13783000000.0,173000000.0,,12.842,7379000000.0,,,7379000000.0,5278000000.0,534000000.0,0.0,0.023,0.4,245000000.0,779000000.0,0.035,779000000.0,245000000.0,-246000000.0,0.29,0.26,0.29,21961000000.0,21875500000.0,21961000000.0,12243457090.0,50.0,15.717,2546000000.0,5.775,1.0,8475000000.0,0.381,1006000000.0,491000000.0,308012000000.0,309129000000.0,0.0,134935000000.0,,,282016000000.0,,,7772457090.0,440000000.0,0.0,-191000000.0,1031000000.0,-178000000.0,-181000000.0,-1926000000.0,-1828000000.0,2546000000.0,1000000.0,173000000.0,131000000.0,131000000.0,-63000000.0,0.0,0.006,7383000000.0,1092000000.0,114168000000.0,1.379,0.354,59.332,60.793,1001000000.0,42000000.0,17.63,0.349,0.349,8480000000.0,10887000000.0,22258000000.0,22258000000.0,0.0,0.0,0.006,0.001,0.011,0.0,7353000000.0,1.0,440865405.0,440865405,,50.487,302971000000.0,1808000000.0,-419000000.0,0.0,687.219,
37,HIG,MRT,2012-03-31,2012-03-31,2012-03-31,2021-07-28,1328000000.0,310548000000.0,309056000000.0,,,0.075,48.324,0.0,2059000000.0,2059000000.0,15203000000.0,307000000.0,,13.598,6530000000.0,,,6530000000.0,5325000000.0,638000000.0,0.0,0.019,0.4,295000000.0,933000000.0,0.04,933000000.0,295000000.0,-209000000.0,0.6,0.57,0.6,21274000000.0,21804000000.0,21274000000.0,13229205973.0,45.0,14.179,2940000000.0,6.678,1.0,7891000000.0,0.342,1006000000.0,504000000.0,314013000000.0,312505250000.0,0.0,133600000000.0,,,289274000000.0,,,9280205973.0,-258000000.0,0.0,-86000000.0,-477000000.0,-178000000.0,-391000000.0,-2803000000.0,-2688000000.0,2940000000.0,-4000000.0,307000000.0,265000000.0,265000000.0,24000000.0,0.0,0.011,7572000000.0,319000000.0,115289000000.0,0.667,0.436,35.02,35.133,1017000000.0,42000000.0,21.08,0.402,0.402,8124000000.0,11042000000.0,23094000000.0,23094000000.0,0.0,0.001,0.012,0.001,0.013,0.0,7542000000.0,1.0,440237475.0,440237475,,52.458,309542000000.0,2375000000.0,-516000000.0,0.0,703.125,
38,HIG,MRT,2011-12-31,2011-12-31,2011-12-31,2021-07-28,1251000000.0,302609000000.0,312053500000.0,,,0.07,48.203,0.0,2581000000.0,2581000000.0,13282000000.0,712000000.0,,13.084,6530000000.0,,,6530000000.0,5222000000.0,668000000.0,0.0,0.025,0.4,847000000.0,1515000000.0,0.07,1515000000.0,847000000.0,339000000.0,1.51,1.4,1.51,21486000000.0,21735250000.0,21486000000.0,11620271734.0,14.0,7.67,2274000000.0,5.102,1.0,8451000000.0,0.389,1006000000.0,508000000.0,305552000000.0,315542500000.0,0.0,134948000000.0,,,281123000000.0,,,7243271734.0,519000000.0,278000000.0,-36000000.0,-473000000.0,-153000000.0,-609000000.0,-1182000000.0,-1303000000.0,2274000000.0,36000000.0,712000000.0,670000000.0,670000000.0,-139000000.0,0.0,0.031,7743000000.0,708000000.0,117089000000.0,0.265,0.337,10.811,10.762,1029000000.0,42000000.0,16.25,0.333,0.333,8214000000.0,11001000000.0,21733000000.0,21733000000.0,0.0,0.002,0.031,0.003,0.039,0.0,7713000000.0,1.0,445739799.0,445739799,,48.757,301603000000.0,2131000000.0,-373000000.0,0.0,676.635,
39,HIG,MRT,2011-09-30,2011-09-30,2011-09-30,2021-07-28,1065000000.0,305598000000.0,315987750000.0,,,0.07,51.143,0.0,2589000000.0,2589000000.0,12871000000.0,1169000000.0,,12.415,6966000000.0,,,6966000000.0,5409000000.0,679000000.0,0.0,0.022,0.35,1527000000.0,2206000000.0,0.1,2206000000.0,1527000000.0,1015000000.0,2.56,2.34,2.56,22781000000.0,21441500000.0,22781000000.0,12273408847.0,8.0,5.564,2688000000.0,6.034,1.0,9280000000.0,0.419,1036000000.0,512000000.0,308939000000.0,319710000000.0,0.0,136178000000.0,,,282817000000.0,,,7189408847.0,882000000.0,389000000.0,14000000.0,-35000000.0,-130000000.0,-799000000.0,-1044000000.0,-1229000000.0,2688000000.0,37000000.0,1169000000.0,1127000000.0,1127000000.0,-120000000.0,0.0,0.051,7873000000.0,1407000000.0,117636000000.0,0.137,0.316,6.379,6.305,1029000000.0,42000000.0,16.14,0.325,0.325,8778000000.0,12447000000.0,22151000000.0,22151000000.0,0.0,0.004,0.053,0.005,0.069,0.0,7873000000.0,1.0,445440449.0,445440449,,49.728,304562000000.0,1611000000.0,-154000000.0,0.0,683.732,
40,HIG,MRT,2011-06-30,2011-06-30,2011-06-30,2021-07-28,-77000000.0,317469000000.0,318069750000.0,,,0.076,48.678,0.0,1898000000.0,1898000000.0,14834000000.0,1775000000.0,,13.647,6982000000.0,,,6982000000.0,5315000000.0,665000000.0,0.0,0.011,0.3,2459000000.0,3124000000.0,0.129,3124000000.0,2459000000.0,1947000000.0,3.93,3.57,3.93,21675000000.0,20973500000.0,21675000000.0,16416865755.0,7.0,5.255,3073000000.0,6.901,1.0,9399000000.0,0.388,1036000000.0,512000000.0,321517000000.0,322014000000.0,0.0,132072000000.0,,,295794000000.0,,,11741865755.0,-1100000000.0,389000000.0,13000000.0,-84000000.0,-109000000.0,-1307000000.0,-2841000000.0,-2909000000.0,3073000000.0,-25000000.0,1775000000.0,1733000000.0,1733000000.0,-118000000.0,0.0,0.072,7058000000.0,2341000000.0,116494000000.0,0.076,0.542,6.775,6.71,1020000000.0,42000000.0,26.37,0.485,0.485,8269000000.0,12503000000.0,24233000000.0,24233000000.0,0.0,0.005,0.083,0.008,0.101,0.0,7058000000.0,1.0,445273635.0,445273635,,54.423,316433000000.0,3362000000.0,172000000.0,0.0,710.648,
41,HIG,MRT,2011-03-31,2011-03-31,2011-03-31,2021-07-28,-764000000.0,322538000000.0,317240000000.0,,,0.07,47.217,0.0,2317000000.0,2317000000.0,12398000000.0,1818000000.0,,14.36,6992000000.0,,,6992000000.0,5314000000.0,580000000.0,0.0,0.009,0.25,2738000000.0,3318000000.0,0.15,3318000000.0,2738000000.0,2222000000.0,4.03,3.66,4.03,20999000000.0,20277500000.0,20999000000.0,16903690579.0,6.0,5.095,3295000000.0,7.409,1.0,9699000000.0,0.439,1051000000.0,516000000.0,326162000000.0,320923000000.0,0.0,129689000000.0,,,301539000000.0,,,11976690579.0,238000000.0,519000000.0,15000000.0,-727000000.0,-84000000.0,-2754000000.0,-279000000.0,-597000000.0,3295000000.0,-24000000.0,1818000000.0,1776000000.0,1776000000.0,-99000000.0,0.0,0.08,7060000000.0,2639000000.0,115608000000.0,0.062,0.57,6.744,6.682,1132000000.0,42000000.0,26.93,0.542,0.542,8377000000.0,12533000000.0,22097000000.0,22097000000.0,0.0,0.006,0.088,0.009,0.124,0.0,7060000000.0,1.0,444734147.0,444734147,,49.686,321487000000.0,3401000000.0,404000000.0,0.0,722.875,
42,HIG,MRT,2010-12-31,2010-12-31,2010-12-31,2021-07-28,-1001000000.0,318346000000.0,315926000000.0,,,0.07,45.69,0.0,2062000000.0,2062000000.0,12251000000.0,1636000000.0,,14.674,6989000000.0,,,6989000000.0,5176000000.0,596000000.0,0.0,0.008,0.2,2716000000.0,3312000000.0,0.15,3312000000.0,2716000000.0,2208000000.0,2.6,2.4,2.6,20311000000.0,19487750000.0,20311000000.0,17055895620.0,6.0,5.15,3309000000.0,7.444,1.0,9798000000.0,0.444,1051000000.0,508000000.0,322222000000.0,319808750000.0,0.0,130995000000.0,,,298035000000.0,,,11775895620.0,-80000000.0,241000000.0,1625000000.0,-7000000.0,-85000000.0,-2955000000.0,-434000000.0,-439000000.0,3309000000.0,0.0,1636000000.0,1121000000.0,1121000000.0,64000000.0,0.0,0.051,7018000000.0,2780000000.0,116941000000.0,0.077,0.58,10.505,10.188,1150000000.0,515000000.0,26.49,0.534,0.534,8135000000.0,12077000000.0,22049000000.0,22049000000.0,0.0,0.004,0.058,0.008,0.123,0.0,7018000000.0,1.0,444541171.0,444541171,,49.599,317295000000.0,3725000000.0,572000000.0,0.0,713.758,
43,HIG,MRT,2010-09-30,2010-09-30,2010-09-30,2021-07-28,194000000.0,313926000000.0,313268750000.0,,,0.071,47.058,0.0,1707000000.0,1707000000.0,12640000000.0,1618000000.0,,14.014,6987000000.0,,,6987000000.0,5296000000.0,559000000.0,0.0,0.009,0.2,2728000000.0,3287000000.0,0.147,3287000000.0,2728000000.0,2229000000.0,2.8,2.65,2.8,20909000000.0,18876250000.0,20909000000.0,14251242387.0,5.0,4.336,2474000000.0,5.568,1.0,9656000000.0,0.433,1051000000.0,499000000.0,318155000000.0,317089750000.0,0.0,133590000000.0,,,293017000000.0,,,10197242387.0,-710000000.0,116000000.0,1616000000.0,-62000000.0,-82000000.0,-3564000000.0,412000000.0,373000000.0,2474000000.0,-32000000.0,1618000000.0,1052000000.0,1052000000.0,102000000.0,0.0,0.047,6826000000.0,2830000000.0,118249000000.0,0.071,0.488,9.693,8.196,1143000000.0,566000000.0,22.95,0.457,0.457,8612000000.0,11488000000.0,22296000000.0,22296000000.0,0.0,0.003,0.056,0.009,0.122,0.0,6826000000.0,1.0,444324287.0,444324287,,50.18,312875000000.0,1721000000.0,611000000.0,0.0,704.159,
44,HIG,MRT,2010-06-30,2010-06-30,2010-06-30,2021-07-28,-1379000000.0,314150000000.0,313967250000.0,,,0.067,42.537,0.0,2998000000.0,2998000000.0,12268000000.0,732000000.0,,15.63,7052000000.0,,,7052000000.0,5291000000.0,526000000.0,0.0,0.009,0.2,1343000000.0,1869000000.0,0.089,1869000000.0,1343000000.0,854000000.0,0.53,0.52,0.53,18891000000.0,18013000000.0,18891000000.0,15454996823.0,12.0,8.269,2188000000.0,4.927,1.0,8656000000.0,0.414,1051000000.0,489000000.0,317153000000.0,317582750000.0,0.0,128071000000.0,,,295259000000.0,,,9827996823.0,440000000.0,116000000.0,2500000000.0,0.0,-74000000.0,-3782000000.0,2034000000.0,2395000000.0,2188000000.0,0.0,732000000.0,114000000.0,114000000.0,103000000.0,0.0,0.005,7210000000.0,1446000000.0,76555000000.0,0.377,0.52,86.21,41.755,1150000000.0,618000000.0,22.13,0.47,0.47,8856000000.0,11049000000.0,20924000000.0,20924000000.0,0.0,0.0,0.006,0.004,0.064,0.0,7210000000.0,1.0,444102884.0,444102884,,47.115,313099000000.0,2828000000.0,122000000.0,0.0,705.015,
45,HIG,MRT,2010-03-31,2010-03-31,2010-03-31,2021-07-28,-2377000000.0,317282000000.0,307854750000.0,,,0.082,45.314,0.0,2079000000.0,2079000000.0,16940000000.0,641000000.0,,16.785,7706000000.0,,,7706000000.0,5293000000.0,477000000.0,0.0,0.007,0.2,1303000000.0,1780000000.0,0.07,1780000000.0,1303000000.0,827000000.0,0.32,0.32,0.32,17840000000.0,16650750000.0,17840000000.0,15749933050.0,12.0,8.848,2452000000.0,6.228,1.0,8356000000.0,0.33,1204000000.0,476000000.0,321705000000.0,311536750000.0,0.0,127351000000.0,,,299442000000.0,,,10916933050.0,228000000.0,-7000000.0,2519000000.0,300000000.0,-70000000.0,-255000000.0,-2013000000.0,-628000000.0,2452000000.0,44000000.0,641000000.0,31000000.0,31000000.0,4000000.0,0.0,0.001,7049000000.0,1307000000.0,77415000000.0,0.625,0.612,352.159,88.812,1032000000.0,610000000.0,28.42,0.432,0.442,8581000000.0,11006000000.0,25296000000.0,25296000000.0,0.0,0.0,0.002,0.004,0.052,0.0,6797000000.0,1.0,384128538.0,393700000,393700000.0,64.252,316078000000.0,3322000000.0,186000000.0,0.0,802.84,
46,HIG,MRT,2009-12-31,2009-12-31,2009-12-31,2021-07-28,-3312000000.0,307717000000.0,297576250000.0,,,0.082,51.588,0.0,2142000000.0,2142000000.0,17019000000.0,-887000000.0,,16.223,6975000000.0,,,6975000000.0,5221000000.0,470000000.0,0.0,0.009,0.2,-1249000000.0,-779000000.0,-0.032,-779000000.0,-1249000000.0,-1725000000.0,-2.93,-2.93,-2.93,17865000000.0,14155750000.0,17865000000.0,13519775826.0,-11.0,-17.355,2974000000.0,8.588,1.0,7414000000.0,0.303,1204000000.0,476000000.0,311346000000.0,301275250000.0,0.0,125556000000.0,,,289823000000.0,,,8908775826.0,331000000.0,-7000000.0,904000000.0,-473000000.0,-149000000.0,523000000.0,-3123000000.0,-180000000.0,2974000000.0,-43000000.0,-887000000.0,-1014000000.0,-1014000000.0,4000000.0,0.0,-0.042,8659000000.0,-1245000000.0,117779000000.0,-0.068,0.499,-8.786,-7.939,1026000000.0,127000000.0,23.26,0.365,0.33,8788000000.0,11164000000.0,24433000000.0,24433000000.0,0.0,-0.003,-0.072,-0.004,-0.051,0.0,8627000000.0,1.0,383008419.0,346300000,346300000.0,70.554,306513000000.0,3940000000.0,-838000000.0,0.0,885.108,
47,HIG,MRT,2009-09-30,2009-09-30,2009-09-30,2021-07-28,-3217000000.0,316720000000.0,292542750000.0,,,0.064,49.02,0.0,2417000000.0,2417000000.0,11887000000.0,-2250000000.0,,17.142,7028000000.0,,,7028000000.0,5324000000.0,458000000.0,0.0,0.018,0.47,-3135000000.0,-2677000000.0,-0.142,-2677000000.0,-3135000000.0,-3607000000.0,-7.32,-7.32,-7.32,17456000000.0,12006500000.0,17456000000.0,13169199164.0,-4.0,-4.919,3999000000.0,11.23,1.0,6939000000.0,0.369,1204000000.0,472000000.0,320127000000.0,296474500000.0,0.0,129439000000.0,,,299239000000.0,,,8696199164.0,454000000.0,7000000.0,912000000.0,222000000.0,-288000000.0,4932000000.0,-8599000000.0,-5191000000.0,3999000000.0,122000000.0,-2250000000.0,-2323000000.0,-2323000000.0,0.0,0.0,-0.123,10074000000.0,-3135000000.0,81435000000.0,-0.064,0.498,-3.744,-3.62,1032000000.0,73000000.0,26.5,0.462,0.501,9086000000.0,10689000000.0,18826000000.0,18826000000.0,0.0,-0.008,-0.193,-0.011,-0.167,0.0,9398000000.0,1.0,328158459.0,356100000,356100000.0,52.867,315516000000.0,3820000000.0,-1357000000.0,0.0,886.032,
48,HIG,MRT,2009-06-30,2009-06-30,2009-06-30,2021-07-28,-6610000000.0,289700000000.0,291234000000.0,,,0.045,41.309,185000000.0,2558000000.0,2558000000.0,8758000000.0,-4661000000.0,,20.55,7031000000.0,,,7031000000.0,5333000000.0,144000000.0,0.0,0.08,0.95,-6895000000.0,-6751000000.0,-0.511,-6751000000.0,-6895000000.0,-7333000000.0,-15.27,-15.27,-15.27,13442000000.0,10781750000.0,13442000000.0,9389865685.0,-1.0,-1.391,4102000000.0,12.606,1.0,4445000000.0,0.337,1204000000.0,438000000.0,292969000000.0,295066000000.0,0.0,121361000000.0,,,276238000000.0,,,3862865685.0,474000000.0,7000000.0,-147000000.0,-85000000.0,-439000000.0,4610000000.0,-8067000000.0,-5309000000.0,3917000000.0,14000000.0,-4661000000.0,-4672000000.0,-4672000000.0,0.0,0.0,-0.354,11340000000.0,-6895000000.0,80050000000.0,-0.062,0.287,-0.827,-0.777,1024000000.0,11000000.0,11.87,0.293,0.293,9358000000.0,10991000000.0,13203000000.0,13203000000.0,0.0,-0.016,-0.433,-0.023,-0.522,0.0,10493000000.0,1.0,325430976.0,325400000,325400000.0,40.575,288496000000.0,5321000000.0,-2672000000.0,0.0,886.589,
49,HIG,MRT,2009-03-31,2009-03-31,2009-03-31,2021-07-28,-7801000000.0,276168000000.0,302269000000.0,,,0.043,24.501,67000000.0,1851000000.0,1851000000.0,7882000000.0,-4103000000.0,,34.132,7378000000.0,,,7378000000.0,5366000000.0,308000000.0,0.0,0.182,1.43,-6303000000.0,-5995000000.0,-0.459,-5995000000.0,-6303000000.0,-6699000000.0,-13.47,-13.48,-13.47,7860000000.0,11627250000.0,7860000000.0,8173050923.0,-1.0,-1.363,4702000000.0,14.657,1.0,5187000000.0,0.397,1036000000.0,396000000.0,280659000000.0,306086750000.0,0.0,116333000000.0,,,268281000000.0,,,2553050923.0,-397000000.0,0.0,-968000000.0,1394000000.0,-590000000.0,3050000000.0,-8018000000.0,-5209000000.0,4635000000.0,-64000000.0,-4103000000.0,-4111000000.0,-4111000000.0,0.0,0.0,-0.315,11490000000.0,-6303000000.0,80745000000.0,-0.106,0.325,-0.621,-0.583,1062000000.0,8000000.0,7.85,0.195,0.193,10082000000.0,10111000000.0,13069000000.0,13069000000.0,0.0,-0.014,-0.354,-0.021,-0.482,0.0,10713000000.0,1.0,325229417.0,320800000,320800000.0,40.739,275132000000.0,6300000000.0,-2596000000.0,0.0,857.643,
50,HIG,MRT,2008-12-31,2008-12-31,2008-12-31,2021-07-28,-7520000000.0,287583000000.0,319269000000.0,,,0.029,30.218,0.0,1811000000.0,1811000000.0,3748000000.0,-2749000000.0,,30.02,7431000000.0,,,7431000000.0,5379000000.0,361000000.0,0.0,0.116,1.91,-4248000000.0,-3887000000.0,-0.422,-3887000000.0,-4248000000.0,-4591000000.0,-8.99,-8.99,-8.99,9268000000.0,14121250000.0,9268000000.0,9744372142.0,-2.0,-2.507,4192000000.0,13.668,1.0,5471000000.0,0.593,1060000000.0,343000000.0,292143000000.0,322443250000.0,0.0,120107000000.0,,,278223000000.0,,,4935372142.0,-200000000.0,-94000000.0,-959000000.0,2079000000.0,-660000000.0,4274000000.0,-8827000000.0,-7270000000.0,4192000000.0,161000000.0,-2749000000.0,-2757000000.0,-2757000000.0,0.0,0.0,-0.299,9719000000.0,-4248000000.0,84552000000.0,-0.212,0.533,-1.79,-1.826,1075000000.0,8000000.0,16.42,0.535,0.546,9961000000.0,11336000000.0,9219000000.0,9219000000.0,0.0,-0.009,-0.195,-0.013,-0.461,0.0,8974000000.0,1.0,300570776.0,306700000,306700000.0,30.059,286523000000.0,5239000000.0,-1842000000.0,0.0,934.213,
51,HIG,MRT,2008-09-30,2008-09-30,2008-09-30,2021-07-28,-4155000000.0,311485000000.0,337463500000.0,,,0.042,41.704,251000000.0,1963000000.0,1963000000.0,7872000000.0,-1348000000.0,,23.806,6772000000.0,,,6772000000.0,5523000000.0,573000000.0,0.0,0.052,2.12,-2364000000.0,-1791000000.0,-0.125,-1791000000.0,-2364000000.0,-2659000000.0,-4.64,-4.66,-4.64,12557000000.0,16605250000.0,12557000000.0,17350048315.0,-7.0,-9.687,4613000000.0,15.32,1.0,6456000000.0,0.451,1801000000.0,295000000.0,314493000000.0,339892500000.0,0.0,123437000000.0,,,298928000000.0,,,12350048315.0,11000000.0,-94000000.0,-923000000.0,1527000000.0,-656000000.0,858000000.0,-5321000000.0,-4344000000.0,4362000000.0,112000000.0,-1348000000.0,-1348000000.0,-1348000000.0,0.0,0.0,-0.094,8820000000.0,-2364000000.0,80837000000.0,-0.457,0.984,-9.162,-8.834,1038000000.0,0.0,40.99,0.862,0.861,9302000000.0,12249000000.0,14328000000.0,14328000000.0,0.0,-0.004,-0.081,-0.007,-0.165,0.0,8099000000.0,1.0,301294177.0,301100000,301100000.0,47.586,309684000000.0,3560000000.0,-1311000000.0,0.0,1028.509,
52,HIG,MRT,2008-06-30,2008-06-30,2008-06-30,2021-07-28,-2780000000.0,333840000000.0,348706000000.0,,,0.059,53.975,-95000000.0,2084000000.0,2084000000.0,10261000000.0,2134000000.0,,18.843,7084000000.0,,,7084000000.0,5530000000.0,988000000.0,0.0,0.032,2.09,2977000000.0,3965000000.0,0.193,3965000000.0,2977000000.0,2699000000.0,6.8,6.76,6.8,16824000000.0,18203500000.0,16824000000.0,24025959522.0,8.0,6.06,5210000000.0,16.715,1.0,10283000000.0,0.501,1788000000.0,278000000.0,337052000000.0,350767250000.0,0.0,131493000000.0,,,317016000000.0,,,20320959522.0,460000000.0,-94000000.0,-1102000000.0,1950000000.0,-649000000.0,2019000000.0,-7335000000.0,-6389000000.0,5305000000.0,471000000.0,2134000000.0,2134000000.0,2134000000.0,0.0,0.0,0.104,7306000000.0,2977000000.0,83385000000.0,0.307,1.208,9.522,9.496,1022000000.0,0.0,64.57,0.989,0.98,8773000000.0,15039000000.0,20544000000.0,20544000000.0,0.0,0.006,0.117,0.008,0.145,0.0,6592000000.0,1.0,314712088.0,311700000,313100000.0,65.91,332052000000.0,1259000000.0,565000000.0,0.0,1065.294,
53,HIG,MRT,2008-03-31,2008-03-31,2008-03-31,2021-07-28,-2225000000.0,344168000000.0,351657500000.0,,,0.059,56.839,-6000000.0,2248000000.0,2248000000.0,10300000000.0,2218000000.0,,18.296,5953000000.0,,,5953000000.0,5551000000.0,872000000.0,0.0,0.027,2.06,3151000000.0,4023000000.0,0.194,4023000000.0,3151000000.0,2884000000.0,7.04,6.99,7.04,17836000000.0,18659500000.0,17836000000.0,27097642945.0,9.0,6.736,5247000000.0,16.721,1.0,10401000000.0,0.502,1788000000.0,267000000.0,346085000000.0,353354750000.0,0.0,131475000000.0,,,326332000000.0,,,23792642945.0,458000000.0,-94000000.0,-236000000.0,912000000.0,-643000000.0,1577000000.0,-6800000000.0,-6988000000.0,5253000000.0,428000000.0,2218000000.0,2218000000.0,2218000000.0,0.0,0.0,0.107,7250000000.0,3151000000.0,83836000000.0,0.293,1.334,10.727,10.763,994000000.0,0.0,75.77,1.149,1.149,8886000000.0,14661000000.0,20701000000.0,20701000000.0,0.0,0.006,0.119,0.009,0.152,0.0,6541000000.0,1.0,314011389.0,313800000,315700000.0,65.969,342380000000.0,956000000.0,666000000.0,0.0,1091.077,
54,HIG,MRT,2007-12-31,2007-12-31,2007-12-31,2021-07-28,-858000000.0,360361000000.0,348793250000.0,,,0.074,60.715,0.0,2011000000.0,2011000000.0,14064000000.0,2949000000.0,,17.765,5316000000.0,,,5316000000.0,5545000000.0,794000000.0,0.0,0.023,2.03,4268000000.0,5062000000.0,0.195,5062000000.0,4268000000.0,4005000000.0,9.32,9.24,9.32,19204000000.0,18913250000.0,19204000000.0,30627129681.0,7.0,6.05,5991000000.0,18.941,1.0,11852000000.0,0.457,1726000000.0,263000000.0,361940000000.0,350359000000.0,0.0,131086000000.0,,,341157000000.0,,,27364129681.0,587000000.0,0.0,-976000000.0,821000000.0,-636000000.0,499000000.0,-6176000000.0,-7767000000.0,5991000000.0,273000000.0,2949000000.0,2949000000.0,2949000000.0,0.0,0.0,0.114,7584000000.0,4268000000.0,80342000000.0,0.218,1.425,9.279,9.355,972000000.0,0.0,87.19,1.056,1.064,8831000000.0,14686000000.0,25916000000.0,25916000000.0,0.0,0.008,0.156,0.012,0.165,0.0,6883000000.0,1.0,313844818.0,316300000,319100000.0,81.935,358635000000.0,308000000.0,1056000000.0,0.0,1133.844,
55,HIG,MRT,2007-09-30,2007-09-30,2007-09-30,2021-07-28,-666000000.0,356455000000.0,340339000000.0,,,0.082,60.082,-330000000.0,1952000000.0,1952000000.0,15590000000.0,3137000000.0,,17.81,5215000000.0,,,5215000000.0,5677000000.0,703000000.0,0.0,0.022,2.0,4492000000.0,5195000000.0,0.187,5195000000.0,4492000000.0,4226000000.0,9.9,9.79,9.9,18950000000.0,18831250000.0,18950000000.0,32883337679.0,7.0,6.33,6089000000.0,19.306,1.0,12231000000.0,0.44,1726000000.0,266000000.0,357992000000.0,341815000000.0,0.0,129192000000.0,,,337505000000.0,,,29401337679.0,597000000.0,-112000000.0,-973000000.0,1044000000.0,-606000000.0,1483000000.0,-7484000000.0,-9221000000.0,6419000000.0,179000000.0,3137000000.0,3137000000.0,3137000000.0,0.0,0.0,0.113,7739000000.0,4492000000.0,78925000000.0,0.202,1.552,9.372,9.348,941000000.0,0.0,92.55,1.057,1.049,8929000000.0,14260000000.0,27821000000.0,27821000000.0,0.0,0.009,0.167,0.013,0.161,0.0,6978000000.0,1.0,317680580.0,315400000,318000000.0,88.209,354729000000.0,279000000.0,1089000000.0,0.0,1124.696,
56,HIG,MRT,2007-06-30,2007-06-30,2007-06-30,2021-07-28,-601000000.0,345646000000.0,327423750000.0,,,0.09,58.864,-220000000.0,1624000000.0,1624000000.0,17113000000.0,3044000000.0,,17.535,5106000000.0,,,5106000000.0,5704000000.0,570000000.0,0.0,0.019,1.9,4331000000.0,4901000000.0,0.167,4901000000.0,4331000000.0,4062000000.0,9.65,9.5,9.65,18648000000.0,18527000000.0,18648000000.0,34311500402.0,8.0,7.001,5841000000.0,18.438,1.0,12292000000.0,0.418,1726000000.0,269000000.0,347402000000.0,328765750000.0,0.0,125317000000.0,,,326998000000.0,,,31194500402.0,543000000.0,-112000000.0,-597000000.0,285000000.0,-571000000.0,1780000000.0,-7179000000.0,-8810000000.0,6061000000.0,-119000000.0,3044000000.0,3044000000.0,3044000000.0,0.0,0.0,0.104,7961000000.0,4331000000.0,74796000000.0,0.197,1.673,10.248,10.208,910000000.0,0.0,98.51,1.061,1.061,8980000000.0,13564000000.0,29405000000.0,29405000000.0,0.0,0.009,0.164,0.013,0.147,0.0,7200000000.0,1.0,316663287.0,316800000,319600000.0,92.819,343920000000.0,558000000.0,1018000000.0,0.0,1085.606,
57,HIG,MRT,2007-03-31,2007-03-31,2007-03-31,2021-07-28,177000000.0,332711000000.0,314746750000.0,,,0.085,58.983,-235000000.0,1790000000.0,1790000000.0,14806000000.0,2893000000.0,,16.65,4907000000.0,,,4907000000.0,5657000000.0,674000000.0,0.0,0.019,1.8,4104000000.0,4778000000.0,0.179,4778000000.0,4104000000.0,3830000000.0,9.24,9.06,9.24,18851000000.0,17710750000.0,18851000000.0,33543430705.0,8.0,7.02,5340000000.0,16.708,1.0,11910000000.0,0.446,1726000000.0,274000000.0,334102000000.0,316140500000.0,0.0,122943000000.0,,,313860000000.0,,,30606430705.0,396000000.0,-112000000.0,-614000000.0,201000000.0,-531000000.0,2203000000.0,-7360000000.0,-8411000000.0,5575000000.0,-22000000.0,2893000000.0,2893000000.0,2893000000.0,0.0,0.0,0.108,7806000000.0,4104000000.0,73465000000.0,0.195,1.624,10.579,10.344,815000000.0,0.0,95.58,1.146,1.143,9252000000.0,13095000000.0,26716000000.0,26716000000.0,0.0,0.009,0.163,0.013,0.154,0.0,7026000000.0,1.0,320217940.0,319600000,322700000.0,83.592,330985000000.0,142000000.0,937000000.0,0.0,1035.623,
58,HIG,MRT,2006-12-31,2006-12-31,2006-12-31,2021-07-28,178000000.0,326544000000.0,305412750000.0,,,0.087,61.127,-195000000.0,1424000000.0,1424000000.0,15042000000.0,2745000000.0,,16.299,4361000000.0,,,4361000000.0,5620000000.0,606000000.0,0.0,0.018,1.7,3879000000.0,4485000000.0,0.169,4485000000.0,3879000000.0,3602000000.0,8.89,8.69,8.89,18876000000.0,16850500000.0,18876000000.0,32294493831.0,8.0,7.201,5443000000.0,17.626,1.0,11458000000.0,0.432,1717000000.0,277000000.0,327764000000.0,306871750000.0,0.0,119171000000.0,,,307668000000.0,,,29573493831.0,151000000.0,-112000000.0,142000000.0,-340000000.0,-460000000.0,1915000000.0,-7410000000.0,-7619000000.0,5638000000.0,8000000.0,2745000000.0,2745000000.0,2745000000.0,0.0,0.0,0.104,7579000000.0,3879000000.0,71311000000.0,0.191,1.567,10.774,10.496,791000000.0,0.0,93.31,1.116,1.087,9246000000.0,12421000000.0,26500000000.0,26500000000.0,0.0,0.009,0.163,0.013,0.146,0.0,6810000000.0,1.0,316938097.0,308800000,315900000.0,85.816,324827000000.0,284000000.0,857000000.0,0.0,1051.901,
59,HIG,MRT,2006-09-30,2006-09-30,2006-09-30,2021-07-28,64000000.0,304794000000.0,295166000000.0,,,0.09,57.203,-158000000.0,1355000000.0,1355000000.0,15947000000.0,2429000000.0,,16.188,4076000000.0,,,4076000000.0,5670000000.0,580000000.0,0.0,0.017,1.5,3418000000.0,3998000000.0,0.15,3998000000.0,3418000000.0,3148000000.0,7.98,7.75,7.98,17733000000.0,15962750000.0,17733000000.0,30076436706.0,9.0,7.523,4413000000.0,14.235,1.0,10684000000.0,0.401,1720000000.0,270000000.0,305795000000.0,296763500000.0,0.0,114724000000.0,,,287061000000.0,,,26393436706.0,-126000000.0,16000000.0,202000000.0,-549000000.0,-422000000.0,1312000000.0,-6015000000.0,-5681000000.0,4571000000.0,6000000.0,2429000000.0,2429000000.0,2429000000.0,0.0,0.0,0.091,7266000000.0,3418000000.0,69296000000.0,0.188,1.488,10.866,10.871,753000000.0,0.0,86.75,0.991,1.01,8723000000.0,11800000000.0,26631000000.0,26631000000.0,0.0,0.008,0.152,0.012,0.128,0.0,6561000000.0,1.0,304247109.0,310000000,316700000.0,85.906,303074000000.0,472000000.0,719000000.0,0.0,977.658,
60,HIG,MRT,2006-06-30,2006-06-30,2006-06-30,2021-07-28,-924000000.0,294938000000.0,289083750000.0,,,0.092,50.719,-160000000.0,1081000000.0,1081000000.0,16225000000.0,2210000000.0,,18.173,4764000000.0,,,4764000000.0,5660000000.0,667000000.0,0.0,0.016,1.39,3095000000.0,3762000000.0,0.142,3762000000.0,3095000000.0,2833000000.0,7.33,7.12,7.33,15383000000.0,15357000000.0,15383000000.0,29013706293.0,9.0,7.712,4667000000.0,15.387,1.0,10306000000.0,0.388,1720000000.0,262000000.0,296901000000.0,290799000000.0,0.0,110831000000.0,,,279555000000.0,,,25641706293.0,54000000.0,8000000.0,247000000.0,100000000.0,-385000000.0,1523000000.0,-6350000000.0,-5674000000.0,4827000000.0,54000000.0,2210000000.0,2210000000.0,2210000000.0,0.0,0.0,0.083,7211000000.0,3095000000.0,67767000000.0,0.19,1.667,11.603,11.542,717000000.0,0.0,84.6,0.966,0.967,8978000000.0,11167000000.0,26531000000.0,26531000000.0,0.0,0.008,0.144,0.011,0.117,0.0,6497000000.0,1.0,303093455.0,303300000,312300000.0,87.474,293218000000.0,1123000000.0,623000000.0,0.0,966.759,
61,HIG,MRT,2006-03-31,2006-03-31,2006-03-31,2021-07-28,-457000000.0,295375000000.0,282444750000.0,,,0.098,50.993,-217000000.0,1394000000.0,1394000000.0,17200000000.0,2336000000.0,,18.168,4766000000.0,,,4766000000.0,5672000000.0,576000000.0,0.0,0.016,1.28,3310000000.0,3886000000.0,0.141,3886000000.0,3310000000.0,3055000000.0,7.79,7.58,7.79,15410000000.0,15408750000.0,15410000000.0,27856996572.0,8.0,7.169,4217000000.0,13.954,1.0,10424000000.0,0.377,1720000000.0,255000000.0,297027000000.0,284152750000.0,0.0,108819000000.0,,,279965000000.0,,,24362996572.0,-45000000.0,8000000.0,301000000.0,-150000000.0,-350000000.0,697000000.0,-5159000000.0,-5073000000.0,4434000000.0,-17000000.0,2336000000.0,2336000000.0,2336000000.0,0.0,0.0,0.085,7114000000.0,3310000000.0,66602000000.0,0.164,1.581,10.429,10.34,691000000.0,0.0,80.55,0.882,0.881,9795000000.0,10814000000.0,27624000000.0,27624000000.0,0.0,0.008,0.152,0.012,0.12,0.0,6442000000.0,1.0,302458058.0,302200000,310900000.0,91.41,293655000000.0,884000000.0,719000000.0,0.0,971.724,
62,HIG,MRT,2005-12-31,2005-12-31,2005-12-31,2021-07-28,90000000.0,285557000000.0,273956000000.0,,,0.099,51.426,-211000000.0,1273000000.0,1273000000.0,16776000000.0,2274000000.0,,17.633,4767000000.0,,,4767000000.0,5566000000.0,561000000.0,0.0,0.014,1.17,3237000000.0,3798000000.0,0.14,3798000000.0,3237000000.0,2985000000.0,7.63,7.44,7.63,15325000000.0,15109000000.0,15325000000.0,28991587697.0,9.0,7.633,3521000000.0,11.815,1.0,10307000000.0,0.381,1720000000.0,252000000.0,287331000000.0,275691750000.0,0.0,106935000000.0,,,270232000000.0,,,25799587697.0,125000000.0,8000000.0,388000000.0,-150000000.0,-345000000.0,1280000000.0,-4860000000.0,-4302000000.0,3732000000.0,-27000000.0,2274000000.0,2274000000.0,2274000000.0,0.0,0.0,0.084,7070000000.0,3237000000.0,64452000000.0,0.153,1.683,11.345,11.257,683000000.0,0.0,85.89,0.953,0.945,10094000000.0,10207000000.0,27083000000.0,27083000000.0,0.0,0.008,0.151,0.012,0.12,0.0,6396000000.0,1.0,300379412.0,298000000,305600000.0,90.883,283837000000.0,675000000.0,711000000.0,0.0,952.473,
63,HIG,MRT,2005-09-30,2005-09-30,2005-09-30,2021-07-28,593000000.0,280465000000.0,267500500000.0,,,0.095,51.17,-223000000.0,1481000000.0,1481000000.0,15158000000.0,2427000000.0,,17.319,4673000000.0,,,4673000000.0,5111000000.0,452000000.0,0.0,0.015,1.16,3509000000.0,3961000000.0,0.155,3961000000.0,3509000000.0,3258000000.0,8.21,8.03,8.21,15310000000.0,14837250000.0,15310000000.0,26764962506.0,8.0,6.757,3753000000.0,12.543,1.0,10331000000.0,0.405,1720000000.0,251000000.0,281937000000.0,269308000000.0,0.0,103617000000.0,,,265155000000.0,,,23110962506.0,662000000.0,-11000000.0,285000000.0,-250000000.0,-340000000.0,1362000000.0,-4638000000.0,-4506000000.0,3976000000.0,-38000000.0,2427000000.0,2427000000.0,2427000000.0,0.0,0.0,0.095,6822000000.0,3509000000.0,61535000000.0,0.141,1.51,9.522,9.4,675000000.0,0.0,77.17,0.907,0.906,9246000000.0,9831000000.0,25489000000.0,25489000000.0,0.0,0.009,0.164,0.013,0.138,0.0,6146000000.0,1.0,299481178.0,299200000,307000000.0,85.191,278745000000.0,459000000.0,831000000.0,0.0,931.634,
64,HIG,MRT,2005-06-30,2005-06-30,2005-06-30,2021-07-28,1419000000.0,268382000000.0,259006500000.0,,,0.091,52.474,-219000000.0,1027000000.0,1027000000.0,13856000000.0,2382000000.0,,16.215,4681000000.0,,,4681000000.0,5038000000.0,288000000.0,0.0,0.015,1.15,3119000000.0,3407000000.0,0.144,3407000000.0,3119000000.0,2869000000.0,8.09,7.93,8.09,15590000000.0,14422250000.0,15590000000.0,25664710676.0,8.0,7.533,3213000000.0,10.815,1.0,9742000000.0,0.413,1720000000.0,250000000.0,270316000000.0,261044500000.0,0.0,100624000000.0,,,252792000000.0,,,22181710676.0,332000000.0,0.0,256000000.0,-250000000.0,-337000000.0,1442000000.0,-4495000000.0,-4633000000.0,3432000000.0,-47000000.0,2382000000.0,2382000000.0,2382000000.0,0.0,0.0,0.101,6623000000.0,3119000000.0,57481000000.0,0.142,1.423,9.312,9.244,657000000.0,0.0,74.78,0.94,0.941,9029000000.0,9379000000.0,23598000000.0,23598000000.0,0.0,0.009,0.165,0.012,0.132,0.0,5965000000.0,1.0,296626246.0,297100000,303900000.0,79.428,266662000000.0,52000000.0,487000000.0,0.0,897.55,
65,HIG,MRT,2005-03-31,2005-03-31,2005-03-31,2021-07-28,690000000.0,261420000000.0,251966500000.0,,,0.091,48.206,-177000000.0,1439000000.0,1439000000.0,13698000000.0,2213000000.0,,17.396,4922000000.0,,,4922000000.0,4943000000.0,270000000.0,0.0,0.017,1.14,2867000000.0,3137000000.0,0.137,3137000000.0,2867000000.0,2619000000.0,7.54,7.41,7.54,14211000000.0,13593500000.0,14211000000.0,24055006630.0,8.0,7.668,3024000000.0,10.258,1.0,9280000000.0,0.404,1720000000.0,248000000.0,263183000000.0,254148750000.0,0.0,96508000000.0,,,247209000000.0,,,20274006630.0,801000000.0,-58000000.0,209000000.0,-200000000.0,-332000000.0,1351000000.0,-3734000000.0,-3477000000.0,3201000000.0,-17000000.0,2213000000.0,2213000000.0,2213000000.0,0.0,0.0,0.096,6413000000.0,2867000000.0,55459000000.0,0.151,1.427,9.161,9.093,658000000.0,0.0,68.56,0.882,0.88,9249000000.0,8863000000.0,22978000000.0,22978000000.0,0.0,0.009,0.163,0.011,0.125,0.0,5746000000.0,1.0,295711882.0,294800000,301300000.0,77.944,259700000000.0,550000000.0,406000000.0,0.0,880.936,
66,HIG,MRT,2004-12-31,2004-12-31,2004-12-31,2021-07-28,1425000000.0,259735000000.0,245927500000.0,,,0.092,48.71,-180000000.0,1148000000.0,1148000000.0,13640000000.0,2115000000.0,,17.242,4929000000.0,,,4929000000.0,4807000000.0,274000000.0,0.0,0.016,1.13,2751000000.0,3025000000.0,0.133,3025000000.0,2751000000.0,2500000000.0,7.24,7.12,7.24,14238000000.0,13425000000.0,14238000000.0,24471137966.0,9.0,8.09,2454000000.0,8.395,1.0,9068000000.0,0.399,1720000000.0,251000000.0,261796000000.0,248367750000.0,0.0,94408000000.0,,,245497000000.0,,,20357137966.0,686000000.0,-58000000.0,570000000.0,-730000000.0,-325000000.0,477000000.0,-2401000000.0,-2424000000.0,2634000000.0,-24000000.0,2115000000.0,2115000000.0,2115000000.0,0.0,0.0,0.093,6294000000.0,2774000000.0,52833000000.0,0.156,1.43,9.625,9.573,643000000.0,0.0,69.31,0.896,0.892,9413000000.0,8283000000.0,22708000000.0,22708000000.0,0.0,0.009,0.158,0.011,0.121,0.0,5619000000.0,1.0,293711412.0,292300000,297000000.0,77.687,258015000000.0,419000000.0,385000000.0,0.0,882.706,
67,HIG,MRT,2004-09-30,2004-09-30,2004-09-30,2021-07-28,1410000000.0,246489000000.0,237456250000.0,,,0.09,46.555,-141000000.0,819000000.0,819000000.0,12728000000.0,1949000000.0,,17.058,4933000000.0,,,4933000000.0,4911000000.0,210000000.0,0.0,0.018,1.12,2544000000.0,2754000000.0,0.129,2754000000.0,2544000000.0,2289000000.0,6.82,6.75,6.82,13650000000.0,12775250000.0,13650000000.0,22388183561.0,9.0,8.129,2482000000.0,8.465,1.0,8623000000.0,0.404,1720000000.0,255000000.0,248883000000.0,240250750000.0,0.0,90372000000.0,,,232839000000.0,,,18157183561.0,323000000.0,-519000000.0,591000000.0,-195000000.0,-319000000.0,683000000.0,-2952000000.0,-2292000000.0,2623000000.0,-31000000.0,1949000000.0,1949000000.0,1949000000.0,0.0,0.0,0.091,6056000000.0,2567000000.0,49347000000.0,0.164,1.33,9.316,9.081,0.0,0.0,61.93,0.85,0.85,9273000000.0,7749000000.0,21351000000.0,21351000000.0,0.0,0.008,0.153,0.011,0.119,0.0,5398000000.0,1.0,293188819.0,293200000,297500000.0,72.821,244769000000.0,487000000.0,340000000.0,0.0,834.819,
68,HIG,MRT,2004-06-30,2004-06-30,2004-06-30,2021-07-28,480000000.0,240222000000.0,228675250000.0,,,0.091,41.995,-94000000.0,695000000.0,695000000.0,12259000000.0,1798000000.0,,18.57,4926000000.0,,,4926000000.0,4843000000.0,406000000.0,0.0,0.016,1.11,2682000000.0,3088000000.0,0.148,3088000000.0,2682000000.0,2418000000.0,6.35,6.29,6.35,12275000000.0,12198750000.0,12275000000.0,24588693603.0,9.0,7.963,3097000000.0,10.595,1.0,8623000000.0,0.413,1720000000.0,264000000.0,242733000000.0,231601500000.0,0.0,84849000000.0,,,227947000000.0,,,20073693603.0,266000000.0,-489000000.0,567000000.0,-198000000.0,-313000000.0,-75000000.0,-2812000000.0,-2229000000.0,3191000000.0,-38000000.0,1798000000.0,1798000000.0,1798000000.0,0.0,0.0,0.086,5918000000.0,2705000000.0,46605000000.0,0.175,1.635,11.164,10.825,0.0,0.0,68.74,0.961,0.962,9084000000.0,7337000000.0,20882000000.0,20882000000.0,0.0,0.008,0.147,0.012,0.128,0.0,5193000000.0,1.0,292023474.0,292300000,297500000.0,71.44,238502000000.0,987000000.0,620000000.0,0.0,815.949,
69,HIG,MRT,2004-03-31,2004-03-31,2004-03-31,2021-07-28,2168000000.0,237264000000.0,220570000000.0,,,0.091,46.695,-64000000.0,638000000.0,638000000.0,11600000000.0,1872000000.0,,16.527,5153000000.0,,,5153000000.0,4612000000.0,180000000.0,0.0,0.017,1.1,2741000000.0,2921000000.0,0.145,2921000000.0,2741000000.0,2470000000.0,6.76,6.71,6.76,13537000000.0,12004750000.0,13537000000.0,23759685928.0,9.0,8.134,3264000000.0,11.259,1.0,8520000000.0,0.423,1720000000.0,271000000.0,240059000000.0,223617750000.0,0.0,85757000000.0,,,223727000000.0,,,18558685928.0,-17000000.0,-431000000.0,1680000000.0,740000000.0,-301000000.0,3085000000.0,-6394000000.0,-5899000000.0,3328000000.0,-36000000.0,1872000000.0,1872000000.0,1872000000.0,0.0,0.0,0.093,5756000000.0,2764000000.0,45321000000.0,0.163,1.371,9.914,9.423,0.0,0.0,63.7,0.922,0.918,8937000000.0,6986000000.0,20120000000.0,20120000000.0,0.0,0.008,0.156,0.012,0.136,0.0,4980000000.0,1.0,291345148.0,289900000,294900000.0,69.403,235544000000.0,245000000.0,598000000.0,0.0,812.501,
70,HIG,MRT,2003-12-31,2003-12-31,2003-12-31,2021-07-28,1246000000.0,225850000000.0,208418250000.0,,,0.09,42.728,-89000000.0,462000000.0,462000000.0,13548000000.0,-91000000.0,,18.405,5660000000.0,,,5660000000.0,4423000000.0,219000000.0,0.0,0.018,1.09,-279000000.0,-60000000.0,-0.003,-60000000.0,-279000000.0,-550000000.0,-0.33,-0.33,-0.33,11639000000.0,10981000000.0,11639000000.0,21340816804.0,-76.0,-355.68,3807000000.0,13.976,1.0,5171000000.0,0.276,1720000000.0,271000000.0,229328000000.0,211268250000.0,0.0,65847000000.0,,,214211000000.0,,,16699816804.0,85000000.0,-431000000.0,1220000000.0,1270000000.0,-291000000.0,4608000000.0,-8387000000.0,-7867000000.0,3896000000.0,-32000000.0,-91000000.0,-91000000.0,-91000000.0,0.0,0.0,-0.005,5450000000.0,-279000000.0,26185000000.0,-3.303,1.435,-183.514,-178.879,593000000.0,0.0,59.03,0.892,0.859,9043000000.0,6499000000.0,18719000000.0,18719000000.0,0.0,0.0,-0.008,-0.001,-0.015,0.0,4711000000.0,1.0,282903893.0,272400000,272400000.0,68.719,224130000000.0,845000000.0,-459000000.0,0.0,822.797,
71,HIG,MRT,2003-09-30,2003-09-30,2003-09-30,2021-07-28,1357000000.0,211365000000.0,197449500000.0,,,0.092,40.156,-135000000.0,496000000.0,496000000.0,13451000000.0,-287000000.0,,17.632,5137000000.0,,,5137000000.0,4560000000.0,242000000.0,0.0,0.021,1.08,-384000000.0,-142000000.0,-0.008,-142000000.0,-384000000.0,-854000000.0,-1.35,-1.37,-1.35,11344000000.0,10754750000.0,11344000000.0,19581214774.0,-51.0,-137.896,3259000000.0,11.536,1.0,4789000000.0,0.263,1720000000.0,470000000.0,214286000000.0,200000250000.0,0.0,63620000000.0,,,200021000000.0,,,14863214774.0,83000000.0,30000000.0,1288000000.0,435000000.0,-280000000.0,4381000000.0,-7693000000.0,-7588000000.0,3394000000.0,1000000.0,-287000000.0,-287000000.0,-287000000.0,0.0,0.0,-0.016,5173000000.0,-384000000.0,26240000000.0,-0.8,1.31,-51.788,-38.985,0.0,0.0,52.63,0.815,0.815,9046000000.0,6124000000.0,18240000000.0,18240000000.0,0.0,-0.001,-0.027,-0.002,-0.021,0.0,4568000000.0,1.0,282409553.0,282500000,284800000.0,64.566,209645000000.0,888000000.0,-567000000.0,0.0,742.106,
72,HIG,MRT,2003-06-30,2003-06-30,2003-06-30,2021-07-28,1807000000.0,207801000000.0,188493000000.0,,,0.092,42.779,-171000000.0,429000000.0,429000000.0,13010000000.0,-365000000.0,,17.071,5147000000.0,,,5147000000.0,4454000000.0,80000000.0,0.0,0.021,1.07,-696000000.0,-616000000.0,-0.035,-616000000.0,-696000000.0,-1096000000.0,-1.5,-1.51,-1.5,11499000000.0,10654500000.0,11499000000.0,16598358295.0,-24.0,-26.945,2653000000.0,9.87,1.0,4368000000.0,0.251,1721000000.0,400000000.0,210798000000.0,190947500000.0,0.0,62190000000.0,,,196302000000.0,,,12873358295.0,110000000.0,-3000000.0,1601000000.0,1055000000.0,-267000000.0,7026000000.0,-9746000000.0,-9572000000.0,2824000000.0,6000000.0,-365000000.0,-365000000.0,-365000000.0,0.0,0.0,-0.021,5064000000.0,-696000000.0,26254000000.0,-0.713,1.12,-35.269,-33.573,0.0,0.0,50.36,0.741,0.779,9015000000.0,5857000000.0,17378000000.0,17378000000.0,0.0,-0.002,-0.034,-0.004,-0.04,0.0,4482000000.0,1.0,255626654.0,268800000,270200000.0,64.65,206080000000.0,765000000.0,-731000000.0,0.0,766.667,
73,HIG,MRT,2003-03-31,2003-03-31,2003-03-31,2021-07-28,1257000000.0,188657000000.0,181452000000.0,,,0.092,36.969,-201000000.0,655000000.0,655000000.0,12863000000.0,-687000000.0,,18.981,4380000000.0,,,4380000000.0,4291000000.0,163000000.0,0.0,0.03,1.06,-1194000000.0,-1031000000.0,-0.062,-1031000000.0,-1194000000.0,-1525000000.0,-2.64,-2.65,-2.64,9442000000.0,10193750000.0,9442000000.0,13015043344.0,-11.0,-12.624,2656000000.0,10.399,1.0,3825000000.0,0.229,1721000000.0,331000000.0,190661000000.0,183648500000.0,0.0,57328000000.0,,,179215000000.0,,,9013043344.0,304000000.0,0.0,428000000.0,317000000.0,-262000000.0,4867000000.0,-7432000000.0,-7231000000.0,2857000000.0,12000000.0,-687000000.0,-687000000.0,-687000000.0,0.0,0.0,-0.041,5019000000.0,-1194000000.0,25251000000.0,-0.402,0.955,-13.119,-13.367,0.0,0.0,35.29,0.54,0.54,9212000000.0,5426000000.0,16688000000.0,16688000000.0,0.0,-0.004,-0.067,-0.007,-0.072,0.0,4474000000.0,1.0,255399358.0,255400000,255400000.0,65.341,186936000000.0,1274000000.0,-838000000.0,0.0,731.934,
74,HIG,MRT,2002-12-31,2002-12-31,2002-12-31,2021-07-28,1094000000.0,181975000000.0,180522000000.0,,,0.091,43.039,-189000000.0,377000000.0,377000000.0,10034000000.0,1000000000.0,,15.953,4379000000.0,,,4379000000.0,3989000000.0,104000000.0,0.0,0.023,1.05,1333000000.0,1437000000.0,0.088,1437000000.0,1333000000.0,1068000000.0,4.01,3.97,4.01,10734000000.0,10093000000.0,10734000000.0,15849593067.0,12.0,11.03,2388000000.0,9.575,1.0,6383000000.0,0.389,1721000000.0,265000000.0,184256000000.0,182699750000.0,0.0,54530000000.0,,,171241000000.0,,,11591593067.0,24000000.0,0.0,422000000.0,333000000.0,-257000000.0,4037000000.0,-6600000000.0,-6411000000.0,2577000000.0,10000000.0,1000000000.0,1000000000.0,1000000000.0,0.0,0.0,0.061,5050000000.0,1333000000.0,23956000000.0,0.262,1.08,11.592,11.329,0.0,0.0,45.43,0.706,0.69,7638000000.0,6890000000.0,16417000000.0,16417000000.0,0.0,0.006,0.099,0.007,0.081,0.0,4461000000.0,1.0,255152830.0,249400000,251800000.0,65.826,180254000000.0,545000000.0,68000000.0,0.0,722.751,
75,HIG,MRT,2002-09-30,2002-09-30,2002-09-30,2021-07-28,1510000000.0,175539000000.0,180426500000.0,,,0.093,43.965,-196000000.0,413000000.0,413000000.0,10617000000.0,886000000.0,,15.041,4671000000.0,,,4671000000.0,3973000000.0,108000000.0,0.0,0.025,1.04,913000000.0,1021000000.0,0.061,1021000000.0,913000000.0,913000000.0,3.59,3.55,3.59,10943000000.0,9662750000.0,10943000000.0,13843909202.0,15.0,13.559,3067000000.0,12.322,1.0,6209000000.0,0.369,1722000000.0,0.0,178075000000.0,182509500000.0,0.0,54101000000.0,,,164596000000.0,,,10153909202.0,88000000.0,27000000.0,807000000.0,681000000.0,-251000000.0,4050000000.0,-7227000000.0,-7058000000.0,3263000000.0,2000000.0,886000000.0,886000000.0,886000000.0,0.0,0.0,0.053,5296000000.0,913000000.0,22336000000.0,0.29,0.928,11.46,11.421,0.0,0.0,41.0,0.603,0.606,7674000000.0,6701000000.0,16826000000.0,16826000000.0,0.0,0.005,0.092,0.005,0.054,0.0,4517000000.0,1.0,247656322.0,248900000,250500000.0,67.601,173817000000.0,281000000.0,27000000.0,0.0,698.341,
76,HIG,MRT,2002-06-30,2002-06-30,2002-06-30,2021-07-28,728000000.0,179637000000.0,179194750000.0,,,0.092,39.03,-226000000.0,319000000.0,319000000.0,10946000000.0,518000000.0,,17.604,4009000000.0,,,4009000000.0,3839000000.0,116000000.0,0.0,0.017,1.03,293000000.0,409000000.0,0.025,409000000.0,293000000.0,293000000.0,2.1,2.06,2.1,9656000000.0,9118500000.0,9656000000.0,18368575274.0,63.0,44.911,2442000000.0,9.871,1.0,5517000000.0,0.335,1725000000.0,0.0,181602000000.0,181127500000.0,0.0,49332000000.0,,,169981000000.0,,,14714575274.0,-5000000.0,28000000.0,470000000.0,64000000.0,-247000000.0,2195000000.0,-4874000000.0,-4676000000.0,2668000000.0,6000000.0,518000000.0,518000000.0,518000000.0,0.0,0.0,0.031,5224000000.0,293000000.0,20517000000.0,0.49,1.524,28.407,28.319,0.0,0.0,59.47,0.894,0.894,7823000000.0,6501000000.0,16463000000.0,16463000000.0,0.0,0.003,0.057,0.002,0.018,0.0,4451000000.0,1.0,247428540.0,247400000,250700000.0,66.544,177912000000.0,470000000.0,-225000000.0,0.0,719.127,
77,HIG,MRT,2002-03-31,2002-03-31,2002-03-31,2021-07-28,278000000.0,184937000000.0,178767250000.0,,,0.091,36.729,-209000000.0,351000000.0,351000000.0,10802000000.0,559000000.0,,19.46,4005000000.0,,,4005000000.0,3649000000.0,83000000.0,0.0,0.015,1.02,377000000.0,460000000.0,0.028,460000000.0,377000000.0,377000000.0,2.3,2.26,2.3,9039000000.0,8824250000.0,9039000000.0,20398189919.0,54.0,44.344,2133000000.0,8.667,1.0,5516000000.0,0.338,1725000000.0,0.0,186866000000.0,180687750000.0,0.0,47059000000.0,,,175898000000.0,,,16775189919.0,74000000.0,-1091000000.0,470000000.0,64000000.0,-242000000.0,2142000000.0,-4404000000.0,-3104000000.0,2342000000.0,-6000000.0,559000000.0,559000000.0,559000000.0,0.0,0.0,0.034,5128000000.0,388000000.0,19771000000.0,0.443,1.856,30.009,29.617,0.0,0.0,68.12,1.028,1.027,7720000000.0,6380000000.0,16318000000.0,16318000000.0,0.0,0.003,0.063,0.002,0.023,0.0,4344000000.0,1.0,246259394.0,246100000,249700000.0,66.306,183212000000.0,747000000.0,-182000000.0,0.0,744.462,
78,HIG,MRT,2001-12-31,2001-12-31,2001-12-31,2021-07-28,534000000.0,181593000000.0,173909500000.0,,,0.092,37.918,-209000000.0,353000000.0,353000000.0,10597000000.0,507000000.0,,19.148,3976000000.0,,,3976000000.0,3436000000.0,85000000.0,0.0,0.016,1.01,307000000.0,392000000.0,0.025,392000000.0,307000000.0,307000000.0,2.13,2.1,2.13,9013000000.0,8676000000.0,9013000000.0,19022240638.0,62.0,48.526,2052000000.0,8.633,1.0,5383000000.0,0.337,1721000000.0,0.0,183495000000.0,176263750000.0,0.0,46689000000.0,,,172580000000.0,,,15404240638.0,126000000.0,-1066000000.0,1085000000.0,648000000.0,-235000000.0,3399000000.0,-5528000000.0,-4253000000.0,2261000000.0,-6000000.0,507000000.0,507000000.0,507000000.0,0.0,0.0,0.032,5042000000.0,341000000.0,19355000000.0,0.474,1.709,30.383,29.498,0.0,0.0,62.83,0.964,0.935,7952000000.0,6152000000.0,15980000000.0,15980000000.0,0.0,0.003,0.058,0.002,0.019,0.0,4251000000.0,1.0,245173335.0,237700000,241400000.0,67.228,179872000000.0,693000000.0,-200000000.0,0.0,756.719,
79,HIG,MRT,2001-09-30,2001-09-30,2001-09-30,2021-07-28,784000000.0,170612000000.0,171394250000.0,,,0.089,36.832,-203000000.0,325000000.0,325000000.0,9600000000.0,636000000.0,,18.463,3943000000.0,,,3943000000.0,3458000000.0,55000000.0,0.0,0.017,1.0,653000000.0,708000000.0,0.047,708000000.0,653000000.0,653000000.0,2.78,2.72,2.78,8766000000.0,8288750000.0,8766000000.0,17597418282.0,27.0,24.855,1643000000.0,6.903,1.0,5590000000.0,0.368,1683000000.0,0.0,172547000000.0,173750750000.0,0.0,45946000000.0,,,161846000000.0,,,13980418282.0,90000000.0,-543000000.0,608000000.0,204000000.0,-230000000.0,2812000000.0,-4562000000.0,-3816000000.0,1846000000.0,-6000000.0,636000000.0,636000000.0,636000000.0,0.0,0.0,0.042,4903000000.0,687000000.0,19542000000.0,0.36,1.595,21.982,21.129,0.0,0.0,58.74,0.92,0.92,7568000000.0,6072000000.0,15190000000.0,15190000000.0,0.0,0.004,0.077,0.004,0.043,0.0,4130000000.0,1.0,238005078.0,238000000,238000000.0,63.824,168929000000.0,461000000.0,17000000.0,0.0,709.786,
80,HIG,MRT,2001-06-30,2001-06-30,2001-06-30,2021-07-28,341000000.0,177927000000.0,173052750000.0,,,0.088,35.731,-178000000.0,324000000.0,324000000.0,8890000000.0,989000000.0,,19.984,3941000000.0,,,3941000000.0,3385000000.0,40000000.0,0.0,0.014,0.99,1398000000.0,1438000000.0,0.094,1438000000.0,1398000000.0,1398000000.0,4.32,4.24,4.32,8479000000.0,7783250000.0,8479000000.0,19876051378.0,14.0,13.822,2003000000.0,8.441,1.0,6369000000.0,0.417,1701000000.0,0.0,179843000000.0,175800500000.0,0.0,44292000000.0,,,169448000000.0,,,16212051378.0,112000000.0,-829000000.0,615000000.0,204000000.0,-221000000.0,2169000000.0,-4221000000.0,-3214000000.0,2181000000.0,-17000000.0,989000000.0,989000000.0,989000000.0,0.0,0.0,0.065,4937000000.0,1432000000.0,18661000000.0,0.229,1.912,16.392,15.833,0.0,0.0,68.4,1.062,1.064,7028000000.0,6234000000.0,15259000000.0,15259000000.0,0.0,0.006,0.127,0.008,0.092,0.0,4164000000.0,1.0,237018295.0,237300000,241300000.0,64.303,176226000000.0,511000000.0,409000000.0,0.0,742.63,
81,HIG,MRT,2001-03-31,2001-03-31,2001-03-31,2021-07-28,522000000.0,165506000000.0,171547250000.0,,,0.087,36.484,-179000000.0,277000000.0,277000000.0,8640000000.0,976000000.0,,18.596,3941000000.0,,,3941000000.0,3256000000.0,58000000.0,0.0,0.017,0.98,1346000000.0,1404000000.0,0.094,1404000000.0,1346000000.0,1346000000.0,4.35,4.27,4.35,8446000000.0,7235500000.0,8446000000.0,17074817053.0,13.0,12.162,2226000000.0,9.616,1.0,6286000000.0,0.421,0.0,0.0,169170000000.0,174696750000.0,0.0,42835000000.0,,,157060000000.0,,,13961817053.0,61000000.0,-821000000.0,1013000000.0,1120000000.0,-214000000.0,2679000000.0,-5008000000.0,-4008000000.0,2405000000.0,-15000000.0,976000000.0,976000000.0,976000000.0,0.0,0.0,0.065,4891000000.0,1395000000.0,16324000000.0,0.225,1.653,14.305,13.563,0.0,0.0,59.0,0.935,0.915,6703000000.0,6068000000.0,14926000000.0,14926000000.0,0.0,0.006,0.135,0.008,0.09,0.0,4151000000.0,1.0,236640967.0,231500000,235500000.0,64.475,165506000000.0,502000000.0,370000000.0,0.0,714.929,
82,HIG,MRT,2000-12-31,2000-12-31,2000-12-31,2021-07-28,369000000.0,171532000000.0,173271000000.0,,,0.085,33.835,-200000000.0,227000000.0,227000000.0,8419000000.0,974000000.0,,21.981,3340000000.0,,,3340000000.0,3093000000.0,63000000.0,0.0,0.014,0.97,1364000000.0,1427000000.0,0.097,1427000000.0,1364000000.0,1364000000.0,4.42,4.34,4.42,7464000000.0,6428500000.0,7464000000.0,19426715382.0,14.0,13.614,2235000000.0,10.131,1.0,6284000000.0,0.427,1202000000.0,0.0,173443000000.0,176157750000.0,0.0,40669000000.0,,,164068000000.0,,,15926715381.0,45000000.0,-846000000.0,298000000.0,520000000.0,-210000000.0,-208000000.0,-2164000000.0,-1118000000.0,2435000000.0,-18000000.0,974000000.0,974000000.0,974000000.0,0.0,0.0,0.066,4866000000.0,1418000000.0,15848000000.0,0.219,2.134,16.352,15.98,0.0,0.0,70.63,1.083,1.06,6874000000.0,5887000000.0,14703000000.0,14703000000.0,0.0,0.006,0.152,0.008,0.093,0.0,4171000000.0,1.0,225495050.0,220600000,224400000.0,66.65,170330000000.0,682000000.0,390000000.0,0.0,772.121,
83,HIG,MRT,2000-09-30,2000-09-30,2000-09-30,2021-07-28,-76000000.0,177246000000.0,172150750000.0,,,0.083,30.053,-242000000.0,235000000.0,235000000.0,8217000000.0,924000000.0,,25.282,3735000000.0,,,3735000000.0,3081000000.0,56000000.0,0.0,0.013,0.96,1175000000.0,1231000000.0,0.086,1231000000.0,1175000000.0,1175000000.0,4.2,4.16,4.2,6744000000.0,5821750000.0,6744000000.0,19870493431.0,17.0,16.142,1925000000.0,8.578,1.0,6023000000.0,0.423,0.0,0.0,180746000000.0,175221500000.0,0.0,39888000000.0,,,170502000000.0,,,16347493431.0,100000000.0,-1466000000.0,-11000000.0,916000000.0,-207000000.0,38000000.0,-2090000000.0,-382000000.0,2167000000.0,-15000000.0,924000000.0,924000000.0,924000000.0,0.0,0.0,0.065,4771000000.0,1252000000.0,0.0,0.229,2.424,17.692,17.352,0.0,0.0,72.88,1.148,1.148,6786000000.0,5671000000.0,14240000000.0,14240000000.0,0.0,0.005,0.159,0.007,0.083,0.0,4986000000.0,1.0,224306990.0,224400000,229300000.0,63.458,177246000000.0,1271000000.0,251000000.0,0.0,789.866,
84,HIG,MRT,2000-06-30,2000-06-30,2000-06-30,2021-07-28,-248000000.0,171905000000.0,166227500000.0,,,0.084,29.044,-232000000.0,212000000.0,212000000.0,8066000000.0,860000000.0,,26.339,3735000000.0,,,3735000000.0,2973000000.0,49000000.0,0.0,0.017,0.95,1087000000.0,1136000000.0,0.082,1136000000.0,1087000000.0,1087000000.0,3.92,3.89,3.92,6288000000.0,5470750000.0,6288000000.0,14634456717.0,13.0,12.882,1552000000.0,7.169,1.0,5827000000.0,0.419,0.0,0.0,175428000000.0,169096750000.0,0.0,39017000000.0,,,165617000000.0,,,12021456717.0,11000000.0,-1160000000.0,-147000000.0,916000000.0,-208000000.0,-637000000.0,-1128000000.0,264000000.0,1784000000.0,-8000000.0,860000000.0,860000000.0,860000000.0,0.0,0.0,0.062,4641000000.0,1186000000.0,0.0,0.242,1.912,13.978,14.27,0.0,0.0,55.94,0.865,0.872,6590000000.0,5475000000.0,13893000000.0,13893000000.0,0.0,0.005,0.157,0.006,0.078,0.0,4399000000.0,1.0,214899119.0,216500000,219900000.0,64.171,171905000000.0,1314000000.0,227000000.0,0.0,794.018,
85,HIG,MRT,2000-03-31,2000-03-31,2000-03-31,2021-07-28,-172000000.0,172401000000.0,162567000000.0,,,0.084,24.18,-221000000.0,216000000.0,216000000.0,7983000000.0,862000000.0,,31.952,2829000000.0,,,2829000000.0,2915000000.0,63000000.0,0.0,0.018,0.94,1141000000.0,1204000000.0,0.088,1204000000.0,1141000000.0,1141000000.0,3.89,3.85,3.89,5218000000.0,5289750000.0,5218000000.0,13966198496.0,12.0,11.6,1187000000.0,5.5,1.0,5745000000.0,0.418,0.0,0.0,175014000000.0,165212500000.0,0.0,38741000000.0,,,166726000000.0,,,11319198496.0,108000000.0,-52000000.0,-620000000.0,0.0,-207000000.0,-1984000000.0,691000000.0,964000000.0,1408000000.0,-7000000.0,862000000.0,862000000.0,862000000.0,0.0,0.0,0.063,4510000000.0,1235000000.0,0.0,0.242,2.169,13.131,13.56,0.0,0.0,52.75,0.825,0.829,6656000000.0,5313000000.0,13728000000.0,13728000000.0,0.0,0.005,0.163,0.007,0.083,0.0,3876000000.0,1.0,214581962.0,215800000,217300000.0,63.614,172401000000.0,1257000000.0,279000000.0,0.0,798.892,
86,HIG,MRT,1999-12-31,1999-12-31,1999-12-31,2021-07-28,-272000000.0,167051000000.0,157206750000.0,,,0.086,22.397,-183000000.0,182000000.0,182000000.0,7902000000.0,862000000.0,,32.08,2829000000.0,,,2829000000.0,2777000000.0,58000000.0,0.0,0.019,0.92,1149000000.0,1207000000.0,0.089,1207000000.0,1149000000.0,1149000000.0,3.83,3.79,3.83,5037000000.0,5453000000.0,5037000000.0,13194378627.0,11.0,10.932,771000000.0,3.428,1.0,5626000000.0,0.416,0.0,0.0,169698000000.0,159879250000.0,0.0,39141000000.0,,,161585000000.0,,,10500378627.0,59000000.0,-52000000.0,-596000000.0,0.0,-207000000.0,-3104000000.0,2216000000.0,2451000000.0,954000000.0,-7000000.0,862000000.0,862000000.0,862000000.0,0.0,0.0,0.064,4391000000.0,1235000000.0,16884000000.0,0.24,2.085,12.181,12.371,0.0,0.0,47.38,0.776,0.788,6544000000.0,5127000000.0,13528000000.0,13528000000.0,0.0,0.005,0.158,0.007,0.085,0.0,3790000000.0,1.0,221620486.0,224900000,227500000.0,60.151,167051000000.0,1404000000.0,287000000.0,0.0,742.779,
87,HIG,MRT,1999-09-30,1999-09-30,1999-09-30,2021-07-28,-88000000.0,153553000000.0,153102000000.0,,,0.093,23.702,-99000000.0,135000000.0,135000000.0,8281000000.0,940000000.0,,27.674,2829000000.0,,,2829000000.0,2715000000.0,59000000.0,0.0,0.022,0.9,1257000000.0,1316000000.0,0.092,1316000000.0,1257000000.0,1257000000.0,4.15,4.09,4.15,5340000000.0,5683250000.0,5340000000.0,11867133660.0,9.0,9.018,485000000.0,2.153,1.0,5972000000.0,0.419,0.0,0.0,156247000000.0,155789250000.0,0.0,39417000000.0,,,147780000000.0,,,9239133660.0,0.0,535000000.0,-434000000.0,0.0,-207000000.0,-4011000000.0,3428000000.0,2992000000.0,584000000.0,-1000000.0,940000000.0,940000000.0,940000000.0,0.0,0.0,0.066,4632000000.0,1340000000.0,0.0,0.217,1.73,9.829,9.851,0.0,0.0,40.88,0.648,0.646,6490000000.0,4957000000.0,14253000000.0,14253000000.0,0.0,0.006,0.165,0.008,0.088,0.0,4208000000.0,1.0,226006205.0,225300000,227800000.0,63.262,153553000000.0,1380000000.0,317000000.0,0.0,681.549,
88,HIG,MRT,1999-06-30,1999-06-30,1999-06-30,2021-07-28,133000000.0,157263000000.0,149979750000.0,,,0.096,24.533,-91000000.0,201000000.0,201000000.0,8381000000.0,968000000.0,,27.187,2829000000.0,,,2829000000.0,2651000000.0,61000000.0,0.0,0.015,0.88,1320000000.0,1381000000.0,0.096,1381000000.0,1320000000.0,1320000000.0,4.24,4.18,4.24,5564000000.0,5828000000.0,5564000000.0,15953604515.0,12.0,11.552,619000000.0,2.729,1.0,6068000000.0,0.42,0.0,0.0,159891000000.0,152388000000.0,0.0,40006000000.0,,,151266000000.0,,,13232604515.0,58000000.0,344000000.0,-546000000.0,0.0,-204000000.0,-4069000000.0,3417000000.0,3164000000.0,710000000.0,0.0,968000000.0,968000000.0,968000000.0,0.0,0.0,0.067,4668000000.0,1400000000.0,0.0,0.208,2.378,13.67,13.752,0.0,0.0,58.31,0.916,0.915,6570000000.0,4824000000.0,14449000000.0,14449000000.0,0.0,0.006,0.166,0.009,0.091,0.0,4229000000.0,1.0,226935423.0,226800000,230000000.0,63.708,157263000000.0,1327000000.0,352000000.0,0.0,693.399,
89,HIG,MRT,1999-03-31,1999-03-31,1999-03-31,2021-07-28,583000000.0,150960000000.0,146901000000.0,,,0.099,25.863,-84000000.0,108000000.0,108000000.0,8411000000.0,989000000.0,,24.635,2829000000.0,,,2829000000.0,2587000000.0,74000000.0,0.0,0.015,0.86,1357000000.0,1431000000.0,0.098,1431000000.0,1357000000.0,1357000000.0,4.29,4.24,4.29,5871000000.0,5936250000.0,5871000000.0,15592022441.0,11.0,10.896,529000000.0,2.33,1.0,6182000000.0,0.424,0.0,0.0,153681000000.0,149044750000.0,0.0,40859000000.0,,,144630000000.0,,,12886022441.0,32000000.0,344000000.0,-577000000.0,200000000.0,-203000000.0,-3926000000.0,3345000000.0,3085000000.0,613000000.0,0.0,989000000.0,989000000.0,989000000.0,0.0,0.0,0.068,4749000000.0,1433000000.0,0.0,0.2,2.195,13.029,13.242,0.0,0.0,56.81,0.883,0.884,6549000000.0,4661000000.0,14593000000.0,14593000000.0,0.0,0.007,0.167,0.009,0.093,0.0,4306000000.0,1.0,226826658.0,227000000,229900000.0,64.286,150960000000.0,1158000000.0,368000000.0,0.0,665.022,
90,HIG,MRT,1998-12-31,1998-12-31,1998-12-31,2021-07-28,811000000.0,150632000000.0,144513750000.0,,,0.104,25.593,-108000000.0,123000000.0,123000000.0,8613000000.0,1015000000.0,,24.204,2829000000.0,,,2829000000.0,2478000000.0,89000000.0,0.0,0.015,0.85,1403000000.0,1492000000.0,0.099,1492000000.0,1403000000.0,1403000000.0,4.36,4.3,4.36,5958000000.0,5951000000.0,5958000000.0,14088908152.0,10.0,9.443,799000000.0,3.432,1.0,6409000000.0,0.427,0.0,0.0,153338000000.0,146399000000.0,0.0,43696000000.0,,,144209000000.0,,,12510908152.0,-17000000.0,155000000.0,-547000000.0,190000000.0,-197000000.0,-1340000000.0,411000000.0,364000000.0,907000000.0,5000000.0,1015000000.0,1015000000.0,1015000000.0,0.0,0.0,0.068,4934000000.0,1475000000.0,19774000000.0,0.195,2.1,12.326,12.587,0.0,0.0,54.88,0.833,0.85,6811000000.0,4474000000.0,15022000000.0,15022000000.0,0.0,0.007,0.171,0.01,0.093,0.0,4335000000.0,1.0,227968443.0,232800000,236200000.0,64.527,150632000000.0,1085000000.0,388000000.0,0.0,647.045,
91,HIG,MRT,1998-09-30,1998-09-30,1998-09-30,2021-07-28,926000000.0,141064000000.0,139791500000.0,,,0.105,25.491,-135000000.0,135000000.0,135000000.0,8433000000.0,969000000.0,,22.753,1713000000.0,,,1713000000.0,3243000000.0,104000000.0,0.0,0.017,0.83,1312000000.0,1416000000.0,0.097,1416000000.0,1312000000.0,1312000000.0,4.12,4.07,4.12,5919000000.0,5883500000.0,5919000000.0,12644520644.0,10.0,8.93,1379000000.0,5.939,1.0,6230000000.0,0.425,0.0,0.0,142642000000.0,141658500000.0,0.0,41690000000.0,,,134677000000.0,,,11074520644.0,-43000000.0,-359000000.0,-429000000.0,199000000.0,-194000000.0,-611000000.0,-943000000.0,-449000000.0,1514000000.0,-3000000.0,969000000.0,969000000.0,969000000.0,0.0,0.0,0.066,4850000000.0,1380000000.0,0.0,0.201,1.871,11.429,11.515,0.0,0.0,47.44,0.755,0.751,12488000000.0,4224000000.0,14663000000.0,14663000000.0,0.0,0.007,0.165,0.009,0.089,0.0,2085000000.0,1.0,233442678.0,232200000,235600000.0,63.148,141064000000.0,974000000.0,343000000.0,0.0,607.511,
92,HIG,MRT,1998-06-30,1998-06-30,1998-06-30,2021-07-28,891000000.0,144948000000.0,,,,,25.476,-144000000.0,143000000.0,143000000.0,8237000000.0,1054000000.0,,23.097,1713000000.0,,,1713000000.0,3258000000.0,111000000.0,0.0,0.014,0.82,1447000000.0,1558000000.0,0.108,1558000000.0,1447000000.0,1447000000.0,4.46,4.41,4.46,5997000000.0,,5997000000.0,15167808141.0,10.0,9.735,1362000000.0,5.786,1.0,6140000000.0,0.427,0.0,0.0,146518000000.0,,0.0,42145000000.0,,,138511000000.0,,,13480808141.0,8000000.0,-189000000.0,-197000000.0,193000000.0,-192000000.0,-156000000.0,-1338000000.0,-1005000000.0,1506000000.0,-4000000.0,1054000000.0,1054000000.0,1054000000.0,0.0,0.0,0.073,4628000000.0,1512000000.0,0.0,0.184,2.248,12.79,12.825,0.0,0.0,57.2,0.938,0.937,12622000000.0,4059000000.0,14377000000.0,14377000000.0,0.0,,,,0.101,0.0,2011000000.0,1.0,235678464.0,235400000,239100000.0,61.075,144948000000.0,1034000000.0,393000000.0,0.0,615.752,
93,HIG,MRT,1998-03-31,1998-03-31,1998-03-31,2021-07-28,869000000.0,141411000000.0,,,,,25.148,-134000000.0,76000000.0,76000000.0,8130000000.0,1392000000.0,,22.777,1763000000.0,,,1763000000.0,3117000000.0,94000000.0,0.0,0.015,0.81,1762000000.0,1856000000.0,0.132,1856000000.0,1762000000.0,1762000000.0,5.89,5.82,5.89,5930000000.0,,5930000000.0,14418829766.0,8.0,7.769,1741000000.0,7.383,1.0,5923000000.0,0.421,0.0,0.0,143098000000.0,,0.0,42040000000.0,,,135070000000.0,,,12785829766.0,-70000000.0,-189000000.0,-91000000.0,-406000000.0,-189000000.0,176000000.0,-2116000000.0,-1793000000.0,1875000000.0,-5000000.0,1392000000.0,1392000000.0,1392000000.0,0.0,0.0,0.099,4476000000.0,1447000000.0,0.0,0.138,2.156,9.185,9.211,0.0,0.0,54.25,0.91,0.91,12507000000.0,3873000000.0,14053000000.0,14053000000.0,0.0,,,,0.125,0.0,1921000000.0,1.0,235683498.0,235800000,239100000.0,59.597,141411000000.0,1069000000.0,370000000.0,0.0,599.707,
94,HIG,MRT,1997-12-31,1997-12-31,1997-12-31,2021-07-28,832000000.0,131743000000.0,120291500000.0,,,0.112,24.102,-109000000.0,140000000.0,140000000.0,7977000000.0,1332000000.0,,22.092,2773000000.0,,,2773000000.0,2895000000.0,85000000.0,0.0,0.017,0.8,1666000000.0,1751000000.0,0.13,1751000000.0,1666000000.0,1666000000.0,5.64,5.58,5.64,5688000000.0,5104000000.0,5688000000.0,,,,1936000000.0,8.203,1.0,5484000000.0,0.407,0.0,0.0,134376000000.0,122318000000.0,0.0,41122000000.0,,,125658000000.0,,,11025274036.0,28000000.0,0.0,-45000000.0,241000000.0,-190000000.0,239000000.0,-2247000000.0,-2138000000.0,2045000000.0,-9000000.0,1332000000.0,1332000000.0,1332000000.0,0.0,0.0,0.099,4149000000.0,1335000000.0,0.0,0.142,1.938,8.277,8.294,0.0,0.0,46.78,0.819,0.82,12712000000.0,3658000000.0,13461000000.0,13461000000.0,0.0,0.011,0.261,0.014,0.124,0.0,1888000000.0,1.0,235683498.0,236000000,238900000.0,57.038,131743000000.0,955000000.0,334000000.0,0.0,558.233,
95,HIG,MRT,1997-09-30,1997-09-30,1997-09-30,2021-07-28,,,,,,,,,,,,,,,,,,,,,,0.019,0.8,,,,,,,,,,,,,,,,,,1.0,,,,,,,,,,,,,,,,,,,,,,,,,,,,,,,,,,,,,,,,43.065,,,,,,,,,,,,,,1.0,,236500000,,,,,,,,
96,HIG,MRT,1997-06-30,1997-06-30,1997-06-30,2021-07-28,,,,,,,,,,,,,,,,,,,,,,0.019,0.8,,,,,,,,,,,,,,,,,,1.0,,,,,,,,,,,,,,,,,,,,,,,,,,,,,,,,,,,,,,,,41.375,,,,,,,,,,,,,,1.0,,236000000,,,,,,,,
97,HIG,MRT,1997-03-31,1997-03-31,1997-03-31,2021-07-28,,,,,,,,,,,,,,,,,,,,,,0.022,0.8,,,,,,,,,,,,,,,,,,1.0,,,,,,,,,,,,,,,,,,,,,,,,,,,,,,,,,,,,,,,,36.065,,,,,,,,,,,,,,1.0,,235400000,,,,,,,,
98,HIG,MRT,1996-12-31,1996-12-31,1996-12-31,2021-07-28,392000000.0,108840000000.0,,,,,19.275,-69000000.0,112000000.0,112000000.0,8942000000.0,-99000000.0,,23.08,1532000000.0,,,1532000000.0,2797000000.0,81000000.0,0.0,0.024,0.8,-318000000.0,-237000000.0,-0.019,-237000000.0,-318000000.0,-318000000.0,-0.42,-0.42,-0.42,4520000000.0,,4520000000.0,,,,925000000.0,3.945,1.0,3635000000.0,0.289,0.0,0.0,110260000000.0,,0.0,37639000000.0,,,104320000000.0,,,,17000000.0,0.0,0.0,583000000.0,-140000000.0,59000000.0,-1035000000.0,-966000000.0,994000000.0,-1000000.0,-99000000.0,-99000000.0,-99000000.0,0.0,0.0,-0.008,3953000000.0,-318000000.0,0.0,-1.905,,,-80.357,0.0,0.0,33.75,,0.629,13026000000.0,2515000000.0,12577000000.0,12577000000.0,0.0,,,,-0.025,0.0,1678000000.0,1.0,,234500000,234500000.0,53.633,108840000000.0,1480000000.0,-219000000.0,0.0,464.136,
99,HIG,MRT,1995-12-31,1995-12-31,1995-12-31,2021-07-28,,,,,,,,-76000000.0,,,7769000000.0,559000000.0,,,,,,,,85000000.0,,0.0,0.0,739000000.0,824000000.0,0.068,824000000.0,739000000.0,739000000.0,2.385,2.375,2.385,,,,,,,1018000000.0,4.347,1.0,4381000000.0,0.361,,0.0,,,,,,,,,,,40000000.0,0.0,0.0,410000000.0,0.0,533000000.0,-1597000000.0,-1521000000.0,1094000000.0,10000000.0,559000000.0,559000000.0,559000000.0,0.0,0.0,0.046,3639000000.0,742000000.0,,0.0,,,10.143,,0.0,24.19,,0.466,,,12150000000.0,12150000000.0,0.0,,,,0.061,0.0,1658000000.0,1.0,,234200000,235400000.0,51.879,,,180000000.0,,,
