None,ticker,dimension,calendardate,datekey,reportperiod,lastupdated,accoci,assets,assetsavg,assetsc,assetsnc,assetturnover,bvps,capex,cashneq,cashnequsd,cor,consolinc,currentratio,de,debt,debtc,debtnc,debtusd,deferredrev,depamor,deposits,divyield,dps,ebit,ebitda,ebitdamargin,ebitdausd,ebitusd,ebt,eps,epsdil,epsusd,equity,equityavg,equityusd,ev,evebit,evebitda,fcf,fcfps,fxusd,gp,grossmargin,intangibles,intexp,invcap,invcapavg,inventory,investments,investmentsc,investmentsnc,liabilities,liabilitiesc,liabilitiesnc,marketcap,ncf,ncfbus,ncfcommon,ncfdebt,ncfdiv,ncff,ncfi,ncfinv,ncfo,ncfx,netinc,netinccmn,netinccmnusd,netincdis,netincnci,netmargin,opex,opinc,payables,payoutratio,pb,pe,pe1,ppnenet,prefdivis,price,ps,ps1,receivables,retearn,revenue,revenueusd,rnd,roa,roe,roic,ros,sbcomp,sgna,sharefactor,sharesbas,shareswa,shareswadil,sps,tangibles,taxassets,taxexp,taxliabilities,tbvps,workingcapital
0,ACS,MRY,2009-12-31,2009-06-30,2009-06-30,2019-10-15,-45014000.0,6900973000.0,6631147000.0,2415085000.0,4485888000.0,0.984,26.891,-362747000.0,730911000.0,730911000.0,5788438000.0,349943000.0,1.625,1.632,2524050000.0,482521000.0,2041529000.0,2524050000.0,0.0,395034000.0,0.0,0.0,0.0,684564000.0,1079598000.0,0.166,1079598000.0,684564000.0,554235000.0,3.59,3.57,3.59,2622132000.0,2457328500.0,2622132000.0,6353200292.0,9.0,5.885,514347000.0,5.275,1.0,734726000.0,0.113,3330572000.0,130329000.0,3877560000.0,4188333500.0,0.0,0.0,0.0,0.0,4278841000.0,1485980000.0,2792861000.0,4335184292.0,269028000.0,-161585000.0,9964000.0,-92962000.0,0.0,-81588000.0,-526478000.0,-1826000.0,877094000.0,0.0,349943000.0,349943000.0,349943000.0,0.0,0.0,0.054,48783000.0,685943000.0,272889000.0,0.0,1.653,12.388,12.373,955158000.0,0.0,44.42,0.665,0.664,1415707000.0,1991933000.0,6523164000.0,6523164000.0,0.0,0.053,0.142,0.163,0.105,23464000.0,0.0,1.0,97595324.0,97510000,98006000.0,66.897,3570401000.0,19210000.0,204292000.0,560404000.0,36.616,929105000.0
1,ACS,MRY,2008-12-31,2008-06-30,2008-06-30,2019-10-15,18830000.0,6469399000.0,6208463250.0,2103116000.0,4366283000.0,0.992,23.552,-308306000.0,461883000.0,461883000.0,5446706000.0,329010000.0,1.938,1.803,2578723000.0,221182000.0,2357541000.0,2578723000.0,0.0,380571000.0,0.0,0.0,0.0,658154000.0,1038725000.0,0.169,1038725000.0,658154000.0,496219000.0,3.36,3.32,3.36,2308374000.0,2167878250.0,2308374000.0,7413130803.0,11.0,7.137,518471000.0,5.29,1.0,713844000.0,0.116,3229643000.0,161935000.0,4271457000.0,4309705500.0,0.0,0.0,0.0,0.0,4161025000.0,1085139000.0,3075886000.0,5155908803.0,154597000.0,-213135000.0,-118816000.0,-22159000.0,0.0,-137394000.0,-534786000.0,-6845000.0,826777000.0,0.0,329010000.0,329010000.0,329010000.0,0.0,0.0,0.053,68766000.0,645078000.0,198191000.0,0.0,2.234,15.671,15.92,920637000.0,0.0,53.49,0.837,0.851,1378285000.0,1641990000.0,6160550000.0,6160550000.0,0.0,0.053,0.152,0.153,0.107,22830000.0,0.0,1.0,96390144.0,98013000,98993000.0,62.854,3239756000.0,7076000.0,167209000.0,493853000.0,33.054,1017977000.0
2,ACS,MRY,2007-12-31,2007-06-30,2007-06-30,2019-10-15,15916000.0,5982429000.0,5829758000.0,1810534000.0,4171895000.0,0.99,20.624,-360030000.0,307286000.0,307286000.0,5168818000.0,253090000.0,1.865,1.895,2553795000.0,211523000.0,2342272000.0,2553795000.0,0.0,346199000.0,0.0,0.0,0.0,566078000.0,912277000.0,0.158,912277000.0,566078000.0,383413000.0,2.53,2.49,2.53,2066168000.0,1937973250.0,2066168000.0,7667535878.0,14.0,8.405,378348000.0,3.777,1.0,603661000.0,0.105,3093746000.0,182665000.0,4164320000.0,4311926250.0,0.0,0.0,0.0,0.0,3916261000.0,970872000.0,2945389000.0,5250379878.0,206449000.0,-182724000.0,-703242000.0,696747000.0,0.0,-2926000.0,-529003000.0,13751000.0,738378000.0,0.0,253090000.0,253090000.0,253090000.0,0.0,0.0,0.044,66706000.0,536955000.0,97951000.0,0.0,2.541,20.745,22.419,897319000.0,0.0,56.72,0.91,0.984,1257108000.0,1462115000.0,5772479000.0,5772479000.0,0.0,0.043,0.131,0.131,0.098,24728000.0,0.0,1.0,92566641.0,100181000,101572000.0,57.62,2888683000.0,13268000.0,130323000.0,381983000.0,28.835,839662000.0
3,ACS,MRY,2006-12-31,2006-06-30,2006-06-30,2019-10-15,-10943000.0,5502437000.0,5303912250.0,1529263000.0,3973174000.0,1.009,19.937,-430298000.0,100837000.0,100837000.0,4712537000.0,358806000.0,1.853,1.24,1789132000.0,175100000.0,1614032000.0,1789132000.0,0.0,289852000.0,0.0,0.0,0.0,626680000.0,916532000.0,0.171,916532000.0,626680000.0,558313000.0,2.91,2.87,2.91,2456218000.0,2756980750.0,2456218000.0,7438924190.0,12.0,8.116,208412000.0,1.692,1.0,641124000.0,0.12,2932355000.0,68367000.0,3433272000.0,2750036250.0,0.0,0.0,0.0,0.0,3046219000.0,825105000.0,2221114000.0,6119511190.0,38152000.0,-182652000.0,-757958000.0,813210000.0,0.0,51217000.0,-651775000.0,-22295000.0,638710000.0,0.0,358806000.0,358806000.0,358806000.0,0.0,0.0,0.067,56747000.0,584377000.0,104473000.0,0.0,2.491,17.055,17.735,870020000.0,0.0,51.61,1.143,1.188,1231846000.0,1836850000.0,5353661000.0,5353661000.0,0.0,0.068,0.13,0.228,0.117,20717000.0,0.0,1.0,118572199.0,123197000,125027000.0,43.456,2570082000.0,8090000.0,199507000.0,349480000.0,20.862,704158000.0
4,ACS,MRY,2005-12-31,2005-06-30,2005-06-30,2019-10-15,-10910000.0,4850838000.0,4252042000.0,1244097000.0,3606741000.0,1.023,22.042,-288749000.0,62685000.0,62685000.0,3679983000.0,409569000.0,1.484,0.725,841016000.0,90661000.0,750355000.0,841016000.0,0.0,232779000.0,0.0,0.0,0.0,652670000.0,885449000.0,0.203,885449000.0,652670000.0,632484000.0,3.21,3.14,3.21,2811712000.0,2794113750.0,2811712000.0,6880635947.0,11.0,7.771,450599000.0,3.532,1.0,671176000.0,0.154,2800967000.0,20186000.0,1990088000.0,1581951750.0,0.0,0.0,0.0,0.0,2039126000.0,838114000.0,1201012000.0,6462012947.0,-14214000.0,-626771000.0,-183954000.0,352381000.0,0.0,168427000.0,-921989000.0,-6469000.0,739348000.0,0.0,409569000.0,409569000.0,409569000.0,0.0,0.0,0.094,23692000.0,647484000.0,62788000.0,0.0,2.298,15.778,15.919,677241000.0,0.0,51.1,1.485,1.498,1061590000.0,1969636000.0,4351159000.0,4351159000.0,0.0,0.096,0.147,0.413,0.15,26120000.0,0.0,1.0,126458179.0,127560000,130556000.0,34.111,2049871000.0,0.0,222915000.0,268319000.0,16.07,405983000.0
5,ACS,MRY,2004-12-31,2004-06-30,2004-06-30,2019-10-15,-3381000.0,3907242000.0,3837013250.0,1044424000.0,2862818000.0,1.07,19.7,-257950000.0,76899000.0,76899000.0,3514785000.0,521728000.0,1.638,0.508,436028000.0,63589000.0,372439000.0,436028000.0,0.0,183796000.0,0.0,0.0,0.0,837254000.0,1021050000.0,0.249,1021050000.0,837254000.0,819147000.0,3.97,3.77,3.97,2590487000.0,2613193250.0,2590487000.0,7009873767.0,8.0,6.865,218259000.0,1.66,1.0,591608000.0,0.144,2253093000.0,18107000.0,1375708000.0,1335666750.0,0.0,0.0,0.0,0.0,1316755000.0,637570000.0,679185000.0,6850323767.0,25729000.0,331406000.0,-704160000.0,185362000.0,0.0,-520879000.0,70399000.0,-3057000.0,476209000.0,0.0,521728000.0,521728000.0,521728000.0,0.0,0.0,0.127,42136000.0,549472000.0,61749000.0,0.0,2.644,13.13,13.335,521772000.0,0.0,52.94,1.668,1.695,873471000.0,1600252000.0,4106393000.0,4106393000.0,0.0,0.136,0.2,0.627,0.204,32825000.0,0.0,1.0,129397880.0,131498000,139880000.0,31.228,1654149000.0,0.0,297419000.0,270237000.0,12.579,406854000.0
6,ACS,MRY,2003-12-31,2003-06-30,2003-06-30,2019-10-15,-971000.0,3698705000.0,3572086750.0,979498000.0,2719207000.0,1.06,18.341,-253640000.0,51170000.0,51170000.0,3215339000.0,306842000.0,1.757,0.523,549724000.0,51384000.0,498340000.0,549724000.0,0.0,152128000.0,0.0,0.0,0.0,516141000.0,668269000.0,0.176,668269000.0,516141000.0,490947000.0,2.32,2.2,2.32,2429188000.0,2291794750.0,2429188000.0,6667172827.0,13.0,9.977,291665000.0,2.202,1.0,571867000.0,0.151,2170969000.0,25194000.0,1468814000.0,1534112250.0,0.0,0.0,0.0,0.0,1269517000.0,557476000.0,712041000.0,6075548827.0,17356000.0,-72745000.0,0.0,-218799000.0,0.0,-207866000.0,-320083000.0,6302000.0,545305000.0,0.0,306842000.0,306842000.0,306842000.0,0.0,0.0,0.081,52586000.0,519281000.0,58376000.0,0.0,2.501,19.8,19.711,478212000.0,0.0,45.73,1.604,1.599,835478000.0,1070409000.0,3787206000.0,3787206000.0,0.0,0.086,0.134,0.336,0.136,16124000.0,0.0,1.0,132856961.0,132445000,143430000.0,28.595,1527736000.0,0.0,184105000.0,219595000.0,11.535,422022000.0
7,ACS,MRY,2002-12-31,2002-06-30,2002-06-30,2019-10-15,0.0,3403567000.0,2924864500.0,874489000.0,2529078000.0,1.047,17.661,-163723000.0,33814000.0,33814000.0,2627661000.0,229596000.0,1.8,0.624,758199000.0,49966000.0,708233000.0,758199000.0,0.0,110486000.0,0.0,0.0,0.0,391075000.0,501561000.0,0.164,501561000.0,391075000.0,360456000.0,1.94,1.76,1.94,2095420000.0,1692278750.0,2095420000.0,6569369375.0,17.0,13.098,208291000.0,1.756,1.0,435257000.0,0.142,2080769000.0,30619000.0,1561270000.0,1529341250.0,9740000.0,0.0,0.0,0.0,1308147000.0,485913000.0,822234000.0,6259638375.0,-208644000.0,-1431416000.0,714292000.0,286700000.0,0.0,1017506000.0,-1598164000.0,-3025000.0,372014000.0,0.0,229596000.0,229596000.0,229596000.0,0.0,0.0,0.075,34625000.0,400632000.0,72858000.0,0.0,2.987,27.264,24.474,394830000.0,0.0,47.48,2.044,1.839,736471000.0,763567000.0,3062918000.0,3062918000.0,0.0,0.078,0.136,0.256,0.128,21951000.0,0.0,1.0,131837371.0,118646000,137464000.0,25.816,1322798000.0,0.0,130860000.0,123190000.0,11.149,388576000.0
8,ACS,MRY,2001-12-31,2001-06-30,2001-06-30,2019-10-15,-132000.0,1891687000.0,1664814750.0,809615000.0,1082072000.0,1.24,8.877,-120765000.0,242458000.0,242458000.0,1820777000.0,134292000.0,2.881,1.136,673440000.0,24127000.0,649313000.0,673440000.0,0.0,93617000.0,0.0,0.0,0.0,244802000.0,338419000.0,0.164,338419000.0,244802000.0,221060000.0,1.35,1.23,1.35,885515000.0,813592750.0,885515000.0,4011610933.0,16.0,11.854,21149000.0,0.212,1.0,242782000.0,0.118,794920000.0,23742000.0,1246697000.0,1078352000.0,8591000.0,0.0,0.0,0.0,1006172000.0,281052000.0,725120000.0,3613968933.0,197937000.0,29316000.0,0.0,107981000.0,0.0,125161000.0,-69138000.0,22311000.0,141914000.0,0.0,134292000.0,134292000.0,134292000.0,0.0,0.0,0.065,19056000.0,223726000.0,40265000.0,0.0,4.081,26.911,26.633,237563000.0,0.0,35.955,1.751,1.738,472042000.0,534374000.0,2063559000.0,2063559000.0,0.0,0.081,0.165,0.227,0.119,20649000.0,0.0,1.0,100513668.0,99758000,116456000.0,20.686,1096767000.0,8952000.0,86768000.0,63343000.0,10.994,528563000.0
9,ACS,MRY,2000-12-31,2000-06-30,2000-06-30,2019-10-15,0.0,1656446000.0,1448158500.0,771874000.0,884572000.0,1.355,7.223,-80648000.0,44521000.0,44521000.0,1753645000.0,109312000.0,2.155,1.329,549361000.0,23742000.0,525619000.0,549361000.0,0.0,84752000.0,0.0,0.0,0.0,219249000.0,304001000.0,0.155,304001000.0,219249000.0,195270000.0,1.11,1.03,1.11,711377000.0,668195750.0,711377000.0,2141505538.0,10.0,7.044,77175000.0,0.784,1.0,208897000.0,0.106,650263000.0,23979000.0,1152781000.0,936226500.0,7324000.0,40275000.0,0.0,40275000.0,945069000.0,358242000.0,586827000.0,1637026538.0,15941000.0,-232789000.0,0.0,171824000.0,0.0,173896000.0,-315778000.0,-2341000.0,157823000.0,0.0,109312000.0,109312000.0,109312000.0,0.0,0.0,0.056,85489000.0,123408000.0,47901000.0,0.0,2.301,14.976,14.893,194034000.0,0.0,16.531,0.834,0.83,580188000.0,400200000.0,1962542000.0,1962542000.0,0.0,0.075,0.164,0.234,0.112,0.0,0.0,1.0,99026180.0,98487000,111613000.0,19.927,1006183000.0,25189000.0,85958000.0,95987000.0,10.216,413632000.0
10,ACS,MRY,1999-12-31,1999-06-30,1999-06-30,2019-10-15,0.0,1223600000.0,1193529250.0,415947000.0,807653000.0,1.376,6.219,-73103000.0,32780000.0,32780000.0,1464454000.0,86230000.0,1.876,1.014,371375000.0,22269000.0,349106000.0,371375000.0,0.0,66723000.0,0.0,0.0,0.0,163131000.0,229854000.0,0.14,229854000.0,163131000.0,145537000.0,0.885,0.83,0.885,607421000.0,568381500.0,607421000.0,2854751443.0,17.0,12.42,69547000.0,0.712,1.0,177762000.0,0.108,613272000.0,17594000.0,727202000.0,692073500.0,13778000.0,31141000.0,0.0,31141000.0,616179000.0,221721000.0,394458000.0,2491320443.0,-47308000.0,-230074000.0,0.0,108868000.0,0.0,110397000.0,-300355000.0,2822000.0,142650000.0,0.0,86230000.0,86230000.0,86230000.0,0.0,0.0,0.053,19178000.0,158584000.0,36723000.0,0.0,4.101,28.892,28.602,163240000.0,0.0,25.313,1.517,1.506,320121000.0,291029000.0,1642216000.0,1642216000.0,0.0,0.072,0.152,0.236,0.099,0.0,0.0,1.0,98422536.0,97678000,111336000.0,16.813,610328000.0,7795000.0,59307000.0,42368000.0,6.248,194226000.0
11,ACS,MRY,1998-12-31,1998-06-30,1998-06-30,2019-10-15,0.0,949798000.0,855637500.0,365087000.0,584711000.0,1.39,5.291,-52921000.0,83988000.0,83988000.0,1066297000.0,54422000.0,2.187,0.886,252926000.0,18078000.0,234848000.0,252926000.0,0.0,47475000.0,0.0,0.0,0.0,106151000.0,153626000.0,0.129,153626000.0,106151000.0,94092000.0,0.57,0.555,0.57,503670000.0,465575500.0,503670000.0,2038568314.0,19.0,13.27,13772000.0,0.145,1.0,122826000.0,0.103,421256000.0,12059000.0,530511000.0,461285000.0,9911000.0,20738000.0,0.0,20738000.0,446128000.0,166969000.0,279159000.0,1855436314.0,56891000.0,-69928000.0,0.0,90915000.0,-377000.0,100754000.0,-110556000.0,12596000.0,66693000.0,0.0,54422000.0,54422000.0,54422000.0,0.0,0.0,0.046,24507000.0,98319000.0,27953000.0,0.0,3.684,34.093,33.772,142717000.0,0.0,19.25,1.56,1.541,236523000.0,204795000.0,1189123000.0,1189123000.0,0.0,0.064,0.117,0.23,0.089,0.0,0.0,1.0,96386302.0,95198000,100974000.0,12.491,528542000.0,10210000.0,39670000.0,29657000.0,5.552,198118000.0
12,ACS,MRY,1997-12-31,1997-06-30,1997-06-30,2019-10-15,0.0,761477000.0,,269067000.0,492410000.0,,4.633,-45899000.0,25647000.0,25647000.0,828231000.0,49666000.0,1.701,0.781,156545000.0,25865000.0,130680000.0,156545000.0,1191000.0,35510000.0,0.0,0.0,0.0,90691000.0,126201000.0,0.136,126201000.0,90691000.0,83570000.0,0.54,0.525,0.54,427481000.0,,427481000.0,,,,18999000.0,0.206,1.0,100694000.0,0.108,342115000.0,7121000.0,392059000.0,,9915000.0,15135000.0,0.0,15135000.0,333996000.0,158201000.0,175795000.0,,-10270000.0,-112903000.0,0.0,77029000.0,-717000.0,79217000.0,-154385000.0,4611000.0,64898000.0,0.0,49666000.0,49666000.0,49666000.0,0.0,0.0,0.053,10428000.0,90266000.0,24167000.0,0.0,,,25.926,135160000.0,0.0,14.0,,1.391,199302000.0,151090000.0,928925000.0,928925000.0,0.0,,,,0.098,0.0,0.0,1.0,,92272000,94904000.0,10.067,419362000.0,12860000.0,33904000.0,14089000.0,4.545,110866000.0
13,ACS,MRY,1996-12-31,1996-06-30,1996-06-30,2019-10-15,,,,,,,,-59445000.0,,,584973000.0,33525000.0,,,,,,,,18450000.0,,0.0,0.0,59334000.0,77784000.0,0.12,77784000.0,59334000.0,55917000.0,0.44,0.425,0.44,,,,,,,-41074000.0,-0.537,1.0,62635000.0,0.097,,3417000.0,,,,,,,,,,,-13446000.0,-162630000.0,170228000.0,19677000.0,-633000.0,192781000.0,-224598000.0,0.0,18371000.0,0.0,33525000.0,33525000.0,33525000.0,0.0,0.0,0.052,6052000.0,56583000.0,,0.0,,,26.705,,0.0,11.75,,1.387,,,647608000.0,647608000.0,0.0,,,,0.092,0.0,0.0,1.0,,76456000,78640000.0,8.47,,,22392000.0,,,
0,ACS,MRQ,2009-09-30,2009-09-30,2009-09-30,2019-10-15,-40302000.0,6847884000.0,,2335156000.0,4512728000.0,,27.677,-128100000.0,558761000.0,558761000.0,1509426000.0,68794000.0,1.728,1.534,2494740000.0,464453000.0,2030287000.0,2494740000.0,0.0,96887000.0,0.0,0.0,0.0,139406000.0,236293000.0,0.141,236293000.0,139406000.0,110152000.0,0.7,0.7,0.7,2702449000.0,,2702449000.0,7082380355.0,11.0,6.75,-149199000.0,-1.528,1.0,167570000.0,0.1,3342783000.0,29254000.0,4089901000.0,,0.0,0.0,0.0,0.0,4145435000.0,1351179000.0,2794256000.0,5289241355.0,-172150000.0,-6891000.0,155000.0,-24176000.0,0.0,-24096000.0,-126955000.0,8036000.0,-21099000.0,0.0,68794000.0,68794000.0,68794000.0,0.0,0.0,0.041,37260000.0,130310000.0,218940000.0,0.0,1.957,15.784,15.793,979123000.0,0.0,54.17,0.802,0.802,1524199000.0,2060727000.0,1676996000.0,1676996000.0,0.0,,,,,6927000.0,0.0,1.0,97641524.0,97642000,98091000.0,17.175,3505101000.0,0.0,41358000.0,574100000.0,35.897,983977000.0
1,ACS,MRQ,2009-06-30,2009-06-30,2009-06-30,2019-10-15,-45014000.0,6900973000.0,,2415085000.0,4485888000.0,,26.862,-100489000.0,730911000.0,730911000.0,1516995000.0,97547000.0,1.625,1.632,2524050000.0,482521000.0,2041529000.0,2524050000.0,0.0,106478000.0,0.0,0.0,0.0,174734000.0,281212000.0,0.166,281212000.0,174734000.0,146247000.0,1.0,0.99,1.0,2622132000.0,,2622132000.0,6353200292.0,9.0,5.885,325995000.0,3.34,1.0,179216000.0,0.106,3330572000.0,28487000.0,3877560000.0,,0.0,0.0,0.0,0.0,4278841000.0,1485980000.0,2792861000.0,4335184292.0,234193000.0,-72516000.0,1540000.0,-13050000.0,0.0,-11497000.0,-180794000.0,-7469000.0,426484000.0,0.0,97547000.0,97547000.0,97547000.0,0.0,0.0,0.058,8881000.0,170335000.0,272889000.0,0.0,1.653,12.388,12.373,955158000.0,0.0,44.42,0.665,0.664,1415707000.0,1991933000.0,1696211000.0,1696211000.0,0.0,,,,,6393000.0,0.0,1.0,97595324.0,97615000,98087000.0,17.377,3570401000.0,19210000.0,48700000.0,560404000.0,36.576,929105000.0
2,ACS,MRQ,2009-03-31,2009-03-31,2009-03-31,2019-10-15,-104093000.0,6583447000.0,,2248476000.0,4334971000.0,,25.185,-95844000.0,496718000.0,496718000.0,1416719000.0,93244000.0,2.045,1.679,2514734000.0,220722000.0,2294012000.0,2514734000.0,0.0,95334000.0,0.0,0.0,0.0,175443000.0,270777000.0,0.168,270777000.0,175443000.0,144705000.0,0.96,0.95,0.96,2457383000.0,,2457383000.0,6672136305.0,10.0,6.192,46041000.0,0.472,1.0,193710000.0,0.12,3224947000.0,30738000.0,4276938000.0,,0.0,0.0,0.0,0.0,4126064000.0,1099578000.0,3026486000.0,4672064305.0,-70499000.0,-80447000.0,1018000.0,-37835000.0,0.0,-36729000.0,-175655000.0,636000.0,141885000.0,0.0,93244000.0,93244000.0,93244000.0,0.0,0.0,0.058,19389000.0,174321000.0,193240000.0,0.0,1.901,13.31,13.266,930351000.0,0.0,47.89,0.725,0.726,1494530000.0,1894385000.0,1610429000.0,1610429000.0,0.0,,,,,6129000.0,0.0,1.0,97558244.0,97572000,98042000.0,16.505,3358500000.0,0.0,51461000.0,528482000.0,34.421,1148898000.0
3,ACS,MRQ,2008-12-31,2008-12-31,2008-12-31,2019-10-15,-85462000.0,6594275000.0,,2320088000.0,4274187000.0,,24.424,-92323000.0,567217000.0,567217000.0,1437106000.0,75517000.0,2.014,1.768,2567289000.0,246172000.0,2321117000.0,2567289000.0,0.0,95616000.0,0.0,0.0,0.0,165339000.0,260955000.0,0.162,260955000.0,165339000.0,129443000.0,0.77,0.77,0.77,2382554000.0,,2382554000.0,6591237282.0,10.0,6.15,153800000.0,1.577,1.0,174964000.0,0.109,3175006000.0,35896000.0,4267539000.0,,0.0,0.0,0.0,0.0,4211721000.0,1151802000.0,3059919000.0,4482461282.0,132402000.0,-13178000.0,1807000.0,-8389000.0,0.0,-5272000.0,-108449000.0,-2948000.0,246123000.0,0.0,75517000.0,75517000.0,75517000.0,0.0,0.0,0.047,6425000.0,168539000.0,241338000.0,0.0,1.881,13.167,13.091,912085000.0,0.0,45.95,0.703,0.703,1493314000.0,1801142000.0,1612070000.0,1612070000.0,0.0,,,,,5327000.0,0.0,1.0,97550844.0,97548000,97811000.0,16.526,3419269000.0,0.0,53926000.0,520414000.0,35.052,1168286000.0
4,ACS,MRQ,2008-09-30,2008-09-30,2008-09-30,2019-10-15,-18296000.0,6445893000.0,,2156040000.0,4289853000.0,,24.328,-74091000.0,434815000.0,434815000.0,1417618000.0,83635000.0,2.092,1.723,2543591000.0,219899000.0,2323692000.0,2543591000.0,0.0,97606000.0,0.0,0.0,0.0,169048000.0,266654000.0,0.166,266654000.0,169048000.0,133840000.0,0.86,0.85,0.86,2367245000.0,,2367245000.0,7041516005.0,10.0,6.59,-11489000.0,-0.118,1.0,186836000.0,0.116,3192947000.0,35208000.0,4331297000.0,,0.0,0.0,0.0,0.0,4078648000.0,1030425000.0,3048223000.0,4924676005.0,-27068000.0,4556000.0,5599000.0,-33688000.0,0.0,-28090000.0,-61580000.0,7955000.0,62602000.0,0.0,83635000.0,83635000.0,83635000.0,0.0,0.0,0.052,14088000.0,172748000.0,197167000.0,0.0,2.08,14.213,14.222,897785000.0,0.0,50.63,0.785,0.786,1459272000.0,1725625000.0,1604454000.0,1604454000.0,0.0,,,,,5615000.0,0.0,1.0,97267944.0,97307000,98091000.0,16.489,3252946000.0,0.0,50205000.0,529377000.0,33.43,1125615000.0
5,ACS,MRQ,2008-06-30,2008-06-30,2008-06-30,2019-10-15,18830000.0,6469399000.0,,2103116000.0,4366283000.0,,23.869,-89899000.0,461883000.0,461883000.0,1429012000.0,98632000.0,1.938,1.803,2578723000.0,221182000.0,2357541000.0,2578723000.0,0.0,98976000.0,0.0,0.0,0.0,180245000.0,279221000.0,0.173,279221000.0,180245000.0,144654000.0,1.02,1.0,1.02,2308374000.0,,2308374000.0,7413130803.0,11.0,7.137,176777000.0,1.828,1.0,184643000.0,0.114,3229643000.0,35591000.0,4271457000.0,,0.0,0.0,0.0,0.0,4161025000.0,1085139000.0,3075886000.0,5155908803.0,132976000.0,-66708000.0,41149000.0,-18160000.0,0.0,24181000.0,-157881000.0,-1274000.0,266676000.0,0.0,98632000.0,98632000.0,98632000.0,0.0,0.0,0.061,6771000.0,177872000.0,198191000.0,0.0,2.234,15.671,15.92,920637000.0,0.0,53.49,0.837,0.851,1378285000.0,1641990000.0,1613655000.0,1613655000.0,0.0,,,,,5017000.0,0.0,1.0,96390144.0,96711000,97730000.0,16.685,3239756000.0,7076000.0,46022000.0,493853000.0,33.499,1017977000.0
6,ACS,MRQ,2008-03-31,2008-03-31,2008-03-31,2019-10-15,15931000.0,6253827000.0,,1952426000.0,4301401000.0,,22.379,-68589000.0,328907000.0,328907000.0,1363275000.0,82638000.0,1.882,1.908,2586129000.0,215235000.0,2370894000.0,2586129000.0,0.0,96413000.0,0.0,0.0,0.0,168425000.0,264838000.0,0.172,264838000.0,168425000.0,129100000.0,0.86,0.85,0.86,2150406000.0,,2150406000.0,7095358839.0,13.0,7.56,160891000.0,1.674,1.0,179095000.0,0.116,3196974000.0,39325000.0,4276433000.0,,0.0,0.0,0.0,0.0,4103421000.0,1037642000.0,3065779000.0,4809256839.0,31116000.0,-126630000.0,10698000.0,-7847000.0,0.0,3387000.0,-201751000.0,-6532000.0,229480000.0,0.0,82638000.0,82638000.0,82638000.0,0.0,0.0,0.054,15184000.0,163911000.0,200969000.0,0.0,2.236,17.948,18.423,899280000.0,0.0,50.11,0.793,0.794,1362320000.0,1543358000.0,1542370000.0,1542370000.0,0.0,,,,,5523000.0,0.0,1.0,95973994.0,96089000,96921000.0,16.051,3056853000.0,10871000.0,46462000.0,460632000.0,31.813,914784000.0
7,ACS,MRQ,2007-12-31,2007-12-31,2007-12-31,2019-10-15,16398000.0,6031621000.0,,1890927000.0,4140694000.0,,20.601,-74496000.0,297791000.0,297791000.0,1330047000.0,81596000.0,1.969,1.942,2583893000.0,219038000.0,2364855000.0,2583893000.0,0.0,94358000.0,0.0,0.0,0.0,163403000.0,257761000.0,0.171,257761000.0,163403000.0,120354000.0,0.82,0.81,0.82,2049932000.0,,2049932000.0,6834563566.0,12.0,7.297,248102000.0,2.493,1.0,181395000.0,0.12,3056182000.0,43049000.0,4301045000.0,,0.0,0.0,0.0,0.0,3981689000.0,960496000.0,3021193000.0,4532090566.0,51776000.0,3900000.0,-197939000.0,3252000.0,0.0,-194687000.0,-76135000.0,961000.0,322598000.0,0.0,81596000.0,81596000.0,81596000.0,0.0,0.0,0.054,23501000.0,157894000.0,157812000.0,0.0,2.211,16.95,16.766,888975000.0,0.0,45.1,0.76,0.752,1338886000.0,1460719000.0,1511442000.0,1511442000.0,0.0,,,,,6644000.0,0.0,1.0,100489813.0,99505000,100310000.0,15.19,2975439000.0,16689000.0,38758000.0,418879000.0,29.902,930431000.0
8,ACS,MRQ,2007-09-30,2007-09-30,2007-09-30,2019-10-15,19874000.0,6079006000.0,,1910238000.0,4168768000.0,,21.689,-75322000.0,246015000.0,246015000.0,1324372000.0,66144000.0,2.072,1.811,2548488000.0,195391000.0,2353097000.0,2548488000.0,0.0,90824000.0,0.0,0.0,0.0,146081000.0,236905000.0,0.159,236905000.0,146081000.0,102111000.0,0.66,0.65,0.66,2162801000.0,,2162801000.0,7248399029.0,13.0,7.844,-67299000.0,-0.675,1.0,168711000.0,0.113,3069570000.0,43970000.0,4389887000.0,,0.0,0.0,0.0,0.0,3916205000.0,922022000.0,2994183000.0,5001890029.0,-61271000.0,-23697000.0,27276000.0,596000.0,0.0,29725000.0,-99019000.0,0.0,8023000.0,0.0,66144000.0,66144000.0,66144000.0,0.0,0.0,0.044,23310000.0,145401000.0,149489000.0,0.0,2.313,19.398,19.323,899694000.0,0.0,50.24,0.851,0.852,1387656000.0,1518315000.0,1493083000.0,1493083000.0,0.0,,,,,5646000.0,0.0,1.0,99559913.0,99721000,100986000.0,14.973,3009436000.0,34610000.0,35967000.0,408772000.0,30.179,988216000.0
9,ACS,MRQ,2007-06-30,2007-06-30,2007-06-30,2019-10-15,15916000.0,5982429000.0,,1810534000.0,4171895000.0,,20.791,-90641000.0,307286000.0,307286000.0,1418109000.0,37574000.0,1.865,1.895,2553795000.0,211523000.0,2342272000.0,2553795000.0,0.0,91338000.0,0.0,0.0,0.0,87672000.0,179010000.0,0.118,179010000.0,87672000.0,45496000.0,0.38,0.37,0.38,2066168000.0,,2066168000.0,7667535878.0,14.0,8.405,252760000.0,2.543,1.0,101625000.0,0.067,3093746000.0,42176000.0,4164320000.0,,0.0,0.0,0.0,0.0,3916261000.0,970872000.0,2945389000.0,5250379878.0,211369000.0,-62226000.0,13623000.0,1063000.0,0.0,17140000.0,-149172000.0,3695000.0,343401000.0,0.0,37574000.0,37574000.0,37574000.0,0.0,0.0,0.025,18447000.0,83178000.0,97951000.0,0.0,2.541,20.745,22.419,897319000.0,0.0,56.72,0.91,0.984,1257108000.0,1462115000.0,1519734000.0,1519734000.0,0.0,,,,,3665000.0,0.0,1.0,92566641.0,99380000,101041000.0,15.292,2888683000.0,13268000.0,7922000.0,381983000.0,29.067,839662000.0
10,ACS,MRQ,2007-03-31,2007-03-31,2007-03-31,2019-10-15,128000.0,5757754000.0,,1601594000.0,4156160000.0,,20.097,-83979000.0,95917000.0,95917000.0,1264485000.0,82059000.0,1.97,1.895,2513073000.0,185002000.0,2328071000.0,2513073000.0,0.0,87995000.0,0.0,0.0,0.0,174916000.0,262911000.0,0.183,262911000.0,174916000.0,128525000.0,0.83,0.82,0.83,1988538000.0,,1988538000.0,8258563253.0,13.0,8.557,6284000.0,0.064,1.0,176061000.0,0.122,3041821000.0,46391000.0,4320121000.0,,0.0,0.0,0.0,0.0,3769216000.0,812968000.0,2956248000.0,5824048253.0,-237238000.0,-18160000.0,5878000.0,-247510000.0,0.0,-240548000.0,-86953000.0,15186000.0,90263000.0,0.0,82059000.0,82059000.0,82059000.0,0.0,0.0,0.057,13470000.0,162591000.0,88225000.0,0.0,2.929,19.312,20.444,943709000.0,0.0,58.88,1.034,1.034,1290345000.0,1424541000.0,1440546000.0,1440546000.0,0.0,,,,,5502000.0,0.0,1.0,98913863.0,98945000,100300000.0,14.559,2715933000.0,0.0,46466000.0,405265000.0,27.449,788626000.0
11,ACS,MRQ,2006-12-31,2006-12-31,2006-12-31,2019-10-15,-1100000.0,5928665000.0,,1791781000.0,4136884000.0,,19.114,-74823000.0,333155000.0,333155000.0,1256938000.0,72074000.0,2.187,2.136,2767670000.0,201093000.0,2566577000.0,2767670000.0,0.0,85228000.0,0.0,0.0,0.0,160014000.0,245242000.0,0.172,245242000.0,160014000.0,111929000.0,0.73,0.72,0.73,1890637000.0,,1890637000.0,7110479199.0,12.0,7.793,56709000.0,0.573,1.0,169823000.0,0.119,3020918000.0,48085000.0,4522965000.0,,0.0,0.0,0.0,0.0,4038028000.0,819297000.0,3218731000.0,5791066199.0,190915000.0,-68350000.0,0.0,201326000.0,0.0,201326000.0,-141943000.0,1230000.0,131532000.0,0.0,72074000.0,72074000.0,72074000.0,0.0,0.0,0.051,19495000.0,150328000.0,88909000.0,0.0,3.063,19.53,18.292,935902000.0,0.0,48.84,1.052,0.877,1253575000.0,1342481000.0,1426761000.0,1426761000.0,0.0,,,,,7848000.0,0.0,1.0,118572199.0,98914000,100152000.0,14.424,2907747000.0,0.0,39855000.0,376133000.0,29.397,972484000.0
12,ACS,MRQ,2006-09-30,2006-09-30,2006-09-30,2019-10-15,-7473000.0,5650184000.0,,1583061000.0,4067123000.0,,17.463,-110587000.0,142240000.0,142240000.0,1229286000.0,61383000.0,1.846,2.128,2553829000.0,197816000.0,2356013000.0,2553829000.0,0.0,81638000.0,0.0,0.0,0.0,143476000.0,225114000.0,0.162,225114000.0,143476000.0,97463000.0,0.59,0.59,0.59,1806550000.0,,1806550000.0,7468567240.0,12.0,8.162,62595000.0,0.605,1.0,156152000.0,0.113,2964091000.0,46013000.0,4240299000.0,,0.0,0.0,0.0,0.0,3843634000.0,857383000.0,2986251000.0,6149154240.0,41403000.0,-33988000.0,-722743000.0,741868000.0,0.0,19156000.0,-150935000.0,-6360000.0,173182000.0,0.0,61383000.0,61383000.0,61383000.0,0.0,0.0,0.044,15294000.0,140858000.0,90716000.0,0.0,3.404,18.815,18.79,921436000.0,0.0,51.86,1.133,0.988,1242662000.0,1270407000.0,1385438000.0,1385438000.0,0.0,,,,,7713000.0,0.0,1.0,118572199.0,103452000,104761000.0,13.392,2686093000.0,0.0,36080000.0,379793000.0,25.965,725678000.0
13,ACS,MRQ,2006-06-30,2006-06-30,2006-06-30,2019-10-15,-10943000.0,5502437000.0,,1529263000.0,3973174000.0,,20.789,-111804000.0,100837000.0,100837000.0,1217860000.0,86061000.0,1.853,1.24,1789132000.0,175100000.0,1614032000.0,1789132000.0,0.0,78437000.0,0.0,0.0,0.0,153408000.0,231845000.0,0.168,231845000.0,153408000.0,127626000.0,0.73,0.72,0.73,2456218000.0,,2456218000.0,7438924190.0,12.0,8.116,55212000.0,0.467,1.0,162842000.0,0.118,2932355000.0,25782000.0,3433272000.0,,0.0,0.0,0.0,0.0,3046219000.0,825105000.0,2221114000.0,6119511190.0,-74040000.0,-95087000.0,-273238000.0,237565000.0,0.0,-35423000.0,-205633000.0,1258000.0,167016000.0,0.0,86061000.0,86061000.0,86061000.0,0.0,0.0,0.062,13469000.0,149373000.0,104473000.0,0.0,2.491,17.055,17.735,870020000.0,0.0,51.61,1.143,1.188,1231846000.0,1836850000.0,1380702000.0,1380702000.0,0.0,,,,,7732000.0,0.0,1.0,118572199.0,118151000,119504000.0,11.686,2570082000.0,8090000.0,41565000.0,349480000.0,21.753,704158000.0
14,ACS,MRQ,2006-03-31,2006-03-31,2006-03-31,2019-10-15,-15983000.0,5387743000.0,,1523165000.0,3864578000.0,,21.33,-120475000.0,174877000.0,174877000.0,1166875000.0,77000000.0,1.758,1.031,1494290000.0,128982000.0,1365308000.0,1494290000.0,0.0,72891000.0,0.0,0.0,0.0,137278000.0,210169000.0,0.16,210169000.0,137278000.0,121488000.0,0.62,0.61,0.62,2652326000.0,,2652326000.0,8376295396.0,13.0,9.057,-6352000.0,-0.051,1.0,147580000.0,0.112,2861077000.0,15790000.0,2979470000.0,,0.0,0.0,0.0,0.0,2735417000.0,866609000.0,1868808000.0,7451629396.0,67614000.0,66195000.0,-407730000.0,407229000.0,0.0,5909000.0,-52418000.0,1886000.0,114123000.0,0.0,77000000.0,77000000.0,77000000.0,0.0,0.0,0.059,12430000.0,135150000.0,102969000.0,0.0,2.809,19.747,19.821,818247000.0,0.0,59.66,1.436,1.43,1167374000.0,2291392000.0,1314455000.0,1314455000.0,0.0,,,,,2134000.0,0.0,1.0,124901599.0,124347000,126381000.0,10.571,2526666000.0,0.0,44488000.0,330619000.0,20.319,656556000.0
15,ACS,MRQ,2005-12-31,2005-12-31,2005-12-31,2019-10-15,-13449000.0,5311004000.0,,1507416000.0,3803588000.0,,23.788,-96336000.0,107263000.0,107263000.0,1180846000.0,102370000.0,1.619,0.788,1031929000.0,106326000.0,925603000.0,1031929000.0,0.0,70444000.0,0.0,0.0,0.0,177416000.0,247860000.0,0.184,247860000.0,177416000.0,163360000.0,0.82,0.81,0.82,2969849000.0,,2969849000.0,8177381170.0,12.0,8.711,151905000.0,1.217,1.0,166741000.0,0.124,2877049000.0,14056000.0,2427333000.0,,0.0,0.0,0.0,0.0,2341155000.0,931288000.0,1409867000.0,7355145170.0,73037000.0,-111116000.0,-93342000.0,162663000.0,0.0,53148000.0,-228352000.0,-20924000.0,248241000.0,0.0,102370000.0,102370000.0,102370000.0,0.0,0.0,0.076,21084000.0,145657000.0,88106000.0,0.0,2.477,17.723,17.988,768315000.0,0.0,59.18,1.49,1.497,1232322000.0,2213516000.0,1347587000.0,1347587000.0,0.0,,,,,7022000.0,0.0,1.0,124284305.0,124849000,126926000.0,10.794,2433955000.0,0.0,60990000.0,345418000.0,19.495,576128000.0
16,ACS,MRQ,2005-09-30,2005-09-30,2005-09-30,2019-10-15,-10737000.0,5014465000.0,,1343472000.0,3670993000.0,,23.516,-101683000.0,34226000.0,34226000.0,1146956000.0,93375000.0,1.557,0.7,856462000.0,99337000.0,757125000.0,856462000.0,0.0,68080000.0,0.0,0.0,0.0,158578000.0,226658000.0,0.173,226658000.0,158578000.0,145839000.0,0.74,0.73,0.74,2949530000.0,,2949530000.0,7636657311.0,12.0,8.455,7647000.0,0.061,1.0,163961000.0,0.125,2813751000.0,12739000.0,2160070000.0,,0.0,0.0,0.0,0.0,2064935000.0,862880000.0,1202055000.0,6858326311.0,-28459000.0,-42644000.0,16352000.0,5753000.0,0.0,27583000.0,-165372000.0,-4515000.0,109330000.0,0.0,93375000.0,93375000.0,93375000.0,0.0,0.0,0.071,9764000.0,154197000.0,67431000.0,0.0,2.325,16.777,16.957,713594000.0,0.0,54.6,1.486,1.484,1111926000.0,2110320000.0,1310917000.0,1310917000.0,0.0,,,,,3829000.0,0.0,1.0,125610372.0,125429000,127286000.0,10.451,2200714000.0,0.0,52464000.0,313950000.0,17.545,480592000.0
17,ACS,MRQ,2005-06-30,2005-06-30,2005-06-30,2019-10-15,-10910000.0,4850838000.0,,1244097000.0,3606741000.0,,22.298,-89120000.0,62685000.0,62685000.0,1036570000.0,104601000.0,1.484,0.725,841016000.0,90661000.0,750355000.0,841016000.0,0.0,65073000.0,0.0,0.0,0.0,175085000.0,240158000.0,0.198,240158000.0,175085000.0,165411000.0,0.83,0.81,0.83,2811712000.0,,2811712000.0,6880635947.0,11.0,7.771,178255000.0,1.414,1.0,177822000.0,0.146,2800967000.0,9674000.0,1990088000.0,,0.0,0.0,0.0,0.0,2039126000.0,838114000.0,1201012000.0,6462012947.0,16153000.0,-413536000.0,-101904000.0,353674000.0,0.0,251770000.0,-502992000.0,-336000.0,267375000.0,0.0,104601000.0,104601000.0,104601000.0,0.0,0.0,0.086,6115000.0,171707000.0,62788000.0,0.0,2.298,15.778,15.919,677241000.0,0.0,51.1,1.485,1.498,1061590000.0,1969636000.0,1214392000.0,1214392000.0,0.0,,,,,5508000.0,0.0,1.0,126458179.0,126096000,128981000.0,9.631,2049871000.0,0.0,60810000.0,268319000.0,16.256,405983000.0
18,ACS,MRQ,2005-03-31,2005-03-31,2005-03-31,2019-10-15,79000.0,4207831000.0,,1070544000.0,3137287000.0,,22.229,-68151000.0,46532000.0,46532000.0,891360000.0,114666000.0,1.691,0.484,465155000.0,74266000.0,390889000.0,465155000.0,0.0,57801000.0,0.0,0.0,0.0,166278000.0,224079000.0,0.211,224079000.0,166278000.0,162590000.0,0.9,0.88,0.9,2835737000.0,,2835737000.0,7026306949.0,11.0,8.44,104548000.0,0.82,1.0,171939000.0,0.162,2440831000.0,3688000.0,1552599000.0,,0.0,0.0,0.0,0.0,1372094000.0,633024000.0,739070000.0,6743863949.0,10666000.0,-117397000.0,-99713000.0,125237000.0,0.0,25524000.0,-187557000.0,-1546000.0,172699000.0,0.0,114666000.0,114666000.0,114666000.0,0.0,0.0,0.108,6127000.0,165812000.0,59664000.0,0.0,2.378,17.421,17.571,601580000.0,0.0,53.24,1.606,1.617,907267000.0,1905220000.0,1063299000.0,1063299000.0,0.0,,,,,6223000.0,0.0,1.0,126669120.0,127568000,130229000.0,8.335,1767000000.0,0.0,47924000.0,286297000.0,13.851,437520000.0
19,ACS,MRQ,2004-12-31,2004-12-31,2004-12-31,2019-10-15,1230000.0,3964641000.0,,982747000.0,2981894000.0,,21.894,-60531000.0,35866000.0,35866000.0,863686000.0,96145000.0,1.734,0.408,318309000.0,63359000.0,254950000.0,318309000.0,0.0,55586000.0,0.0,0.0,0.0,156700000.0,212286000.0,0.207,212286000.0,156700000.0,153831000.0,0.75,0.73,0.75,2815943000.0,,2815943000.0,8101602038.0,13.0,9.995,119620000.0,0.93,1.0,163600000.0,0.159,2336148000.0,2869000.0,1344039000.0,,0.0,0.0,0.0,0.0,1148698000.0,566897000.0,581801000.0,7736974038.0,-23711000.0,-25133000.0,-1413000.0,-115867000.0,0.0,-117280000.0,-86582000.0,-1389000.0,180151000.0,0.0,96145000.0,96145000.0,96145000.0,0.0,0.0,0.094,8676000.0,154924000.0,64437000.0,0.0,2.748,20.788,20.827,562273000.0,0.0,60.19,1.866,1.868,844609000.0,1790554000.0,1027286000.0,1027286000.0,0.0,,,,,4987000.0,0.0,1.0,128542516.0,128619000,131933000.0,7.987,1628493000.0,0.0,57686000.0,307527000.0,12.661,415850000.0
20,ACS,MRQ,2004-09-30,2004-09-30,2004-09-30,2019-10-15,-2602000.0,3984858000.0,,1030188000.0,2954670000.0,,21.204,-70947000.0,59577000.0,59577000.0,880222000.0,94157000.0,1.733,0.469,424205000.0,57915000.0,366290000.0,424205000.0,0.0,54319000.0,0.0,0.0,0.0,154607000.0,208926000.0,0.2,208926000.0,154607000.0,150652000.0,0.74,0.72,0.74,2713063000.0,,2713063000.0,7483330685.0,9.0,7.165,48176000.0,0.377,1.0,165960000.0,0.159,2314099000.0,3955000.0,1441081000.0,,0.0,0.0,0.0,0.0,1271795000.0,594306000.0,677489000.0,7124201685.0,-17322000.0,-70705000.0,19076000.0,-10663000.0,0.0,8413000.0,-144858000.0,-3198000.0,119123000.0,0.0,94157000.0,94157000.0,94157000.0,0.0,0.0,0.09,10919000.0,155041000.0,44354000.0,0.0,2.626,13.465,13.678,557745000.0,0.0,55.67,1.731,1.731,870049000.0,1694409000.0,1046182000.0,1046182000.0,0.0,,,,,9402000.0,0.0,1.0,127972008.0,127948000,131070000.0,8.177,1670759000.0,0.0,56495000.0,287669000.0,13.058,435882000.0
21,ACS,MRQ,2004-06-30,2004-06-30,2004-06-30,2019-10-15,-3381000.0,3907242000.0,,1044424000.0,2862818000.0,,19.879,-68197000.0,76899000.0,76899000.0,930828000.0,82144000.0,1.638,0.508,436028000.0,63589000.0,372439000.0,436028000.0,0.0,52288000.0,0.0,0.0,0.0,134933000.0,187221000.0,0.176,187221000.0,134933000.0,131085000.0,0.64,0.63,0.64,2590487000.0,,2590487000.0,7009873767.0,8.0,6.865,138518000.0,1.063,1.0,131619000.0,0.124,2253093000.0,3848000.0,1375708000.0,,0.0,0.0,0.0,0.0,1316755000.0,637570000.0,679185000.0,6850323767.0,37876000.0,-16836000.0,-308482000.0,225819000.0,0.0,-82663000.0,-86176000.0,53000.0,206715000.0,0.0,82144000.0,82144000.0,82144000.0,0.0,0.0,0.077,-1962000.0,133581000.0,61749000.0,0.0,2.644,13.13,13.335,521772000.0,0.0,52.94,1.668,1.695,873471000.0,1600252000.0,1062447000.0,1062447000.0,0.0,,,,,17145000.0,0.0,1.0,129397880.0,130310000,134369000.0,8.153,1654149000.0,0.0,48941000.0,270237000.0,12.694,406854000.0
22,ACS,MRQ,2004-03-31,2004-03-31,2004-03-31,2019-10-15,-2306000.0,3814271000.0,,984345000.0,2829926000.0,,21.291,-81758000.0,39023000.0,39023000.0,849887000.0,99746000.0,1.642,0.362,198573000.0,52373000.0,146200000.0,198573000.0,0.0,47881000.0,0.0,0.0,0.0,154243000.0,202124000.0,0.2,202124000.0,154243000.0,150529000.0,0.76,0.72,0.76,2799855000.0,,2799855000.0,6817776661.0,8.0,6.708,-23367000.0,-0.178,1.0,159545000.0,0.158,2244552000.0,3714000.0,1129738000.0,,5641000.0,0.0,0.0,0.0,1014416000.0,599531000.0,414885000.0,6681663661.0,-205229000.0,-123934000.0,-197094000.0,142221000.0,0.0,-55600000.0,-208020000.0,-3501000.0,58391000.0,0.0,99746000.0,99746000.0,99746000.0,0.0,0.0,0.099,6218000.0,153327000.0,51570000.0,0.0,2.386,12.764,13.073,506428000.0,0.0,51.9,1.646,1.682,841158000.0,1509993000.0,1009432000.0,1009432000.0,0.0,,,,,7567000.0,0.0,1.0,128741111.0,131503000,139348000.0,7.676,1569719000.0,0.0,50783000.0,285902000.0,11.937,384814000.0
23,ACS,MRQ,2003-12-31,2003-12-31,2003-12-31,2019-10-15,-840000.0,3858879000.0,,1180923000.0,2677956000.0,,19.676,-57704000.0,244252000.0,244252000.0,854653000.0,253030000.0,1.628,0.497,380365000.0,60599000.0,319766000.0,380365000.0,0.0,42216000.0,0.0,0.0,0.0,403969000.0,446185000.0,0.447,446185000.0,403969000.0,398644000.0,1.93,1.8,1.93,2577614000.0,,2577614000.0,7664042072.0,9.0,7.778,94017000.0,0.718,1.0,143226000.0,0.144,2135654000.0,5325000.0,1133809000.0,,6432000.0,0.0,0.0,0.0,1281265000.0,725529000.0,555736000.0,7148559072.0,207839000.0,474051000.0,-166704000.0,-191991000.0,0.0,-359236000.0,415354000.0,-993000.0,151721000.0,0.0,253030000.0,253030000.0,253030000.0,0.0,0.0,0.254,24591000.0,118635000.0,38979000.0,0.0,2.773,14.206,14.294,463001000.0,0.0,54.46,1.774,1.77,830003000.0,1410246000.0,997879000.0,997879000.0,0.0,,,,,5425000.0,0.0,1.0,131262561.0,131001000,141880000.0,7.617,1723225000.0,0.0,145614000.0,344792000.0,13.154,455394000.0
24,ACS,MRQ,2003-09-30,2003-09-30,2003-09-30,2019-10-15,-2176000.0,3767661000.0,,1239347000.0,2528314000.0,,18.65,-50291000.0,36413000.0,36413000.0,879417000.0,86808000.0,2.213,0.516,551896000.0,44698000.0,507198000.0,551896000.0,0.0,41411000.0,0.0,0.0,0.0,144109000.0,185520000.0,0.179,185520000.0,144109000.0,138889000.0,0.65,0.62,0.65,2484817000.0,,2484817000.0,6983495297.0,13.0,9.984,9091000.0,0.068,1.0,157218000.0,0.152,2019798000.0,5220000.0,1703412000.0,,6599000.0,0.0,0.0,0.0,1282844000.0,559934000.0,722910000.0,6484941297.0,-14757000.0,-1875000.0,-31880000.0,9313000.0,0.0,-23380000.0,-50759000.0,1384000.0,59382000.0,0.0,86808000.0,86808000.0,86808000.0,0.0,0.0,0.084,13289000.0,143929000.0,45101000.0,0.0,2.61,20.003,19.955,439981000.0,0.0,48.69,1.645,1.646,759079000.0,1157217000.0,1036635000.0,1036635000.0,0.0,,,,,2688000.0,0.0,1.0,133188361.0,133235000,143960000.0,7.781,1747863000.0,0.0,52081000.0,246426000.0,13.119,679413000.0
25,ACS,MRQ,2003-06-30,2003-06-30,2003-06-30,2019-10-15,-971000.0,3698705000.0,,979498000.0,2719207000.0,,18.265,-64353000.0,51170000.0,51170000.0,862274000.0,83892000.0,1.757,0.523,549724000.0,51384000.0,498340000.0,549724000.0,0.0,42370000.0,0.0,0.0,0.0,140164000.0,182534000.0,0.18,182534000.0,140164000.0,134222000.0,0.63,0.6,0.63,2429188000.0,,2429188000.0,6667172827.0,13.0,9.977,110650000.0,0.832,1.0,151904000.0,0.15,2170969000.0,5942000.0,1468814000.0,,0.0,0.0,0.0,0.0,1269517000.0,557476000.0,712041000.0,6075548827.0,15766000.0,-24717000.0,-6365000.0,-78098000.0,0.0,-70933000.0,-88304000.0,1192000.0,175003000.0,0.0,83892000.0,83892000.0,83892000.0,0.0,0.0,0.083,12333000.0,139571000.0,58376000.0,0.0,2.501,19.8,19.711,478212000.0,0.0,45.73,1.604,1.599,835478000.0,1070409000.0,1014178000.0,1014178000.0,0.0,,,,,6056000.0,0.0,1.0,132856961.0,132997000,143817000.0,7.626,1527736000.0,0.0,50330000.0,219595000.0,11.487,422022000.0
26,ACS,MRQ,2003-03-31,2003-03-31,2003-03-31,2019-10-15,0.0,3634169000.0,,959084000.0,2675085000.0,,17.583,-70928000.0,35404000.0,35404000.0,832462000.0,79493000.0,1.781,0.559,627028000.0,50847000.0,576181000.0,627028000.0,0.0,37899000.0,0.0,0.0,0.0,133245000.0,171144000.0,0.174,171144000.0,133245000.0,127194000.0,0.6,0.57,0.6,2330393000.0,,2330393000.0,6483239764.0,13.0,10.274,65795000.0,0.496,1.0,149171000.0,0.152,2156802000.0,6051000.0,1530453000.0,,8121000.0,0.0,0.0,0.0,1303776000.0,538538000.0,765238000.0,5866063764.0,-23496000.0,-47449000.0,4328000.0,-46196000.0,0.0,-42562000.0,-117657000.0,426000.0,136723000.0,0.0,79493000.0,79493000.0,79493000.0,0.0,0.0,0.081,14082000.0,135089000.0,55724000.0,0.0,2.517,20.155,19.937,462841000.0,0.0,44.26,1.616,1.616,821485000.0,984573000.0,981633000.0,981633000.0,0.0,,,,,6386000.0,0.0,1.0,132536461.0,132540000,143657000.0,7.406,1477367000.0,0.0,47701000.0,196776000.0,11.147,420546000.0
27,ACS,MRQ,2002-12-31,2002-12-31,2002-12-31,2019-10-15,0.0,3510721000.0,,929587000.0,2581134000.0,,16.967,-58729000.0,58900000.0,58900000.0,770737000.0,74001000.0,1.88,0.565,676076000.0,57175000.0,618901000.0,676076000.0,0.0,35717000.0,0.0,0.0,0.0,124549000.0,160266000.0,0.176,160266000.0,124549000.0,118402000.0,0.56,0.53,0.56,2242608000.0,,2242608000.0,7647976467.0,17.0,13.076,87969000.0,0.666,1.0,138077000.0,0.152,2094301000.0,6147000.0,1539118000.0,,8837000.0,55868000.0,0.0,55868000.0,1268113000.0,494478000.0,773635000.0,6958053467.0,5591000.0,-2338000.0,1448000.0,-80897000.0,0.0,-80055000.0,-61052000.0,-67000.0,146698000.0,0.0,74001000.0,74001000.0,74001000.0,0.0,0.0,0.081,13111000.0,124966000.0,47143000.0,0.0,3.103,25.433,24.718,430965000.0,0.0,52.65,2.017,2.018,769177000.0,906918000.0,908814000.0,908814000.0,0.0,,,,,2658000.0,0.0,1.0,132156761.0,132175000,143295000.0,6.876,1416420000.0,0.0,44401000.0,163384000.0,10.716,435109000.0
28,ACS,MRQ,2002-09-30,2002-09-30,2002-09-30,2019-10-15,0.0,3444752000.0,,884935000.0,2559817000.0,,16.392,-59630000.0,53309000.0,53309000.0,749866000.0,69456000.0,1.964,0.591,743232000.0,43954000.0,699278000.0,743232000.0,0.0,36142000.0,0.0,0.0,0.0,118183000.0,154325000.0,0.175,154325000.0,118183000.0,111129000.0,0.53,0.5,0.53,2164990000.0,,2164990000.0,6345187281.0,15.0,11.566,27251000.0,0.206,1.0,132715000.0,0.15,2086083000.0,7054000.0,1598064000.0,,8261000.0,61793000.0,0.0,61793000.0,1279762000.0,450528000.0,829234000.0,5620802281.0,19495000.0,1759000.0,589000.0,-13608000.0,0.0,-14316000.0,-53070000.0,4751000.0,86881000.0,0.0,69456000.0,69456000.0,69456000.0,0.0,0.0,0.079,13060000.0,119655000.0,75141000.0,0.0,2.596,22.03,20.858,411941000.0,0.0,42.55,1.708,1.708,740732000.0,832821000.0,882581000.0,882581000.0,0.0,,,,,1024000.0,0.0,1.0,132098761.0,132073000,142984000.0,6.683,1358669000.0,0.0,41673000.0,152697000.0,10.287,434407000.0
29,ACS,MRQ,2002-06-30,2002-06-30,2002-06-30,2019-10-15,0.0,3403567000.0,,874489000.0,2529078000.0,,15.895,-52171000.0,33814000.0,33814000.0,727728000.0,68093000.0,1.8,0.624,758199000.0,49966000.0,708233000.0,758199000.0,0.0,31682000.0,0.0,0.0,0.0,113596000.0,145278000.0,0.17,145278000.0,113596000.0,108948000.0,0.53,0.49,0.53,2095420000.0,,2095420000.0,6569369375.0,17.0,13.098,101734000.0,0.772,1.0,129057000.0,0.151,2080769000.0,4648000.0,1561270000.0,,9740000.0,0.0,0.0,0.0,1308147000.0,485913000.0,822234000.0,6259638375.0,-11387000.0,-515648000.0,-13402000.0,397655000.0,0.0,401567000.0,-566859000.0,960000.0,153905000.0,0.0,68093000.0,68093000.0,68093000.0,0.0,0.0,0.079,12729000.0,116328000.0,72858000.0,0.0,2.987,27.264,24.474,394830000.0,0.0,47.48,2.044,1.839,736471000.0,763567000.0,856785000.0,856785000.0,0.0,,,,,21951000.0,0.0,1.0,131837371.0,131825000,143197000.0,6.499,1322798000.0,0.0,40855000.0,123190000.0,10.035,388576000.0
30,ACS,MRQ,2002-03-31,2002-03-31,2002-03-31,2019-10-15,32000.0,2815711000.0,,816893000.0,1998818000.0,,16.39,-24479000.0,45201000.0,45201000.0,687291000.0,62030000.0,2.125,0.399,354932000.0,37738000.0,317194000.0,354932000.0,0.0,26890000.0,0.0,0.0,0.0,98142000.0,125032000.0,0.156,125032000.0,98142000.0,92353000.0,0.51,0.46,0.51,2012574000.0,,2012574000.0,7311410177.0,21.0,16.279,45420000.0,0.37,1.0,113396000.0,0.142,1620375000.0,5789000.0,1120592000.0,,11561000.0,43804000.0,0.0,43804000.0,803137000.0,384475000.0,418662000.0,6762401177.0,1027000.0,-33558000.0,2569000.0,-9847000.0,0.0,-7278000.0,-61594000.0,-3557000.0,69899000.0,0.0,62030000.0,62030000.0,62030000.0,0.0,0.0,0.077,8055000.0,105341000.0,49691000.0,0.0,3.36,34.144,31.534,334639000.0,0.0,56.13,2.453,2.5,658283000.0,692298000.0,800687000.0,800687000.0,0.0,,,,,0.0,0.0,1.0,120477484.0,122795000,142776000.0,6.521,1195336000.0,2793000.0,30323000.0,99597000.0,9.734,432418000.0
31,ACS,MRQ,2001-12-31,2001-12-31,2001-12-31,2019-10-15,32000.0,2759250000.0,,776571000.0,1982679000.0,,14.486,-45315000.0,44174000.0,44174000.0,645603000.0,55560000.0,1.929,0.606,593183000.0,45948000.0,547235000.0,593183000.0,0.0,27499000.0,0.0,0.0,0.0,96479000.0,123978000.0,0.165,123978000.0,96479000.0,88896000.0,0.47,0.42,0.47,1717609000.0,,1717609000.0,7717984788.0,25.0,18.699,64454000.0,0.544,1.0,104824000.0,0.14,1585771000.0,7583000.0,1320012000.0,,12576000.0,53402000.0,0.0,53402000.0,1041641000.0,402476000.0,639165000.0,6389953788.0,10126000.0,-1006000.0,717391000.0,-770570000.0,0.0,-53978000.0,-45665000.0,656000.0,109769000.0,0.0,55560000.0,55560000.0,55560000.0,0.0,0.0,0.074,7403000.0,97421000.0,48176000.0,0.0,3.72,37.321,32.756,343506000.0,0.0,53.065,2.567,2.527,623121000.0,633390000.0,750427000.0,750427000.0,0.0,,,,,0.0,0.0,1.0,120417484.0,118572000,140692000.0,6.329,1173479000.0,6707000.0,33336000.0,90163000.0,9.897,374095000.0
32,ACS,MRQ,2001-09-30,2001-09-30,2001-09-30,2019-10-15,-217000.0,2720930000.0,,768821000.0,1952109000.0,,9.288,-41758000.0,34048000.0,34048000.0,567039000.0,43913000.0,2.034,1.884,1362079000.0,43016000.0,1319063000.0,1362079000.0,0.0,24415000.0,0.0,0.0,0.0,82858000.0,107273000.0,0.164,107273000.0,82858000.0,70259000.0,0.43,0.39,0.43,943512000.0,,943512000.0,4574078716.0,17.0,12.394,-3317000.0,-0.033,1.0,87980000.0,0.134,1555549000.0,12599000.0,2115491000.0,,10282000.0,52969000.0,0.0,52969000.0,1777418000.0,377921000.0,1399497000.0,4143096716.0,-208410000.0,-881204000.0,7734000.0,669462000.0,0.0,677195000.0,-924046000.0,-1084000.0,38441000.0,0.0,43913000.0,43913000.0,43913000.0,0.0,0.0,0.067,6438000.0,81542000.0,46318000.0,0.0,4.391,28.06,27.69,343591000.0,0.0,40.705,1.85,1.846,630345000.0,577971000.0,655019000.0,655019000.0,0.0,,,,,0.0,0.0,1.0,101783484.0,101580000,123344000.0,6.448,1165381000.0,8684000.0,26346000.0,81821000.0,11.473,390900000.0
33,ACS,MRQ,2001-06-30,2001-06-30,2001-06-30,2019-10-15,-132000.0,1891687000.0,,809615000.0,1082072000.0,,8.801,-31282000.0,242458000.0,242458000.0,483884000.0,36552000.0,2.881,1.136,673440000.0,24127000.0,649313000.0,673440000.0,0.0,25363000.0,0.0,0.0,0.0,67476000.0,92839000.0,0.169,92839000.0,67476000.0,59984000.0,0.37,0.33,0.37,885515000.0,,885515000.0,4011610933.0,16.0,11.854,47926000.0,0.476,1.0,66593000.0,0.121,794920000.0,7492000.0,1246697000.0,,8591000.0,0.0,0.0,0.0,1006172000.0,281052000.0,725120000.0,3613968933.0,-33756000.0,-89872000.0,-8400000.0,-913000.0,0.0,8163000.0,-121127000.0,27000.0,79208000.0,0.0,36552000.0,36552000.0,36552000.0,0.0,0.0,0.066,3534000.0,63059000.0,40265000.0,0.0,4.081,26.911,26.633,237563000.0,0.0,35.955,1.751,1.738,472042000.0,534374000.0,550477000.0,550477000.0,0.0,,,,,20649000.0,0.0,1.0,100513668.0,100616000,122354000.0,5.471,1096767000.0,8952000.0,23432000.0,63343000.0,10.901,528563000.0
34,ACS,MRQ,2001-03-31,2001-03-31,2001-03-31,2019-10-15,23000.0,1812131000.0,,808577000.0,1003554000.0,,8.296,-24010000.0,276214000.0,276214000.0,468223000.0,35193000.0,3.112,1.186,673856000.0,23477000.0,650379000.0,673856000.0,0.0,24586000.0,0.0,0.0,0.0,64068000.0,88654000.0,0.166,88654000.0,64068000.0,57693000.0,0.35,0.32,0.35,829024000.0,,829024000.0,3657849859.0,15.0,10.883,31274000.0,0.313,1.0,65351000.0,0.122,729610000.0,6375000.0,1220301000.0,,8540000.0,47145000.0,0.0,47145000.0,983107000.0,259862000.0,723245000.0,3242352859.0,261980000.0,-2976000.0,1644000.0,231796000.0,0.0,233439000.0,-26743000.0,243000.0,55284000.0,0.0,35193000.0,35193000.0,35193000.0,0.0,0.0,0.066,3584000.0,61767000.0,28788000.0,0.0,3.911,25.382,25.253,226799000.0,0.0,32.45,1.588,1.588,456307000.0,497655000.0,533574000.0,533574000.0,0.0,,,,,0.0,0.0,1.0,99918424.0,99928000,117346000.0,5.34,1082521000.0,9283000.0,22500000.0,62876000.0,10.833,548715000.0
35,ACS,MRQ,2000-12-31,2000-12-31,2000-12-31,2019-10-15,776000.0,1526336000.0,,530562000.0,995774000.0,,7.943,-35690000.0,14234000.0,14234000.0,439178000.0,31992000.0,2.031,0.929,429731000.0,21630000.0,408101000.0,429731000.0,0.0,22576000.0,0.0,0.0,0.0,57718000.0,80294000.0,0.16,80294000.0,57718000.0,52879000.0,0.32,0.295,0.32,791252000.0,,791252000.0,3597079805.0,15.0,11.118,29186000.0,0.293,1.0,61704000.0,0.123,731301000.0,4839000.0,949356000.0,,8980000.0,41785000.0,0.0,41785000.0,735084000.0,261176000.0,473908000.0,3224048805.0,-4660000.0,-76208000.0,4466000.0,32967000.0,0.0,37138000.0,-106674000.0,6865000.0,64876000.0,0.0,31992000.0,31992000.0,31992000.0,0.0,0.0,0.064,4977000.0,56727000.0,27284000.0,0.0,4.075,26.781,24.872,222688000.0,0.0,30.344,1.597,1.498,417360000.0,462714000.0,500882000.0,500882000.0,0.0,,,,,0.0,0.0,1.0,106250836.0,99622000,113762000.0,5.028,795035000.0,15965000.0,20887000.0,51164000.0,7.981,269386000.0
36,ACS,MRQ,2000-09-30,2000-09-30,2000-09-30,2019-10-15,1479000.0,1429105000.0,,522657000.0,906448000.0,,7.571,-29783000.0,18894000.0,18894000.0,429492000.0,30555000.0,2.107,0.909,391925000.0,21146000.0,370779000.0,391925000.0,0.0,21092000.0,0.0,0.0,0.0,55539000.0,76631000.0,0.16,76631000.0,55539000.0,50504000.0,0.31,0.285,0.31,748580000.0,,748580000.0,2987724332.0,13.0,9.502,-87237000.0,-0.882,1.0,49134000.0,0.103,656983000.0,5035000.0,897054000.0,,9008000.0,42870000.0,0.0,42870000.0,680525000.0,248099000.0,432426000.0,2482884332.0,-25627000.0,198372000.0,2290000.0,-155869000.0,0.0,-153579000.0,185406000.0,15176000.0,-57454000.0,0.0,30555000.0,30555000.0,30555000.0,0.0,0.0,0.064,6961000.0,42173000.0,22457000.0,0.0,3.317,21.62,21.314,206595000.0,0.0,24.938,1.246,1.237,402990000.0,430704000.0,478626000.0,478626000.0,0.0,,,,,0.0,0.0,1.0,99564284.0,98876000,112414000.0,4.841,772122000.0,17783000.0,19949000.0,51758000.0,7.809,274558000.0
37,ACS,MRQ,2000-06-30,2000-06-30,2000-06-30,2019-10-15,0.0,1656446000.0,,771874000.0,884572000.0,,7.222,-20847000.0,44521000.0,44521000.0,475445000.0,30004000.0,2.155,1.329,549361000.0,23742000.0,525619000.0,549361000.0,0.0,20907000.0,0.0,0.0,0.0,69606000.0,90513000.0,0.171,90513000.0,69606000.0,62278000.0,0.305,0.28,0.305,711377000.0,,711377000.0,2141505538.0,10.0,7.044,36446000.0,0.37,1.0,52964000.0,0.1,650263000.0,7328000.0,1152781000.0,,7324000.0,40275000.0,0.0,40275000.0,945069000.0,358242000.0,586827000.0,1637026538.0,24035000.0,-35182000.0,-2069000.0,23457000.0,0.0,24249000.0,-57507000.0,-1437000.0,57293000.0,0.0,30004000.0,30004000.0,30004000.0,0.0,0.0,0.057,70647000.0,-17683000.0,47901000.0,0.0,2.301,14.976,14.893,194034000.0,0.0,16.531,0.834,0.83,580188000.0,400200000.0,528409000.0,528409000.0,0.0,,,,,0.0,0.0,1.0,99026180.0,98508000,111214000.0,5.364,1006183000.0,25189000.0,32274000.0,95987000.0,10.214,413632000.0
38,ACS,MRQ,2000-03-31,2000-03-31,2000-03-31,2019-10-15,0.0,1459293000.0,,487797000.0,971496000.0,,6.91,-24335000.0,24086000.0,24086000.0,454661000.0,27836000.0,1.64,1.149,528565000.0,108149000.0,420416000.0,528565000.0,0.0,23286000.0,0.0,0.0,0.0,52822000.0,76108000.0,0.149,76108000.0,52822000.0,46630000.0,0.285,0.265,0.285,679111000.0,,679111000.0,2289806512.0,12.0,8.259,413000.0,0.004,1.0,55778000.0,0.109,749753000.0,6192000.0,916585000.0,,14924000.0,40847000.0,0.0,40847000.0,780182000.0,297434000.0,482748000.0,1878196512.0,-6437000.0,-84654000.0,949000.0,81311000.0,0.0,82161000.0,-113346000.0,-5385000.0,24748000.0,0.0,27836000.0,27836000.0,27836000.0,0.0,0.0,0.055,5774000.0,50004000.0,30047000.0,0.0,2.766,18.151,17.925,180896000.0,0.0,19.0,0.996,0.99,384472000.0,370286000.0,510439000.0,510439000.0,0.0,,,,,0.0,0.0,1.0,98852448.0,98278000,111316000.0,5.194,709540000.0,7044000.0,18794000.0,50979000.0,7.22,190363000.0
39,ACS,MRQ,1999-12-31,1999-12-31,1999-12-31,2019-10-15,0.0,1338731000.0,,440789000.0,897942000.0,,6.576,-16136000.0,31623000.0,31623000.0,425818000.0,26446000.0,1.945,1.064,443233000.0,26262000.0,416971000.0,443233000.0,0.0,21169000.0,0.0,0.0,0.0,50003000.0,71172000.0,0.15,71172000.0,50003000.0,44372000.0,0.27,0.25,0.27,648609000.0,,648609000.0,2717090824.0,15.0,10.378,45224000.0,0.458,1.0,50190000.0,0.105,694992000.0,5631000.0,828712000.0,,14800000.0,33111000.0,0.0,33111000.0,690122000.0,226637000.0,463485000.0,2269770824.0,17924000.0,-14306000.0,215000.0,-14630000.0,0.0,-14658000.0,-28778000.0,2651000.0,61360000.0,0.0,26446000.0,26446000.0,26446000.0,0.0,0.0,0.056,4780000.0,45410000.0,29980000.0,0.0,3.499,23.145,22.886,169839000.0,0.0,23.0,1.253,1.253,338242000.0,342455000.0,476008000.0,476008000.0,0.0,,,,,0.0,0.0,1.0,98685688.0,98638000,111732000.0,4.826,643739000.0,5879000.0,17926000.0,53531000.0,6.526,214152000.0
40,ACS,MRQ,1999-09-30,1999-09-30,1999-09-30,2019-10-15,0.0,1338164000.0,,438954000.0,899210000.0,,6.432,-19330000.0,12399000.0,12399000.0,397721000.0,25026000.0,1.84,1.112,459719000.0,38087000.0,421632000.0,459719000.0,0.0,19390000.0,0.0,0.0,0.0,46818000.0,66208000.0,0.148,66208000.0,46818000.0,41990000.0,0.255,0.235,0.255,633686000.0,,633686000.0,2341808225.0,13.0,9.546,-4908000.0,-0.05,1.0,49965000.0,0.112,700050000.0,4828000.0,846828000.0,,15538000.0,29063000.0,0.0,29063000.0,704478000.0,238606000.0,465872000.0,2003213225.0,-19581000.0,-98647000.0,905000.0,81686000.0,0.0,82144000.0,-116147000.0,1830000.0,14422000.0,0.0,25026000.0,25026000.0,25026000.0,0.0,0.0,0.056,0.0,49965000.0,31805000.0,0.0,3.161,21.712,21.495,170097000.0,0.0,20.313,1.16,1.159,355314000.0,316056000.0,447686000.0,447686000.0,0.0,,,,,0.0,0.0,1.0,98619728.0,98522000,112190000.0,4.544,638114000.0,6459000.0,16964000.0,54480000.0,6.477,200348000.0
41,ACS,MRQ,1999-06-30,1999-06-30,1999-06-30,2019-10-15,0.0,1223600000.0,,415947000.0,807653000.0,,6.217,-18527000.0,32780000.0,32780000.0,401062000.0,24171000.0,1.876,1.014,371375000.0,22269000.0,349106000.0,371375000.0,0.0,17644000.0,0.0,0.0,0.0,46132000.0,63776000.0,0.141,63776000.0,46132000.0,40622000.0,0.25,0.23,0.25,607421000.0,,607421000.0,2854751443.0,17.0,12.42,32495000.0,0.333,1.0,50280000.0,0.111,613272000.0,5510000.0,727202000.0,,13778000.0,31141000.0,0.0,31141000.0,616179000.0,221721000.0,394458000.0,2491320443.0,-15532000.0,-4939000.0,-6872000.0,-41071000.0,0.0,-45452000.0,-21102000.0,3364000.0,51022000.0,0.0,24171000.0,24171000.0,24171000.0,0.0,0.0,0.054,5615000.0,44665000.0,36723000.0,0.0,4.101,28.892,28.602,163240000.0,0.0,25.313,1.517,1.506,320121000.0,291029000.0,451342000.0,451342000.0,0.0,,,,,0.0,0.0,1.0,98422536.0,97702000,111300000.0,4.62,610328000.0,7795000.0,16451000.0,42368000.0,6.247,194226000.0
42,ACS,MRQ,1999-03-31,1999-03-31,1999-03-31,2019-10-15,0.0,1236850000.0,,439188000.0,797662000.0,,5.931,-18907000.0,52812000.0,52812000.0,390047000.0,22425000.0,1.925,1.121,416243000.0,30364000.0,385879000.0,416243000.0,0.0,17732000.0,0.0,0.0,0.0,42925000.0,60657000.0,0.139,60657000.0,42925000.0,38009000.0,0.23,0.215,0.23,583139000.0,,583139000.0,2528882879.0,17.0,11.832,26080000.0,0.265,1.0,45837000.0,0.105,605868000.0,4916000.0,766256000.0,,13816000.0,28694000.0,0.0,28694000.0,653711000.0,228157000.0,425554000.0,2248262879.0,-102142000.0,-108083000.0,1804000.0,-23564000.0,0.0,-22261000.0,-124868000.0,-542000.0,44987000.0,0.0,22425000.0,22425000.0,22425000.0,0.0,0.0,0.051,4828000.0,41009000.0,33202000.0,0.0,3.855,27.901,27.727,163100000.0,0.0,22.875,1.474,1.475,325013000.0,266854000.0,435884000.0,435884000.0,0.0,,,,,0.0,0.0,1.0,98284716.0,98322000,112094000.0,4.433,630982000.0,5889000.0,15584000.0,26762000.0,6.418,211031000.0
43,ACS,MRQ,1998-12-31,1998-12-31,1998-12-31,2019-10-15,0.0,1328310000.0,,534746000.0,793564000.0,,5.739,-14137000.0,155254000.0,155254000.0,348546000.0,20639000.0,1.649,1.374,435874000.0,26910000.0,408964000.0,435874000.0,0.0,15890000.0,0.0,0.0,0.0,38790000.0,54680000.0,0.14,54680000.0,38790000.0,34981000.0,0.21,0.2,0.21,559411000.0,,559411000.0,2430116485.0,17.0,12.325,28743000.0,0.295,1.0,43088000.0,0.11,601106000.0,3809000.0,683550000.0,,15984000.0,31760000.0,0.0,31760000.0,768899000.0,324274000.0,444625000.0,2195002485.0,123801000.0,-68121000.0,3914000.0,161114000.0,0.0,164831000.0,-83910000.0,0.0,42880000.0,0.0,20639000.0,20639000.0,20639000.0,0.0,0.0,0.053,5174000.0,37914000.0,145794000.0,0.0,3.924,29.265,29.221,160698000.0,0.0,22.5,1.575,1.574,305333000.0,244429000.0,391634000.0,391634000.0,0.0,,,,,0.0,0.0,1.0,97555666.0,97482000,110832000.0,4.018,727204000.0,12902000.0,14342000.0,19712000.0,7.46,210472000.0
44,ACS,MRQ,1998-09-30,1998-09-30,1998-09-30,2019-10-15,0.0,985357000.0,,352037000.0,633320000.0,,5.423,-21532000.0,29453000.0,29453000.0,324799000.0,18995000.0,2.072,0.882,264567000.0,14811000.0,249756000.0,264567000.0,374000.0,15457000.0,0.0,0.0,0.0,35284000.0,50741000.0,0.14,50741000.0,35284000.0,31925000.0,0.195,0.185,0.195,523555000.0,,523555000.0,1540241302.0,13.0,9.164,-17771000.0,-0.184,1.0,38557000.0,0.106,459285000.0,3359000.0,591286000.0,,11712000.0,20859000.0,0.0,20859000.0,461802000.0,169900000.0,291902000.0,1371303302.0,-53435000.0,-48931000.0,1154000.0,12389000.0,0.0,13279000.0,-70475000.0,0.0,3761000.0,0.0,18995000.0,18995000.0,18995000.0,0.0,0.0,0.052,3561000.0,34996000.0,36224000.0,0.0,2.619,22.868,24.597,153176000.0,0.0,15.25,1.065,1.143,273935000.0,223790000.0,363356000.0,363356000.0,0.0,,,,,0.0,0.0,1.0,89921528.0,96538000,110450000.0,3.764,526072000.0,9514000.0,12930000.0,24270000.0,5.449,182137000.0
45,ACS,MRQ,1998-06-30,1998-06-30,1998-06-30,2019-10-15,0.0,949798000.0,,365087000.0,584711000.0,,5.223,-17489000.0,83988000.0,83988000.0,296621000.0,18520000.0,2.187,0.886,252926000.0,18078000.0,234848000.0,252926000.0,0.0,13271000.0,0.0,0.0,0.0,34378000.0,47649000.0,0.143,47649000.0,34378000.0,31126000.0,0.19,0.185,0.19,503670000.0,,503670000.0,2038568314.0,19.0,13.27,5788000.0,0.06,1.0,37328000.0,0.112,421256000.0,3252000.0,530511000.0,,9911000.0,20738000.0,0.0,20738000.0,446128000.0,166969000.0,279159000.0,1855436314.0,10571000.0,-10000.0,-4642000.0,-1006000.0,0.0,4795000.0,-17501000.0,0.0,23277000.0,0.0,18520000.0,18520000.0,18520000.0,0.0,0.0,0.055,3730000.0,33598000.0,27953000.0,0.0,3.684,34.093,33.772,142717000.0,0.0,19.25,1.56,1.541,236523000.0,204795000.0,333949000.0,333949000.0,0.0,,,,,0.0,0.0,1.0,96386302.0,96428000,110358000.0,3.463,528542000.0,10210000.0,12606000.0,29657000.0,5.481,198118000.0
46,ACS,MRQ,1998-03-31,1998-03-31,1998-03-31,2019-10-15,0.0,920085000.0,,336761000.0,583324000.0,,5.055,-15272000.0,73517000.0,73517000.0,270698000.0,16850000.0,2.127,0.902,256649000.0,20932000.0,235717000.0,256649000.0,1075000.0,12371000.0,0.0,0.0,0.0,31723000.0,44094000.0,0.145,44094000.0,31723000.0,28438000.0,0.175,0.17,0.175,483829000.0,,483829000.0,1754951511.0,18.0,12.41,-3415000.0,-0.036,1.0,34247000.0,0.112,422985000.0,3285000.0,521894000.0,,10895000.0,21016000.0,0.0,21016000.0,436256000.0,158338000.0,277918000.0,1588813511.0,41604000.0,-6364000.0,4052000.0,47671000.0,-377000.0,51594000.0,-21847000.0,0.0,11857000.0,0.0,16850000.0,16850000.0,16850000.0,0.0,0.0,0.055,2914000.0,31333000.0,23599000.0,0.0,3.284,31.881,31.368,139323000.0,0.0,16.625,1.428,1.431,220304000.0,186277000.0,304945000.0,304945000.0,0.0,,,,,0.0,0.0,1.0,95567730.0,95716000,100022000.0,3.186,497100000.0,8983000.0,11588000.0,19587000.0,5.193,178423000.0
47,ACS,MRQ,1997-12-31,1997-12-31,1997-12-31,2019-10-15,0.0,838183000.0,,286308000.0,551875000.0,,4.805,-11044000.0,33713000.0,33713000.0,255426000.0,5602000.0,1.769,0.841,199851000.0,19963000.0,179888000.0,199851000.0,1164000.0,11302000.0,0.0,0.0,0.0,14282000.0,25584000.0,0.09,25584000.0,14282000.0,11531000.0,0.06,0.06,0.06,455362000.0,,455362000.0,,,,8375000.0,0.088,1.0,29809000.0,0.105,405615000.0,2751000.0,436897000.0,,9642000.0,9508000.0,0.0,9508000.0,382821000.0,161809000.0,221012000.0,1257312948.0,7234000.0,-62861000.0,590000.0,60903000.0,377000.0,61047000.0,-73232000.0,0.0,19419000.0,0.0,5602000.0,5602000.0,5602000.0,0.0,0.0,0.02,15329000.0,14480000.0,24616000.0,0.0,2.761,27.498,26.578,136752000.0,0.0,13.156,1.209,1.199,211188000.0,169428000.0,285235000.0,285235000.0,0.0,,,,,0.0,0.0,1.0,95567730.0,94766000,97168000.0,3.01,432568000.0,8030000.0,5929000.0,16570000.0,4.565,124499000.0
48,ACS,MRQ,1997-09-30,1997-09-30,1997-09-30,2019-10-15,,,,,,,,-9116000.0,,,243552000.0,13450000.0,,,,,,,,10531000.0,,0.0,0.0,25770000.0,36301000.0,0.137,36301000.0,25770000.0,22997000.0,0.145,0.14,0.145,,,,,,,3024000.0,0.032,1.0,21442000.0,0.081,,2773000.0,,,,,,,,,,,-2518000.0,-693000.0,0.0,-16653000.0,-377000.0,-16682000.0,2024000.0,12596000.0,12140000.0,0.0,13450000.0,13450000.0,13450000.0,0.0,0.0,0.051,2534000.0,18908000.0,,0.0,,,22.098,,0.0,12.375,,1.186,,,264994000.0,264994000.0,0.0,,,,,0.0,0.0,1.0,,93894000,96494000.0,2.822,,,9547000.0,,,
49,ACS,MRQ,1997-06-30,1997-06-30,1997-06-30,2019-10-15,0.0,761477000.0,,269067000.0,492410000.0,,4.586,-15528000.0,25647000.0,25647000.0,227934000.0,13934000.0,1.701,0.781,156545000.0,25865000.0,130680000.0,156545000.0,1191000.0,9716000.0,0.0,0.0,0.0,25723000.0,35439000.0,0.138,35439000.0,25723000.0,23458000.0,0.15,0.145,0.15,427481000.0,,427481000.0,,,,-5182000.0,-0.056,1.0,29206000.0,0.114,342115000.0,2265000.0,392059000.0,,9915000.0,15135000.0,0.0,15135000.0,333996000.0,158201000.0,175795000.0,,-10931000.0,-72796000.0,-4166000.0,62603000.0,8000.0,62392000.0,-83669000.0,0.0,10346000.0,0.0,13934000.0,13934000.0,13934000.0,0.0,0.0,0.054,3595000.0,25611000.0,24167000.0,0.0,,,25.926,135160000.0,0.0,14.0,,1.391,199302000.0,151090000.0,257140000.0,257140000.0,0.0,,,,,0.0,0.0,1.0,,93214000,95942000.0,2.759,419362000.0,12860000.0,9524000.0,14089000.0,4.499,110866000.0
50,ACS,MRQ,1997-03-31,1997-03-31,1997-03-31,2019-10-15,,,,,,,,-11350000.0,,,208035000.0,12738000.0,,,,,,,,10174000.0,,0.0,0.0,23165000.0,33339000.0,0.144,33339000.0,23165000.0,21457000.0,0.14,0.135,0.14,,,,,,,23310000.0,0.253,1.0,24186000.0,0.104,,1708000.0,,,,,,,,,,,11770000.0,-25367000.0,885000.0,15558000.0,-725000.0,16031000.0,-38921000.0,0.0,34660000.0,0.0,12738000.0,12738000.0,12738000.0,0.0,0.0,0.055,972000.0,23214000.0,,0.0,,,,,0.0,11.438,,,,,232221000.0,232221000.0,0.0,,,,,0.0,0.0,1.0,,92266000,94444000.0,2.517,,,8719000.0,,,
51,ACS,MRQ,1996-12-31,1996-12-31,1996-12-31,2019-10-15,,,,,,,,,,,200667000.0,11676000.0,,,,,,,,,,0.0,0.0,21275000.0,,,,21275000.0,19621000.0,0.125,0.125,0.125,,,,,,,,,1.0,24492000.0,0.109,,1654000.0,,,,,,,,,,,,,,,,,,,,,11676000.0,11676000.0,11676000.0,0.0,0.0,0.052,3431000.0,21061000.0,,0.0,,,,,0.0,14.875,,,,,225159000.0,225159000.0,0.0,,,,,,0.0,1.0,,92008000,94790000.0,2.447,,,7945000.0,,,
0,ACS,MRT,2009-09-30,2009-09-30,2009-09-30,2019-10-15,-40302000.0,6847884000.0,6731644750.0,2335156000.0,4512728000.0,0.98,27.677,-416756000.0,558761000.0,558761000.0,5880246000.0,335102000.0,1.728,1.534,2494740000.0,464453000.0,2030287000.0,2494740000.0,0.0,394315000.0,0.0,0.0,0.0,654922000.0,1049237000.0,0.159,1049237000.0,654922000.0,530547000.0,3.43,3.41,3.43,2702449000.0,2541129500.0,2702449000.0,7082380355.0,11.0,6.75,376637000.0,3.857,1.0,715460000.0,0.108,3342783000.0,124375000.0,4089901000.0,4127984500.0,0.0,0.0,0.0,0.0,4145435000.0,1351179000.0,2794256000.0,5289241355.0,123946000.0,-173032000.0,4520000.0,-83450000.0,0.0,-77594000.0,-591853000.0,-1745000.0,793393000.0,0.0,335102000.0,335102000.0,335102000.0,0.0,0.0,0.051,71955000.0,643505000.0,218940000.0,0.0,1.957,15.784,15.793,979123000.0,0.0,54.17,0.802,0.802,1524199000.0,2060727000.0,6595706000.0,6595706000.0,0.0,0.05,0.132,0.159,0.099,24776000.0,0.0,1.0,97641524.0,97642000,98091000.0,67.55,3505101000.0,0.0,195445000.0,574100000.0,35.897,983977000.0
1,ACS,MRT,2009-06-30,2009-06-30,2009-06-30,2019-10-15,-45014000.0,6900973000.0,6631147000.0,2415085000.0,4485888000.0,0.984,26.891,-362747000.0,730911000.0,730911000.0,5788438000.0,349943000.0,1.625,1.632,2524050000.0,482521000.0,2041529000.0,2524050000.0,0.0,395034000.0,0.0,0.0,0.0,684564000.0,1079598000.0,0.166,1079598000.0,684564000.0,554235000.0,3.59,3.57,3.59,2622132000.0,2457328500.0,2622132000.0,6353200292.0,9.0,5.885,514347000.0,5.275,1.0,734726000.0,0.113,3330572000.0,130329000.0,3877560000.0,4188333500.0,0.0,0.0,0.0,0.0,4278841000.0,1485980000.0,2792861000.0,4335184292.0,269028000.0,-161585000.0,9964000.0,-92962000.0,0.0,-81588000.0,-526478000.0,-1826000.0,877094000.0,0.0,349943000.0,349943000.0,349943000.0,0.0,0.0,0.054,48783000.0,685943000.0,272889000.0,0.0,1.653,12.388,12.373,955158000.0,0.0,44.42,0.665,0.664,1415707000.0,1991933000.0,6523164000.0,6523164000.0,0.0,0.053,0.142,0.163,0.105,23464000.0,0.0,1.0,97595324.0,97510000,98006000.0,66.897,3570401000.0,19210000.0,204292000.0,560404000.0,36.616,929105000.0
2,ACS,MRT,2009-03-31,2009-03-31,2009-03-31,2019-10-15,-104093000.0,6583447000.0,6523253500.0,2248476000.0,4334971000.0,0.987,25.185,-352157000.0,496718000.0,496718000.0,5700455000.0,351028000.0,2.045,1.679,2514734000.0,220722000.0,2294012000.0,2514734000.0,0.0,387532000.0,0.0,0.0,0.0,690075000.0,1077607000.0,0.167,1077607000.0,690075000.0,552642000.0,3.61,3.57,3.61,2457383000.0,2378889000.0,2457383000.0,6672136305.0,10.0,6.192,365129000.0,3.742,1.0,740153000.0,0.115,3224947000.0,137433000.0,4276938000.0,4286807750.0,0.0,0.0,0.0,0.0,4126064000.0,1099578000.0,3026486000.0,4672064305.0,167811000.0,-155777000.0,49573000.0,-98072000.0,0.0,-45910000.0,-503565000.0,4369000.0,717286000.0,0.0,351028000.0,351028000.0,351028000.0,0.0,0.0,0.055,46673000.0,693480000.0,193240000.0,0.0,1.901,13.31,13.266,930351000.0,0.0,47.89,0.725,0.726,1494530000.0,1894385000.0,6440608000.0,6440608000.0,0.0,0.054,0.148,0.161,0.107,22088000.0,0.0,1.0,97558244.0,97572000,98042000.0,66.009,3358500000.0,0.0,201614000.0,528482000.0,34.421,1148898000.0
3,ACS,MRT,2008-12-31,2008-12-31,2008-12-31,2019-10-15,-85462000.0,6594275000.0,6440848500.0,2320088000.0,4274187000.0,0.989,24.424,-324902000.0,567217000.0,567217000.0,5647011000.0,340422000.0,2.014,1.768,2567289000.0,246172000.0,2321117000.0,2567289000.0,0.0,388611000.0,0.0,0.0,0.0,683057000.0,1071668000.0,0.168,1071668000.0,683057000.0,537037000.0,3.51,3.47,3.51,2382554000.0,2302144750.0,2382554000.0,6591237282.0,10.0,6.15,479979000.0,4.92,1.0,725538000.0,0.114,3175006000.0,146020000.0,4267539000.0,4286681500.0,0.0,0.0,0.0,0.0,4211721000.0,1151802000.0,3059919000.0,4482461282.0,269426000.0,-201960000.0,59253000.0,-68084000.0,0.0,-5794000.0,-529661000.0,-2799000.0,804881000.0,0.0,340422000.0,340422000.0,340422000.0,0.0,0.0,0.053,42468000.0,683070000.0,241338000.0,0.0,1.881,13.167,13.091,912085000.0,0.0,45.95,0.703,0.703,1493314000.0,1801142000.0,6372549000.0,6372549000.0,0.0,0.053,0.148,0.159,0.107,21482000.0,0.0,1.0,97550844.0,97548000,97811000.0,65.327,3419269000.0,0.0,196615000.0,520414000.0,35.052,1168286000.0
4,ACS,MRT,2008-09-30,2008-09-30,2008-09-30,2019-10-15,-18296000.0,6445893000.0,6300185000.0,2156040000.0,4289853000.0,0.996,24.328,-307075000.0,434815000.0,434815000.0,5539952000.0,346501000.0,2.092,1.723,2543591000.0,219899000.0,2323692000.0,2543591000.0,0.0,387353000.0,0.0,0.0,0.0,681121000.0,1068474000.0,0.17,1068474000.0,681121000.0,527948000.0,3.56,3.51,3.56,2367245000.0,2218989250.0,2367245000.0,7041516005.0,10.0,6.59,574281000.0,5.902,1.0,731969000.0,0.117,3192947000.0,153173000.0,4331297000.0,4295058000.0,0.0,0.0,0.0,0.0,4078648000.0,1030425000.0,3048223000.0,4924676005.0,188800000.0,-184882000.0,-140493000.0,-56443000.0,0.0,-195209000.0,-497347000.0,1110000.0,881356000.0,0.0,346501000.0,346501000.0,346501000.0,0.0,0.0,0.055,59544000.0,672425000.0,197167000.0,0.0,2.08,14.213,14.222,897785000.0,0.0,50.63,0.785,0.786,1459272000.0,1725625000.0,6271921000.0,6271921000.0,0.0,0.055,0.156,0.159,0.109,22799000.0,0.0,1.0,97267944.0,97307000,98091000.0,64.455,3252946000.0,0.0,181447000.0,529377000.0,33.43,1125615000.0
5,ACS,MRT,2008-06-30,2008-06-30,2008-06-30,2019-10-15,18830000.0,6469399000.0,6208463250.0,2103116000.0,4366283000.0,0.992,23.552,-308306000.0,461883000.0,461883000.0,5446706000.0,329010000.0,1.938,1.803,2578723000.0,221182000.0,2357541000.0,2578723000.0,0.0,380571000.0,0.0,0.0,0.0,658154000.0,1038725000.0,0.169,1038725000.0,658154000.0,496219000.0,3.36,3.32,3.36,2308374000.0,2167878250.0,2308374000.0,7413130803.0,11.0,7.137,518471000.0,5.29,1.0,713844000.0,0.116,3229643000.0,161935000.0,4271457000.0,4309705500.0,0.0,0.0,0.0,0.0,4161025000.0,1085139000.0,3075886000.0,5155908803.0,154597000.0,-213135000.0,-118816000.0,-22159000.0,0.0,-137394000.0,-534786000.0,-6845000.0,826777000.0,0.0,329010000.0,329010000.0,329010000.0,0.0,0.0,0.053,68766000.0,645078000.0,198191000.0,0.0,2.234,15.671,15.92,920637000.0,0.0,53.49,0.837,0.851,1378285000.0,1641990000.0,6160550000.0,6160550000.0,0.0,0.053,0.152,0.153,0.107,22830000.0,0.0,1.0,96390144.0,98013000,98993000.0,62.854,3239756000.0,7076000.0,167209000.0,493853000.0,33.054,1017977000.0
6,ACS,MRT,2008-03-31,2008-03-31,2008-03-31,2019-10-15,15931000.0,6253827000.0,6086720750.0,1952426000.0,4301401000.0,0.997,22.379,-309048000.0,328907000.0,328907000.0,5435803000.0,267952000.0,1.882,1.908,2586129000.0,215235000.0,2370894000.0,2586129000.0,0.0,372933000.0,0.0,0.0,0.0,565581000.0,938514000.0,0.155,938514000.0,565581000.0,397061000.0,2.72,2.68,2.72,2150406000.0,2107326750.0,2150406000.0,7095358839.0,13.0,7.56,594454000.0,6.186,1.0,630826000.0,0.104,3196974000.0,168520000.0,4276433000.0,4282921250.0,0.0,0.0,0.0,0.0,4103421000.0,1037642000.0,3065779000.0,4809256839.0,232990000.0,-208653000.0,-146342000.0,-2936000.0,0.0,-144435000.0,-526077000.0,-1876000.0,903502000.0,0.0,267952000.0,267952000.0,267952000.0,0.0,0.0,0.044,80442000.0,550384000.0,200969000.0,0.0,2.236,17.948,18.423,899280000.0,0.0,50.11,0.793,0.794,1362320000.0,1543358000.0,6066629000.0,6066629000.0,0.0,0.044,0.127,0.132,0.093,21478000.0,0.0,1.0,95973994.0,96089000,96921000.0,63.136,3056853000.0,10871000.0,129109000.0,460632000.0,31.813,914784000.0
7,ACS,MRT,2007-12-31,2007-12-31,2007-12-31,2019-10-15,16398000.0,6031621000.0,5962702500.0,1890927000.0,4140694000.0,1.0,20.601,-324438000.0,297791000.0,297791000.0,5337013000.0,267373000.0,1.969,1.942,2583893000.0,219038000.0,2364855000.0,2583893000.0,0.0,364515000.0,0.0,0.0,0.0,572072000.0,936587000.0,0.157,936587000.0,572072000.0,396486000.0,2.69,2.65,2.69,2049932000.0,2066859750.0,2049932000.0,6834563566.0,12.0,7.297,439847000.0,4.42,1.0,627792000.0,0.105,3056182000.0,175586000.0,4301045000.0,4293843250.0,0.0,0.0,0.0,0.0,3981689000.0,960496000.0,3021193000.0,4532090566.0,-35364000.0,-100183000.0,-151162000.0,-242599000.0,0.0,-388370000.0,-411279000.0,19842000.0,764285000.0,0.0,267373000.0,267373000.0,267373000.0,0.0,0.0,0.045,78728000.0,549064000.0,157812000.0,0.0,2.211,16.95,16.766,888975000.0,0.0,45.1,0.76,0.752,1338886000.0,1460719000.0,5964805000.0,5964805000.0,0.0,0.045,0.129,0.133,0.096,21457000.0,0.0,1.0,100489813.0,99505000,100310000.0,59.945,2975439000.0,16689000.0,129113000.0,418879000.0,29.902,930431000.0
8,ACS,MRT,2007-09-30,2007-09-30,2007-09-30,2019-10-15,19874000.0,6079006000.0,5936963500.0,1910238000.0,4168768000.0,0.99,21.689,-324765000.0,246015000.0,246015000.0,5263904000.0,257851000.0,2.072,1.811,2548488000.0,195391000.0,2353097000.0,2548488000.0,0.0,355385000.0,0.0,0.0,0.0,568683000.0,924068000.0,0.157,924068000.0,568683000.0,388061000.0,2.6,2.56,2.6,2162801000.0,2027036000.0,2162801000.0,7248399029.0,13.0,7.844,248454000.0,2.491,1.0,616220000.0,0.105,3069570000.0,180622000.0,4389887000.0,4349323250.0,0.0,0.0,0.0,0.0,3916205000.0,922022000.0,2994183000.0,5001890029.0,103775000.0,-172433000.0,46777000.0,-44525000.0,0.0,7643000.0,-477087000.0,20111000.0,573219000.0,0.0,257851000.0,257851000.0,257851000.0,0.0,0.0,0.044,74722000.0,541498000.0,149489000.0,0.0,2.313,19.398,19.323,899694000.0,0.0,50.24,0.851,0.852,1387656000.0,1518315000.0,5880124000.0,5880124000.0,0.0,0.043,0.127,0.131,0.097,22661000.0,0.0,1.0,99559913.0,99721000,100986000.0,58.966,3009436000.0,34610000.0,130210000.0,408772000.0,30.179,988216000.0
9,ACS,MRT,2007-06-30,2007-06-30,2007-06-30,2019-10-15,15916000.0,5982429000.0,5829758000.0,1810534000.0,4171895000.0,0.99,20.624,-360030000.0,307286000.0,307286000.0,5168818000.0,253090000.0,1.865,1.895,2553795000.0,211523000.0,2342272000.0,2553795000.0,0.0,346199000.0,0.0,0.0,0.0,566078000.0,912277000.0,0.158,912277000.0,566078000.0,383413000.0,2.53,2.49,2.53,2066168000.0,1937973250.0,2066168000.0,7667535878.0,14.0,8.405,378348000.0,3.777,1.0,603661000.0,0.105,3093746000.0,182665000.0,4164320000.0,4311926250.0,0.0,0.0,0.0,0.0,3916261000.0,970872000.0,2945389000.0,5250379878.0,206449000.0,-182724000.0,-703242000.0,696747000.0,0.0,-2926000.0,-529003000.0,13751000.0,738378000.0,0.0,253090000.0,253090000.0,253090000.0,0.0,0.0,0.044,66706000.0,536955000.0,97951000.0,0.0,2.541,20.745,22.419,897319000.0,0.0,56.72,0.91,0.984,1257108000.0,1462115000.0,5772479000.0,5772479000.0,0.0,0.043,0.131,0.131,0.098,24728000.0,0.0,1.0,92566641.0,100181000,101572000.0,57.62,2888683000.0,13268000.0,130323000.0,381983000.0,28.835,839662000.0
10,ACS,MRT,2007-03-31,2007-03-31,2007-03-31,2019-10-15,128000.0,5757754000.0,5709760000.0,1601594000.0,4156160000.0,0.987,20.097,-381193000.0,95917000.0,95917000.0,4968569000.0,301577000.0,1.97,1.895,2513073000.0,185002000.0,2328071000.0,2513073000.0,0.0,333298000.0,0.0,0.0,0.0,631814000.0,965112000.0,0.171,965112000.0,631814000.0,465543000.0,2.88,2.85,2.88,1988538000.0,2035485750.0,1988538000.0,8258563253.0,13.0,8.557,180800000.0,1.827,1.0,664878000.0,0.118,3041821000.0,166271000.0,4320121000.0,4129164250.0,0.0,0.0,0.0,0.0,3769216000.0,812968000.0,2956248000.0,5824048253.0,-78960000.0,-215585000.0,-990103000.0,933249000.0,0.0,-55489000.0,-585464000.0,11314000.0,561993000.0,0.0,301577000.0,301577000.0,301577000.0,0.0,0.0,0.054,61728000.0,603150000.0,88225000.0,0.0,2.929,19.312,20.444,943709000.0,0.0,58.88,1.034,1.034,1290345000.0,1424541000.0,5633447000.0,5633447000.0,0.0,0.053,0.148,0.153,0.112,28795000.0,0.0,1.0,98913863.0,98945000,100300000.0,56.935,2715933000.0,0.0,163966000.0,405265000.0,27.449,788626000.0
11,ACS,MRT,2006-12-31,2006-12-31,2006-12-31,2019-10-15,-1100000.0,5928665000.0,5617257250.0,1791781000.0,4136884000.0,0.98,19.114,-417689000.0,333155000.0,333155000.0,4870959000.0,296518000.0,2.187,2.136,2767670000.0,201093000.0,2566577000.0,2767670000.0,0.0,318194000.0,0.0,0.0,0.0,594176000.0,912370000.0,0.166,912370000.0,594176000.0,458506000.0,2.67,2.64,2.67,1890637000.0,2201432750.0,1890637000.0,7110479199.0,12.0,7.793,168164000.0,1.7,1.0,636397000.0,0.116,3020918000.0,135670000.0,4522965000.0,3794001500.0,0.0,0.0,0.0,0.0,4038028000.0,819297000.0,3218731000.0,5791066199.0,225892000.0,-131230000.0,-1403711000.0,1587988000.0,0.0,190968000.0,-550929000.0,-1986000.0,585853000.0,0.0,296518000.0,296518000.0,296518000.0,0.0,0.0,0.054,60688000.0,575709000.0,88909000.0,0.0,3.063,19.53,18.292,935902000.0,0.0,48.84,1.052,0.877,1253575000.0,1342481000.0,5507356000.0,5507356000.0,0.0,0.053,0.135,0.157,0.108,25427000.0,0.0,1.0,118572199.0,98914000,100152000.0,55.678,2907747000.0,0.0,161988000.0,376133000.0,29.397,972484000.0
12,ACS,MRT,2006-09-30,2006-09-30,2006-09-30,2019-10-15,-7473000.0,5650184000.0,5462842000.0,1583061000.0,4067123000.0,0.994,17.463,-439202000.0,142240000.0,142240000.0,4794867000.0,326814000.0,1.846,2.128,2553829000.0,197816000.0,2356013000.0,2553829000.0,0.0,303410000.0,0.0,0.0,0.0,611578000.0,914988000.0,0.169,914988000.0,611578000.0,509937000.0,2.76,2.73,2.76,1806550000.0,2471235750.0,1806550000.0,7468567240.0,12.0,8.162,263360000.0,2.546,1.0,633315000.0,0.117,2964091000.0,101641000.0,4240299000.0,3270093500.0,0.0,0.0,0.0,0.0,3843634000.0,857383000.0,2986251000.0,6149154240.0,108014000.0,-173996000.0,-1497053000.0,1549325000.0,0.0,42790000.0,-637338000.0,-24140000.0,702562000.0,0.0,326814000.0,326814000.0,326814000.0,0.0,0.0,0.06,62277000.0,571038000.0,90716000.0,0.0,3.404,18.815,18.79,921436000.0,0.0,51.86,1.133,0.988,1242662000.0,1270407000.0,5428182000.0,5428182000.0,0.0,0.06,0.132,0.187,0.113,24601000.0,0.0,1.0,118572199.0,103452000,104761000.0,52.471,2686093000.0,0.0,183123000.0,379793000.0,25.965,725678000.0
13,ACS,MRT,2006-06-30,2006-06-30,2006-06-30,2019-10-15,-10943000.0,5502437000.0,5303912250.0,1529263000.0,3973174000.0,1.009,19.937,-430298000.0,100837000.0,100837000.0,4712537000.0,358806000.0,1.853,1.24,1789132000.0,175100000.0,1614032000.0,1789132000.0,0.0,289852000.0,0.0,0.0,0.0,626680000.0,916532000.0,0.171,916532000.0,626680000.0,558313000.0,2.91,2.87,2.91,2456218000.0,2756980750.0,2456218000.0,7438924190.0,12.0,8.116,208412000.0,1.692,1.0,641124000.0,0.12,2932355000.0,68367000.0,3433272000.0,2750036250.0,0.0,0.0,0.0,0.0,3046219000.0,825105000.0,2221114000.0,6119511190.0,38152000.0,-182652000.0,-757958000.0,813210000.0,0.0,51217000.0,-651775000.0,-22295000.0,638710000.0,0.0,358806000.0,358806000.0,358806000.0,0.0,0.0,0.067,56747000.0,584377000.0,104473000.0,0.0,2.491,17.055,17.735,870020000.0,0.0,51.61,1.143,1.188,1231846000.0,1836850000.0,5353661000.0,5353661000.0,0.0,0.068,0.13,0.228,0.117,20717000.0,0.0,1.0,118572199.0,123197000,125027000.0,43.456,2570082000.0,8090000.0,199507000.0,349480000.0,20.862,704158000.0
14,ACS,MRT,2006-03-31,2006-03-31,2006-03-31,2019-10-15,-15983000.0,5387743000.0,5141012500.0,1523165000.0,3864578000.0,1.009,21.33,-407614000.0,174877000.0,174877000.0,4531247000.0,377346000.0,1.758,1.031,1494290000.0,128982000.0,1365308000.0,1494290000.0,0.0,276488000.0,0.0,0.0,0.0,648357000.0,924845000.0,0.178,924845000.0,648357000.0,596098000.0,3.01,2.96,3.01,2652326000.0,2845854250.0,2652326000.0,8376295396.0,13.0,9.057,331455000.0,2.666,1.0,656104000.0,0.126,2861077000.0,52259000.0,2979470000.0,2389240250.0,0.0,0.0,0.0,0.0,2735417000.0,866609000.0,1868808000.0,7451629396.0,128345000.0,-501101000.0,-586624000.0,929319000.0,0.0,338410000.0,-949134000.0,-23889000.0,739069000.0,0.0,377346000.0,377346000.0,377346000.0,0.0,0.0,0.073,49393000.0,606711000.0,102969000.0,0.0,2.809,19.747,19.821,818247000.0,0.0,59.66,1.436,1.43,1167374000.0,2291392000.0,5187351000.0,5187351000.0,0.0,0.073,0.133,0.271,0.125,18493000.0,0.0,1.0,124901599.0,124347000,126381000.0,41.717,2526666000.0,0.0,218752000.0,330619000.0,20.319,656556000.0
15,ACS,MRT,2005-12-31,2005-12-31,2005-12-31,2019-10-15,-13449000.0,5311004000.0,4846034500.0,1507416000.0,3803588000.0,1.019,23.788,-355290000.0,107263000.0,107263000.0,4255732000.0,415012000.0,1.619,0.788,1031929000.0,106326000.0,925603000.0,1031929000.0,0.0,261398000.0,0.0,0.0,0.0,677357000.0,938755000.0,0.19,938755000.0,677357000.0,637200000.0,3.29,3.23,3.29,2969849000.0,2891707000.0,2969849000.0,8177381170.0,12.0,8.711,442355000.0,3.543,1.0,680463000.0,0.138,2877049000.0,40157000.0,2427333000.0,2032522500.0,0.0,0.0,0.0,0.0,2341155000.0,931288000.0,1409867000.0,7355145170.0,71397000.0,-684693000.0,-278607000.0,647327000.0,0.0,358025000.0,-1084273000.0,-27321000.0,797645000.0,0.0,415012000.0,415012000.0,415012000.0,0.0,0.0,0.084,43090000.0,637373000.0,88106000.0,0.0,2.477,17.723,17.988,768315000.0,0.0,59.18,1.49,1.497,1232322000.0,2213516000.0,4936195000.0,4936195000.0,0.0,0.086,0.144,0.333,0.137,22582000.0,0.0,1.0,124284305.0,124849000,126926000.0,39.537,2433955000.0,0.0,222188000.0,345418000.0,19.495,576128000.0
16,ACS,MRT,2005-09-30,2005-09-30,2005-09-30,2019-10-15,-10737000.0,5014465000.0,4509443750.0,1343472000.0,3670993000.0,1.024,23.516,-319485000.0,34226000.0,34226000.0,3938572000.0,408787000.0,1.557,0.7,856462000.0,99337000.0,757125000.0,856462000.0,0.0,246540000.0,0.0,0.0,0.0,656641000.0,903181000.0,0.196,903181000.0,656641000.0,627671000.0,3.22,3.15,3.22,2949530000.0,2853230500.0,2949530000.0,7636657311.0,12.0,8.455,410070000.0,3.269,1.0,677322000.0,0.147,2813751000.0,28970000.0,2160070000.0,1761699000.0,0.0,0.0,0.0,0.0,2064935000.0,862880000.0,1202055000.0,6858326311.0,-25351000.0,-598710000.0,-186678000.0,368797000.0,0.0,187597000.0,-942503000.0,-7786000.0,729555000.0,0.0,408787000.0,408787000.0,408787000.0,0.0,0.0,0.089,30682000.0,646640000.0,67431000.0,0.0,2.325,16.777,16.957,713594000.0,0.0,54.6,1.486,1.484,1111926000.0,2110320000.0,4615894000.0,4615894000.0,0.0,0.091,0.143,0.373,0.142,20547000.0,0.0,1.0,125610372.0,125429000,127286000.0,36.801,2200714000.0,0.0,218884000.0,313950000.0,17.545,480592000.0
17,ACS,MRT,2005-06-30,2005-06-30,2005-06-30,2019-10-15,-10910000.0,4850838000.0,4252042000.0,1244097000.0,3606741000.0,1.023,22.042,-288749000.0,62685000.0,62685000.0,3679983000.0,409569000.0,1.484,0.725,841016000.0,90661000.0,750355000.0,841016000.0,0.0,232779000.0,0.0,0.0,0.0,652670000.0,885449000.0,0.203,885449000.0,652670000.0,632484000.0,3.21,3.14,3.21,2811712000.0,2794113750.0,2811712000.0,6880635947.0,11.0,7.771,450599000.0,3.532,1.0,671176000.0,0.154,2800967000.0,20186000.0,1990088000.0,1581951750.0,0.0,0.0,0.0,0.0,2039126000.0,838114000.0,1201012000.0,6462012947.0,-14214000.0,-626771000.0,-183954000.0,352381000.0,0.0,168427000.0,-921989000.0,-6469000.0,739348000.0,0.0,409569000.0,409569000.0,409569000.0,0.0,0.0,0.094,23692000.0,647484000.0,62788000.0,0.0,2.298,15.778,15.919,677241000.0,0.0,51.1,1.485,1.498,1061590000.0,1969636000.0,4351159000.0,4351159000.0,0.0,0.096,0.147,0.413,0.15,26120000.0,0.0,1.0,126458179.0,127560000,130556000.0,34.111,2049871000.0,0.0,222915000.0,268319000.0,16.07,405983000.0
18,ACS,MRT,2005-03-31,2005-03-31,2005-03-31,2019-10-15,79000.0,4207831000.0,4016143000.0,1070544000.0,3137287000.0,1.046,22.229,-267826000.0,46532000.0,46532000.0,3566096000.0,387112000.0,1.691,0.484,465155000.0,74266000.0,390889000.0,465155000.0,0.0,219994000.0,0.0,0.0,0.0,612518000.0,832512000.0,0.198,832512000.0,612518000.0,598158000.0,3.03,2.96,3.03,2835737000.0,2738807500.0,2835737000.0,7026306949.0,11.0,8.44,410862000.0,3.221,1.0,633118000.0,0.151,2440831000.0,14360000.0,1552599000.0,1428356750.0,0.0,0.0,0.0,0.0,1372094000.0,633024000.0,739070000.0,6743863949.0,7509000.0,-230071000.0,-390532000.0,224526000.0,0.0,-166006000.0,-505173000.0,-6080000.0,678688000.0,0.0,387112000.0,387112000.0,387112000.0,0.0,0.0,0.092,23760000.0,609358000.0,59664000.0,0.0,2.378,17.421,17.571,601580000.0,0.0,53.24,1.606,1.617,907267000.0,1905220000.0,4199214000.0,4199214000.0,0.0,0.096,0.141,0.429,0.146,37757000.0,0.0,1.0,126669120.0,127568000,130229000.0,32.917,1767000000.0,0.0,211046000.0,286297000.0,13.851,437520000.0
19,ACS,MRT,2004-12-31,2004-12-31,2004-12-31,2019-10-15,1230000.0,3964641000.0,3917753000.0,982747000.0,2981894000.0,1.058,21.894,-281433000.0,35866000.0,35866000.0,3524623000.0,372192000.0,1.734,0.408,318309000.0,63359000.0,254950000.0,318309000.0,0.0,210074000.0,0.0,0.0,0.0,600483000.0,810557000.0,0.196,810557000.0,600483000.0,586097000.0,2.89,2.8,2.89,2815943000.0,2729837000.0,2815943000.0,8101602038.0,13.0,9.995,282947000.0,2.2,1.0,620724000.0,0.15,2336148000.0,14386000.0,1344039000.0,1322641500.0,0.0,0.0,0.0,0.0,1148698000.0,566897000.0,581801000.0,7736974038.0,-208386000.0,-236608000.0,-487913000.0,241510000.0,0.0,-247130000.0,-525636000.0,-8035000.0,564380000.0,0.0,372192000.0,372192000.0,372192000.0,0.0,0.0,0.09,23851000.0,596873000.0,64437000.0,0.0,2.748,20.788,20.827,562273000.0,0.0,60.19,1.866,1.868,844609000.0,1790554000.0,4145347000.0,4145347000.0,0.0,0.095,0.136,0.454,0.145,39101000.0,0.0,1.0,128542516.0,128619000,131933000.0,32.23,1628493000.0,0.0,213905000.0,307527000.0,12.661,415850000.0
20,ACS,MRT,2004-09-30,2004-09-30,2004-09-30,2019-10-15,-2602000.0,3984858000.0,3891312500.0,1030188000.0,2954670000.0,1.058,21.204,-278606000.0,59577000.0,59577000.0,3515590000.0,529077000.0,1.733,0.469,424205000.0,57915000.0,366290000.0,424205000.0,0.0,196704000.0,0.0,0.0,0.0,847752000.0,1044456000.0,0.254,1044456000.0,847752000.0,830910000.0,4.07,3.87,4.07,2713063000.0,2670254750.0,2713063000.0,7483330685.0,9.0,7.165,257344000.0,2.011,1.0,600350000.0,0.146,2314099000.0,16842000.0,1441081000.0,1270084000.0,0.0,0.0,0.0,0.0,1271795000.0,594306000.0,677489000.0,7124201685.0,23164000.0,262576000.0,-653204000.0,165386000.0,0.0,-489086000.0,-23700000.0,-7639000.0,535950000.0,0.0,529077000.0,529077000.0,529077000.0,0.0,0.0,0.129,39766000.0,560584000.0,44354000.0,0.0,2.626,13.465,13.678,557745000.0,0.0,55.67,1.731,1.731,870049000.0,1694409000.0,4115940000.0,4115940000.0,0.0,0.136,0.198,0.667,0.206,39539000.0,0.0,1.0,127972008.0,127948000,131070000.0,32.169,1670759000.0,0.0,301833000.0,287669000.0,13.058,435882000.0
21,ACS,MRT,2004-06-30,2004-06-30,2004-06-30,2019-10-15,-3381000.0,3907242000.0,3837013250.0,1044424000.0,2862818000.0,1.07,19.7,-257950000.0,76899000.0,76899000.0,3514785000.0,521728000.0,1.638,0.508,436028000.0,63589000.0,372439000.0,436028000.0,0.0,183796000.0,0.0,0.0,0.0,837254000.0,1021050000.0,0.249,1021050000.0,837254000.0,819147000.0,3.97,3.77,3.97,2590487000.0,2613193250.0,2590487000.0,7009873767.0,8.0,6.865,218259000.0,1.66,1.0,591608000.0,0.144,2253093000.0,18107000.0,1375708000.0,1335666750.0,0.0,0.0,0.0,0.0,1316755000.0,637570000.0,679185000.0,6850323767.0,25729000.0,331406000.0,-704160000.0,185362000.0,0.0,-520879000.0,70399000.0,-3057000.0,476209000.0,0.0,521728000.0,521728000.0,521728000.0,0.0,0.0,0.127,42136000.0,549472000.0,61749000.0,0.0,2.644,13.13,13.335,521772000.0,0.0,52.94,1.668,1.695,873471000.0,1600252000.0,4106393000.0,4106393000.0,0.0,0.136,0.2,0.627,0.204,32825000.0,0.0,1.0,129397880.0,131498000,139880000.0,31.228,1654149000.0,0.0,297419000.0,270237000.0,12.579,406854000.0
22,ACS,MRT,2004-03-31,2004-03-31,2004-03-31,2019-10-15,-2306000.0,3814271000.0,3784879000.0,984345000.0,2829926000.0,1.072,21.291,-254106000.0,39023000.0,39023000.0,3446231000.0,523476000.0,1.642,0.362,198573000.0,52373000.0,146200000.0,198573000.0,0.0,173878000.0,0.0,0.0,0.0,842485000.0,1016363000.0,0.25,1016363000.0,842485000.0,822284000.0,3.97,3.74,3.97,2799855000.0,2572868500.0,2799855000.0,6817776661.0,8.0,6.708,190391000.0,1.448,1.0,611893000.0,0.151,2244552000.0,20201000.0,1129738000.0,1358943250.0,5641000.0,0.0,0.0,0.0,1014416000.0,599531000.0,414885000.0,6681663661.0,3619000.0,323525000.0,-402043000.0,-118555000.0,0.0,-509149000.0,68271000.0,-1918000.0,444497000.0,0.0,523476000.0,523476000.0,523476000.0,0.0,0.0,0.129,56431000.0,555462000.0,51570000.0,0.0,2.386,12.764,13.073,506428000.0,0.0,51.9,1.646,1.682,841158000.0,1509993000.0,4058124000.0,4058124000.0,0.0,0.138,0.203,0.62,0.208,21736000.0,0.0,1.0,128741111.0,131503000,139348000.0,30.86,1569719000.0,0.0,298808000.0,285902000.0,11.937,384814000.0
23,ACS,MRT,2003-12-31,2003-12-31,2003-12-31,2019-10-15,-840000.0,3858879000.0,3739853500.0,1180923000.0,2677956000.0,1.078,19.676,-243276000.0,244252000.0,244252000.0,3428806000.0,503223000.0,1.628,0.497,380365000.0,60599000.0,319766000.0,380365000.0,0.0,163896000.0,0.0,0.0,0.0,821487000.0,985383000.0,0.244,985383000.0,821487000.0,798949000.0,3.81,3.59,3.81,2577614000.0,2455503000.0,2577614000.0,7664042072.0,9.0,7.778,279553000.0,2.134,1.0,601519000.0,0.149,2135654000.0,22538000.0,1133809000.0,1459122000.0,6432000.0,0.0,0.0,0.0,1281265000.0,725529000.0,555736000.0,7148559072.0,185352000.0,400010000.0,-200621000.0,-306972000.0,0.0,-496111000.0,158634000.0,2009000.0,522829000.0,0.0,503223000.0,503223000.0,503223000.0,0.0,0.0,0.125,64295000.0,537224000.0,38979000.0,0.0,2.773,14.206,14.294,463001000.0,0.0,54.46,1.774,1.77,830003000.0,1410246000.0,4030325000.0,4030325000.0,0.0,0.135,0.205,0.563,0.204,20555000.0,0.0,1.0,131262561.0,131001000,141880000.0,30.766,1723225000.0,0.0,295726000.0,344792000.0,13.154,455394000.0
24,ACS,MRT,2003-09-30,2003-09-30,2003-09-30,2019-10-15,-2176000.0,3767661000.0,3652814000.0,1239347000.0,2528314000.0,1.079,18.65,-244301000.0,36413000.0,36413000.0,3344890000.0,324194000.0,2.213,0.516,551896000.0,44698000.0,507198000.0,551896000.0,0.0,157397000.0,0.0,0.0,0.0,542067000.0,699464000.0,0.177,699464000.0,542067000.0,518707000.0,2.44,2.32,2.44,2484817000.0,2371751500.0,2484817000.0,6983495297.0,13.0,9.984,273505000.0,2.053,1.0,596370000.0,0.151,2019798000.0,23360000.0,1703412000.0,1560449250.0,6599000.0,0.0,0.0,0.0,1282844000.0,559934000.0,722910000.0,6484941297.0,-16896000.0,-76379000.0,-32469000.0,-195878000.0,0.0,-216930000.0,-317772000.0,2935000.0,517806000.0,0.0,324194000.0,324194000.0,324194000.0,0.0,0.0,0.082,52815000.0,543555000.0,45101000.0,0.0,2.61,20.003,19.955,439981000.0,0.0,48.69,1.645,1.646,759079000.0,1157217000.0,3941260000.0,3941260000.0,0.0,0.089,0.137,0.347,0.138,17788000.0,0.0,1.0,133188361.0,133235000,143960000.0,29.581,1747863000.0,0.0,194513000.0,246426000.0,13.119,679413000.0
25,ACS,MRT,2003-06-30,2003-06-30,2003-06-30,2019-10-15,-971000.0,3698705000.0,3572086750.0,979498000.0,2719207000.0,1.06,18.341,-253640000.0,51170000.0,51170000.0,3215339000.0,306842000.0,1.757,0.523,549724000.0,51384000.0,498340000.0,549724000.0,0.0,152128000.0,0.0,0.0,0.0,516141000.0,668269000.0,0.176,668269000.0,516141000.0,490947000.0,2.32,2.2,2.32,2429188000.0,2291794750.0,2429188000.0,6667172827.0,13.0,9.977,291665000.0,2.202,1.0,571867000.0,0.151,2170969000.0,25194000.0,1468814000.0,1534112250.0,0.0,0.0,0.0,0.0,1269517000.0,557476000.0,712041000.0,6075548827.0,17356000.0,-72745000.0,0.0,-218799000.0,0.0,-207866000.0,-320083000.0,6302000.0,545305000.0,0.0,306842000.0,306842000.0,306842000.0,0.0,0.0,0.081,52586000.0,519281000.0,58376000.0,0.0,2.501,19.8,19.711,478212000.0,0.0,45.73,1.604,1.599,835478000.0,1070409000.0,3787206000.0,3787206000.0,0.0,0.086,0.134,0.336,0.136,16124000.0,0.0,1.0,132856961.0,132445000,143430000.0,28.595,1527736000.0,0.0,184105000.0,219595000.0,11.535,422022000.0
26,ACS,MRT,2003-03-31,2003-03-31,2003-03-31,2019-10-15,0.0,3634169000.0,3498302250.0,959084000.0,2675085000.0,1.038,17.583,-241458000.0,35404000.0,35404000.0,3080793000.0,291043000.0,1.781,0.559,627028000.0,50847000.0,576181000.0,627028000.0,0.0,141440000.0,0.0,0.0,0.0,489573000.0,631013000.0,0.174,631013000.0,489573000.0,465673000.0,2.22,2.09,2.22,2330393000.0,2208352750.0,2330393000.0,6483239764.0,13.0,10.274,282749000.0,2.133,1.0,549020000.0,0.151,2156802000.0,23900000.0,1530453000.0,1557226250.0,8121000.0,0.0,0.0,0.0,1303776000.0,538538000.0,765238000.0,5866063764.0,-9797000.0,-563676000.0,-7037000.0,256954000.0,0.0,264634000.0,-798638000.0,6070000.0,524207000.0,0.0,291043000.0,291043000.0,291043000.0,0.0,0.0,0.08,52982000.0,496038000.0,55724000.0,0.0,2.517,20.155,19.937,462841000.0,0.0,44.26,1.616,1.616,821485000.0,984573000.0,3629813000.0,3629813000.0,0.0,0.083,0.132,0.314,0.135,32019000.0,0.0,1.0,132536461.0,132540000,143657000.0,27.387,1477367000.0,0.0,174630000.0,196776000.0,11.147,420546000.0
27,ACS,MRT,2002-12-31,2002-12-31,2002-12-31,2019-10-15,0.0,3510721000.0,3293687750.0,929587000.0,2581134000.0,1.047,16.967,-195009000.0,58900000.0,58900000.0,2935622000.0,273580000.0,1.88,0.565,676076000.0,57175000.0,618901000.0,676076000.0,0.0,130431000.0,0.0,0.0,0.0,454470000.0,584901000.0,0.17,584901000.0,454470000.0,430832000.0,2.13,1.98,2.13,2242608000.0,2128898000.0,2242608000.0,7647976467.0,17.0,13.076,262374000.0,1.985,1.0,513245000.0,0.149,2094301000.0,23638000.0,1539118000.0,1454761000.0,8837000.0,55868000.0,0.0,55868000.0,1268113000.0,494478000.0,773635000.0,6958053467.0,14726000.0,-549785000.0,-8796000.0,293303000.0,0.0,299918000.0,-742575000.0,2087000.0,457383000.0,0.0,273580000.0,273580000.0,273580000.0,0.0,0.0,0.079,46955000.0,466290000.0,47143000.0,0.0,3.103,25.433,24.718,430965000.0,0.0,52.65,2.017,2.018,769177000.0,906918000.0,3448867000.0,3448867000.0,0.0,0.083,0.129,0.312,0.132,25633000.0,0.0,1.0,132156761.0,132175000,143295000.0,26.093,1416420000.0,0.0,157252000.0,163384000.0,10.716,435109000.0
28,ACS,MRT,2002-09-30,2002-09-30,2002-09-30,2019-10-15,0.0,3444752000.0,3105820000.0,884935000.0,2559817000.0,1.059,16.392,-181595000.0,53309000.0,53309000.0,2810488000.0,255139000.0,1.964,0.591,743232000.0,43954000.0,699278000.0,743232000.0,0.0,122213000.0,0.0,0.0,0.0,426400000.0,548613000.0,0.167,548613000.0,426400000.0,401326000.0,2.04,1.87,2.04,2164990000.0,1997648250.0,2164990000.0,6345187281.0,15.0,11.566,238859000.0,1.809,1.0,479992000.0,0.146,2086083000.0,25074000.0,1598064000.0,1399984500.0,8261000.0,61793000.0,0.0,61793000.0,1279762000.0,450528000.0,829234000.0,5620802281.0,19261000.0,-548453000.0,707147000.0,-396370000.0,0.0,325995000.0,-727188000.0,2810000.0,420454000.0,0.0,255139000.0,255139000.0,255139000.0,0.0,0.0,0.078,41247000.0,438745000.0,75141000.0,0.0,2.596,22.03,20.858,411941000.0,0.0,42.55,1.708,1.708,740732000.0,832821000.0,3290480000.0,3290480000.0,0.0,0.082,0.128,0.305,0.13,22975000.0,0.0,1.0,132098761.0,132073000,142984000.0,24.914,1358669000.0,0.0,146187000.0,152697000.0,10.287,434407000.0
29,ACS,MRT,2002-06-30,2002-06-30,2002-06-30,2019-10-15,0.0,3403567000.0,2924864500.0,874489000.0,2529078000.0,1.047,17.661,-163723000.0,33814000.0,33814000.0,2627661000.0,229596000.0,1.8,0.624,758199000.0,49966000.0,708233000.0,758199000.0,0.0,110486000.0,0.0,0.0,0.0,391075000.0,501561000.0,0.164,501561000.0,391075000.0,360456000.0,1.94,1.76,1.94,2095420000.0,1692278750.0,2095420000.0,6569369375.0,17.0,13.098,208291000.0,1.756,1.0,435257000.0,0.142,2080769000.0,30619000.0,1561270000.0,1529341250.0,9740000.0,0.0,0.0,0.0,1308147000.0,485913000.0,822234000.0,6259638375.0,-208644000.0,-1431416000.0,714292000.0,286700000.0,0.0,1017506000.0,-1598164000.0,-3025000.0,372014000.0,0.0,229596000.0,229596000.0,229596000.0,0.0,0.0,0.075,34625000.0,400632000.0,72858000.0,0.0,2.987,27.264,24.474,394830000.0,0.0,47.48,2.044,1.839,736471000.0,763567000.0,3062918000.0,3062918000.0,0.0,0.078,0.136,0.256,0.128,21951000.0,0.0,1.0,131837371.0,118646000,137464000.0,25.816,1322798000.0,0.0,130860000.0,123190000.0,11.149,388576000.0
30,ACS,MRT,2002-03-31,2002-03-31,2002-03-31,2019-10-15,32000.0,2815711000.0,2546894500.0,816893000.0,1998818000.0,1.082,16.39,-142834000.0,45201000.0,45201000.0,2383817000.0,198055000.0,2.125,0.399,354932000.0,37738000.0,317194000.0,354932000.0,0.0,104167000.0,0.0,0.0,0.0,344955000.0,449122000.0,0.163,449122000.0,344955000.0,311492000.0,1.78,1.6,1.78,2012574000.0,1389802500.0,2012574000.0,7311410177.0,21.0,16.279,154483000.0,1.258,1.0,372793000.0,0.135,1620375000.0,33463000.0,1120592000.0,1450698000.0,11561000.0,43804000.0,0.0,43804000.0,803137000.0,384475000.0,418662000.0,6762401177.0,-231013000.0,-1005640000.0,719294000.0,-111868000.0,0.0,624102000.0,-1152432000.0,-3958000.0,297317000.0,0.0,198055000.0,198055000.0,198055000.0,0.0,0.0,0.072,25430000.0,347363000.0,49691000.0,0.0,3.36,34.144,31.534,334639000.0,0.0,56.13,2.453,2.5,658283000.0,692298000.0,2756610000.0,2756610000.0,0.0,0.078,0.143,0.238,0.125,20649000.0,0.0,1.0,120477484.0,122795000,142776000.0,22.449,1195336000.0,2793000.0,113437000.0,99597000.0,9.734,432418000.0
31,ACS,MRT,2001-12-31,2001-12-31,2001-12-31,2019-10-15,32000.0,2759250000.0,2295999500.0,776571000.0,1982679000.0,1.084,14.486,-142365000.0,44174000.0,44174000.0,2164749000.0,171218000.0,1.929,0.606,593183000.0,45948000.0,547235000.0,593183000.0,0.0,101863000.0,0.0,0.0,0.0,310881000.0,412744000.0,0.166,412744000.0,310881000.0,276832000.0,1.62,1.46,1.62,1717609000.0,1093915000.0,1717609000.0,7717984788.0,25.0,18.699,140337000.0,1.184,1.0,324748000.0,0.13,1585771000.0,34049000.0,1320012000.0,1475625250.0,12576000.0,53402000.0,0.0,53402000.0,1041641000.0,402476000.0,639165000.0,6389953788.0,29940000.0,-975058000.0,718369000.0,129775000.0,0.0,864819000.0,-1117581000.0,-158000.0,282702000.0,0.0,171218000.0,171218000.0,171218000.0,0.0,0.0,0.069,20959000.0,303789000.0,48176000.0,0.0,3.72,37.321,32.756,343506000.0,0.0,53.065,2.567,2.527,623121000.0,633390000.0,2489497000.0,2489497000.0,0.0,0.075,0.157,0.211,0.125,20649000.0,0.0,1.0,120417484.0,118572000,140692000.0,20.996,1173479000.0,6707000.0,105614000.0,90163000.0,9.897,374095000.0
32,ACS,MRT,2001-09-30,2001-09-30,2001-09-30,2019-10-15,-217000.0,2720930000.0,1987771000.0,768821000.0,1952109000.0,1.127,9.288,-132740000.0,34048000.0,34048000.0,1958324000.0,147650000.0,2.034,1.884,1362079000.0,43016000.0,1319063000.0,1362079000.0,0.0,96940000.0,0.0,0.0,0.0,272120000.0,369060000.0,0.165,369060000.0,272120000.0,240815000.0,1.47,1.335,1.47,943512000.0,862325750.0,943512000.0,4574078716.0,17.0,12.394,105069000.0,1.034,1.0,281628000.0,0.126,1555549000.0,31305000.0,2115491000.0,1382961250.0,10282000.0,52969000.0,0.0,52969000.0,1777418000.0,377921000.0,1399497000.0,4143096716.0,15154000.0,-1050260000.0,5444000.0,933312000.0,0.0,955935000.0,-1178590000.0,6051000.0,237809000.0,0.0,147650000.0,147650000.0,147650000.0,0.0,0.0,0.066,18533000.0,263095000.0,46318000.0,0.0,4.391,28.06,27.69,343591000.0,0.0,40.705,1.85,1.846,630345000.0,577971000.0,2239952000.0,2239952000.0,0.0,0.074,0.171,0.197,0.121,20649000.0,0.0,1.0,101783484.0,101580000,123344000.0,22.051,1165381000.0,8684000.0,93165000.0,81821000.0,11.473,390900000.0
33,ACS,MRT,2001-06-30,2001-06-30,2001-06-30,2019-10-15,-132000.0,1891687000.0,1664814750.0,809615000.0,1082072000.0,1.24,8.877,-120765000.0,242458000.0,242458000.0,1820777000.0,134292000.0,2.881,1.136,673440000.0,24127000.0,649313000.0,673440000.0,0.0,93617000.0,0.0,0.0,0.0,244802000.0,338419000.0,0.164,338419000.0,244802000.0,221060000.0,1.35,1.23,1.35,885515000.0,813592750.0,885515000.0,4011610933.0,16.0,11.854,21149000.0,0.212,1.0,242782000.0,0.118,794920000.0,23742000.0,1246697000.0,1078352000.0,8591000.0,0.0,0.0,0.0,1006172000.0,281052000.0,725120000.0,3613968933.0,197937000.0,29316000.0,0.0,107981000.0,0.0,125161000.0,-69138000.0,22311000.0,141914000.0,0.0,134292000.0,134292000.0,134292000.0,0.0,0.0,0.065,19056000.0,223726000.0,40265000.0,0.0,4.081,26.911,26.633,237563000.0,0.0,35.955,1.751,1.738,472042000.0,534374000.0,2063559000.0,2063559000.0,0.0,0.081,0.165,0.227,0.119,20649000.0,0.0,1.0,100513668.0,99758000,116456000.0,20.686,1096767000.0,8952000.0,86768000.0,63343000.0,10.994,528563000.0
34,ACS,MRT,2001-03-31,2001-03-31,2001-03-31,2019-10-15,23000.0,1812131000.0,1606004500.0,808577000.0,1003554000.0,1.271,8.296,-110330000.0,276214000.0,276214000.0,1812338000.0,127744000.0,3.112,1.186,673856000.0,23477000.0,650379000.0,673856000.0,0.0,89161000.0,0.0,0.0,0.0,246931000.0,336092000.0,0.165,336092000.0,246931000.0,223354000.0,1.285,1.18,1.285,829024000.0,770058250.0,829024000.0,3657849859.0,15.0,10.883,9669000.0,0.097,1.0,229153000.0,0.112,729610000.0,23577000.0,1220301000.0,1054873000.0,8540000.0,47145000.0,0.0,47145000.0,983107000.0,259862000.0,723245000.0,3242352859.0,255728000.0,84006000.0,6331000.0,132351000.0,0.0,141247000.0,-5518000.0,20847000.0,119999000.0,0.0,127744000.0,127744000.0,127744000.0,0.0,0.0,0.063,86169000.0,142984000.0,28788000.0,0.0,3.911,25.382,25.253,226799000.0,0.0,32.45,1.588,1.588,456307000.0,497655000.0,2041491000.0,2041491000.0,0.0,0.08,0.166,0.234,0.121,0.0,0.0,1.0,99918424.0,99928000,117346000.0,20.43,1082521000.0,9283000.0,95610000.0,62876000.0,10.833,548715000.0
35,ACS,MRT,2000-12-31,2000-12-31,2000-12-31,2019-10-15,776000.0,1526336000.0,1517795000.0,530562000.0,995774000.0,1.33,7.943,-110655000.0,14234000.0,14234000.0,1798776000.0,120387000.0,2.031,0.929,429731000.0,21630000.0,408101000.0,429731000.0,0.0,87861000.0,0.0,0.0,0.0,235685000.0,323546000.0,0.16,323546000.0,235685000.0,212291000.0,1.22,1.125,1.22,791252000.0,732580000.0,791252000.0,3597079805.0,15.0,11.118,-21192000.0,-0.213,1.0,219580000.0,0.109,731301000.0,23394000.0,949356000.0,978944000.0,8980000.0,41785000.0,0.0,41785000.0,735084000.0,261176000.0,473908000.0,3224048805.0,-12689000.0,2328000.0,5636000.0,-18134000.0,0.0,-10031000.0,-92121000.0,15219000.0,89463000.0,0.0,120387000.0,120387000.0,120387000.0,0.0,0.0,0.06,88359000.0,131221000.0,27284000.0,0.0,4.075,26.781,24.872,222688000.0,0.0,30.344,1.597,1.498,417360000.0,462714000.0,2018356000.0,2018356000.0,0.0,0.079,0.164,0.241,0.117,0.0,0.0,1.0,106250836.0,99622000,113762000.0,20.26,795035000.0,15965000.0,91904000.0,51164000.0,7.981,269386000.0
36,ACS,MRT,2000-09-30,2000-09-30,2000-09-30,2019-10-15,1479000.0,1429105000.0,1470893750.0,522657000.0,906448000.0,1.355,7.571,-91101000.0,18894000.0,18894000.0,1785416000.0,114841000.0,2.107,0.909,391925000.0,21146000.0,370779000.0,391925000.0,0.0,86454000.0,0.0,0.0,0.0,227970000.0,314424000.0,0.158,314424000.0,227970000.0,203784000.0,1.17,1.08,1.17,748580000.0,696919250.0,748580000.0,2987724332.0,13.0,9.502,-5154000.0,-0.052,1.0,208066000.0,0.104,656983000.0,24186000.0,897054000.0,948783000.0,9008000.0,42870000.0,0.0,42870000.0,680525000.0,248099000.0,432426000.0,2482884332.0,9895000.0,64230000.0,1385000.0,-65731000.0,0.0,-61827000.0,-14225000.0,11005000.0,85947000.0,0.0,114841000.0,114841000.0,114841000.0,0.0,0.0,0.058,88162000.0,119904000.0,22457000.0,0.0,3.317,21.62,21.314,206595000.0,0.0,24.938,1.246,1.237,402990000.0,430704000.0,1993482000.0,1993482000.0,0.0,0.078,0.165,0.24,0.114,0.0,0.0,1.0,99564284.0,98876000,112414000.0,20.161,772122000.0,17783000.0,88943000.0,51758000.0,7.809,274558000.0
37,ACS,MRT,2000-06-30,2000-06-30,2000-06-30,2019-10-15,0.0,1656446000.0,1448158500.0,771874000.0,884572000.0,1.355,7.223,-80648000.0,44521000.0,44521000.0,1753645000.0,109312000.0,2.155,1.329,549361000.0,23742000.0,525619000.0,549361000.0,0.0,84752000.0,0.0,0.0,0.0,219249000.0,304001000.0,0.155,304001000.0,219249000.0,195270000.0,1.11,1.03,1.11,711377000.0,668195750.0,711377000.0,2141505538.0,10.0,7.044,77175000.0,0.784,1.0,208897000.0,0.106,650263000.0,23979000.0,1152781000.0,936226500.0,7324000.0,40275000.0,0.0,40275000.0,945069000.0,358242000.0,586827000.0,1637026538.0,15941000.0,-232789000.0,0.0,171824000.0,0.0,173896000.0,-315778000.0,-2341000.0,157823000.0,0.0,109312000.0,109312000.0,109312000.0,0.0,0.0,0.056,85489000.0,123408000.0,47901000.0,0.0,2.301,14.976,14.893,194034000.0,0.0,16.531,0.834,0.83,580188000.0,400200000.0,1962542000.0,1962542000.0,0.0,0.075,0.164,0.234,0.112,0.0,0.0,1.0,99026180.0,98487000,111613000.0,19.927,1006183000.0,25189000.0,85958000.0,95987000.0,10.216,413632000.0
38,ACS,MRT,2000-03-31,2000-03-31,2000-03-31,2019-10-15,0.0,1459293000.0,1339947000.0,487797000.0,971496000.0,1.407,6.91,-78328000.0,24086000.0,24086000.0,1679262000.0,103479000.0,1.64,1.149,528565000.0,108149000.0,420416000.0,528565000.0,0.0,81489000.0,0.0,0.0,0.0,195775000.0,277264000.0,0.147,277264000.0,195775000.0,173614000.0,1.06,0.98,1.06,679111000.0,642206750.0,679111000.0,2289806512.0,12.0,8.259,73224000.0,0.745,1.0,206213000.0,0.109,749753000.0,22161000.0,916585000.0,829831750.0,14924000.0,40847000.0,0.0,40847000.0,780182000.0,297434000.0,482748000.0,1878196512.0,-23626000.0,-202546000.0,-4803000.0,107296000.0,0.0,104195000.0,-279373000.0,2460000.0,151552000.0,0.0,103479000.0,103479000.0,103479000.0,0.0,0.0,0.055,16169000.0,190044000.0,30047000.0,0.0,2.766,18.151,17.925,180896000.0,0.0,19.0,0.996,0.99,384472000.0,370286000.0,1885475000.0,1885475000.0,0.0,0.077,0.161,0.236,0.104,0.0,0.0,1.0,98852448.0,98278000,111316000.0,19.185,709540000.0,7044000.0,70135000.0,50979000.0,7.22,190363000.0
39,ACS,MRT,1999-12-31,1999-12-31,1999-12-31,2019-10-15,0.0,1338731000.0,1284336250.0,440789000.0,897942000.0,1.41,6.576,-72900000.0,31623000.0,31623000.0,1614648000.0,98068000.0,1.945,1.064,443233000.0,26262000.0,416971000.0,443233000.0,0.0,75935000.0,0.0,0.0,0.0,185878000.0,261813000.0,0.145,261813000.0,185878000.0,164993000.0,1.005,0.93,1.005,648609000.0,618213750.0,648609000.0,2717090824.0,15.0,10.378,98891000.0,1.003,1.0,196272000.0,0.108,694992000.0,20885000.0,828712000.0,792249500.0,14800000.0,33111000.0,0.0,33111000.0,690122000.0,226637000.0,463485000.0,2269770824.0,-119331000.0,-225975000.0,-3948000.0,2421000.0,0.0,-227000.0,-290895000.0,7303000.0,171791000.0,0.0,98068000.0,98068000.0,98068000.0,0.0,0.0,0.054,15223000.0,181049000.0,29980000.0,0.0,3.499,23.145,22.886,169839000.0,0.0,23.0,1.253,1.253,338242000.0,342455000.0,1810920000.0,1810920000.0,0.0,0.076,0.159,0.235,0.103,0.0,0.0,1.0,98685688.0,98638000,111732000.0,18.359,643739000.0,5879000.0,66925000.0,53531000.0,6.526,214152000.0
40,ACS,MRT,1999-09-30,1999-09-30,1999-09-30,2019-10-15,0.0,1338164000.0,1281731000.0,438954000.0,899210000.0,1.347,6.432,-70901000.0,12399000.0,12399000.0,1537376000.0,92261000.0,1.84,1.112,459719000.0,38087000.0,421632000.0,459719000.0,0.0,70656000.0,0.0,0.0,0.0,174665000.0,245321000.0,0.142,245321000.0,174665000.0,155602000.0,0.945,0.88,0.945,633686000.0,595914250.0,633686000.0,2341808225.0,13.0,9.546,82410000.0,0.836,1.0,189170000.0,0.11,700050000.0,19063000.0,846828000.0,755959000.0,15538000.0,29063000.0,0.0,29063000.0,704478000.0,238606000.0,465872000.0,2003213225.0,-13454000.0,-279790000.0,-249000.0,178165000.0,0.0,179262000.0,-346027000.0,4652000.0,153311000.0,0.0,92261000.0,92261000.0,92261000.0,0.0,0.0,0.053,15617000.0,173553000.0,31805000.0,0.0,3.161,21.712,21.495,170097000.0,0.0,20.313,1.16,1.159,355314000.0,316056000.0,1726546000.0,1726546000.0,0.0,0.072,0.155,0.231,0.101,0.0,0.0,1.0,98619728.0,98522000,112190000.0,17.524,638114000.0,6459000.0,63341000.0,54480000.0,6.477,200348000.0
41,ACS,MRT,1999-06-30,1999-06-30,1999-06-30,2019-10-15,0.0,1223600000.0,1193529250.0,415947000.0,807653000.0,1.376,6.219,-73103000.0,32780000.0,32780000.0,1464454000.0,86230000.0,1.876,1.014,371375000.0,22269000.0,349106000.0,371375000.0,0.0,66723000.0,0.0,0.0,0.0,163131000.0,229854000.0,0.14,229854000.0,163131000.0,145537000.0,0.885,0.83,0.885,607421000.0,568381500.0,607421000.0,2854751443.0,17.0,12.42,69547000.0,0.712,1.0,177762000.0,0.108,613272000.0,17594000.0,727202000.0,692073500.0,13778000.0,31141000.0,0.0,31141000.0,616179000.0,221721000.0,394458000.0,2491320443.0,-47308000.0,-230074000.0,0.0,108868000.0,0.0,110397000.0,-300355000.0,2822000.0,142650000.0,0.0,86230000.0,86230000.0,86230000.0,0.0,0.0,0.053,19178000.0,158584000.0,36723000.0,0.0,4.101,28.892,28.602,163240000.0,0.0,25.313,1.517,1.506,320121000.0,291029000.0,1642216000.0,1642216000.0,0.0,0.072,0.152,0.236,0.099,0.0,0.0,1.0,98422536.0,97678000,111336000.0,16.813,610328000.0,7795000.0,59307000.0,42368000.0,6.248,194226000.0
42,ACS,MRT,1999-03-31,1999-03-31,1999-03-31,2019-10-15,0.0,1236850000.0,1125078750.0,439188000.0,797662000.0,1.355,5.931,-72065000.0,52812000.0,52812000.0,1360013000.0,80579000.0,1.925,1.121,416243000.0,30364000.0,385879000.0,416243000.0,0.0,62350000.0,0.0,0.0,0.0,151377000.0,213727000.0,0.14,213727000.0,151377000.0,136041000.0,0.825,0.785,0.825,583139000.0,542443750.0,583139000.0,2528882879.0,17.0,11.832,42840000.0,0.436,1.0,164810000.0,0.108,605868000.0,15336000.0,766256000.0,642900750.0,13816000.0,28694000.0,0.0,28694000.0,653711000.0,228157000.0,425554000.0,2248262879.0,-21205000.0,-225145000.0,2230000.0,148933000.0,0.0,160644000.0,-296754000.0,-542000.0,114905000.0,0.0,80579000.0,80579000.0,80579000.0,0.0,0.0,0.053,17293000.0,147517000.0,33202000.0,0.0,3.855,27.901,27.727,163100000.0,0.0,22.875,1.474,1.475,325013000.0,266854000.0,1524823000.0,1524823000.0,0.0,0.072,0.149,0.235,0.099,0.0,0.0,1.0,98284716.0,98322000,112094000.0,15.508,630982000.0,5889000.0,55462000.0,26762000.0,6.418,211031000.0
43,ACS,MRT,1998-12-31,1998-12-31,1998-12-31,2019-10-15,0.0,1328310000.0,1045887500.0,534746000.0,793564000.0,1.333,5.739,-68430000.0,155254000.0,155254000.0,1240664000.0,75004000.0,1.649,1.374,435874000.0,26910000.0,408964000.0,435874000.0,0.0,56989000.0,0.0,0.0,0.0,140175000.0,197164000.0,0.141,197164000.0,140175000.0,126470000.0,0.77,0.74,0.77,559411000.0,517616250.0,559411000.0,2430116485.0,17.0,12.325,13345000.0,0.137,1.0,153220000.0,0.11,601106000.0,13705000.0,683550000.0,581810250.0,15984000.0,31760000.0,0.0,31760000.0,768899000.0,324274000.0,444625000.0,2195002485.0,122541000.0,-123426000.0,4478000.0,220168000.0,-377000.0,234499000.0,-193733000.0,0.0,81775000.0,0.0,75004000.0,75004000.0,75004000.0,0.0,0.0,0.054,15379000.0,137841000.0,145794000.0,0.0,3.924,29.265,29.221,160698000.0,0.0,22.5,1.575,1.574,305333000.0,244429000.0,1393884000.0,1393884000.0,0.0,0.072,0.145,0.241,0.101,0.0,0.0,1.0,97555666.0,97482000,110832000.0,14.299,727204000.0,12902000.0,51466000.0,19712000.0,7.46,210472000.0
44,ACS,MRT,1998-09-30,1998-09-30,1998-09-30,2019-10-15,0.0,985357000.0,923355750.0,352037000.0,633320000.0,1.394,5.423,-65337000.0,29453000.0,29453000.0,1147544000.0,59967000.0,2.072,0.882,264567000.0,14811000.0,249756000.0,264567000.0,374000.0,52401000.0,0.0,0.0,0.0,115667000.0,168068000.0,0.131,168068000.0,115667000.0,103020000.0,0.62,0.6,0.62,523555000.0,491604000.0,523555000.0,1540241302.0,13.0,9.164,-7023000.0,-0.073,1.0,139941000.0,0.109,459285000.0,12647000.0,591286000.0,520147000.0,11712000.0,20859000.0,0.0,20859000.0,461802000.0,169900000.0,291902000.0,1371303302.0,5974000.0,-118166000.0,1154000.0,119957000.0,0.0,130715000.0,-183055000.0,0.0,58314000.0,0.0,59967000.0,59967000.0,59967000.0,0.0,0.0,0.047,25534000.0,114407000.0,36224000.0,0.0,2.619,22.868,24.597,153176000.0,0.0,15.25,1.065,1.143,273935000.0,223790000.0,1287485000.0,1287485000.0,0.0,0.065,0.122,0.222,0.09,0.0,0.0,1.0,89921528.0,96538000,110450000.0,13.337,526072000.0,9514000.0,43053000.0,24270000.0,5.449,182137000.0
45,ACS,MRT,1998-06-30,1998-06-30,1998-06-30,2019-10-15,0.0,949798000.0,855637500.0,365087000.0,584711000.0,1.39,5.291,-52921000.0,83988000.0,83988000.0,1066297000.0,54422000.0,2.187,0.886,252926000.0,18078000.0,234848000.0,252926000.0,0.0,47475000.0,0.0,0.0,0.0,106151000.0,153626000.0,0.129,153626000.0,106151000.0,94092000.0,0.57,0.555,0.57,503670000.0,465575500.0,503670000.0,2038568314.0,19.0,13.27,13772000.0,0.145,1.0,122826000.0,0.103,421256000.0,12059000.0,530511000.0,461285000.0,9911000.0,20738000.0,0.0,20738000.0,446128000.0,166969000.0,279159000.0,1855436314.0,56891000.0,-69928000.0,0.0,90915000.0,-377000.0,100754000.0,-110556000.0,12596000.0,66693000.0,0.0,54422000.0,54422000.0,54422000.0,0.0,0.0,0.046,24507000.0,98319000.0,27953000.0,0.0,3.684,34.093,33.772,142717000.0,0.0,19.25,1.56,1.541,236523000.0,204795000.0,1189123000.0,1189123000.0,0.0,0.064,0.117,0.23,0.089,0.0,0.0,1.0,96386302.0,95198000,100974000.0,12.491,528542000.0,10210000.0,39670000.0,29657000.0,5.552,198118000.0
46,ACS,MRT,1998-03-31,1998-03-31,1998-03-31,2019-10-15,0.0,920085000.0,,336761000.0,583324000.0,,5.055,-50960000.0,73517000.0,73517000.0,997610000.0,49836000.0,2.127,0.902,256649000.0,20932000.0,235717000.0,256649000.0,1075000.0,43920000.0,0.0,0.0,0.0,97498000.0,141418000.0,0.127,141418000.0,97498000.0,86424000.0,0.53,0.515,0.53,483829000.0,,483829000.0,1754951511.0,18.0,12.41,2802000.0,0.029,1.0,114704000.0,0.103,422985000.0,11074000.0,521894000.0,,10895000.0,21016000.0,0.0,21016000.0,436256000.0,158338000.0,277918000.0,1588813511.0,35389000.0,-142714000.0,476000.0,154524000.0,-369000.0,158351000.0,-176724000.0,12596000.0,53762000.0,0.0,49836000.0,49836000.0,49836000.0,0.0,0.0,0.045,24372000.0,90332000.0,23599000.0,0.0,3.284,31.881,31.368,139323000.0,0.0,16.625,1.428,1.431,220304000.0,186277000.0,1112314000.0,1112314000.0,0.0,,,,0.088,0.0,0.0,1.0,95567730.0,95716000,100022000.0,11.621,497100000.0,8983000.0,36588000.0,19587000.0,5.193,178423000.0
47,ACS,MRT,1997-12-31,1997-12-31,1997-12-31,2019-10-15,0.0,838183000.0,,286308000.0,551875000.0,,4.805,-47038000.0,33713000.0,33713000.0,934947000.0,45724000.0,1.769,0.841,199851000.0,19963000.0,179888000.0,199851000.0,1164000.0,41723000.0,0.0,0.0,0.0,88940000.0,130663000.0,0.126,130663000.0,88940000.0,79443000.0,0.495,0.48,0.495,455362000.0,,455362000.0,,,,29527000.0,0.312,1.0,104643000.0,0.101,405615000.0,9497000.0,436897000.0,,9642000.0,9508000.0,0.0,9508000.0,382821000.0,161809000.0,221012000.0,1257312948.0,5555000.0,-161717000.0,-2691000.0,122411000.0,-717000.0,122788000.0,-193798000.0,12596000.0,76565000.0,0.0,45724000.0,45724000.0,45724000.0,0.0,0.0,0.044,22430000.0,82213000.0,24616000.0,0.0,2.761,27.498,26.578,136752000.0,0.0,13.156,1.209,1.199,211188000.0,169428000.0,1039590000.0,1039590000.0,0.0,,,,0.086,0.0,0.0,1.0,95567730.0,94766000,97168000.0,10.97,432568000.0,8030000.0,33719000.0,16570000.0,4.565,124499000.0
48,ACS,MRT,1997-09-30,1997-09-30,1997-09-30,2019-10-15,,,,,,,,,,,880188000.0,51798000.0,,,,,,,,,,0.0,0.0,95933000.0,,,,95933000.0,87533000.0,0.56,0.545,0.56,,,,,,,,,1.0,99326000.0,0.101,,8400000.0,,,,,,,,,,,,,,,,,,,,,51798000.0,51798000.0,51798000.0,0.0,0.0,0.053,10532000.0,88794000.0,,0.0,,,22.098,,0.0,12.375,,1.186,,,979514000.0,979514000.0,0.0,,,,0.098,,0.0,1.0,,93894000,96494000.0,10.432,,,35735000.0,,,
49,ACS,MRT,1997-06-30,1997-06-30,1997-06-30,2019-10-15,0.0,761477000.0,,269067000.0,492410000.0,,4.633,-45899000.0,25647000.0,25647000.0,828231000.0,49666000.0,1.701,0.781,156545000.0,25865000.0,130680000.0,156545000.0,1191000.0,35510000.0,0.0,0.0,0.0,90691000.0,126201000.0,0.136,126201000.0,90691000.0,83570000.0,0.54,0.525,0.54,427481000.0,,427481000.0,,,,18999000.0,0.206,1.0,100694000.0,0.108,342115000.0,7121000.0,392059000.0,,9915000.0,15135000.0,0.0,15135000.0,333996000.0,158201000.0,175795000.0,,-10270000.0,-112903000.0,0.0,77029000.0,-717000.0,79217000.0,-154385000.0,4611000.0,64898000.0,0.0,49666000.0,49666000.0,49666000.0,0.0,0.0,0.053,10428000.0,90266000.0,24167000.0,0.0,,,25.926,135160000.0,0.0,14.0,,1.391,199302000.0,151090000.0,928925000.0,928925000.0,0.0,,,,0.098,0.0,0.0,1.0,,92272000,94904000.0,10.067,419362000.0,12860000.0,33904000.0,14089000.0,4.545,110866000.0
50,ACS,MRT,1997-03-31,1997-03-31,1997-03-31,2019-10-15,,,,,,,,,,,,,,,,,,,,,,0.0,0.0,,,,,,,,,,,,,,,,,,1.0,,,,,,,,,,,,,,,,,,,,,,,,,,,,,,,,,,,,,,,,11.438,,,,,,,,,,,,,,1.0,,92266000,,,,,,,,
51,ACS,MRT,1996-12-31,1996-12-31,1996-12-31,2019-10-15,,,,,,,,,,,,,,,,,,,,,,0.0,0.0,,,,,,,,,,,,,,,,,,1.0,,,,,,,,,,,,,,,,,,,,,,,,,,,,,,,,,,,,,,,,14.875,,,,,,,,,,,,,,1.0,,92008000,,,,,,,,
52,ACS,MRT,1996-06-30,1996-06-30,1996-06-30,2019-10-15,,,,,,,,-59445000.0,,,584973000.0,33525000.0,,,,,,,,18450000.0,,0.0,0.0,59334000.0,77784000.0,0.12,77784000.0,59334000.0,55917000.0,0.44,0.425,0.44,,,,,,,-41074000.0,-0.537,1.0,62635000.0,0.097,,3417000.0,,,,,,,,,,,-13446000.0,-162630000.0,170228000.0,19677000.0,-633000.0,192781000.0,-224598000.0,0.0,18371000.0,0.0,33525000.0,33525000.0,33525000.0,0.0,0.0,0.052,6052000.0,56583000.0,,0.0,,,26.705,,0.0,11.75,,1.387,,,647608000.0,647608000.0,0.0,,,,0.092,0.0,0.0,1.0,,76456000,78640000.0,8.47,,,22392000.0,,,
