None,ticker,dimension,calendardate,datekey,reportperiod,lastupdated,accoci,assets,assetsavg,assetsc,assetsnc,assetturnover,bvps,capex,cashneq,cashnequsd,cor,consolinc,currentratio,de,debt,debtc,debtnc,debtusd,deferredrev,depamor,deposits,divyield,dps,ebit,ebitda,ebitdamargin,ebitdausd,ebitusd,ebt,eps,epsdil,epsusd,equity,equityavg,equityusd,ev,evebit,evebitda,fcf,fcfps,fxusd,gp,grossmargin,intangibles,intexp,invcap,invcapavg,inventory,investments,investmentsc,investmentsnc,liabilities,liabilitiesc,liabilitiesnc,marketcap,ncf,ncfbus,ncfcommon,ncfdebt,ncfdiv,ncff,ncfi,ncfinv,ncfo,ncfx,netinc,netinccmn,netinccmnusd,netincdis,netincnci,netmargin,opex,opinc,payables,payoutratio,pb,pe,pe1,ppnenet,prefdivis,price,ps,ps1,receivables,retearn,revenue,revenueusd,rnd,roa,roe,roic,ros,sbcomp,sgna,sharefactor,sharesbas,shareswa,shareswadil,sps,tangibles,taxassets,taxexp,taxliabilities,tbvps,workingcapital
0,CINF,MRY,2020-12-31,2020-12-31,2020-12-31,2021-09-07,769000000.0,27542000000.0,25682250000.0,,,0.293,67.055,-20000000.0,900000000.0,900000000.0,4134000000.0,1216000000.0,,1.553,899000000.0,,,899000000.0,2960000000.0,81000000.0,0.0,0.027,2.4,1553000000.0,1634000000.0,0.217,1634000000.0,1553000000.0,1499000000.0,7.55,7.49,7.55,10789000000.0,9458500000.0,10789000000.0,14110562415.0,9.0,8.636,1471000000.0,9.143,1.0,3402000000.0,0.451,0.0,54000000.0,27541000000.0,25879000000.0,0.0,21542000000.0,,,16753000000.0,,,14057562415.0,133000000.0,0.0,-254000000.0,15000000.0,-375000000.0,-798000000.0,-560000000.0,-490000000.0,1491000000.0,0.0,1216000000.0,1216000000.0,1216000000.0,0.0,0.0,0.161,1849000000.0,1553000000.0,0.0,0.318,1.303,11.56,11.572,213000000.0,0.0,87.37,1.865,1.865,2692000000.0,10085000000.0,7536000000.0,7536000000.0,0.0,0.047,0.129,0.06,0.206,31000000.0,1849000000.0,1.0,160896903.0,160896903.0,,46.837,27542000000.0,0.0,283000000.0,1299000000.0,171.178,
1,CINF,MRY,2019-12-31,2019-12-31,2019-12-31,2021-09-07,448000000.0,25408000000.0,24459750000.0,,,0.324,60.377,-24000000.0,767000000.0,767000000.0,3638000000.0,1997000000.0,,1.576,885000000.0,,,885000000.0,2788000000.0,72000000.0,0.0,0.021,2.24,2525000000.0,2597000000.0,0.328,2597000000.0,2525000000.0,2472000000.0,12.24,12.1,12.24,9864000000.0,9249000000.0,9864000000.0,17276779780.0,7.0,6.653,1184000000.0,7.247,1.0,4286000000.0,0.541,0.0,53000000.0,25526000000.0,24552750000.0,0.0,19746000000.0,,,15544000000.0,,,17178779780.0,-17000000.0,0.0,-56000000.0,7000000.0,-355000000.0,-546000000.0,-679000000.0,-583000000.0,1208000000.0,0.0,1997000000.0,1997000000.0,1997000000.0,0.0,0.0,0.252,1761000000.0,2525000000.0,0.0,0.183,1.742,8.602,8.591,207000000.0,0.0,105.15,2.168,2.168,2651000000.0,9257000000.0,7924000000.0,7924000000.0,0.0,0.082,0.216,0.103,0.319,30000000.0,1761000000.0,1.0,163374035.0,163374035.0,,48.502,25408000000.0,0.0,475000000.0,1079000000.0,155.52,
2,CINF,MRY,2018-12-31,2018-12-31,2018-12-31,2021-09-07,22000000.0,21935000000.0,21911250000.0,,,0.247,48.133,-20000000.0,784000000.0,784000000.0,3490000000.0,287000000.0,,1.8,866000000.0,,,866000000.0,2516000000.0,63000000.0,0.0,0.027,2.12,304000000.0,367000000.0,0.068,367000000.0,304000000.0,251000000.0,1.76,1.75,1.76,7833000000.0,8007250000.0,7833000000.0,12843153121.0,42.0,34.995,1161000000.0,7.134,1.0,1917000000.0,0.355,0.0,53000000.0,22017000000.0,22147000000.0,0.0,16732000000.0,,,14102000000.0,,,12599153121.0,127000000.0,0.0,-116000000.0,8000000.0,-336000000.0,-603000000.0,-451000000.0,-393000000.0,1181000000.0,0.0,287000000.0,287000000.0,287000000.0,0.0,0.0,0.053,1613000000.0,304000000.0,0.0,1.205,1.608,43.899,43.989,195000000.0,0.0,77.42,2.33,2.33,2375000000.0,7625000000.0,5407000000.0,5407000000.0,0.0,0.013,0.036,0.014,0.056,28000000.0,1613000000.0,1.0,162737705.0,162737705.0,,33.225,21935000000.0,0.0,-36000000.0,627000000.0,134.787,
3,CINF,MRY,2017-12-31,2017-12-31,2017-12-31,2021-09-07,2788000000.0,21843000000.0,21356500000.0,,,0.268,50.24,-16000000.0,657000000.0,657000000.0,3390000000.0,1045000000.0,,1.65,851000000.0,,,851000000.0,2404000000.0,55000000.0,0.0,0.033,2.5,783000000.0,838000000.0,0.146,838000000.0,783000000.0,730000000.0,6.36,6.29,6.36,8243000000.0,7598750000.0,8243000000.0,12469460972.0,16.0,14.88,1036000000.0,6.314,1.0,2342000000.0,0.409,0.0,53000000.0,22037000000.0,21581250000.0,0.0,17051000000.0,,,13600000000.0,,,12300460972.0,-120000000.0,0.0,-79000000.0,4000000.0,-400000000.0,-614000000.0,-558000000.0,-527000000.0,1052000000.0,0.0,1045000000.0,1045000000.0,1045000000.0,0.0,0.0,0.182,1559000000.0,783000000.0,0.0,0.393,1.492,11.771,11.788,185000000.0,0.0,74.97,2.146,2.146,2258000000.0,5180000000.0,5732000000.0,5732000000.0,0.0,0.049,0.138,0.036,0.137,26000000.0,1559000000.0,1.0,164071775.0,164071775.0,,34.936,21843000000.0,0.0,-315000000.0,745000000.0,133.131,
4,CINF,MRY,2016-12-31,2016-12-31,2016-12-31,2021-09-07,1693000000.0,20386000000.0,20109750000.0,,,0.271,42.853,-13000000.0,777000000.0,777000000.0,3107000000.0,591000000.0,,1.888,846000000.0,,,846000000.0,2307000000.0,48000000.0,0.0,0.025,1.92,865000000.0,913000000.0,0.168,913000000.0,865000000.0,812000000.0,3.59,3.55,3.59,7060000000.0,6971750000.0,7060000000.0,12626705238.0,15.0,13.83,1102000000.0,6.689,1.0,2342000000.0,0.43,0.0,53000000.0,20455000000.0,20302000000.0,0.0,15500000000.0,,,13326000000.0,,,12479705238.0,233000000.0,0.0,-18000000.0,-15000000.0,-306000000.0,-426000000.0,-456000000.0,-429000000.0,1115000000.0,0.0,591000000.0,591000000.0,591000000.0,0.0,0.0,0.108,1477000000.0,865000000.0,0.0,0.535,1.768,21.116,21.1,183000000.0,0.0,75.75,2.29,2.29,2325000000.0,5037000000.0,5449000000.0,5449000000.0,0.0,0.029,0.085,0.043,0.159,23000000.0,1477000000.0,1.0,164748584.0,164748584.0,,33.075,20386000000.0,0.0,221000000.0,865000000.0,123.74,
5,CINF,MRY,2015-12-31,2015-12-31,2015-12-31,2021-09-07,1344000000.0,18888000000.0,18856000000.0,,,0.273,39.224,-10000000.0,544000000.0,544000000.0,2808000000.0,634000000.0,,1.939,856000000.0,,,856000000.0,2201000000.0,52000000.0,0.0,0.039,2.3,934000000.0,986000000.0,0.192,986000000.0,934000000.0,881000000.0,3.87,3.83,3.87,6427000000.0,6470500000.0,6427000000.0,10137116272.0,11.0,10.281,1065000000.0,6.5,1.0,2334000000.0,0.454,0.0,53000000.0,19200000000.0,19199250000.0,0.0,14423000000.0,,,12461000000.0,,,9695116272.0,-47000000.0,0.0,-29000000.0,-14000000.0,-366000000.0,-498000000.0,-624000000.0,-615000000.0,1075000000.0,0.0,634000000.0,634000000.0,634000000.0,0.0,0.0,0.123,1400000000.0,934000000.0,0.0,0.594,1.508,15.292,15.289,185000000.0,0.0,59.17,1.885,1.885,2218000000.0,4762000000.0,5142000000.0,5142000000.0,0.0,0.034,0.098,0.049,0.182,20000000.0,1400000000.0,1.0,163851889.0,163851889.0,,31.382,18888000000.0,0.0,247000000.0,638000000.0,115.275,
6,CINF,MRY,2014-12-31,2014-12-31,2014-12-31,2021-09-07,1744000000.0,18748000000.0,18374750000.0,,,0.269,40.204,-9000000.0,591000000.0,591000000.0,2856000000.0,525000000.0,,1.852,871000000.0,,,871000000.0,2082000000.0,51000000.0,0.0,0.034,1.76,774000000.0,825000000.0,0.167,825000000.0,774000000.0,721000000.0,3.21,3.18,3.21,6573000000.0,6365000000.0,6573000000.0,8939709557.0,12.0,10.836,864000000.0,5.285,1.0,2089000000.0,0.422,0.0,53000000.0,19028000000.0,18770000000.0,0.0,14386000000.0,,,12175000000.0,,,8473709557.0,158000000.0,0.0,1000000.0,-55000000.0,-278000000.0,-404000000.0,-311000000.0,-311000000.0,873000000.0,0.0,525000000.0,525000000.0,525000000.0,0.0,0.0,0.106,1315000000.0,774000000.0,0.0,0.548,1.289,16.14,16.146,194000000.0,0.0,51.83,1.714,1.714,2177000000.0,4505000000.0,4945000000.0,4945000000.0,0.0,0.029,0.082,0.041,0.157,19000000.0,1315000000.0,1.0,163490441.0,163490441.0,,30.246,18748000000.0,0.0,196000000.0,840000000.0,114.673,
7,CINF,MRY,2013-12-31,2013-12-31,2013-12-31,2021-09-07,1504000000.0,17662000000.0,17268000000.0,,,0.262,37.05,-7000000.0,433000000.0,433000000.0,2505000000.0,517000000.0,,1.91,939000000.0,,,939000000.0,1976000000.0,50000000.0,0.0,0.032,1.654,768000000.0,818000000.0,0.181,818000000.0,768000000.0,714000000.0,3.16,3.12,3.16,6070000000.0,5842500000.0,6070000000.0,9004814649.0,12.0,11.008,789000000.0,4.816,1.0,2026000000.0,0.447,0.0,54000000.0,18168000000.0,17778250000.0,0.0,13564000000.0,,,11592000000.0,,,8579814649.0,-54000000.0,0.0,-27000000.0,0.0,-263000000.0,-341000000.0,-509000000.0,-507000000.0,796000000.0,0.0,517000000.0,517000000.0,517000000.0,0.0,0.0,0.114,1258000000.0,768000000.0,0.0,0.523,1.413,16.595,16.573,210000000.0,0.0,52.37,1.894,1.894,2125000000.0,4268000000.0,4531000000.0,4531000000.0,0.0,0.03,0.088,0.043,0.169,18000000.0,1258000000.0,1.0,163830717.0,163830717.0,,27.657,17662000000.0,0.0,197000000.0,673000000.0,107.806,
8,CINF,MRY,2012-12-31,2012-12-31,2012-12-31,2021-09-07,1129000000.0,16548000000.0,16284500000.0,,,0.252,33.519,-6000000.0,487000000.0,487000000.0,2322000000.0,421000000.0,,2.035,931000000.0,,,931000000.0,1792000000.0,44000000.0,0.0,0.041,1.621,620000000.0,664000000.0,0.162,664000000.0,620000000.0,566000000.0,2.59,2.57,2.59,5453000000.0,5290750000.0,5453000000.0,6886791240.0,11.0,10.372,632000000.0,3.885,1.0,1789000000.0,0.435,0.0,54000000.0,16992000000.0,16820750000.0,0.0,12534000000.0,,,11095000000.0,,,6370791240.0,49000000.0,0.0,10000000.0,0.0,-256000000.0,-285000000.0,-304000000.0,-303000000.0,638000000.0,0.0,421000000.0,421000000.0,421000000.0,0.0,0.0,0.102,1169000000.0,620000000.0,0.0,0.626,1.168,15.133,15.12,217000000.0,0.0,39.16,1.55,1.55,2045000000.0,4021000000.0,4111000000.0,4111000000.0,0.0,0.026,0.08,0.037,0.151,16000000.0,1169000000.0,1.0,162686191.0,162686191.0,,25.27,16548000000.0,0.0,145000000.0,453000000.0,101.717,
9,CINF,MRY,2011-12-31,2011-12-31,2011-12-31,2021-09-07,901000000.0,15635000000.0,15529500000.0,,,0.245,31.053,-7000000.0,438000000.0,438000000.0,2524000000.0,164000000.0,,2.106,925000000.0,,,925000000.0,1633000000.0,42000000.0,0.0,0.053,1.606,227000000.0,269000000.0,0.071,269000000.0,227000000.0,173000000.0,1.01,1.01,1.01,5033000000.0,4998500000.0,5033000000.0,5522917019.0,24.0,20.531,240000000.0,1.481,1.0,1279000000.0,0.336,0.0,54000000.0,16122000000.0,16044250000.0,0.0,11801000000.0,,,10602000000.0,,,4936917019.0,53000000.0,0.0,-31000000.0,55000000.0,-255000000.0,-186000000.0,-8000000.0,-8000000.0,247000000.0,0.0,164000000.0,164000000.0,164000000.0,0.0,0.0,0.043,1052000000.0,227000000.0,0.0,1.59,0.981,30.103,30.158,227000000.0,0.0,30.46,1.298,1.298,1928000000.0,3863000000.0,3803000000.0,3803000000.0,0.0,0.011,0.033,0.014,0.06,13000000.0,1052000000.0,1.0,162078694.0,162078694.0,,23.464,15635000000.0,0.0,9000000.0,303000000.0,96.465,
10,CINF,MRY,2010-12-31,2010-12-31,2010-12-31,2021-09-07,769000000.0,15095000000.0,14847000000.0,,,0.254,30.921,-17000000.0,385000000.0,385000000.0,2180000000.0,375000000.0,,2.0,856000000.0,,,856000000.0,1553000000.0,41000000.0,0.0,0.05,1.59,552000000.0,593000000.0,0.157,593000000.0,552000000.0,498000000.0,2.3,2.3,2.3,5032000000.0,4911000000.0,5032000000.0,5551104601.0,10.0,9.361,514000000.0,3.158,1.0,1592000000.0,0.422,0.0,54000000.0,15566000000.0,15301000000.0,0.0,11508000000.0,,,10063000000.0,,,5157104601.0,-172000000.0,0.0,-10000000.0,0.0,-252000000.0,-174000000.0,-529000000.0,-512000000.0,531000000.0,0.0,375000000.0,375000000.0,375000000.0,0.0,0.0,0.099,1040000000.0,552000000.0,0.0,0.691,1.025,13.752,13.778,229000000.0,0.0,31.69,1.367,1.367,1797000000.0,3980000000.0,3772000000.0,3772000000.0,0.0,0.025,0.076,0.036,0.146,11000000.0,1040000000.0,1.0,162736024.0,162736024.0,,23.179,15095000000.0,0.0,123000000.0,260000000.0,92.758,
11,CINF,MRY,2009-12-31,2009-12-31,2009-12-31,2021-09-07,624000000.0,14440000000.0,13824000000.0,,,0.282,29.256,-42000000.0,557000000.0,557000000.0,2242000000.0,432000000.0,,2.034,839000000.0,,,839000000.0,1509000000.0,38000000.0,0.0,0.06,1.57,637000000.0,675000000.0,0.173,675000000.0,637000000.0,582000000.0,2.66,2.65,2.66,4760000000.0,4352750000.0,4760000000.0,4660281876.0,7.0,6.904,483000000.0,2.969,1.0,1661000000.0,0.426,0.0,55000000.0,14722000000.0,14219500000.0,0.0,10643000000.0,,,9680000000.0,,,4269281876.0,-452000000.0,0.0,0.0,0.0,-249000000.0,-162000000.0,-815000000.0,-764000000.0,525000000.0,0.0,432000000.0,432000000.0,432000000.0,0.0,0.0,0.111,1024000000.0,637000000.0,0.0,0.59,0.897,9.883,9.865,251000000.0,0.0,26.24,1.094,1.094,1878000000.0,3862000000.0,3903000000.0,3903000000.0,0.0,0.031,0.099,0.045,0.163,10000000.0,1024000000.0,1.0,162701291.0,162701291.0,,23.989,14440000000.0,0.0,150000000.0,152000000.0,88.752,
12,CINF,MRY,2008-12-31,2008-12-31,2008-12-31,2021-09-07,347000000.0,13369000000.0,14607000000.0,,,0.262,25.754,-36000000.0,1009000000.0,1009000000.0,2193000000.0,429000000.0,,2.197,840000000.0,,,840000000.0,1544000000.0,32000000.0,0.0,0.054,1.56,593000000.0,625000000.0,0.163,625000000.0,593000000.0,540000000.0,2.63,2.62,2.63,4182000000.0,4756250000.0,4182000000.0,5233472037.0,9.0,8.374,448000000.0,2.759,1.0,1631000000.0,0.427,0.0,53000000.0,13200000000.0,14980500000.0,0.0,8890000000.0,,,9187000000.0,,,4720472037.0,783000000.0,0.0,-135000000.0,-20000000.0,-250000000.0,-1210000000.0,1509000000.0,1562000000.0,484000000.0,0.0,429000000.0,429000000.0,429000000.0,0.0,0.0,0.112,1038000000.0,593000000.0,0.0,0.593,1.129,11.003,11.053,236000000.0,0.0,29.07,1.234,1.234,2002000000.0,3579000000.0,3824000000.0,3824000000.0,0.0,0.029,0.09,0.04,0.155,15000000.0,1038000000.0,1.0,162382939.0,162382939.0,,23.549,13369000000.0,126000000.0,111000000.0,0.0,82.33,
13,CINF,MRY,2007-12-31,2007-12-31,2007-12-31,2021-09-07,2151000000.0,16637000000.0,17686000000.0,,,0.241,35.717,-70000000.0,226000000.0,226000000.0,1963000000.0,855000000.0,,1.806,860000000.0,,,860000000.0,1564000000.0,36000000.0,0.0,0.036,1.42,1244000000.0,1280000000.0,0.301,1280000000.0,1244000000.0,1192000000.0,5.01,4.97,5.01,5929000000.0,6500250000.0,5929000000.0,7240596901.0,6.0,5.657,635000000.0,3.825,1.0,2296000000.0,0.539,0.0,52000000.0,17271000000.0,18354000000.0,0.0,13021000000.0,,,10708000000.0,,,6563596901.0,24000000.0,0.0,-288000000.0,20000000.0,-240000000.0,181000000.0,-862000000.0,-791000000.0,705000000.0,0.0,855000000.0,855000000.0,855000000.0,0.0,0.0,0.201,1052000000.0,1244000000.0,760000000.0,0.283,1.107,7.677,7.892,239000000.0,0.0,39.54,1.541,1.541,2090000000.0,3404000000.0,4259000000.0,4259000000.0,0.0,0.048,0.132,0.068,0.292,14000000.0,1052000000.0,1.0,165998910.0,165998910.0,,25.657,16637000000.0,0.0,337000000.0,977000000.0,100.224,
14,CINF,MRY,2006-12-31,2006-12-31,2006-12-31,2021-09-07,3379000000.0,17222000000.0,17148000000.0,,,0.265,39.296,-52000000.0,202000000.0,202000000.0,2128000000.0,930000000.0,,1.53,840000000.0,,,840000000.0,1579000000.0,38000000.0,0.0,0.03,1.34,1382000000.0,1420000000.0,0.312,1420000000.0,1382000000.0,1329000000.0,5.36,5.3,5.36,6808000000.0,6385250000.0,6808000000.0,8450860673.0,6.0,5.951,563000000.0,3.25,1.0,2422000000.0,0.532,0.0,53000000.0,17860000000.0,17763250000.0,0.0,13759000000.0,,,10414000000.0,,,7849860673.0,83000000.0,0.0,-93000000.0,49000000.0,-228000000.0,-318000000.0,-214000000.0,-151000000.0,615000000.0,0.0,930000000.0,930000000.0,930000000.0,0.0,0.0,0.204,1040000000.0,1382000000.0,0.0,0.25,1.153,8.441,8.453,193000000.0,0.0,45.31,1.725,1.725,2053000000.0,2786000000.0,4550000000.0,4550000000.0,0.0,0.054,0.146,0.078,0.304,17000000.0,984000000.0,1.0,173247863.0,173247863.0,,26.263,17222000000.0,0.0,399000000.0,1653000000.0,99.407,
15,CINF,MRY,2005-12-31,2005-12-31,2005-12-31,2021-09-07,3284000000.0,16003000000.0,15952250000.0,,,0.236,34.835,-44000000.0,119000000.0,119000000.0,1911000000.0,602000000.0,,1.629,791000000.0,,,791000000.0,1559000000.0,33000000.0,0.0,0.027,1.205,874000000.0,907000000.0,0.241,907000000.0,874000000.0,823000000.0,3.44,3.4,3.44,6086000000.0,6060000000.0,6086000000.0,8499017600.0,10.0,9.37,761000000.0,4.356,1.0,1856000000.0,0.493,0.0,51000000.0,16675000000.0,16616750000.0,0.0,12702000000.0,,,9917000000.0,,,7806017600.0,-187000000.0,0.0,-50000000.0,0.0,-204000000.0,-221000000.0,-771000000.0,-718000000.0,805000000.0,0.0,602000000.0,602000000.0,602000000.0,0.0,0.0,0.16,982000000.0,874000000.0,0.0,0.35,1.283,12.967,12.988,168000000.0,0.0,44.68,2.072,2.072,2033000000.0,2088000000.0,3767000000.0,3767000000.0,0.0,0.038,0.099,0.053,0.232,0.0,929000000.0,1.0,174709436.0,174709436.0,,21.562,16003000000.0,0.0,221000000.0,1622000000.0,91.598,
16,CINF,MRY,2004-12-31,2004-12-31,2004-12-31,2021-09-07,3787000000.0,16107000000.0,15795250000.0,,,0.229,35.415,-33000000.0,306000000.0,306000000.0,1846000000.0,584000000.0,,1.578,791000000.0,,,791000000.0,1539000000.0,28000000.0,0.0,0.025,1.035,838000000.0,866000000.0,0.24,866000000.0,838000000.0,800000000.0,3.3,3.28,3.3,6249000000.0,6158750000.0,6249000000.0,7604740005.0,9.0,8.781,790000000.0,4.477,1.0,1768000000.0,0.489,0.0,38000000.0,16592000000.0,16126000000.0,0.0,12677000000.0,,,9858000000.0,,,7437740005.0,215000000.0,0.0,-56000000.0,188000000.0,-177000000.0,-7000000.0,-601000000.0,-576000000.0,823000000.0,0.0,584000000.0,584000000.0,584000000.0,0.0,0.0,0.162,930000000.0,838000000.0,0.0,0.314,1.19,12.736,12.773,156000000.0,0.0,42.152,2.058,2.058,2016000000.0,2057000000.0,3614000000.0,3614000000.0,0.0,0.037,0.095,0.052,0.232,0.0,885000000.0,1.0,176450465.0,176450465.0,,20.482,16107000000.0,0.0,216000000.0,1834000000.0,91.283,
17,CINF,MRY,2003-12-31,2003-12-31,2003-12-31,2021-09-07,4084000000.0,15509000000.0,14737500000.0,,,0.216,35.076,-38000000.0,91000000.0,91000000.0,1887000000.0,374000000.0,,1.5,603000000.0,,,603000000.0,1446000000.0,30000000.0,0.0,0.024,0.907,514000000.0,544000000.0,0.171,544000000.0,514000000.0,480000000.0,2.11,2.1,2.11,6204000000.0,5749750000.0,6204000000.0,7080772576.0,14.0,13.016,778000000.0,4.399,1.0,1294000000.0,0.407,0.0,34000000.0,16021000000.0,15205000000.0,0.0,12485000000.0,,,9305000000.0,,,6697772576.0,-21000000.0,0.0,-49000000.0,0.0,-156000000.0,-195000000.0,-642000000.0,-617000000.0,816000000.0,0.0,374000000.0,374000000.0,374000000.0,0.0,0.0,0.118,780000000.0,514000000.0,0.0,0.43,1.08,17.908,17.947,153000000.0,0.0,37.868,2.106,2.106,1876000000.0,1986000000.0,3181000000.0,3181000000.0,0.0,0.025,0.065,0.034,0.162,0.0,740000000.0,1.0,176871569.0,176871569.0,,17.985,15509000000.0,0.0,106000000.0,1949000000.0,87.685,
18,CINF,MRY,2002-12-31,2002-12-31,2002-12-31,2021-09-07,3643000000.0,14122000000.0,14270250000.0,,,0.199,31.442,-27000000.0,112000000.0,112000000.0,1826000000.0,238000000.0,,1.523,603000000.0,,,603000000.0,1319000000.0,22000000.0,0.0,0.024,0.809,314000000.0,336000000.0,0.118,336000000.0,314000000.0,279000000.0,1.333,1.324,1.333,5598000000.0,5924000000.0,5598000000.0,6495957171.0,21.0,19.333,640000000.0,3.595,1.0,1017000000.0,0.358,0.0,35000000.0,14613000000.0,14753000000.0,0.0,11265000000.0,,,8524000000.0,,,6063957171.0,64000000.0,0.0,-32000000.0,0.0,-142000000.0,-66000000.0,-537000000.0,-510000000.0,667000000.0,0.0,238000000.0,238000000.0,238000000.0,0.0,0.0,0.084,703000000.0,314000000.0,0.0,0.607,1.083,25.479,25.551,128000000.0,0.0,34.059,2.133,2.133,1724000000.0,1772000000.0,2843000000.0,2843000000.0,0.0,0.017,0.04,0.021,0.11,0.0,674000000.0,1.0,178042725.0,178042725.0,,15.968,14122000000.0,0.0,41000000.0,1737000000.0,79.318,
19,CINF,MRY,2001-12-31,2001-12-31,2001-12-31,2021-09-07,4113000000.0,13914000000.0,13431460250.0,,,0.191,33.681,-15000000.0,48000000.0,48000000.0,1663000000.0,193000000.0,,1.32,609000000.0,,,609000000.0,1062000000.0,25000000.0,0.0,0.022,0.762,260000000.0,285000000.0,0.111,285000000.0,260000000.0,221000000.0,1.088,1.079,1.088,5998000000.0,5866793750.0,5998000000.0,6632492956.0,26.0,23.272,528000000.0,2.965,1.0,898000000.0,0.351,0.0,39000000.0,14475000000.0,13965546250.0,0.0,11571000000.0,,,7916000000.0,,,6162223956.0,36000000.0,0.0,-37000000.0,13000000.0,-132000000.0,-148000000.0,-359000000.0,-344000000.0,543000000.0,0.0,193000000.0,193000000.0,193000000.0,0.0,0.0,0.075,638000000.0,260000000.0,0.0,0.7,1.027,31.929,31.804,125000000.0,0.0,34.603,2.406,2.406,1395000000.0,1678000000.0,2561000000.0,2561000000.0,0.0,0.014,0.033,0.019,0.102,0.0,576000000.0,1.0,178083518.0,178083518.0,,14.381,13914000000.0,0.0,28000000.0,2001000000.0,78.132,
20,CINF,MRY,2000-12-31,2000-12-31,2000-12-31,2021-09-07,4156000000.0,13287000000.0,11585402750.0,,,0.201,33.802,-44000000.0,60000000.0,60000000.0,1581000000.0,118000000.0,,1.216,619000000.0,,,619000000.0,922000000.0,18000000.0,0.0,0.019,0.689,146000000.0,164000000.0,0.07,164000000.0,146000000.0,109000000.0,0.671,0.662,0.671,5995000000.0,5292746000.0,5995000000.0,6948847511.0,48.0,42.371,314000000.0,1.77,1.0,750000000.0,0.322,0.0,37000000.0,13846000000.0,12152614500.0,0.0,11316000000.0,,,7292000000.0,,,6364277511.0,-291000000.0,0.0,-56000000.0,52000000.0,-119000000.0,-136000000.0,-513000000.0,-469000000.0,358000000.0,0.0,118000000.0,118000000.0,118000000.0,0.0,0.0,0.051,604000000.0,146000000.0,0.0,1.027,1.062,53.935,53.478,122000000.0,0.0,35.884,2.73,2.73,984000000.0,1620000000.0,2331000000.0,2331000000.0,0.0,0.01,0.022,0.012,0.063,0.0,523000000.0,1.0,177356970.0,177356970.0,,13.143,13287000000.0,0.0,-9000000.0,2058000000.0,74.917,
21,CINF,MRY,1999-12-31,1999-12-31,1999-12-31,2021-09-07,3530104000.0,11807679000.0,11032976000.0,,,0.193,29.963,-102000000.0,339554000.0,339554000.0,1254000000.0,255000000.0,,1.178,574373000.0,,,574373000.0,836407000.0,16000000.0,0.0,0.022,0.617,355000000.0,371000000.0,0.174,371000000.0,355000000.0,322000000.0,1.406,1.379,1.406,5421284000.0,5350851250.0,5421284000.0,5616161470.0,16.0,15.138,595000000.0,3.288,1.0,874000000.0,0.411,0.0,33000000.0,12042498000.0,11432822250.0,0.0,10227170000.0,,,6386395000.0,,,5118277470.0,281000000.0,0.0,-210000000.0,118000000.0,-110000000.0,-211000000.0,-205000000.0,-103000000.0,697000000.0,0.0,255000000.0,255000000.0,255000000.0,0.0,0.0,0.12,519000000.0,355000000.0,0.0,0.439,0.944,20.072,20.119,107784000.0,0.0,28.288,2.405,2.405,786580000.0,1623890000.0,2128000000.0,2128000000.0,0.0,0.023,0.048,0.031,0.167,0.0,468000000.0,1.0,180934582.0,180934582.0,,11.761,11807679000.0,0.0,67000000.0,1719673000.0,65.259,
22,CINF,MRY,1998-12-31,1998-12-31,1998-12-31,2021-09-07,3678019000.0,11086503000.0,10392560500.0,,,0.198,30.535,-47750000.0,58611000.0,58611000.0,1221118000.0,241567000.0,,0.972,471520000.0,,,471520000.0,459695000.0,11793000.0,0.0,0.017,0.553,335119000.0,346912000.0,0.169,346912000.0,335119000.0,307107000.0,1.315,1.279,1.315,5620936000.0,5211802000.0,5620936000.0,6489812352.0,19.0,18.707,225827000.0,1.227,1.0,833171000.0,0.406,0.0,28012000.0,11499412000.0,10737299750.0,0.0,10357057000.0,,,5465567000.0,,,6115214352.0,-21557000.0,0.0,-13987000.0,139035000.0,-99522000.0,25526000.0,-320660000.0,-272910000.0,273577000.0,0.0,241567000.0,241567000.0,241567000.0,0.0,0.0,0.118,498052000.0,335119000.0,0.0,0.421,1.088,25.315,25.262,53639000.0,0.0,33.22,2.977,2.977,403611000.0,1480914000.0,2054289000.0,2054289000.0,0.0,0.023,0.046,0.031,0.163,0.0,438948000.0,1.0,184082310.0,184082310.0,,11.16,11086503000.0,0.0,65540000.0,1809003000.0,60.226,
23,CINF,MRY,1997-12-31,1997-12-31,1997-12-31,2021-09-07,2905756000.0,9493425000.0,8398388909.0,,,0.231,25.977,-16485000.0,80168000.0,80168000.0,1054924000.0,299375000.0,,1.013,338988000.0,,,338988000.0,443054000.0,11327000.0,0.0,0.012,0.496,415380000.0,426707000.0,0.22,426707000.0,415380000.0,394559000.0,1.642,1.605,1.642,4716965000.0,4009129175.0,4716965000.0,8005148044.0,19.0,18.76,410472000.0,2.261,1.0,887460000.0,0.457,0.0,20821000.0,9752245000.0,8683503906.0,0.0,8828765000.0,,,4776460000.0,,,7727107497.0,20235000.0,0.0,-54240000.0,18460000.0,-88405000.0,-124185000.0,-282537000.0,-266052000.0,426957000.0,0.0,299375000.0,299375000.0,299375000.0,0.0,0.0,0.154,472080000.0,415380000.0,0.0,0.302,1.638,25.811,25.917,52559000.0,0.0,42.555,3.978,3.978,365781000.0,1341730000.0,1942384000.0,1942384000.0,0.0,0.036,0.075,0.048,0.214,0.0,421720000.0,1.0,181579309.0,181579309.0,,10.697,9493425000.0,0.0,95184000.0,1406478000.0,52.283,
24,CINF,MRY,1996-12-31,1996-12-31,1996-12-31,2021-09-07,1527707000.0,7045514000.0,6577406000.0,,,0.275,17.285,-17798000.0,59933000.0,59933000.0,1087105000.0,223760000.0,,1.228,341945000.0,,,341945000.0,425750000.0,7100000.0,0.0,0.019,0.369,302523000.0,309623000.0,0.171,309623000.0,302523000.0,282421000.0,1.215,1.188,1.215,3162889000.0,2910430000.0,3162889000.0,,,,290541000.0,1.588,1.0,721644000.0,0.399,0.0,20102000.0,7327526000.0,6858905000.0,0.0,6371268000.0,,,3882625000.0,,,3589200039.0,39914000.0,0.0,-5564000.0,41093000.0,-79203000.0,-43674000.0,-224751000.0,-206953000.0,308339000.0,0.0,223760000.0,223760000.0,223760000.0,0.0,0.0,0.124,419121000.0,302523000.0,0.0,0.304,1.135,16.04,16.144,50071000.0,0.0,19.615,1.984,1.984,371321000.0,1132880000.0,1808749000.0,1808749000.0,0.0,0.034,0.077,0.044,0.167,0.0,376325000.0,1.0,182982413.0,182982413.0,,9.885,7045514000.0,0.0,58661000.0,676893000.0,38.504,
25,CINF,MRY,1995-12-31,1995-12-31,1995-12-31,2021-09-07,1159388000.0,6109298000.0,,,,,,-10538000.0,20019000.0,20019000.0,964216000.0,227350000.0,,1.298,301005000.0,,,301005000.0,408624000.0,9641000.0,0.0,0.017,0.322,312419000.0,322060000.0,0.195,322060000.0,312419000.0,295188000.0,1.234,1.206,1.234,2657971000.0,,2657971000.0,,,,378969000.0,,1.0,691435000.0,0.418,0.0,17231000.0,6390284000.0,,0.0,5556002000.0,,,3451327000.0,,,,-28235000.0,0.0,3826000.0,91889000.0,-69542000.0,26173000.0,-443915000.0,-433377000.0,389507000.0,0.0,227350000.0,227350000.0,227350000.0,0.0,0.0,0.137,379016000.0,312419000.0,0.0,0.261,,,15.225,33056000.0,0.0,18.788,,,351680000.0,1156627000.0,1655651000.0,1655651000.0,0.0,,,,0.189,0.0,342771000.0,1.0,,,,,6109298000.0,0.0,67838000.0,487840000.0,,
26,CINF,MRY,1994-12-31,1994-12-31,1994-12-31,2021-09-07,,,,,,,,-11356000.0,,,900814000.0,201230000.0,,,,,,,,9923000.0,,0.025,0.351,259289000.0,269212000.0,0.178,269212000.0,259289000.0,249328000.0,1.07,,1.07,,,,,,,317122000.0,,1.0,611692000.0,0.404,,9961000.0,,,,,,,,,,,140000.0,0.0,3285000.0,51050000.0,-62436000.0,-8101000.0,-320237000.0,-308881000.0,328478000.0,0.0,201230000.0,201230000.0,201230000.0,0.0,0.0,0.133,352403000.0,259289000.0,,0.328,,,13.199,,0.0,14.123,,,,,1512506000.0,1512506000.0,0.0,,,,0.171,0.0,315956000.0,1.0,,,,,,,48098000.0,,,
0,CINF,MRQ,2021-06-30,2021-06-30,2021-06-30,2021-09-07,731000000.0,29677000000.0,,,,,73.608,-4000000.0,1003000000.0,1003000000.0,915000000.0,703000000.0,,1.503,907000000.0,,,907000000.0,3417000000.0,23000000.0,0.0,0.021,0.63,885000000.0,908000000.0,0.396,908000000.0,885000000.0,872000000.0,4.36,4.31,4.36,11858000000.0,,11858000000.0,18745089224.0,5.0,5.055,559000000.0,3.47,1.0,1380000000.0,0.601,0.0,13000000.0,29581000000.0,,0.0,23061000000.0,,,17819000000.0,,,18787089224.0,56000000.0,0.0,4000000.0,2000000.0,-100000000.0,-134000000.0,-373000000.0,-357000000.0,563000000.0,0.0,703000000.0,703000000.0,703000000.0,0.0,0.0,0.306,495000000.0,885000000.0,0.0,0.144,1.584,6.578,6.574,213000000.0,0.0,116.62,1.99,1.99,3064000000.0,11205000000.0,2295000000.0,2295000000.0,0.0,,,,,8000000.0,495000000.0,1.0,161096632.0,161096632.0,,14.246,29677000000.0,0.0,169000000.0,1495000000.0,184.219,
1,CINF,MRQ,2021-03-31,2021-03-31,2021-03-31,2021-09-07,625000000.0,28313000000.0,,,,,69.093,-5000000.0,947000000.0,947000000.0,1003000000.0,620000000.0,,1.542,905000000.0,,,905000000.0,3181000000.0,23000000.0,0.0,0.024,0.63,781000000.0,804000000.0,0.361,804000000.0,781000000.0,768000000.0,3.85,3.82,3.85,11138000000.0,,11138000000.0,16617306139.0,4.0,4.176,349000000.0,2.165,1.0,1224000000.0,0.55,0.0,13000000.0,28271000000.0,,0.0,22018000000.0,,,17175000000.0,,,16618306139.0,47000000.0,0.0,-24000000.0,3000000.0,-95000000.0,-154000000.0,-153000000.0,-154000000.0,354000000.0,0.0,620000000.0,620000000.0,620000000.0,0.0,0.0,0.278,443000000.0,781000000.0,0.0,0.164,1.492,5.427,5.417,213000000.0,0.0,103.09,1.685,1.685,2860000000.0,10603000000.0,2227000000.0,2227000000.0,0.0,,,,,9000000.0,443000000.0,1.0,161201922.0,161201922.0,,13.815,28313000000.0,0.0,148000000.0,1373000000.0,175.637,
2,CINF,MRQ,2020-12-31,2020-12-31,2020-12-31,2021-09-07,769000000.0,27542000000.0,,,,,67.055,-4000000.0,900000000.0,900000000.0,902000000.0,1049000000.0,,1.553,899000000.0,,,899000000.0,2960000000.0,19000000.0,0.0,0.027,0.6,1330000000.0,1349000000.0,0.501,1349000000.0,1330000000.0,1316000000.0,6.52,6.46,6.52,10789000000.0,,10789000000.0,14110562415.0,9.0,8.636,368000000.0,2.287,1.0,1792000000.0,0.665,0.0,14000000.0,27541000000.0,,0.0,21542000000.0,,,16753000000.0,,,14057562415.0,-14000000.0,0.0,-3000000.0,-69000000.0,-95000000.0,-238000000.0,-148000000.0,-78000000.0,372000000.0,0.0,1049000000.0,1049000000.0,1049000000.0,0.0,0.0,0.389,462000000.0,1330000000.0,0.0,0.092,1.303,11.56,11.572,213000000.0,0.0,87.37,1.865,1.865,2692000000.0,10085000000.0,2694000000.0,2694000000.0,0.0,,,,,7000000.0,462000000.0,1.0,160896903.0,160896903.0,,16.744,27542000000.0,0.0,267000000.0,1299000000.0,171.178,
3,CINF,MRQ,2020-09-30,2020-09-30,2020-09-30,2021-09-07,686000000.0,26370000000.0,,,,,60.583,-6000000.0,914000000.0,914000000.0,1143000000.0,484000000.0,,1.706,967000000.0,,,967000000.0,3024000000.0,20000000.0,0.0,0.03,0.6,627000000.0,647000000.0,0.291,647000000.0,627000000.0,614000000.0,3.01,2.99,3.01,9745000000.0,,9745000000.0,12802747785.0,13.0,11.671,499000000.0,3.102,1.0,1084000000.0,0.487,0.0,13000000.0,26423000000.0,,0.0,20299000000.0,,,16625000000.0,,,12541747785.0,208000000.0,0.0,1000000.0,1000000.0,-95000000.0,-127000000.0,-170000000.0,-148000000.0,505000000.0,0.0,484000000.0,484000000.0,484000000.0,0.0,0.0,0.217,457000000.0,627000000.0,0.0,0.199,1.287,15.816,15.783,211000000.0,0.0,77.97,1.793,1.793,2748000000.0,9132000000.0,2227000000.0,2227000000.0,0.0,,,,,8000000.0,457000000.0,1.0,160853505.0,160853505.0,,13.845,26370000000.0,0.0,130000000.0,1077000000.0,163.938,
4,CINF,MRQ,2020-06-30,2020-06-30,2020-06-30,2021-09-07,597000000.0,25450000000.0,,,,,57.574,-6000000.0,706000000.0,706000000.0,1086000000.0,909000000.0,,1.749,967000000.0,,,967000000.0,3107000000.0,20000000.0,0.0,0.036,0.6,1159000000.0,1179000000.0,0.434,1179000000.0,1159000000.0,1145000000.0,5.65,5.63,5.65,9258000000.0,,9258000000.0,10770122030.0,15.0,13.879,441000000.0,2.743,1.0,1628000000.0,0.6,0.0,14000000.0,25711000000.0,,0.0,19487000000.0,,,16192000000.0,,,10296122030.0,220000000.0,0.0,0.0,8000000.0,-95000000.0,-121000000.0,-106000000.0,-146000000.0,447000000.0,0.0,909000000.0,909000000.0,909000000.0,0.0,0.0,0.335,469000000.0,1159000000.0,0.0,0.106,1.112,18.485,18.613,209000000.0,0.0,64.03,1.592,1.592,2887000000.0,8745000000.0,2714000000.0,2714000000.0,0.0,,,,,7000000.0,469000000.0,1.0,160801531.0,160801531.0,,16.878,25450000000.0,0.0,236000000.0,979000000.0,158.27,
5,CINF,MRQ,2020-03-31,2020-03-31,2020-03-31,2021-09-07,204000000.0,23367000000.0,,,,,49.433,-4000000.0,486000000.0,486000000.0,1003000000.0,-1226000000.0,,1.906,960000000.0,,,960000000.0,2922000000.0,22000000.0,0.0,0.03,0.6,-1563000000.0,-1541000000.0,15.566,-1541000000.0,-1563000000.0,-1576000000.0,-7.56,-7.56,-7.56,8042000000.0,,8042000000.0,12392678317.0,151.0,78.934,163000000.0,1.002,1.0,-1102000000.0,11.131,0.0,13000000.0,23841000000.0,,0.0,17876000000.0,,,15325000000.0,,,12274678317.0,-281000000.0,0.0,-252000000.0,75000000.0,-90000000.0,-312000000.0,-136000000.0,-118000000.0,167000000.0,0.0,-1226000000.0,-1226000000.0,-1226000000.0,0.0,0.0,12.384,461000000.0,-1563000000.0,0.0,-0.079,1.526,161.509,184.024,208000000.0,0.0,75.45,2.166,2.166,2724000000.0,7932000000.0,-99000000.0,-99000000.0,0.0,,,,,9000000.0,461000000.0,1.0,162686260.0,162686260.0,,-0.609,23367000000.0,0.0,-350000000.0,660000000.0,143.632,
6,CINF,MRQ,2019-12-31,2019-12-31,2019-12-31,2021-09-07,448000000.0,25408000000.0,,,,,60.377,-2000000.0,767000000.0,767000000.0,910000000.0,626000000.0,,1.576,885000000.0,,,885000000.0,2788000000.0,18000000.0,0.0,0.021,0.56,794000000.0,812000000.0,0.377,812000000.0,794000000.0,781000000.0,3.84,3.8,3.84,9864000000.0,,9864000000.0,17276779780.0,7.0,6.653,326000000.0,1.995,1.0,1242000000.0,0.577,0.0,13000000.0,25526000000.0,,0.0,19746000000.0,,,15544000000.0,,,17178779780.0,-20000000.0,0.0,-60000000.0,1000000.0,-90000000.0,-195000000.0,-153000000.0,-135000000.0,328000000.0,0.0,626000000.0,626000000.0,626000000.0,0.0,0.0,0.291,448000000.0,794000000.0,0.0,0.146,1.742,8.602,8.591,207000000.0,0.0,105.15,2.168,2.168,2651000000.0,9257000000.0,2152000000.0,2152000000.0,0.0,,,,,7000000.0,448000000.0,1.0,163374035.0,163374035.0,,13.172,25408000000.0,0.0,155000000.0,1079000000.0,155.52,
7,CINF,MRQ,2019-09-30,2019-09-30,2019-09-30,2021-09-07,442000000.0,24742000000.0,,,,,57.372,-9000000.0,787000000.0,787000000.0,932000000.0,248000000.0,,1.64,885000000.0,,,885000000.0,2859000000.0,18000000.0,0.0,0.019,0.56,308000000.0,326000000.0,0.192,326000000.0,308000000.0,294000000.0,1.51,1.49,1.51,9371000000.0,,9371000000.0,19137439121.0,16.0,15.534,395000000.0,2.418,1.0,768000000.0,0.452,0.0,14000000.0,24840000000.0,,0.0,19059000000.0,,,15371000000.0,,,19056439121.0,-16000000.0,0.0,-3000000.0,1000000.0,-90000000.0,-110000000.0,-310000000.0,-286000000.0,404000000.0,0.0,248000000.0,248000000.0,248000000.0,0.0,0.0,0.146,460000000.0,308000000.0,0.0,0.371,2.034,20.736,20.723,207000000.0,0.0,116.67,2.94,2.94,2626000000.0,8722000000.0,1700000000.0,1700000000.0,0.0,,,,,7000000.0,460000000.0,1.0,163336240.0,163336240.0,,10.408,24742000000.0,0.0,46000000.0,972000000.0,151.479,
8,CINF,MRQ,2019-06-30,2019-06-30,2019-06-30,2021-09-07,364000000.0,24337000000.0,,,,,55.94,-8000000.0,803000000.0,803000000.0,936000000.0,428000000.0,,1.665,884000000.0,,,884000000.0,2896000000.0,17000000.0,0.0,0.021,0.56,543000000.0,560000000.0,0.293,560000000.0,543000000.0,530000000.0,2.62,2.59,2.62,9131000000.0,,9131000000.0,16997036269.0,11.0,10.938,268000000.0,1.642,1.0,977000000.0,0.511,0.0,13000000.0,24418000000.0,,0.0,18603000000.0,,,15206000000.0,,,16922036269.0,1000000.0,0.0,4000000.0,5000000.0,-90000000.0,-115000000.0,-160000000.0,-147000000.0,276000000.0,0.0,428000000.0,428000000.0,428000000.0,0.0,0.0,0.224,434000000.0,543000000.0,0.0,0.214,1.853,13.825,13.786,207000000.0,0.0,103.67,2.527,2.527,2704000000.0,8566000000.0,1913000000.0,1913000000.0,0.0,,,,,7000000.0,434000000.0,1.0,163229828.0,163229828.0,,11.72,24337000000.0,0.0,102000000.0,932000000.0,149.097,
9,CINF,MRQ,2019-03-31,2019-03-31,2019-03-31,2021-09-07,210000000.0,23352000000.0,,,,,52.965,-5000000.0,802000000.0,802000000.0,860000000.0,695000000.0,,1.706,877000000.0,,,877000000.0,2717000000.0,19000000.0,0.0,0.025,0.56,880000000.0,899000000.0,0.416,899000000.0,880000000.0,867000000.0,4.27,4.22,4.27,8630000000.0,,8630000000.0,14078365524.0,12.0,10.956,195000000.0,1.197,1.0,1299000000.0,0.602,0.0,13000000.0,23427000000.0,,0.0,17864000000.0,,,14722000000.0,,,13996365524.0,18000000.0,0.0,3000000.0,0.0,-85000000.0,-126000000.0,-56000000.0,-15000000.0,200000000.0,0.0,695000000.0,695000000.0,695000000.0,0.0,0.0,0.322,419000000.0,880000000.0,0.0,0.131,1.622,13.817,13.788,202000000.0,0.0,85.9,2.207,2.207,2562000000.0,8229000000.0,2159000000.0,2159000000.0,0.0,,,,,9000000.0,419000000.0,1.0,162937899.0,162937899.0,,13.25,23352000000.0,0.0,172000000.0,817000000.0,143.318,
10,CINF,MRQ,2018-12-31,2018-12-31,2018-12-31,2021-09-07,22000000.0,21935000000.0,,,,,48.133,-6000000.0,784000000.0,784000000.0,874000000.0,-452000000.0,,1.8,866000000.0,,,866000000.0,2516000000.0,15000000.0,0.0,0.027,0.53,-568000000.0,-553000000.0,-0.779,-553000000.0,-568000000.0,-581000000.0,-2.77,-2.74,-2.77,7833000000.0,,7833000000.0,12843153121.0,42.0,34.995,349000000.0,2.145,1.0,-164000000.0,-0.231,0.0,13000000.0,22017000000.0,,0.0,16732000000.0,,,14102000000.0,,,12599153121.0,168000000.0,0.0,2000000.0,2000000.0,-85000000.0,-116000000.0,-71000000.0,-44000000.0,355000000.0,0.0,-452000000.0,-452000000.0,-452000000.0,0.0,0.0,-0.637,404000000.0,-568000000.0,0.0,-0.191,1.608,43.899,43.989,195000000.0,0.0,77.42,2.33,2.33,2375000000.0,7625000000.0,710000000.0,710000000.0,0.0,,,,,6000000.0,404000000.0,1.0,162737705.0,162737705.0,,4.363,21935000000.0,0.0,-129000000.0,627000000.0,134.787,
11,CINF,MRQ,2018-09-30,2018-09-30,2018-09-30,2021-09-07,-4000000.0,22480000000.0,,,,,51.238,-5000000.0,616000000.0,616000000.0,879000000.0,553000000.0,,1.697,860000000.0,,,860000000.0,2591000000.0,16000000.0,0.0,0.034,0.53,632000000.0,648000000.0,0.338,648000000.0,632000000.0,618000000.0,3.4,3.38,3.4,8334000000.0,,8334000000.0,12861321704.0,12.0,11.223,357000000.0,2.195,1.0,1036000000.0,0.541,0.0,14000000.0,22724000000.0,,0.0,17433000000.0,,,14146000000.0,,,12493321704.0,95000000.0,0.0,2000000.0,-31000000.0,-85000000.0,-152000000.0,-115000000.0,-104000000.0,362000000.0,0.0,553000000.0,553000000.0,553000000.0,0.0,0.0,0.289,404000000.0,632000000.0,0.0,0.156,1.499,9.047,9.09,191000000.0,0.0,76.81,2.045,2.045,2375000000.0,8164000000.0,1915000000.0,1915000000.0,0.0,,,,,6000000.0,404000000.0,1.0,162652281.0,162652281.0,,11.774,22480000000.0,0.0,65000000.0,797000000.0,138.209,
12,CINF,MRQ,2018-06-30,2018-06-30,2018-06-30,2021-09-07,55000000.0,21760000000.0,,,,,48.225,-6000000.0,521000000.0,521000000.0,883000000.0,217000000.0,,1.749,889000000.0,,,889000000.0,2578000000.0,14000000.0,0.0,0.038,0.53,277000000.0,291000000.0,0.187,291000000.0,277000000.0,264000000.0,1.33,1.32,1.33,7916000000.0,,7916000000.0,11223800089.0,19.0,17.188,304000000.0,1.852,1.0,675000000.0,0.433,0.0,13000000.0,22128000000.0,,0.0,16944000000.0,,,13844000000.0,,,10974800089.0,-83000000.0,0.0,-109000000.0,37000000.0,-86000000.0,-182000000.0,-211000000.0,-199000000.0,310000000.0,0.0,217000000.0,217000000.0,217000000.0,0.0,0.0,0.139,398000000.0,277000000.0,0.0,0.398,1.386,11.801,11.792,188000000.0,0.0,66.86,1.958,1.958,2388000000.0,7696000000.0,1558000000.0,1558000000.0,0.0,,,,,7000000.0,398000000.0,1.0,164145978.0,164145978.0,,9.492,21760000000.0,0.0,47000000.0,650000000.0,132.565,
13,CINF,MRQ,2018-03-31,2018-03-31,2018-03-31,2021-09-07,115000000.0,21470000000.0,,,,,48.455,-3000000.0,604000000.0,604000000.0,854000000.0,-31000000.0,,1.702,853000000.0,,,853000000.0,2459000000.0,18000000.0,0.0,0.034,0.53,-37000000.0,-19000000.0,-0.016,-19000000.0,-37000000.0,-50000000.0,-0.19,-0.19,-0.19,7946000000.0,,7946000000.0,12371772495.0,27.0,23.976,151000000.0,0.921,1.0,370000000.0,0.302,0.0,13000000.0,21719000000.0,,0.0,16721000000.0,,,13524000000.0,,,12177772495.0,-53000000.0,0.0,-11000000.0,0.0,-80000000.0,-153000000.0,-54000000.0,-46000000.0,154000000.0,0.0,-31000000.0,-31000000.0,-31000000.0,0.0,0.0,-0.025,407000000.0,-37000000.0,0.0,-2.789,1.533,14.979,15.002,186000000.0,0.0,74.26,2.241,2.241,2273000000.0,7565000000.0,1224000000.0,1224000000.0,0.0,,,,,9000000.0,407000000.0,1.0,163988318.0,163988318.0,,7.464,21470000000.0,0.0,-19000000.0,652000000.0,130.924,
14,CINF,MRQ,2017-12-31,2017-12-31,2017-12-31,2021-09-07,2788000000.0,21843000000.0,,,,,50.24,-2000000.0,657000000.0,657000000.0,809000000.0,642000000.0,,1.65,851000000.0,,,851000000.0,2404000000.0,15000000.0,0.0,0.033,1.0,211000000.0,226000000.0,0.16,226000000.0,211000000.0,197000000.0,3.91,3.87,3.91,8243000000.0,,8243000000.0,12469460972.0,16.0,14.88,304000000.0,1.853,1.0,602000000.0,0.427,0.0,14000000.0,22037000000.0,,0.0,17051000000.0,,,13600000000.0,,,12300460972.0,-17000000.0,0.0,-19000000.0,7000000.0,-161000000.0,-224000000.0,-99000000.0,-94000000.0,306000000.0,0.0,642000000.0,642000000.0,642000000.0,0.0,0.0,0.455,391000000.0,211000000.0,0.0,0.256,1.492,11.771,11.788,185000000.0,0.0,74.97,2.146,2.146,2258000000.0,5180000000.0,1411000000.0,1411000000.0,0.0,,,,,7000000.0,391000000.0,1.0,164071775.0,164071775.0,,8.6,21843000000.0,0.0,-445000000.0,745000000.0,133.131,
15,CINF,MRQ,2017-09-30,2017-09-30,2017-09-30,2021-09-07,2047000000.0,21592000000.0,,,,,45.877,-5000000.0,674000000.0,674000000.0,874000000.0,102000000.0,,1.87,843000000.0,,,843000000.0,2475000000.0,13000000.0,0.0,0.026,0.5,142000000.0,155000000.0,0.11,155000000.0,142000000.0,129000000.0,0.62,0.61,0.62,7523000000.0,,7523000000.0,12793134053.0,18.0,16.658,296000000.0,1.805,1.0,538000000.0,0.381,0.0,13000000.0,21761000000.0,,0.0,16664000000.0,,,14069000000.0,,,12556134053.0,68000000.0,0.0,2000000.0,0.0,-81000000.0,-107000000.0,-126000000.0,-116000000.0,301000000.0,0.0,102000000.0,102000000.0,102000000.0,0.0,0.0,0.072,396000000.0,142000000.0,0.0,0.806,1.669,24.962,25.023,186000000.0,0.0,76.57,2.229,2.229,2390000000.0,5193000000.0,1412000000.0,1412000000.0,0.0,,,,,5000000.0,396000000.0,1.0,163982422.0,163982422.0,,8.611,21592000000.0,0.0,27000000.0,1087000000.0,131.673,
16,CINF,MRQ,2017-06-30,2017-06-30,2017-06-30,2021-09-07,1925000000.0,21238000000.0,,,,,44.769,-7000000.0,606000000.0,606000000.0,854000000.0,100000000.0,,1.881,843000000.0,,,843000000.0,2461000000.0,13000000.0,0.0,0.027,0.5,141000000.0,154000000.0,0.111,154000000.0,141000000.0,128000000.0,0.61,0.6,0.61,7373000000.0,,7373000000.0,12230656105.0,15.0,13.758,302000000.0,1.834,1.0,532000000.0,0.384,0.0,13000000.0,21475000000.0,,0.0,16394000000.0,,,13865000000.0,,,11931656105.0,63000000.0,0.0,-53000000.0,0.0,-81000000.0,-159000000.0,-87000000.0,-79000000.0,309000000.0,0.0,100000000.0,100000000.0,100000000.0,0.0,0.0,0.072,391000000.0,141000000.0,0.0,0.82,1.618,20.536,20.524,184000000.0,0.0,72.45,2.122,2.122,2415000000.0,5174000000.0,1386000000.0,1386000000.0,0.0,,,,,6000000.0,391000000.0,1.0,164688145.0,164688145.0,,8.416,21238000000.0,0.0,28000000.0,1021000000.0,128.959,
17,CINF,MRQ,2017-03-31,2017-03-31,2017-03-31,2021-09-07,1780000000.0,20753000000.0,,,,,44.051,-2000000.0,543000000.0,543000000.0,853000000.0,201000000.0,,1.86,842000000.0,,,842000000.0,2377000000.0,14000000.0,0.0,0.027,0.5,289000000.0,303000000.0,0.199,303000000.0,289000000.0,276000000.0,1.22,1.21,1.22,7256000000.0,,7256000000.0,11973137338.0,14.0,12.93,134000000.0,0.814,1.0,670000000.0,0.44,0.0,13000000.0,21052000000.0,,0.0,16067000000.0,,,13497000000.0,,,11904137338.0,-234000000.0,0.0,-9000000.0,-3000000.0,-77000000.0,-124000000.0,-246000000.0,-238000000.0,136000000.0,0.0,201000000.0,201000000.0,201000000.0,0.0,0.0,0.132,381000000.0,289000000.0,0.0,0.41,1.641,19.709,19.692,181000000.0,0.0,72.27,2.123,2.123,2357000000.0,5156000000.0,1523000000.0,1523000000.0,0.0,,,,,8000000.0,381000000.0,1.0,164717550.0,164717550.0,,9.246,20753000000.0,0.0,75000000.0,946000000.0,125.991,
18,CINF,MRQ,2016-12-31,2016-12-31,2016-12-31,2021-09-07,1693000000.0,20386000000.0,,,,,42.853,-4000000.0,777000000.0,777000000.0,809000000.0,100000000.0,,1.888,846000000.0,,,846000000.0,2307000000.0,14000000.0,0.0,0.025,0.48,142000000.0,156000000.0,0.119,156000000.0,142000000.0,128000000.0,0.61,0.6,0.61,7060000000.0,,7060000000.0,12626705238.0,15.0,13.83,276000000.0,1.675,1.0,503000000.0,0.383,0.0,14000000.0,20455000000.0,,0.0,15500000000.0,,,13326000000.0,,,12479705238.0,77000000.0,0.0,-33000000.0,0.0,-77000000.0,-133000000.0,-70000000.0,-65000000.0,280000000.0,0.0,100000000.0,100000000.0,100000000.0,0.0,0.0,0.076,361000000.0,142000000.0,0.0,0.787,1.768,21.116,21.1,183000000.0,0.0,75.75,2.29,2.29,2325000000.0,5037000000.0,1312000000.0,1312000000.0,0.0,,,,,5000000.0,361000000.0,1.0,164748584.0,164748584.0,,7.964,20386000000.0,0.0,28000000.0,865000000.0,123.74,
19,CINF,MRQ,2016-09-30,2016-09-30,2016-09-30,2021-09-07,1752000000.0,20455000000.0,,,,,43.269,-2000000.0,700000000.0,700000000.0,753000000.0,180000000.0,,1.872,847000000.0,,,847000000.0,2388000000.0,10000000.0,0.0,0.031,0.48,266000000.0,276000000.0,0.197,276000000.0,266000000.0,253000000.0,1.09,1.08,1.09,7121000000.0,,7121000000.0,12718311210.0,13.0,12.731,334000000.0,2.029,1.0,649000000.0,0.463,0.0,13000000.0,20602000000.0,,0.0,15642000000.0,,,13334000000.0,,,12412311210.0,153000000.0,0.0,4000000.0,-8000000.0,-78000000.0,-104000000.0,-79000000.0,-77000000.0,336000000.0,0.0,180000000.0,180000000.0,180000000.0,0.0,0.0,0.128,383000000.0,266000000.0,0.0,0.44,1.743,19.184,19.142,184000000.0,0.0,75.42,2.299,2.299,2312000000.0,5016000000.0,1402000000.0,1402000000.0,0.0,,,,,5000000.0,383000000.0,1.0,164575858.0,164575858.0,,8.519,20455000000.0,0.0,73000000.0,879000000.0,124.289,
20,CINF,MRQ,2016-06-30,2016-06-30,2016-06-30,2021-09-07,1714000000.0,20151000000.0,,,,,42.382,-4000000.0,547000000.0,547000000.0,821000000.0,123000000.0,,1.891,853000000.0,,,853000000.0,2349000000.0,12000000.0,0.0,0.031,0.48,179000000.0,191000000.0,0.139,191000000.0,179000000.0,166000000.0,0.75,0.74,0.75,6971000000.0,,6971000000.0,12564878892.0,13.0,12.666,230000000.0,1.398,1.0,550000000.0,0.401,0.0,13000000.0,20457000000.0,,0.0,15459000000.0,,,13180000000.0,,,12317878892.0,-66000000.0,0.0,2000000.0,-7000000.0,-77000000.0,-101000000.0,-199000000.0,-178000000.0,234000000.0,0.0,123000000.0,123000000.0,123000000.0,0.0,0.0,0.09,371000000.0,179000000.0,0.0,0.64,1.767,19.217,19.153,186000000.0,0.0,74.89,2.335,2.335,2343000000.0,4915000000.0,1371000000.0,1371000000.0,0.0,,,,,6000000.0,371000000.0,1.0,164479622.0,164479622.0,,8.335,20151000000.0,0.0,43000000.0,844000000.0,122.514,
21,CINF,MRQ,2016-03-31,2016-03-31,2016-03-31,2021-09-07,1531000000.0,19447000000.0,,,,,40.982,-3000000.0,613000000.0,613000000.0,724000000.0,188000000.0,,1.887,860000000.0,,,860000000.0,2248000000.0,12000000.0,0.0,0.035,0.48,278000000.0,290000000.0,0.213,290000000.0,278000000.0,265000000.0,1.14,1.13,1.14,6735000000.0,,6735000000.0,11053238740.0,11.0,10.282,262000000.0,1.594,1.0,640000000.0,0.469,0.0,13000000.0,19694000000.0,,0.0,14889000000.0,,,12712000000.0,,,10741238740.0,69000000.0,0.0,9000000.0,0.0,-74000000.0,-88000000.0,-108000000.0,-109000000.0,265000000.0,0.0,188000000.0,188000000.0,188000000.0,0.0,0.0,0.138,362000000.0,278000000.0,0.0,0.421,1.595,15.477,15.452,188000000.0,0.0,65.36,2.057,2.057,2231000000.0,4871000000.0,1364000000.0,1364000000.0,0.0,,,,,7000000.0,362000000.0,1.0,164339638.0,164339638.0,,8.3,19447000000.0,0.0,77000000.0,751000000.0,118.334,
22,CINF,MRQ,2015-12-31,2015-12-31,2015-12-31,2021-09-07,1344000000.0,18888000000.0,,,,,39.224,-3000000.0,544000000.0,544000000.0,677000000.0,156000000.0,,1.939,856000000.0,,,856000000.0,2201000000.0,13000000.0,0.0,0.039,0.92,229000000.0,242000000.0,0.192,242000000.0,229000000.0,216000000.0,0.96,0.94,0.96,6427000000.0,,6427000000.0,10137116272.0,11.0,10.281,317000000.0,1.935,1.0,586000000.0,0.464,0.0,13000000.0,19200000000.0,,0.0,14423000000.0,,,12461000000.0,,,9695116272.0,125000000.0,0.0,-2000000.0,0.0,-148000000.0,-191000000.0,-4000000.0,-3000000.0,320000000.0,0.0,156000000.0,156000000.0,156000000.0,0.0,0.0,0.124,357000000.0,229000000.0,0.0,0.958,1.508,15.292,15.289,185000000.0,0.0,59.17,1.885,1.885,2218000000.0,4762000000.0,1263000000.0,1263000000.0,0.0,,,,,4000000.0,357000000.0,1.0,163851889.0,163851889.0,,7.708,18888000000.0,0.0,60000000.0,638000000.0,115.275,
23,CINF,MRQ,2015-09-30,2015-09-30,2015-09-30,2021-09-07,1280000000.0,18751000000.0,,,,,38.698,-2000000.0,419000000.0,419000000.0,670000000.0,174000000.0,,1.953,861000000.0,,,861000000.0,2215000000.0,12000000.0,0.0,0.034,0.46,257000000.0,269000000.0,0.21,269000000.0,257000000.0,243000000.0,1.06,1.05,1.06,6350000000.0,,6350000000.0,9213195491.0,10.0,9.158,283000000.0,1.725,1.0,608000000.0,0.476,0.0,14000000.0,19193000000.0,,0.0,14426000000.0,,,12401000000.0,,,8828195491.0,-68000000.0,0.0,-18000000.0,-14000000.0,-73000000.0,-122000000.0,-231000000.0,-227000000.0,285000000.0,0.0,174000000.0,174000000.0,174000000.0,0.0,0.0,0.136,351000000.0,257000000.0,0.0,0.434,1.39,13.687,13.69,188000000.0,0.0,53.8,1.717,1.717,2259000000.0,4756000000.0,1278000000.0,1278000000.0,0.0,,,,,5000000.0,351000000.0,1.0,164092853.0,164092853.0,,7.788,18751000000.0,0.0,69000000.0,596000000.0,114.271,
24,CINF,MRQ,2015-06-30,2015-06-30,2015-06-30,2021-09-07,1514000000.0,18888000000.0,,,,,39.53,-4000000.0,487000000.0,487000000.0,712000000.0,176000000.0,,1.907,872000000.0,,,872000000.0,2191000000.0,13000000.0,0.0,0.036,0.46,261000000.0,274000000.0,0.208,274000000.0,261000000.0,248000000.0,1.07,1.06,1.07,6497000000.0,,6497000000.0,8481494576.0,9.0,8.299,251000000.0,1.527,1.0,604000000.0,0.459,0.0,13000000.0,19273000000.0,,0.0,14551000000.0,,,12391000000.0,,,8247494576.0,-153000000.0,0.0,-16000000.0,0.0,-74000000.0,-107000000.0,-301000000.0,-297000000.0,255000000.0,0.0,176000000.0,176000000.0,176000000.0,0.0,0.0,0.134,343000000.0,261000000.0,0.0,0.43,1.269,12.611,12.576,187000000.0,0.0,50.18,1.604,1.604,2262000000.0,4658000000.0,1316000000.0,1316000000.0,0.0,,,,,4000000.0,343000000.0,1.0,164358202.0,164358202.0,,8.007,18888000000.0,0.0,72000000.0,717000000.0,114.92,
25,CINF,MRQ,2015-03-31,2015-03-31,2015-03-31,2021-09-07,1716000000.0,18897000000.0,,,,,40.252,-1000000.0,640000000.0,640000000.0,749000000.0,128000000.0,,1.86,874000000.0,,,874000000.0,2109000000.0,14000000.0,0.0,0.033,0.46,187000000.0,201000000.0,0.156,201000000.0,187000000.0,174000000.0,0.78,0.77,0.78,6608000000.0,,6608000000.0,9031781903.0,11.0,10.263,214000000.0,1.304,1.0,536000000.0,0.417,0.0,13000000.0,19131000000.0,,0.0,14476000000.0,,,12289000000.0,,,8746781903.0,49000000.0,0.0,7000000.0,0.0,-71000000.0,-78000000.0,-88000000.0,-88000000.0,215000000.0,0.0,128000000.0,128000000.0,128000000.0,0.0,0.0,0.1,349000000.0,187000000.0,0.0,0.59,1.324,15.564,15.534,189000000.0,0.0,53.28,1.735,1.735,2194000000.0,4557000000.0,1285000000.0,1285000000.0,0.0,,,,,7000000.0,349000000.0,1.0,164166327.0,164166327.0,,7.827,18897000000.0,0.0,46000000.0,824000000.0,115.109,
26,CINF,MRQ,2014-12-31,2014-12-31,2014-12-31,2021-09-07,1744000000.0,18748000000.0,,,,,40.204,-3000000.0,591000000.0,591000000.0,675000000.0,167000000.0,,1.852,871000000.0,,,871000000.0,2082000000.0,13000000.0,0.0,0.034,0.44,249000000.0,262000000.0,0.208,262000000.0,249000000.0,236000000.0,1.02,1.01,1.02,6573000000.0,,6573000000.0,8939709557.0,12.0,10.836,237000000.0,1.45,1.0,587000000.0,0.465,0.0,13000000.0,19028000000.0,,0.0,14386000000.0,,,12175000000.0,,,8473709557.0,179000000.0,0.0,8000000.0,0.0,-70000000.0,-81000000.0,20000000.0,21000000.0,240000000.0,0.0,167000000.0,167000000.0,167000000.0,0.0,0.0,0.132,338000000.0,249000000.0,0.0,0.431,1.289,16.14,16.146,194000000.0,0.0,51.83,1.714,1.714,2177000000.0,4505000000.0,1262000000.0,1262000000.0,0.0,,,,,4000000.0,338000000.0,1.0,163490441.0,163490441.0,,7.719,18748000000.0,0.0,69000000.0,840000000.0,114.673,
27,CINF,MRQ,2014-09-30,2014-09-30,2014-09-30,2021-09-07,1658000000.0,18474000000.0,,,,,38.961,-1000000.0,412000000.0,412000000.0,686000000.0,183000000.0,,1.897,878000000.0,,,878000000.0,2128000000.0,13000000.0,0.0,0.037,0.44,272000000.0,285000000.0,0.223,285000000.0,272000000.0,259000000.0,1.12,1.11,1.12,6376000000.0,,6376000000.0,8117788066.0,11.0,10.625,281000000.0,1.717,1.0,594000000.0,0.464,0.0,13000000.0,18940000000.0,,0.0,14255000000.0,,,12098000000.0,,,7699788066.0,-50000000.0,0.0,-11000000.0,0.0,-70000000.0,-98000000.0,-234000000.0,-237000000.0,282000000.0,0.0,183000000.0,183000000.0,183000000.0,0.0,0.0,0.143,322000000.0,272000000.0,0.0,0.393,1.208,16.041,16.058,198000000.0,0.0,47.05,1.586,1.586,2220000000.0,4409000000.0,1280000000.0,1280000000.0,0.0,,,,,5000000.0,322000000.0,1.0,163651181.0,163651181.0,,7.822,18474000000.0,0.0,76000000.0,777000000.0,112.886,
28,CINF,MRQ,2014-06-30,2014-06-30,2014-06-30,2021-09-07,1732000000.0,18335000000.0,,,,,38.791,-2000000.0,462000000.0,462000000.0,763000000.0,84000000.0,,1.891,880000000.0,,,880000000.0,2110000000.0,12000000.0,0.0,0.036,0.44,120000000.0,132000000.0,0.109,132000000.0,120000000.0,107000000.0,0.51,0.51,0.51,6343000000.0,,6343000000.0,8272458909.0,13.0,12.094,220000000.0,1.345,1.0,451000000.0,0.371,0.0,13000000.0,18753000000.0,,0.0,14060000000.0,,,11992000000.0,,,7855458909.0,-59000000.0,0.0,3000000.0,-55000000.0,-71000000.0,-145000000.0,-136000000.0,-136000000.0,222000000.0,0.0,84000000.0,84000000.0,84000000.0,0.0,0.0,0.069,331000000.0,120000000.0,0.0,0.863,1.238,18.354,18.406,203000000.0,0.0,48.04,1.662,1.662,2210000000.0,4299000000.0,1214000000.0,1214000000.0,0.0,,,,,4000000.0,331000000.0,1.0,163519128.0,163519128.0,,7.424,18335000000.0,0.0,23000000.0,810000000.0,112.128,
29,CINF,MRQ,2014-03-31,2014-03-31,2014-03-31,2021-09-07,1578000000.0,17942000000.0,,,,,37.723,-3000000.0,521000000.0,521000000.0,732000000.0,91000000.0,,1.909,938000000.0,,,938000000.0,2035000000.0,13000000.0,0.0,0.035,0.44,133000000.0,146000000.0,0.123,146000000.0,133000000.0,119000000.0,0.56,0.55,0.56,6168000000.0,,6168000000.0,8462207556.0,13.0,11.672,126000000.0,0.771,1.0,457000000.0,0.384,0.0,14000000.0,18359000000.0,,0.0,13678000000.0,,,11774000000.0,,,7956207556.0,88000000.0,0.0,1000000.0,0.0,-67000000.0,-80000000.0,39000000.0,41000000.0,129000000.0,0.0,91000000.0,91000000.0,91000000.0,0.0,0.0,0.077,324000000.0,133000000.0,0.0,0.786,1.29,17.525,17.567,207000000.0,0.0,48.66,1.723,1.723,2168000000.0,4287000000.0,1189000000.0,1189000000.0,0.0,,,,,6000000.0,324000000.0,1.0,163506115.0,163506115.0,,7.272,17942000000.0,0.0,28000000.0,721000000.0,109.733,
30,CINF,MRQ,2013-12-31,2013-12-31,2013-12-31,2021-09-07,1504000000.0,17662000000.0,,,,,37.05,-2000000.0,433000000.0,433000000.0,664000000.0,122000000.0,,1.91,939000000.0,,,939000000.0,1976000000.0,20000000.0,0.0,0.032,0.42,181000000.0,201000000.0,0.172,201000000.0,181000000.0,167000000.0,0.74,0.73,0.74,6070000000.0,,6070000000.0,9004814649.0,12.0,11.008,256000000.0,1.563,1.0,508000000.0,0.433,0.0,14000000.0,18168000000.0,,0.0,13564000000.0,,,11592000000.0,,,8579814649.0,-78000000.0,0.0,-44000000.0,0.0,-68000000.0,-147000000.0,-189000000.0,-188000000.0,258000000.0,0.0,122000000.0,122000000.0,122000000.0,0.0,0.0,0.104,327000000.0,181000000.0,0.0,0.568,1.413,16.595,16.573,210000000.0,0.0,52.37,1.894,1.894,2125000000.0,4268000000.0,1172000000.0,1172000000.0,0.0,,,,,4000000.0,327000000.0,1.0,163830717.0,163830717.0,,7.154,17662000000.0,0.0,45000000.0,673000000.0,107.806,
31,CINF,MRQ,2013-09-30,2013-09-30,2013-09-30,2021-09-07,1267000000.0,17339000000.0,,,,,35.535,-2000000.0,511000000.0,511000000.0,642000000.0,131000000.0,,1.981,936000000.0,,,936000000.0,2026000000.0,10000000.0,0.0,0.035,0.42,195000000.0,205000000.0,0.178,205000000.0,195000000.0,182000000.0,0.8,0.79,0.8,5816000000.0,,5816000000.0,8273596179.0,9.0,9.042,285000000.0,1.741,1.0,510000000.0,0.443,0.0,13000000.0,17764000000.0,,0.0,13090000000.0,,,11523000000.0,,,7718596179.0,129000000.0,0.0,5000000.0,0.0,-65000000.0,-68000000.0,-90000000.0,-89000000.0,287000000.0,0.0,131000000.0,131000000.0,131000000.0,0.0,0.0,0.114,315000000.0,195000000.0,0.0,0.525,1.327,13.149,13.1,211000000.0,0.0,47.16,1.743,1.743,2197000000.0,4214000000.0,1152000000.0,1152000000.0,0.0,,,,,4000000.0,315000000.0,1.0,163668282.0,163668282.0,,7.039,17339000000.0,0.0,51000000.0,542000000.0,105.94,
32,CINF,MRQ,2013-06-30,2013-06-30,2013-06-30,2021-09-07,1221000000.0,17034000000.0,,,,,34.87,-2000000.0,382000000.0,382000000.0,631000000.0,110000000.0,,1.989,937000000.0,,,937000000.0,1947000000.0,11000000.0,0.0,0.035,0.407,162000000.0,173000000.0,0.157,173000000.0,162000000.0,148000000.0,0.67,0.66,0.67,5699000000.0,,5699000000.0,8059971982.0,10.0,9.097,192000000.0,1.175,1.0,473000000.0,0.428,0.0,14000000.0,17589000000.0,,0.0,12933000000.0,,,11335000000.0,,,7504971982.0,2000000.0,0.0,6000000.0,0.0,-65000000.0,-64000000.0,-128000000.0,-127000000.0,194000000.0,0.0,110000000.0,110000000.0,110000000.0,0.0,0.0,0.1,311000000.0,162000000.0,0.0,0.607,1.317,13.236,13.158,213000000.0,0.0,45.92,1.74,1.74,2153000000.0,4152000000.0,1104000000.0,1104000000.0,0.0,,,,,5000000.0,311000000.0,1.0,163435801.0,163435801.0,,6.755,17034000000.0,0.0,38000000.0,512000000.0,104.224,
33,CINF,MRQ,2013-03-31,2013-03-31,2013-03-31,2021-09-07,1362000000.0,17037000000.0,,,,,35.441,-1000000.0,380000000.0,380000000.0,568000000.0,154000000.0,,1.945,935000000.0,,,935000000.0,1875000000.0,9000000.0,0.0,0.034,0.407,230000000.0,239000000.0,0.217,239000000.0,230000000.0,217000000.0,0.95,0.94,0.95,5785000000.0,,5785000000.0,8151579318.0,11.0,10.642,56000000.0,0.343,1.0,535000000.0,0.485,0.0,13000000.0,17592000000.0,,0.0,13037000000.0,,,11252000000.0,,,7707579318.0,-107000000.0,0.0,6000000.0,0.0,-65000000.0,-62000000.0,-102000000.0,-103000000.0,57000000.0,0.0,154000000.0,154000000.0,154000000.0,0.0,0.0,0.14,305000000.0,230000000.0,0.0,0.428,1.332,15.762,15.636,216000000.0,0.0,47.22,1.823,1.823,2130000000.0,4109000000.0,1103000000.0,1103000000.0,0.0,,,,,5000000.0,305000000.0,1.0,163227008.0,163227008.0,,6.757,17037000000.0,0.0,63000000.0,588000000.0,104.376,
34,CINF,MRQ,2012-12-31,2012-12-31,2012-12-31,2021-09-07,1129000000.0,16548000000.0,,,,,33.519,-1000000.0,487000000.0,487000000.0,482000000.0,192000000.0,,2.035,931000000.0,,,931000000.0,1792000000.0,12000000.0,0.0,0.041,0.407,286000000.0,298000000.0,0.279,298000000.0,286000000.0,273000000.0,1.18,1.17,1.18,5453000000.0,,5453000000.0,6886791240.0,11.0,10.372,204000000.0,1.254,1.0,588000000.0,0.55,0.0,13000000.0,16992000000.0,,0.0,12534000000.0,,,11095000000.0,,,6370791240.0,71000000.0,0.0,4000000.0,0.0,-65000000.0,-87000000.0,-47000000.0,-49000000.0,205000000.0,0.0,192000000.0,192000000.0,192000000.0,0.0,0.0,0.179,302000000.0,286000000.0,0.0,0.345,1.168,15.133,15.12,217000000.0,0.0,39.16,1.55,1.55,2045000000.0,4021000000.0,1070000000.0,1070000000.0,0.0,,,,,4000000.0,302000000.0,1.0,162686191.0,162686191.0,,6.577,16548000000.0,0.0,81000000.0,453000000.0,101.717,
35,CINF,MRQ,2012-09-30,2012-09-30,2012-09-30,2021-09-07,1171000000.0,16479000000.0,,,,,32.974,-1000000.0,416000000.0,416000000.0,571000000.0,111000000.0,,2.075,932000000.0,,,932000000.0,1818000000.0,10000000.0,0.0,0.043,0.408,166000000.0,176000000.0,0.17,176000000.0,166000000.0,152000000.0,0.69,0.68,0.69,5359000000.0,,5359000000.0,6826694431.0,13.0,11.977,167000000.0,1.028,1.0,464000000.0,0.448,0.0,14000000.0,16995000000.0,,0.0,12533000000.0,,,11120000000.0,,,6154694431.0,153000000.0,0.0,3000000.0,0.0,-63000000.0,-62000000.0,47000000.0,49000000.0,168000000.0,0.0,111000000.0,111000000.0,111000000.0,0.0,0.0,0.107,298000000.0,166000000.0,0.0,0.591,1.148,16.955,16.906,223000000.0,0.0,37.87,1.54,1.54,2054000000.0,3896000000.0,1035000000.0,1035000000.0,0.0,,,,,4000000.0,298000000.0,1.0,162521638.0,162521638.0,,6.368,16479000000.0,0.0,41000000.0,453000000.0,101.396,
36,CINF,MRQ,2012-06-30,2012-06-30,2012-06-30,2021-09-07,1010000000.0,16089000000.0,,,,,31.673,-2000000.0,263000000.0,263000000.0,687000000.0,32000000.0,,2.128,935000000.0,,,935000000.0,1762000000.0,11000000.0,0.0,0.042,0.403,42000000.0,53000000.0,0.052,53000000.0,42000000.0,29000000.0,0.2,0.2,0.2,5144000000.0,,5144000000.0,6695914665.0,17.0,15.464,115000000.0,0.708,1.0,333000000.0,0.326,0.0,13000000.0,16761000000.0,,0.0,12231000000.0,,,10945000000.0,,,6182914665.0,-161000000.0,0.0,2000000.0,0.0,-64000000.0,-74000000.0,-204000000.0,-203000000.0,117000000.0,0.0,32000000.0,32000000.0,32000000.0,0.0,0.0,0.031,291000000.0,42000000.0,0.0,2.015,1.202,22.815,22.796,229000000.0,0.0,38.07,1.583,1.583,2005000000.0,3851000000.0,1020000000.0,1020000000.0,0.0,,,,,4000000.0,291000000.0,1.0,162409106.0,162409106.0,,6.28,16089000000.0,0.0,-3000000.0,359000000.0,99.065,
37,CINF,MRQ,2012-03-31,2012-03-31,2012-03-31,2021-09-07,1047000000.0,16022000000.0,,,,,32.086,-2000000.0,424000000.0,424000000.0,582000000.0,86000000.0,,2.077,937000000.0,,,937000000.0,1680000000.0,11000000.0,0.0,0.047,0.403,126000000.0,137000000.0,0.139,137000000.0,126000000.0,112000000.0,0.53,0.53,0.53,5207000000.0,,5207000000.0,6087320692.0,23.0,19.828,146000000.0,0.9,1.0,404000000.0,0.41,0.0,14000000.0,16535000000.0,,0.0,12153000000.0,,,10815000000.0,,,5600320692.0,-14000000.0,0.0,1000000.0,0.0,-64000000.0,-62000000.0,-100000000.0,-100000000.0,148000000.0,0.0,86000000.0,86000000.0,86000000.0,0.0,0.0,0.087,278000000.0,126000000.0,0.0,0.76,1.076,29.631,29.75,235000000.0,0.0,34.51,1.451,1.451,1944000000.0,3884000000.0,986000000.0,986000000.0,0.0,,,,,4000000.0,278000000.0,1.0,162281098.0,162281098.0,,6.076,16022000000.0,0.0,26000000.0,388000000.0,98.73,
38,CINF,MRQ,2011-12-31,2011-12-31,2011-12-31,2021-09-07,901000000.0,15635000000.0,,,,,31.053,5000000.0,438000000.0,438000000.0,492000000.0,134000000.0,,2.106,925000000.0,,,925000000.0,1633000000.0,4000000.0,0.0,0.053,0.403,200000000.0,204000000.0,0.214,204000000.0,200000000.0,186000000.0,0.82,0.82,0.82,5033000000.0,,5033000000.0,5522917019.0,24.0,20.531,104000000.0,0.642,1.0,463000000.0,0.485,0.0,14000000.0,16122000000.0,,0.0,11801000000.0,,,10602000000.0,,,4936917019.0,130000000.0,0.0,-1000000.0,0.0,-64000000.0,-32000000.0,63000000.0,56000000.0,99000000.0,0.0,134000000.0,134000000.0,134000000.0,0.0,0.0,0.14,263000000.0,200000000.0,0.0,0.491,0.981,30.103,30.158,227000000.0,0.0,30.46,1.298,1.298,1928000000.0,3863000000.0,955000000.0,955000000.0,0.0,,,,,3000000.0,263000000.0,1.0,162078694.0,162078694.0,,5.892,15635000000.0,0.0,52000000.0,303000000.0,96.465,
39,CINF,MRQ,2011-09-30,2011-09-30,2011-09-30,2021-09-07,703000000.0,15412000000.0,,,,,29.336,-8000000.0,308000000.0,308000000.0,656000000.0,19000000.0,,2.22,894000000.0,,,894000000.0,1657000000.0,15000000.0,0.0,0.061,0.403,24000000.0,39000000.0,0.041,39000000.0,24000000.0,11000000.0,0.12,0.12,0.12,4786000000.0,,4786000000.0,4821637787.0,23.0,18.474,136000000.0,0.834,1.0,288000000.0,0.305,0.0,13000000.0,15998000000.0,,0.0,11529000000.0,,,10626000000.0,,,4295637787.0,-5000000.0,0.0,-31000000.0,55000000.0,-64000000.0,-52000000.0,-97000000.0,-92000000.0,144000000.0,0.0,19000000.0,19000000.0,19000000.0,0.0,0.0,0.02,264000000.0,24000000.0,0.0,3.358,0.898,27.894,27.716,228000000.0,0.0,26.33,1.135,1.135,2028000000.0,3816000000.0,944000000.0,944000000.0,0.0,,,,,3000000.0,264000000.0,1.0,163146137.0,163146137.0,,5.786,15412000000.0,0.0,-8000000.0,191000000.0,94.467,
40,CINF,MRQ,2011-06-30,2011-06-30,2011-06-30,2021-09-07,903000000.0,15702000000.0,,,,,31.011,-2000000.0,313000000.0,313000000.0,801000000.0,-50000000.0,,2.105,839000000.0,,,839000000.0,1630000000.0,12000000.0,0.0,0.055,0.4,-85000000.0,-73000000.0,-0.075,-73000000.0,-85000000.0,-99000000.0,-0.31,-0.31,-0.31,5057000000.0,,5057000000.0,5218395819.0,12.0,11.127,-55000000.0,-0.337,1.0,174000000.0,0.178,0.0,14000000.0,16228000000.0,,0.0,11757000000.0,,,10645000000.0,,,4758395819.0,-66000000.0,0.0,1000000.0,0.0,-63000000.0,-69000000.0,56000000.0,56000000.0,-53000000.0,0.0,-50000000.0,-50000000.0,-50000000.0,0.0,0.0,-0.051,259000000.0,-85000000.0,0.0,-1.29,0.941,16.352,16.393,234000000.0,0.0,29.18,1.217,1.217,2069000000.0,3862000000.0,975000000.0,975000000.0,0.0,,,,,4000000.0,259000000.0,1.0,163070453.0,163070453.0,,5.979,15702000000.0,0.0,-49000000.0,324000000.0,96.29,
41,CINF,MRQ,2011-03-31,2011-03-31,2011-03-31,2021-09-07,855000000.0,15369000000.0,,,,,31.399,-2000000.0,379000000.0,379000000.0,575000000.0,61000000.0,,2.003,839000000.0,,,839000000.0,1586000000.0,11000000.0,0.0,0.049,0.4,88000000.0,99000000.0,0.107,99000000.0,88000000.0,75000000.0,0.38,0.38,0.38,5118000000.0,,5118000000.0,5798770230.0,11.0,9.946,55000000.0,0.337,1.0,354000000.0,0.381,0.0,13000000.0,15829000000.0,,0.0,11704000000.0,,,10251000000.0,,,5344770230.0,-6000000.0,0.0,0.0,0.0,-64000000.0,-33000000.0,-30000000.0,-28000000.0,57000000.0,0.0,61000000.0,61000000.0,61000000.0,0.0,0.0,0.066,266000000.0,88000000.0,0.0,1.053,1.044,14.524,14.509,243000000.0,0.0,32.79,1.401,1.401,1844000000.0,3977000000.0,929000000.0,929000000.0,0.0,,,,,3000000.0,266000000.0,1.0,163000007.0,163000007.0,,5.699,15369000000.0,0.0,14000000.0,296000000.0,94.288,
42,CINF,MRQ,2010-12-31,2010-12-31,2010-12-31,2021-09-07,769000000.0,15095000000.0,,,,,30.921,-3000000.0,385000000.0,385000000.0,494000000.0,124000000.0,,2.0,856000000.0,,,856000000.0,1553000000.0,11000000.0,0.0,0.05,0.4,185000000.0,196000000.0,0.209,196000000.0,185000000.0,171000000.0,0.76,0.77,0.76,5032000000.0,,5032000000.0,5551104601.0,10.0,9.361,111000000.0,0.682,1.0,442000000.0,0.472,0.0,14000000.0,15566000000.0,,0.0,11508000000.0,,,10063000000.0,,,5157104601.0,-60000000.0,0.0,0.0,0.0,-63000000.0,-47000000.0,-127000000.0,-123000000.0,114000000.0,0.0,124000000.0,124000000.0,124000000.0,0.0,0.0,0.132,257000000.0,185000000.0,0.0,0.526,1.025,13.752,13.778,229000000.0,0.0,31.69,1.367,1.367,1797000000.0,3980000000.0,936000000.0,936000000.0,0.0,,,,,2000000.0,257000000.0,1.0,162736024.0,162736024.0,,5.752,15095000000.0,0.0,47000000.0,260000000.0,92.758,
43,CINF,MRQ,2010-09-30,2010-09-30,2010-09-30,2021-09-07,814000000.0,15070000000.0,,,,,30.798,-3000000.0,445000000.0,445000000.0,575000000.0,156000000.0,,2.008,839000000.0,,,839000000.0,1573000000.0,13000000.0,0.0,0.055,0.4,234000000.0,247000000.0,0.231,247000000.0,234000000.0,221000000.0,0.95,0.95,0.95,5010000000.0,,5010000000.0,5202268110.0,7.0,6.653,161000000.0,0.99,1.0,496000000.0,0.463,0.0,13000000.0,15464000000.0,,0.0,11305000000.0,,,10060000000.0,,,4688268110.0,120000000.0,0.0,0.0,0.0,-63000000.0,-57000000.0,13000000.0,17000000.0,164000000.0,0.0,156000000.0,156000000.0,156000000.0,0.0,0.0,0.146,262000000.0,234000000.0,0.0,0.421,0.936,9.452,9.449,236000000.0,0.0,28.82,1.181,1.181,1791000000.0,3919000000.0,1071000000.0,1071000000.0,0.0,,,,,3000000.0,262000000.0,1.0,162674119.0,162674119.0,,6.584,15070000000.0,0.0,65000000.0,247000000.0,92.639,
44,CINF,MRQ,2010-06-30,2010-06-30,2010-06-30,2021-09-07,636000000.0,14607000000.0,,,,,29.064,-3000000.0,325000000.0,325000000.0,595000000.0,27000000.0,,2.084,839000000.0,,,839000000.0,1572000000.0,7000000.0,0.0,0.061,0.395,34000000.0,41000000.0,0.047,41000000.0,34000000.0,21000000.0,0.17,0.17,0.17,4737000000.0,,4737000000.0,4653405911.0,6.0,5.817,140000000.0,0.859,1.0,283000000.0,0.322,0.0,13000000.0,15121000000.0,,0.0,11032000000.0,,,9870000000.0,,,4216405911.0,-77000000.0,0.0,-10000000.0,0.0,-63000000.0,-44000000.0,-176000000.0,-174000000.0,143000000.0,0.0,27000000.0,27000000.0,27000000.0,0.0,0.0,0.031,249000000.0,34000000.0,0.0,2.324,0.89,8.251,8.213,243000000.0,0.0,25.87,1.08,1.08,1806000000.0,3828000000.0,878000000.0,878000000.0,0.0,,,,,3000000.0,249000000.0,1.0,162984380.0,162984380.0,,5.387,14607000000.0,0.0,-6000000.0,145000000.0,89.622,
45,CINF,MRQ,2010-03-31,2010-03-31,2010-03-31,2021-09-07,722000000.0,14616000000.0,,,,,29.86,-8000000.0,402000000.0,402000000.0,516000000.0,68000000.0,,2.004,839000000.0,,,839000000.0,1549000000.0,10000000.0,0.0,0.054,0.395,99000000.0,109000000.0,0.123,109000000.0,99000000.0,85000000.0,0.42,0.42,0.42,4865000000.0,,4865000000.0,4992203901.0,7.0,6.848,102000000.0,0.626,1.0,371000000.0,0.418,0.0,14000000.0,15053000000.0,,0.0,11002000000.0,,,9751000000.0,,,4710203901.0,-155000000.0,0.0,0.0,0.0,-63000000.0,-26000000.0,-239000000.0,-232000000.0,110000000.0,0.0,68000000.0,68000000.0,68000000.0,0.0,0.0,0.077,272000000.0,99000000.0,0.0,0.94,0.968,10.129,10.108,249000000.0,0.0,28.91,1.207,1.207,1808000000.0,3865000000.0,887000000.0,887000000.0,0.0,,,,,3000000.0,272000000.0,1.0,162926458.0,162926458.0,,5.444,14616000000.0,0.0,17000000.0,206000000.0,89.709,
46,CINF,MRQ,2009-12-31,2009-12-31,2009-12-31,2021-09-07,624000000.0,14440000000.0,,,,,29.256,-11000000.0,557000000.0,557000000.0,505000000.0,245000000.0,,2.034,839000000.0,,,839000000.0,1509000000.0,17000000.0,0.0,0.06,0.395,368000000.0,385000000.0,0.34,385000000.0,368000000.0,355000000.0,1.51,1.5,1.51,4760000000.0,,4760000000.0,4660281876.0,7.0,6.904,152000000.0,0.934,1.0,628000000.0,0.554,0.0,13000000.0,14722000000.0,,0.0,10643000000.0,,,9680000000.0,,,4269281876.0,109000000.0,0.0,0.0,0.0,-63000000.0,-23000000.0,-31000000.0,-18000000.0,163000000.0,0.0,245000000.0,245000000.0,245000000.0,0.0,0.0,0.216,260000000.0,368000000.0,0.0,0.262,0.897,9.883,9.865,251000000.0,0.0,26.24,1.094,1.094,1878000000.0,3862000000.0,1133000000.0,1133000000.0,0.0,,,,,2000000.0,260000000.0,1.0,162701291.0,162701291.0,,6.964,14440000000.0,0.0,110000000.0,152000000.0,88.752,
47,CINF,MRQ,2009-09-30,2009-09-30,2009-09-30,2021-09-07,675000000.0,14226000000.0,,,,,28.444,-11000000.0,448000000.0,448000000.0,498000000.0,171000000.0,,2.075,839000000.0,,,839000000.0,1557000000.0,7000000.0,0.0,0.06,0.395,258000000.0,265000000.0,0.263,265000000.0,258000000.0,244000000.0,1.05,1.05,1.05,4626000000.0,,4626000000.0,4811888848.0,10.0,9.079,194000000.0,1.193,1.0,509000000.0,0.505,0.0,14000000.0,14617000000.0,,0.0,10428000000.0,,,9600000000.0,,,4226888848.0,194000000.0,0.0,0.0,0.0,-62000000.0,-12000000.0,1000000.0,16000000.0,205000000.0,0.0,171000000.0,171000000.0,171000000.0,0.0,0.0,0.17,251000000.0,258000000.0,0.0,0.376,0.914,12.146,12.145,258000000.0,0.0,25.99,1.116,1.116,1950000000.0,3681000000.0,1007000000.0,1007000000.0,0.0,,,,,3000000.0,251000000.0,1.0,162635200.0,162635200.0,,6.192,14226000000.0,0.0,73000000.0,142000000.0,87.472,
48,CINF,MRQ,2009-06-30,2009-06-30,2009-06-30,2021-09-07,304000000.0,13522000000.0,,,,,25.492,-12000000.0,254000000.0,254000000.0,658000000.0,-19000000.0,,2.263,839000000.0,,,839000000.0,1565000000.0,6000000.0,0.0,0.07,0.39,-36000000.0,-30000000.0,-0.034,-30000000.0,-36000000.0,-50000000.0,-0.12,-0.12,-0.12,4144000000.0,,4144000000.0,3957236115.0,6.0,6.154,105000000.0,0.646,1.0,216000000.0,0.247,0.0,14000000.0,14107000000.0,,0.0,9708000000.0,,,9378000000.0,,,3633236115.0,-261000000.0,0.0,0.0,0.0,-61000000.0,-51000000.0,-327000000.0,-315000000.0,117000000.0,0.0,-19000000.0,-19000000.0,-19000000.0,0.0,0.0,-0.022,252000000.0,-36000000.0,0.0,-3.25,0.877,8.569,8.596,249000000.0,0.0,22.35,0.916,0.916,2004000000.0,3575000000.0,874000000.0,874000000.0,0.0,,,,,2000000.0,252000000.0,1.0,162560900.0,162560900.0,,5.376,13522000000.0,73000000.0,-31000000.0,0.0,83.181,
49,CINF,MRQ,2009-03-31,2009-03-31,2009-03-31,2021-09-07,69000000.0,13108000000.0,,,,,23.883,-8000000.0,515000000.0,515000000.0,581000000.0,35000000.0,,2.377,839000000.0,,,839000000.0,1582000000.0,8000000.0,0.0,0.068,0.39,48000000.0,56000000.0,0.063,56000000.0,48000000.0,34000000.0,0.22,0.22,0.22,3881000000.0,,3881000000.0,3547433250.0,5.0,4.662,32000000.0,0.197,1.0,309000000.0,0.347,0.0,14000000.0,13432000000.0,,0.0,8876000000.0,,,9227000000.0,,,3716433250.0,-494000000.0,0.0,0.0,0.0,-63000000.0,-76000000.0,-458000000.0,-447000000.0,40000000.0,0.0,35000000.0,35000000.0,35000000.0,0.0,0.0,0.039,261000000.0,48000000.0,0.0,1.773,0.958,7.345,7.377,236000000.0,0.0,22.87,0.927,0.927,2004000000.0,3551000000.0,890000000.0,890000000.0,0.0,,,,,3000000.0,261000000.0,1.0,162502547.0,162502547.0,,5.477,13108000000.0,275000000.0,-1000000.0,0.0,80.663,
50,CINF,MRQ,2008-12-31,2008-12-31,2008-12-31,2021-09-07,347000000.0,13369000000.0,,,,,25.754,-8000000.0,1009000000.0,1009000000.0,500000000.0,161000000.0,,2.197,840000000.0,,,840000000.0,1544000000.0,5000000.0,0.0,0.054,0.39,234000000.0,239000000.0,0.235,239000000.0,234000000.0,220000000.0,0.99,0.98,0.99,4182000000.0,,4182000000.0,5233472037.0,9.0,8.374,-6000000.0,-0.037,1.0,518000000.0,0.509,0.0,14000000.0,13200000000.0,,0.0,8890000000.0,,,9187000000.0,,,4720472037.0,662000000.0,0.0,0.0,-20000000.0,-64000000.0,-92000000.0,752000000.0,763000000.0,2000000.0,0.0,161000000.0,161000000.0,161000000.0,0.0,0.0,0.158,284000000.0,234000000.0,0.0,0.394,1.129,11.003,11.053,236000000.0,0.0,29.07,1.234,1.234,2002000000.0,3579000000.0,1018000000.0,1018000000.0,0.0,,,,,6000000.0,284000000.0,1.0,162382939.0,162382939.0,,6.269,13369000000.0,126000000.0,59000000.0,0.0,82.33,
51,CINF,MRQ,2008-09-30,2008-09-30,2008-09-30,2021-09-07,956000000.0,14303000000.0,,,,,28.864,-8000000.0,347000000.0,347000000.0,563000000.0,247000000.0,,2.052,860000000.0,,,860000000.0,1583000000.0,8000000.0,0.0,0.054,0.39,370000000.0,378000000.0,0.319,378000000.0,370000000.0,356000000.0,1.51,1.5,1.51,4687000000.0,,4687000000.0,5145121669.0,8.0,7.772,140000000.0,0.862,1.0,623000000.0,0.525,0.0,14000000.0,14816000000.0,,0.0,10160000000.0,,,9616000000.0,,,4618121669.0,14000000.0,0.0,1000000.0,0.0,-63000000.0,-607000000.0,473000000.0,487000000.0,148000000.0,0.0,247000000.0,247000000.0,247000000.0,0.0,0.0,0.208,253000000.0,370000000.0,0.0,0.258,0.985,10.172,10.342,235000000.0,0.0,28.44,1.221,1.221,2132000000.0,3482000000.0,1186000000.0,1186000000.0,0.0,,,,,3000000.0,253000000.0,1.0,162381212.0,162381212.0,,7.304,14303000000.0,0.0,109000000.0,236000000.0,88.083,
52,CINF,MRQ,2008-06-30,2008-06-30,2008-06-30,2021-09-07,1163000000.0,14811000000.0,,,,,28.848,-9000000.0,333000000.0,333000000.0,595000000.0,63000000.0,,2.147,860000000.0,,,860000000.0,1609000000.0,11000000.0,0.0,0.059,0.39,77000000.0,88000000.0,0.096,88000000.0,77000000.0,64000000.0,0.38,0.38,0.38,4707000000.0,,4707000000.0,4767346728.0,11.0,10.208,147000000.0,0.901,1.0,322000000.0,0.351,0.0,13000000.0,15338000000.0,,0.0,10970000000.0,,,10104000000.0,,,4144346728.0,96000000.0,0.0,-41000000.0,0.0,-64000000.0,-223000000.0,163000000.0,180000000.0,156000000.0,0.0,63000000.0,63000000.0,63000000.0,0.0,0.0,0.069,245000000.0,77000000.0,529000000.0,1.026,0.88,12.521,12.959,234000000.0,0.0,25.4,1.158,1.158,2128000000.0,3298000000.0,917000000.0,917000000.0,0.0,,,,,2000000.0,245000000.0,1.0,163163257.0,163163257.0,,5.62,14811000000.0,0.0,1000000.0,380000000.0,90.774,
53,CINF,MRQ,2008-03-31,2008-03-31,2008-03-31,2021-09-07,1880000000.0,15945000000.0,,,,,32.931,-11000000.0,237000000.0,237000000.0,536000000.0,-42000000.0,,1.926,860000000.0,,,860000000.0,1585000000.0,8000000.0,0.0,0.038,0.39,-88000000.0,-80000000.0,-0.114,-80000000.0,-88000000.0,-100000000.0,-0.26,-0.26,-0.26,5449000000.0,,5449000000.0,6928330748.0,8.0,7.622,167000000.0,1.009,1.0,168000000.0,0.239,0.0,12000000.0,16568000000.0,,0.0,12323000000.0,,,10496000000.0,,,6294330748.0,11000000.0,0.0,-95000000.0,0.0,-59000000.0,-288000000.0,121000000.0,132000000.0,178000000.0,0.0,-42000000.0,-42000000.0,-42000000.0,0.0,0.0,-0.06,256000000.0,-88000000.0,635000000.0,-1.5,1.155,10.169,10.508,242000000.0,0.0,38.04,1.601,1.601,2085000000.0,3298000000.0,704000000.0,704000000.0,0.0,,,,,4000000.0,241000000.0,1.0,165466108.0,165466108.0,,4.255,15945000000.0,0.0,-58000000.0,750000000.0,96.364,
54,CINF,MRQ,2007-12-31,2007-12-31,2007-12-31,2021-09-07,2151000000.0,16637000000.0,,,,,35.717,-19000000.0,226000000.0,226000000.0,430000000.0,186000000.0,,1.806,860000000.0,,,860000000.0,1564000000.0,10000000.0,0.0,0.036,0.355,266000000.0,276000000.0,0.283,276000000.0,266000000.0,253000000.0,1.12,1.11,1.12,5929000000.0,,5929000000.0,7240596901.0,6.0,5.657,166000000.0,1.0,1.0,546000000.0,0.559,0.0,13000000.0,17271000000.0,,0.0,13021000000.0,,,10708000000.0,,,6563596901.0,43000000.0,0.0,-158000000.0,0.0,-60000000.0,-247000000.0,105000000.0,126000000.0,185000000.0,0.0,186000000.0,186000000.0,186000000.0,0.0,0.0,0.191,280000000.0,266000000.0,760000000.0,0.317,1.107,7.677,7.892,239000000.0,0.0,39.54,1.541,1.541,2090000000.0,3404000000.0,976000000.0,976000000.0,0.0,,,,,3000000.0,320000000.0,1.0,165998910.0,165998910.0,,5.88,16637000000.0,0.0,67000000.0,977000000.0,100.224,
55,CINF,MRQ,2007-09-30,2007-09-30,2007-09-30,2021-09-07,2735000000.0,17622000000.0,,,,,38.049,-17000000.0,183000000.0,183000000.0,559000000.0,124000000.0,,1.695,860000000.0,,,860000000.0,1619000000.0,10000000.0,0.0,0.032,0.355,173000000.0,183000000.0,0.186,183000000.0,173000000.0,160000000.0,0.72,0.72,0.72,6538000000.0,,6538000000.0,8159987227.0,7.0,6.789,168000000.0,0.978,1.0,423000000.0,0.431,0.0,13000000.0,18299000000.0,,0.0,14036000000.0,,,11084000000.0,,,7441987227.0,61000000.0,0.0,-77000000.0,20000000.0,-61000000.0,-348000000.0,224000000.0,237000000.0,185000000.0,0.0,124000000.0,124000000.0,124000000.0,0.0,0.0,0.126,250000000.0,173000000.0,768000000.0,0.493,1.138,9.314,9.354,227000000.0,0.0,43.31,1.74,1.74,2138000000.0,3277000000.0,982000000.0,982000000.0,0.0,,,,,3000000.0,226000000.0,1.0,171830691.0,171830691.0,,5.715,17622000000.0,0.0,36000000.0,1287000000.0,102.554,
56,CINF,MRQ,2007-06-30,2007-06-30,2007-06-30,2021-09-07,3013000000.0,18264000000.0,,,,,39.76,-17000000.0,122000000.0,122000000.0,490000000.0,351000000.0,,1.676,840000000.0,,,840000000.0,1662000000.0,9000000.0,0.0,0.032,0.355,521000000.0,530000000.0,0.417,530000000.0,521000000.0,508000000.0,2.04,2.02,2.04,6826000000.0,,6826000000.0,8093994026.0,7.0,6.802,100000000.0,0.582,1.0,780000000.0,0.614,0.0,13000000.0,18982000000.0,,0.0,14688000000.0,,,11438000000.0,,,7450994026.0,-75000000.0,0.0,-13000000.0,0.0,-61000000.0,-100000000.0,-92000000.0,-76000000.0,117000000.0,0.0,351000000.0,351000000.0,351000000.0,0.0,0.0,0.276,259000000.0,521000000.0,976000000.0,0.174,1.092,9.432,9.476,212000000.0,0.0,43.4,1.748,1.748,2204000000.0,3213000000.0,1270000000.0,1270000000.0,0.0,,,,,3000000.0,247000000.0,1.0,171681890.0,171681890.0,,7.397,18264000000.0,0.0,157000000.0,1434000000.0,106.383,
57,CINF,MRQ,2007-03-31,2007-03-31,2007-03-31,2021-09-07,3193000000.0,18221000000.0,,,,,38.811,-17000000.0,197000000.0,197000000.0,484000000.0,194000000.0,,1.716,840000000.0,,,840000000.0,1640000000.0,7000000.0,0.0,0.032,0.355,284000000.0,291000000.0,0.282,291000000.0,284000000.0,271000000.0,1.12,1.11,1.12,6708000000.0,,6708000000.0,7966239998.0,10.0,9.306,201000000.0,1.163,1.0,547000000.0,0.531,0.0,13000000.0,18864000000.0,,0.0,14625000000.0,,,11513000000.0,,,7328239998.0,-5000000.0,0.0,-40000000.0,0.0,-58000000.0,876000000.0,-1099000000.0,-1078000000.0,218000000.0,0.0,194000000.0,194000000.0,194000000.0,0.0,0.0,0.188,263000000.0,284000000.0,984000000.0,0.317,1.092,12.834,12.81,204000000.0,0.0,42.4,1.845,1.845,2132000000.0,2923000000.0,1031000000.0,1031000000.0,0.0,,,,,5000000.0,258000000.0,1.0,172835849.0,172835849.0,,5.965,18221000000.0,0.0,77000000.0,1531000000.0,105.424,
58,CINF,MRQ,2006-12-31,2006-12-31,2006-12-31,2021-09-07,3379000000.0,17222000000.0,,,,,39.296,-15000000.0,202000000.0,202000000.0,532000000.0,130000000.0,,1.53,840000000.0,,,840000000.0,1579000000.0,12000000.0,0.0,0.03,0.335,186000000.0,198000000.0,0.199,198000000.0,186000000.0,172000000.0,0.75,0.74,0.75,6808000000.0,,6808000000.0,8450860673.0,6.0,5.951,180000000.0,1.039,1.0,462000000.0,0.465,0.0,14000000.0,17860000000.0,,0.0,13759000000.0,,,10414000000.0,,,7849860673.0,-37000000.0,0.0,-19000000.0,0.0,-58000000.0,-1110000000.0,878000000.0,894000000.0,195000000.0,0.0,130000000.0,130000000.0,130000000.0,0.0,0.0,0.131,276000000.0,186000000.0,0.0,0.447,1.153,8.441,8.453,193000000.0,0.0,45.31,1.725,1.725,2053000000.0,2786000000.0,994000000.0,994000000.0,0.0,,,,,3000000.0,251000000.0,1.0,173247863.0,173247863.0,,5.737,17222000000.0,0.0,42000000.0,1653000000.0,99.407,
59,CINF,MRQ,2006-09-30,2006-09-30,2006-09-30,2021-09-07,3093000000.0,17671000000.0,,,,,37.316,-9000000.0,239000000.0,239000000.0,549000000.0,115000000.0,,1.734,840000000.0,,,840000000.0,1623000000.0,10000000.0,0.0,0.027,0.335,161000000.0,171000000.0,0.177,171000000.0,161000000.0,148000000.0,0.67,0.66,0.67,6464000000.0,,6464000000.0,8972582429.0,6.0,5.958,172000000.0,0.993,1.0,418000000.0,0.432,0.0,13000000.0,18272000000.0,,0.0,14120000000.0,,,11207000000.0,,,8335582429.0,36000000.0,0.0,-3000000.0,0.0,-58000000.0,43000000.0,-188000000.0,-1077000000.0,181000000.0,0.0,115000000.0,115000000.0,115000000.0,0.0,0.0,0.119,257000000.0,161000000.0,1016000000.0,0.5,1.29,8.488,8.502,185000000.0,0.0,48.12,1.844,1.844,2101000000.0,2714000000.0,967000000.0,967000000.0,0.0,,,,,3000000.0,243000000.0,1.0,173224905.0,173224905.0,,5.582,17671000000.0,0.0,33000000.0,1497000000.0,102.012,
60,CINF,MRQ,2006-06-30,2006-06-30,2006-06-30,2021-09-07,2753000000.0,16936000000.0,,,,,35.002,-10000000.0,203000000.0,203000000.0,546000000.0,132000000.0,,1.792,840000000.0,,,840000000.0,1634000000.0,8000000.0,0.0,0.027,0.335,188000000.0,196000000.0,0.2,196000000.0,188000000.0,175000000.0,0.77,0.76,0.77,6065000000.0,,6065000000.0,8730701939.0,6.0,5.793,-118000000.0,-0.681,1.0,435000000.0,0.443,0.0,13000000.0,17573000000.0,,0.0,13412000000.0,,,10871000000.0,,,8145701939.0,-3000000.0,0.0,0.0,49000000.0,-59000000.0,548000000.0,-443000000.0,140000000.0,-108000000.0,0.0,132000000.0,132000000.0,132000000.0,0.0,0.0,0.135,247000000.0,188000000.0,898000000.0,0.435,1.343,8.278,8.306,184000000.0,0.0,47.01,1.811,1.811,2120000000.0,2656000000.0,981000000.0,981000000.0,0.0,,,,,4000000.0,240000000.0,1.0,173275940.0,173275940.0,,5.661,16936000000.0,0.0,43000000.0,1303000000.0,97.74,
61,CINF,MRQ,2006-03-31,2006-03-31,2006-03-31,2021-09-07,2972000000.0,16763000000.0,,,,,35.633,-18000000.0,206000000.0,206000000.0,501000000.0,552000000.0,,1.702,791000000.0,,,791000000.0,1610000000.0,8000000.0,0.0,0.03,0.335,847000000.0,855000000.0,0.532,855000000.0,847000000.0,834000000.0,3.17,3.13,3.17,6204000000.0,,6204000000.0,7996651200.0,5.0,5.172,329000000.0,1.89,1.0,1106000000.0,0.688,0.0,13000000.0,17348000000.0,,0.0,13307000000.0,,,10559000000.0,,,7324651200.0,87000000.0,0.0,-71000000.0,0.0,-53000000.0,201000000.0,-461000000.0,-108000000.0,347000000.0,0.0,552000000.0,552000000.0,552000000.0,0.0,0.0,0.343,259000000.0,847000000.0,330000000.0,0.106,1.181,7.252,7.266,183000000.0,0.0,42.07,1.643,1.643,2064000000.0,2581000000.0,1607000000.0,1607000000.0,0.0,,,,,7000000.0,249000000.0,1.0,174106280.0,174106280.0,,9.23,16763000000.0,0.0,282000000.0,1427000000.0,96.28,
62,CINF,MRQ,2005-12-31,2005-12-31,2005-12-31,2021-09-07,3284000000.0,16003000000.0,,,,,34.835,-10000000.0,119000000.0,119000000.0,441000000.0,183000000.0,,1.629,791000000.0,,,791000000.0,1559000000.0,11000000.0,0.0,0.027,0.305,273000000.0,284000000.0,0.294,284000000.0,273000000.0,261000000.0,1.05,1.03,1.05,6086000000.0,,6086000000.0,8499017600.0,10.0,9.37,230000000.0,1.316,1.0,525000000.0,0.543,0.0,12000000.0,16675000000.0,,0.0,12702000000.0,,,9917000000.0,,,7806017600.0,21000000.0,0.0,-14000000.0,0.0,-53000000.0,-70000000.0,-149000000.0,-137000000.0,240000000.0,0.0,183000000.0,183000000.0,183000000.0,0.0,0.0,0.189,252000000.0,273000000.0,0.0,0.29,1.283,12.967,12.988,168000000.0,0.0,44.68,2.072,2.072,2033000000.0,2088000000.0,966000000.0,966000000.0,0.0,,,,,0.0,240000000.0,1.0,174709436.0,174709436.0,,5.529,16003000000.0,0.0,78000000.0,1622000000.0,91.598,
63,CINF,MRQ,2005-09-30,2005-09-30,2005-09-30,2021-09-07,3329000000.0,15984000000.0,,,,,34.412,-11000000.0,98000000.0,98000000.0,528000000.0,117000000.0,,1.657,791000000.0,,,791000000.0,1606000000.0,8000000.0,0.0,0.028,0.305,164000000.0,172000000.0,0.182,172000000.0,164000000.0,151000000.0,0.67,0.66,0.67,6015000000.0,,6015000000.0,7941069135.0,9.0,8.736,222000000.0,1.27,1.0,416000000.0,0.441,0.0,13000000.0,16677000000.0,,0.0,12591000000.0,,,9969000000.0,,,7322069135.0,-74000000.0,0.0,-4000000.0,0.0,-53000000.0,-45000000.0,-262000000.0,-248000000.0,233000000.0,0.0,117000000.0,117000000.0,117000000.0,0.0,0.0,0.124,252000000.0,164000000.0,0.0,0.455,1.217,11.984,12.072,167000000.0,0.0,41.89,1.957,1.957,2102000000.0,1958000000.0,944000000.0,944000000.0,0.0,,,,,0.0,234000000.0,1.0,174792770.0,174792770.0,,5.401,15984000000.0,0.0,34000000.0,1604000000.0,91.445,
64,CINF,MRQ,2005-06-30,2005-06-30,2005-06-30,2021-09-07,3505000000.0,16024000000.0,,,,,34.953,-13000000.0,172000000.0,172000000.0,461000000.0,158000000.0,,1.613,791000000.0,,,791000000.0,1610000000.0,7000000.0,0.0,0.028,0.305,228000000.0,235000000.0,0.25,235000000.0,228000000.0,215000000.0,0.9,0.89,0.9,6132000000.0,,6132000000.0,7614162829.0,9.0,8.682,169000000.0,0.963,1.0,479000000.0,0.51,0.0,13000000.0,16643000000.0,,0.0,12600000000.0,,,9892000000.0,,,6940162829.0,55000000.0,0.0,-31000000.0,0.0,-52000000.0,-74000000.0,-53000000.0,-37000000.0,182000000.0,0.0,158000000.0,158000000.0,158000000.0,0.0,0.0,0.168,251000000.0,228000000.0,0.0,0.339,1.132,11.884,11.952,164000000.0,0.0,39.56,1.887,1.887,2099000000.0,1894000000.0,940000000.0,940000000.0,0.0,,,,,0.0,238000000.0,1.0,175433843.0,175433843.0,,5.358,16024000000.0,0.0,57000000.0,1684000000.0,91.339,
65,CINF,MRQ,2005-03-31,2005-03-31,2005-03-31,2021-09-07,3453000000.0,15798000000.0,,,,,34.206,-10000000.0,117000000.0,117000000.0,481000000.0,144000000.0,,1.63,791000000.0,,,791000000.0,1584000000.0,7000000.0,0.0,0.026,0.29,208000000.0,215000000.0,0.235,215000000.0,208000000.0,195000000.0,0.82,0.81,0.82,6007000000.0,,6007000000.0,7778709689.0,9.0,9.003,140000000.0,0.797,1.0,435000000.0,0.475,0.0,13000000.0,16472000000.0,,0.0,12469000000.0,,,9791000000.0,,,7293709689.0,-189000000.0,0.0,-1000000.0,0.0,-46000000.0,-32000000.0,-307000000.0,-296000000.0,150000000.0,0.0,144000000.0,144000000.0,144000000.0,0.0,0.0,0.157,227000000.0,208000000.0,0.0,0.354,1.214,12.554,12.624,158000000.0,0.0,41.533,1.993,1.993,2077000000.0,1790000000.0,916000000.0,916000000.0,0.0,,,,,0.0,217000000.0,1.0,175612397.0,175612397.0,,5.216,15798000000.0,0.0,51000000.0,1656000000.0,89.959,
66,CINF,MRQ,2004-12-31,2004-12-31,2004-12-31,2021-09-07,3787000000.0,16107000000.0,,,,,35.415,-6000000.0,306000000.0,306000000.0,422000000.0,192000000.0,,1.578,791000000.0,,,791000000.0,1539000000.0,5000000.0,0.0,0.025,0.262,282000000.0,287000000.0,0.305,287000000.0,282000000.0,271000000.0,1.08,1.09,1.08,6249000000.0,,6249000000.0,7604740005.0,9.0,8.781,41000000.0,0.232,1.0,520000000.0,0.552,0.0,11000000.0,16592000000.0,,0.0,12677000000.0,,,9858000000.0,,,7437740005.0,-5000000.0,0.0,-39000000.0,313000000.0,-45000000.0,248000000.0,-300000000.0,-302000000.0,47000000.0,0.0,192000000.0,192000000.0,192000000.0,0.0,0.0,0.204,238000000.0,282000000.0,0.0,0.243,1.19,12.736,12.773,156000000.0,0.0,42.152,2.058,2.058,2016000000.0,2057000000.0,942000000.0,942000000.0,0.0,,,,,0.0,225000000.0,1.0,176450465.0,176450465.0,,5.339,16107000000.0,0.0,79000000.0,1834000000.0,91.283,
67,CINF,MRQ,2004-09-30,2004-09-30,2004-09-30,2021-09-07,3726000000.0,15806000000.0,,,,,34.427,-22000000.0,311000000.0,311000000.0,525000000.0,90000000.0,,1.598,478000000.0,,,478000000.0,1566000000.0,16000000.0,0.0,0.025,0.262,124000000.0,140000000.0,0.159,140000000.0,124000000.0,113000000.0,0.51,0.5,0.51,6084000000.0,,6084000000.0,7164616705.0,10.0,9.329,322000000.0,1.822,1.0,354000000.0,0.403,0.0,11000000.0,15973000000.0,,0.0,12242000000.0,,,9722000000.0,,,6937616705.0,26000000.0,0.0,-11000000.0,-34000000.0,-48000000.0,-87000000.0,-231000000.0,-209000000.0,344000000.0,0.0,90000000.0,90000000.0,90000000.0,0.0,0.0,0.102,230000000.0,124000000.0,0.0,0.514,1.14,13.342,13.312,157000000.0,0.0,39.257,1.976,1.976,2101000000.0,1879000000.0,879000000.0,879000000.0,0.0,,,,,0.0,220000000.0,1.0,176723048.0,176723048.0,,4.974,15806000000.0,0.0,23000000.0,1774000000.0,89.439,
68,CINF,MRQ,2004-06-30,2004-06-30,2004-06-30,2021-09-07,3778000000.0,15530000000.0,,,,,34.545,-1000000.0,285000000.0,285000000.0,466000000.0,155000000.0,,1.545,512000000.0,,,512000000.0,1546000000.0,-1000000.0,0.0,0.023,0.262,223000000.0,222000000.0,0.241,222000000.0,223000000.0,214000000.0,0.88,0.87,0.88,6103000000.0,,6103000000.0,7766574248.0,10.0,9.97,131000000.0,0.741,1.0,457000000.0,0.495,0.0,9000000.0,15757000000.0,,0.0,12117000000.0,,,9427000000.0,,,7322574248.0,123000000.0,0.0,2000000.0,-94000000.0,-44000000.0,-122000000.0,113000000.0,114000000.0,132000000.0,0.0,155000000.0,155000000.0,155000000.0,0.0,0.0,0.168,234000000.0,223000000.0,0.0,0.298,1.2,13.713,13.679,134000000.0,0.0,41.448,2.111,2.111,2013000000.0,1836000000.0,923000000.0,923000000.0,0.0,,,,,0.0,217000000.0,1.0,176668941.0,176668941.0,,5.224,15530000000.0,0.0,59000000.0,1857000000.0,87.905,
69,CINF,MRQ,2004-03-31,2004-03-31,2004-03-31,2021-09-07,3985000000.0,15738000000.0,,,,,35.083,-4000000.0,162000000.0,162000000.0,434000000.0,146000000.0,,1.539,606000000.0,,,606000000.0,1529000000.0,8000000.0,0.0,0.024,0.249,209000000.0,217000000.0,0.249,217000000.0,209000000.0,201000000.0,0.83,0.82,0.83,6199000000.0,,6199000000.0,7475654242.0,12.0,11.01,296000000.0,1.675,1.0,436000000.0,0.501,0.0,8000000.0,16182000000.0,,0.0,12509000000.0,,,9539000000.0,,,6963654242.0,71000000.0,0.0,-8000000.0,3000000.0,-40000000.0,-46000000.0,-183000000.0,-179000000.0,300000000.0,0.0,146000000.0,146000000.0,146000000.0,0.0,0.0,0.168,227000000.0,209000000.0,0.0,0.3,1.123,15.04,15.008,132000000.0,0.0,39.41,2.083,2.083,1967000000.0,2088000000.0,870000000.0,870000000.0,0.0,,,,,0.0,223000000.0,1.0,176697646.0,176697646.0,,4.924,15738000000.0,0.0,55000000.0,1903000000.0,89.067,
70,CINF,MRQ,2003-12-31,2003-12-31,2003-12-31,2021-09-07,4084000000.0,15509000000.0,,,,,35.076,-24000000.0,91000000.0,91000000.0,440000000.0,129000000.0,,1.5,603000000.0,,,603000000.0,1446000000.0,10000000.0,0.0,0.024,0.227,179000000.0,189000000.0,0.225,189000000.0,179000000.0,170000000.0,0.729,0.729,0.729,6204000000.0,,6204000000.0,7080772576.0,14.0,13.016,96000000.0,0.543,1.0,399000000.0,0.476,0.0,9000000.0,16021000000.0,,0.0,12485000000.0,,,9305000000.0,,,6697772576.0,-129000000.0,0.0,-4000000.0,0.0,-40000000.0,-50000000.0,-199000000.0,-188000000.0,120000000.0,0.0,129000000.0,129000000.0,129000000.0,0.0,0.0,0.154,220000000.0,179000000.0,0.0,0.311,1.08,17.908,17.947,153000000.0,0.0,37.868,2.106,2.106,1876000000.0,1986000000.0,839000000.0,839000000.0,0.0,,,,,0.0,196000000.0,1.0,176871569.0,176871569.0,,4.744,15509000000.0,0.0,41000000.0,1949000000.0,87.685,
71,CINF,MRQ,2003-09-30,2003-09-30,2003-09-30,2021-09-07,3731000000.0,14958000000.0,,,,,32.601,-3000000.0,220000000.0,220000000.0,505000000.0,104000000.0,,1.594,603000000.0,,,603000000.0,1459000000.0,6000000.0,0.0,0.024,0.227,145000000.0,151000000.0,0.181,151000000.0,145000000.0,137000000.0,0.59,0.581,0.59,5766000000.0,,5766000000.0,6916828957.0,17.0,15.937,269000000.0,1.521,1.0,331000000.0,0.396,0.0,8000000.0,15341000000.0,,0.0,11774000000.0,,,9192000000.0,,,6416828957.0,117000000.0,0.0,-2000000.0,0.0,-40000000.0,-27000000.0,-128000000.0,-125000000.0,272000000.0,0.0,104000000.0,104000000.0,104000000.0,0.0,0.0,0.124,186000000.0,145000000.0,0.0,0.385,1.113,21.318,21.317,121000000.0,0.0,36.281,2.095,2.095,1838000000.0,1897000000.0,836000000.0,836000000.0,0.0,,,,,0.0,175000000.0,1.0,176864721.0,176864721.0,,4.727,14958000000.0,0.0,33000000.0,1773000000.0,84.573,
72,CINF,MRQ,2003-06-30,2003-06-30,2003-06-30,2021-09-07,3897000000.0,14930000000.0,,,,,33.126,-6000000.0,103000000.0,103000000.0,502000000.0,84000000.0,,1.543,603000000.0,,,603000000.0,1422000000.0,7000000.0,0.0,0.026,0.227,115000000.0,122000000.0,0.153,122000000.0,115000000.0,107000000.0,0.476,0.476,0.476,5870000000.0,,5870000000.0,6428365856.0,18.0,16.741,211000000.0,1.191,1.0,296000000.0,0.371,0.0,8000000.0,15430000000.0,,0.0,11889000000.0,,,9060000000.0,,,5953365856.0,-25000000.0,0.0,-11000000.0,0.0,-40000000.0,-73000000.0,-169000000.0,-163000000.0,217000000.0,0.0,84000000.0,84000000.0,84000000.0,0.0,0.0,0.105,181000000.0,115000000.0,0.0,0.477,1.014,22.131,22.249,124000000.0,0.0,33.596,2.013,2.013,1863000000.0,1833000000.0,798000000.0,798000000.0,0.0,,,,,0.0,185000000.0,1.0,177204603.0,177204603.0,,4.503,14930000000.0,0.0,23000000.0,1859000000.0,84.253,
73,CINF,MRQ,2003-03-31,2003-03-31,2003-03-31,2021-09-07,3219000000.0,13553000000.0,,,,,29.051,-5000000.0,128000000.0,128000000.0,440000000.0,57000000.0,,1.627,603000000.0,,,603000000.0,1366000000.0,7000000.0,0.0,0.026,0.227,73000000.0,80000000.0,0.113,80000000.0,73000000.0,65000000.0,0.317,0.317,0.317,5159000000.0,,5159000000.0,6140016448.0,22.0,19.935,202000000.0,1.137,1.0,267000000.0,0.378,0.0,8000000.0,14028000000.0,,0.0,10685000000.0,,,8394000000.0,,,5649016448.0,16000000.0,0.0,-32000000.0,0.0,-36000000.0,-45000000.0,-146000000.0,-141000000.0,207000000.0,0.0,57000000.0,57000000.0,57000000.0,0.0,0.0,0.081,194000000.0,73000000.0,0.0,0.716,1.095,25.677,25.778,125000000.0,0.0,31.81,1.973,1.973,1695000000.0,1789000000.0,707000000.0,707000000.0,0.0,,,,,0.0,185000000.0,1.0,177586182.0,177586182.0,,3.981,13553000000.0,0.0,8000000.0,1499000000.0,76.318,
74,CINF,MRQ,2002-12-31,2002-12-31,2002-12-31,2021-09-07,3643000000.0,14122000000.0,,,,,31.442,-7000000.0,112000000.0,112000000.0,466000000.0,56000000.0,,1.523,603000000.0,,,603000000.0,1319000000.0,8000000.0,0.0,0.024,0.202,73000000.0,81000000.0,0.112,81000000.0,73000000.0,64000000.0,0.317,0.317,0.317,5598000000.0,,5598000000.0,6495957171.0,21.0,19.333,170000000.0,0.955,1.0,256000000.0,0.355,0.0,9000000.0,14613000000.0,,0.0,11265000000.0,,,8524000000.0,,,6063957171.0,-14000000.0,0.0,-3000000.0,0.0,-35000000.0,-2000000.0,-189000000.0,-182000000.0,177000000.0,0.0,56000000.0,56000000.0,56000000.0,0.0,0.0,0.078,183000000.0,73000000.0,0.0,0.637,1.083,25.479,25.551,128000000.0,0.0,34.059,2.133,2.133,1724000000.0,1772000000.0,722000000.0,722000000.0,0.0,,,,,0.0,179000000.0,1.0,178042725.0,178042725.0,,4.055,14122000000.0,0.0,8000000.0,1737000000.0,79.318,
75,CINF,MRQ,2002-09-30,2002-09-30,2002-09-30,2021-09-07,3581000000.0,13684000000.0,,,,,30.896,-2000000.0,171000000.0,171000000.0,448000000.0,72000000.0,,1.48,603000000.0,,,603000000.0,1230000000.0,2000000.0,0.0,0.025,0.202,99000000.0,101000000.0,0.138,101000000.0,99000000.0,90000000.0,0.399,0.399,0.399,5517000000.0,,5517000000.0,6245051063.0,22.0,20.211,183000000.0,1.025,1.0,283000000.0,0.387,0.0,9000000.0,14116000000.0,,0.0,11074000000.0,,,8167000000.0,,,5763051063.0,50000000.0,0.0,-23000000.0,0.0,-37000000.0,12000000.0,-147000000.0,-145000000.0,185000000.0,0.0,72000000.0,72000000.0,72000000.0,0.0,0.0,0.098,184000000.0,99000000.0,0.0,0.506,1.045,26.436,26.366,131000000.0,0.0,32.272,2.077,2.077,1427000000.0,1751000000.0,731000000.0,731000000.0,0.0,,,,,0.0,173000000.0,1.0,178577438.0,178566836.0,179952425.0,4.094,13684000000.0,0.0,18000000.0,1711000000.0,76.632,
76,CINF,MRQ,2002-06-30,2002-06-30,2002-06-30,2021-09-07,4246000000.0,14533000000.0,,,,,34.546,-7000000.0,121000000.0,121000000.0,495000000.0,35000000.0,,1.355,603000000.0,,,603000000.0,1188000000.0,6000000.0,0.0,0.019,0.202,40000000.0,46000000.0,0.065,46000000.0,40000000.0,31000000.0,0.2,0.19,0.2,6170000000.0,,6170000000.0,8076036256.0,35.0,31.302,106000000.0,0.593,1.0,208000000.0,0.296,0.0,9000000.0,15015000000.0,,0.0,11971000000.0,,,8363000000.0,,,7550036256.0,40000000.0,0.0,-2000000.0,0.0,-36000000.0,-39000000.0,-34000000.0,-27000000.0,113000000.0,0.0,35000000.0,35000000.0,35000000.0,0.0,0.0,0.05,168000000.0,40000000.0,0.0,1.01,1.224,41.484,40.816,120000000.0,0.0,42.204,2.809,2.804,1481000000.0,1716000000.0,703000000.0,703000000.0,0.0,,,,,0.0,160000000.0,1.0,178893855.0,178605000.0,180810000.0,3.936,14533000000.0,0.0,-4000000.0,2076000000.0,81.37,
77,CINF,MRQ,2002-03-31,2002-03-31,2002-03-31,2021-09-07,4488000000.0,14742000000.0,,,,,35.895,-11000000.0,81000000.0,81000000.0,419000000.0,75000000.0,,1.299,607000000.0,,,607000000.0,1135000000.0,6000000.0,0.0,0.02,0.202,102000000.0,108000000.0,0.157,108000000.0,102000000.0,93000000.0,0.426,0.417,0.426,6411000000.0,,6411000000.0,7580115518.0,30.0,27.169,181000000.0,1.013,1.0,268000000.0,0.39,0.0,9000000.0,15268000000.0,,0.0,12295000000.0,,,8331000000.0,,,7064115518.0,-12000000.0,0.0,-4000000.0,0.0,-34000000.0,-37000000.0,-167000000.0,-156000000.0,192000000.0,0.0,75000000.0,75000000.0,75000000.0,0.0,0.0,0.109,166000000.0,102000000.0,0.0,0.474,1.102,36.041,35.773,123000000.0,0.0,39.601,2.686,2.689,1414000000.0,1716000000.0,687000000.0,687000000.0,0.0,,,,,0.0,161000000.0,1.0,178382251.0,178605000.0,179708000.0,3.846,14742000000.0,0.0,18000000.0,2217000000.0,82.54,
78,CINF,MRQ,2001-12-31,2001-12-31,2001-12-31,2021-09-07,4113000000.0,13914000000.0,,,,,33.681,-3000000.0,48000000.0,48000000.0,436000000.0,36000000.0,,1.32,609000000.0,,,609000000.0,1062000000.0,6000000.0,0.0,0.022,0.19,48000000.0,54000000.0,0.083,54000000.0,48000000.0,39000000.0,0.2,0.2,0.2,5998000000.0,,5998000000.0,6632492956.0,26.0,23.272,43000000.0,0.241,1.0,218000000.0,0.333,0.0,9000000.0,14475000000.0,,0.0,11571000000.0,,,7916000000.0,,,6162223956.0,-41000000.0,0.0,-10000000.0,8000000.0,-33000000.0,-29000000.0,-58000000.0,-55000000.0,46000000.0,0.0,36000000.0,36000000.0,36000000.0,0.0,0.0,0.055,170000000.0,48000000.0,0.0,0.95,1.027,31.929,31.804,125000000.0,0.0,34.603,2.406,2.406,1395000000.0,1678000000.0,654000000.0,654000000.0,0.0,,,,,0.0,143000000.0,1.0,178083518.0,178083518.0,,3.672,13914000000.0,0.0,3000000.0,2001000000.0,78.132,
79,CINF,MRQ,2001-09-30,2001-09-30,2001-09-30,2021-09-07,4041606000.0,13558917000.0,,,,,33.744,-4000000.0,137225000.0,137225000.0,445000000.0,36000000.0,,1.288,607494000.0,,,607494000.0,1041473000.0,6000000.0,0.0,0.02,0.19,44000000.0,50000000.0,0.078,50000000.0,44000000.0,34000000.0,0.209,0.2,0.209,5925550000.0,,5925550000.0,7292302537.0,53.0,45.036,197000000.0,1.122,1.0,199000000.0,0.309,0.0,10000000.0,14029186000.0,,0.0,11464434000.0,,,7633367000.0,,,6727034537.0,94000000.0,0.0,-12000000.0,0.0,-35000000.0,-48000000.0,-59000000.0,-55000000.0,201000000.0,0.0,36000000.0,36000000.0,36000000.0,0.0,0.0,0.056,155000000.0,44000000.0,0.0,0.909,1.135,57.809,57.026,129256000.0,0.0,37.751,2.704,2.664,1050292000.0,1675626000.0,644000000.0,644000000.0,0.0,,,,,0.0,141000000.0,1.0,178194870.0,175603020.0,178435663.0,3.667,13558917000.0,0.0,-2000000.0,2009976000.0,77.213,
80,CINF,MRQ,2001-06-30,2001-06-30,2001-06-30,2021-09-07,4118272000.0,13557676000.0,,,,,33.872,-4000000.0,42894000.0,42894000.0,425000000.0,49000000.0,,1.255,608162000.0,,,608162000.0,1016533000.0,6000000.0,0.0,0.02,0.19,61000000.0,67000000.0,0.104,67000000.0,61000000.0,51000000.0,0.272,0.272,0.272,6012341000.0,,6012341000.0,6888069464.0,74.0,59.18,97000000.0,0.546,1.0,220000000.0,0.341,0.0,10000000.0,14122944000.0,,0.0,11532555000.0,,,7545335000.0,,,6348262464.0,-24000000.0,0.0,-7000000.0,17000000.0,-33000000.0,-20000000.0,-105000000.0,-101000000.0,101000000.0,0.0,49000000.0,49000000.0,49000000.0,0.0,0.0,0.076,159000000.0,61000000.0,0.0,0.699,1.056,73.866,74.486,132853000.0,0.0,35.828,2.598,2.602,1085510000.0,1673790000.0,645000000.0,645000000.0,0.0,,,,,0.0,151000000.0,1.0,177187185.0,177502000.0,180810000.0,3.634,13557676000.0,0.0,2000000.0,2054818000.0,76.38,
81,CINF,MRQ,2001-03-31,2001-03-31,2001-03-31,2021-09-07,3661237000.0,12695248000.0,,,,,30.779,-4000000.0,67279000.0,67279000.0,357000000.0,73000000.0,,1.295,607086000.0,,,607086000.0,977386000.0,7000000.0,0.0,0.021,0.19,107000000.0,114000000.0,0.184,114000000.0,107000000.0,97000000.0,0.408,0.399,0.408,5531284000.0,,5531284000.0,6664570153.0,48.0,41.838,191000000.0,1.063,1.0,261000000.0,0.422,0.0,10000000.0,13235055000.0,,0.0,10721321000.0,,,7163964000.0,,,6105590153.0,7000000.0,0.0,-8000000.0,-12000000.0,-31000000.0,-51000000.0,-137000000.0,-133000000.0,195000000.0,0.0,73000000.0,73000000.0,73000000.0,0.0,0.0,0.118,154000000.0,107000000.0,0.0,0.466,1.104,54.691,54.968,121112000.0,0.0,34.41,2.568,2.601,1044741000.0,1658765000.0,618000000.0,618000000.0,0.0,,,,,0.0,140000000.0,1.0,177436505.0,179708000.0,183015000.0,3.439,12695248000.0,0.0,24000000.0,1797751000.0,70.644,
82,CINF,MRQ,2000-12-31,2000-12-31,2000-12-31,2021-09-07,4156000000.0,13287000000.0,,,,,33.802,-17275000.0,60000000.0,60000000.0,515721000.0,-41634000.0,,1.216,619000000.0,,,619000000.0,922000000.0,5554000.0,0.0,0.019,0.172,-74632000.0,-69078000.0,-0.119,-69078000.0,-74632000.0,-82437000.0,-0.227,-0.227,-0.227,5995000000.0,,5995000000.0,6948847511.0,48.0,42.371,23665000.0,0.133,1.0,65412000.0,0.113,0.0,7805000.0,13846000000.0,,0.0,11316000000.0,,,7292000000.0,,,6364277511.0,24686000.0,0.0,-3712000.0,12000000.0,-30223000.0,-34935000.0,18681000.0,35956000.0,40940000.0,0.0,-41634000.0,-41634000.0,-41634000.0,0.0,0.0,-0.072,140044000.0,-74632000.0,0.0,-0.758,1.062,53.935,53.478,122000000.0,0.0,35.884,2.73,2.73,984000000.0,1620000000.0,581133000.0,581133000.0,0.0,,,,,0.0,134428000.0,1.0,177356970.0,177356970.0,,3.277,13287000000.0,0.0,-40803000.0,2058000000.0,74.917,
83,CINF,MRQ,2000-09-30,2000-09-30,2000-09-30,2021-09-07,3591601000.0,11789235000.0,,,,,31.256,-8841000.0,23868000.0,23868000.0,418384000.0,5577000.0,,1.142,608438000.0,,,608438000.0,512708000.0,4194000.0,0.0,0.021,0.172,276000.0,4470000.0,0.007,4470000.0,276000.0,-8731000.0,0.027,0.027,0.027,5504338000.0,,5504338000.0,6301193984.0,22.0,20.868,97463000.0,0.553,1.0,181406000.0,0.302,0.0,9007000.0,12373805000.0,,0.0,10543717000.0,,,6284897000.0,,,5714408984.0,-13379000.0,0.0,-5267000.0,-15000000.0,-30620000.0,-50887000.0,-68796000.0,-59955000.0,106304000.0,0.0,5577000.0,5577000.0,5577000.0,0.0,0.0,0.009,181130000.0,276000.0,0.0,6.37,1.038,27.625,27.951,120651000.0,0.0,32.2,2.527,2.507,534971000.0,1691791000.0,599790000.0,599790000.0,0.0,,,,,0.0,132667000.0,1.0,177466118.0,176104530.0,178119900.0,3.406,11789235000.0,0.0,-14308000.0,1791368000.0,66.945,
84,CINF,MRQ,2000-06-30,2000-06-30,2000-06-30,2021-09-07,2926142000.0,10701468000.0,,,,,27.322,-3023000.0,37247000.0,37247000.0,329605000.0,74694000.0,,1.198,624032000.0,,,624032000.0,490747000.0,3283000.0,0.0,0.023,0.172,106619000.0,109902000.0,0.19,109902000.0,106619000.0,96640000.0,0.417,0.408,0.417,4868538000.0,,4868538000.0,5593059474.0,16.0,14.794,33542000.0,0.188,1.0,249202000.0,0.431,0.0,9979000.0,11288253000.0,,0.0,9460828000.0,,,5832930000.0,,,5054567474.0,-17226000.0,0.0,-5633000.0,36000000.0,-30548000.0,-181000.0,-53610000.0,-50587000.0,36565000.0,0.0,74694000.0,74694000.0,74694000.0,0.0,0.0,0.129,142583000.0,106619000.0,0.0,0.412,1.038,19.567,19.775,118249000.0,0.0,28.515,2.297,2.309,497791000.0,1716779000.0,578807000.0,578807000.0,0.0,,,,,0.0,128168000.0,1.0,177259950.0,178189358.0,182517772.0,3.248,10701468000.0,0.0,21946000.0,1477313000.0,60.057,
85,CINF,MRQ,2000-03-31,2000-03-31,2000-03-31,2021-09-07,2904090000.0,10563908000.0,,,,,26.426,-14861000.0,54473000.0,54473000.0,317289000.0,79363000.0,,1.199,592965000.0,,,592965000.0,480883000.0,4969000.0,0.0,0.019,0.172,112690000.0,117659000.0,0.206,117659000.0,112690000.0,103528000.0,0.444,0.435,0.444,4803108000.0,,4803108000.0,6290636753.0,17.0,15.907,159330000.0,0.877,1.0,253981000.0,0.445,0.0,9162000.0,11102400000.0,,0.0,9673550000.0,,,5760800000.0,,,6055817753.0,-285081000.0,0.0,-41388000.0,19000000.0,-27609000.0,-49997000.0,-409275000.0,-394414000.0,174191000.0,0.0,79363000.0,79363000.0,79363000.0,0.0,0.0,0.139,141291000.0,112690000.0,0.0,0.387,1.261,22.438,22.661,115414000.0,0.0,34.127,2.8,2.868,468874000.0,1672704000.0,571270000.0,571270000.0,0.0,,,,,0.0,126511000.0,1.0,177449461.0,181757048.0,181757048.0,3.143,10563908000.0,0.0,24165000.0,1454048000.0,58.121,
86,CINF,MRQ,1999-12-31,1999-12-31,1999-12-31,2021-09-07,3530104000.0,11807679000.0,,,,,29.963,-47178000.0,339554000.0,339554000.0,310841000.0,47223000.0,,1.178,574373000.0,,,574373000.0,836407000.0,5731000.0,0.0,0.022,0.154,64187000.0,69918000.0,0.137,69918000.0,64187000.0,54556000.0,0.263,0.254,0.263,5421284000.0,,5421284000.0,5616161470.0,16.0,15.138,376790000.0,2.082,1.0,200878000.0,0.393,0.0,9631000.0,12042498000.0,,0.0,10227170000.0,,,6386395000.0,,,5118277470.0,291892000.0,0.0,-86452000.0,35000000.0,-28236000.0,-88688000.0,-43388000.0,3790000.0,423968000.0,0.0,47223000.0,47223000.0,47223000.0,0.0,0.0,0.092,136691000.0,64187000.0,0.0,0.586,0.944,20.072,20.119,107784000.0,0.0,28.288,2.405,2.405,786580000.0,1623890000.0,511719000.0,511719000.0,0.0,,,,,0.0,122425000.0,1.0,180934582.0,180934582.0,,2.828,11807679000.0,0.0,7333000.0,1719673000.0,65.259,
87,CINF,MRQ,1999-09-30,1999-09-30,1999-09-30,2021-09-07,3089714000.0,10405485000.0,,,,,28.117,-30504000.0,47719000.0,47719000.0,332062000.0,57046000.0,,1.064,545603000.0,,,545603000.0,473606000.0,3568000.0,0.0,0.018,0.154,77020000.0,80588000.0,0.15,80588000.0,77020000.0,69042000.0,0.317,0.308,0.317,5041648000.0,,5041648000.0,6640894828.0,19.0,18.104,78436000.0,0.437,1.0,206239000.0,0.383,0.0,7978000.0,10903369000.0,,0.0,9599891000.0,,,5363837000.0,,,6194466828.0,-18533000.0,0.0,-36912000.0,33000000.0,-28070000.0,-31982000.0,-95491000.0,-64987000.0,108940000.0,0.0,57046000.0,57046000.0,57046000.0,0.0,0.0,0.106,129219000.0,77020000.0,0.0,0.486,1.229,24.445,24.212,96853000.0,0.0,34.042,2.915,2.873,423639000.0,1604553000.0,538301000.0,538301000.0,0.0,,,,,0.0,119012000.0,1.0,181965420.0,179308395.0,184373280.0,3.002,10405485000.0,0.0,11996000.0,1508908000.0,58.031,
88,CINF,MRQ,1999-06-30,1999-06-30,1999-06-30,2021-09-07,3573853000.0,11063535000.0,,,,,30.772,21403000.0,66252000.0,66252000.0,286631000.0,86254000.0,,0.999,512680000.0,,,512680000.0,460143000.0,3356000.0,0.0,0.017,0.154,123947000.0,127303000.0,0.235,127303000.0,123947000.0,116341000.0,0.481,0.472,0.481,5533512000.0,,5533512000.0,6622219839.0,19.0,18.324,53332000.0,0.297,1.0,254690000.0,0.47,0.0,7606000.0,11509963000.0,,0.0,10278298000.0,,,5530023000.0,,,6201965839.0,6065000.0,0.0,-25907000.0,40000000.0,-28130000.0,-14037000.0,-11827000.0,-33230000.0,31929000.0,0.0,86254000.0,86254000.0,86254000.0,0.0,0.0,0.159,130743000.0,123947000.0,0.0,0.32,1.121,24.881,24.869,70357000.0,0.0,34.07,2.952,2.916,415807000.0,1575445000.0,541321000.0,541321000.0,0.0,,,,,0.0,115841000.0,1.0,182035980.0,179823263.0,184944375.0,3.01,11063535000.0,0.0,30087000.0,1791709000.0,61.524,
89,CINF,MRQ,1999-03-31,1999-03-31,1999-03-31,2021-09-07,3487337000.0,10855205000.0,,,,,29.526,-45721000.0,60187000.0,60187000.0,324466000.0,64477000.0,,1.008,480441000.0,,,480441000.0,455938000.0,3345000.0,0.0,0.017,0.154,89846000.0,93191000.0,0.174,93191000.0,89846000.0,82061000.0,0.354,0.345,0.354,5406961000.0,,5406961000.0,6458161350.0,21.0,20.45,86442000.0,0.472,1.0,212193000.0,0.395,0.0,7785000.0,11275459000.0,,0.0,10097423000.0,,,5448244000.0,,,6045252350.0,1576000.0,0.0,-60729000.0,10000000.0,-25564000.0,-76293000.0,-54294000.0,-8573000.0,132163000.0,0.0,64477000.0,64477000.0,64477000.0,0.0,0.0,0.12,122347000.0,89846000.0,0.0,0.435,1.118,27.247,27.405,50329000.0,0.0,33.05,2.909,2.912,407407000.0,1517269000.0,536659000.0,536659000.0,0.0,,,,,0.0,110722000.0,1.0,182912325.0,183127455.0,188655390.0,2.931,10855205000.0,0.0,17584000.0,1733652000.0,59.277,
90,CINF,MRQ,1998-12-31,1998-12-31,1998-12-31,2021-09-07,3678019000.0,11086503000.0,,,,,30.535,-34769000.0,58611000.0,58611000.0,313684000.0,45624000.0,,0.972,471520000.0,,,471520000.0,459695000.0,3480000.0,0.0,0.017,0.138,62253000.0,65733000.0,0.129,65733000.0,62253000.0,53841000.0,0.254,0.236,0.254,5620936000.0,,5620936000.0,6489812352.0,19.0,18.707,69131000.0,0.376,1.0,194708000.0,0.383,0.0,8412000.0,11499412000.0,,0.0,10357057000.0,,,5465567000.0,,,6115214352.0,-39198000.0,0.0,-12939000.0,-42000.0,-25612000.0,-38593000.0,-104505000.0,-69736000.0,103900000.0,0.0,45624000.0,45624000.0,45624000.0,0.0,0.0,0.09,132455000.0,62253000.0,0.0,0.543,1.088,25.315,25.262,53639000.0,0.0,33.22,2.977,2.977,403611000.0,1480914000.0,508392000.0,508392000.0,0.0,,,,,0.0,116942000.0,1.0,184082310.0,184082310.0,,2.762,11086503000.0,0.0,8217000.0,1809003000.0,60.226,
91,CINF,MRQ,1998-09-30,1998-09-30,1998-09-30,2021-09-07,2957827000.0,9938969000.0,,,,,26.563,-3244000.0,97809000.0,97809000.0,316095000.0,52915000.0,,1.031,472407000.0,,,472407000.0,456724000.0,3028000.0,0.0,0.019,0.138,72138000.0,75166000.0,0.146,75166000.0,72138000.0,64019000.0,0.281,0.281,0.281,4892774000.0,,4892774000.0,5469984193.0,15.0,14.231,84905000.0,0.461,1.0,198670000.0,0.386,0.0,8119000.0,10313567000.0,,0.0,9185176000.0,,,5046195000.0,,,5140462193.0,-46518000.0,0.0,-8308000.0,-1365000.0,-25637000.0,-35310000.0,-99357000.0,-96113000.0,88149000.0,0.0,52915000.0,52915000.0,52915000.0,0.0,0.0,0.103,126532000.0,72138000.0,0.0,0.491,1.051,19.149,19.103,55099000.0,0.0,27.891,2.534,2.533,403243000.0,1460855000.0,514765000.0,514765000.0,0.0,,,,,0.0,110424000.0,1.0,184305410.0,184196880.0,189886883.0,2.795,9938969000.0,0.0,11104000.0,1437066000.0,53.958,
92,CINF,MRQ,1998-06-30,1998-06-30,1998-06-30,2021-09-07,3352211000.0,10484047000.0,,,,,28.624,-3791000.0,144327000.0,144327000.0,321208000.0,58850000.0,,0.99,473849000.0,,,473849000.0,448356000.0,2659000.0,0.0,0.015,0.138,79057000.0,81716000.0,0.158,81716000.0,79057000.0,72914000.0,0.317,0.317,0.317,5268083000.0,,5268083000.0,6661028035.0,16.0,15.879,-45967000.0,-0.25,1.0,197370000.0,0.381,0.0,6143000.0,10813569000.0,,0.0,9676489000.0,,,5215964000.0,,,6399100035.0,68432000.0,0.0,2526000.0,139900000.0,-25569000.0,116857000.0,-6249000.0,-2458000.0,-42176000.0,0.0,58850000.0,58850000.0,58850000.0,0.0,0.0,0.113,118313000.0,79057000.0,0.0,0.435,1.215,21.875,21.687,55481000.0,0.0,34.807,3.191,3.194,401588000.0,1433552000.0,518578000.0,518578000.0,0.0,,,,,0.0,105250000.0,1.0,183845205.0,184043633.0,190053360.0,2.818,10484047000.0,0.0,14064000.0,1649938000.0,56.965,
93,CINF,MRQ,1998-03-31,1998-03-31,1998-03-31,2021-09-07,3189153000.0,10060723000.0,,,,,27.578,-5946000.0,75895000.0,75895000.0,270131000.0,84178000.0,,0.986,337823000.0,,,337823000.0,440697000.0,2626000.0,0.0,0.013,0.139,121671000.0,124297000.0,0.243,124297000.0,121671000.0,116333000.0,0.463,0.444,0.463,5065415000.0,,5065415000.0,7217907852.0,17.0,16.213,117758000.0,0.641,1.0,242423000.0,0.473,0.0,5338000.0,10322651000.0,,0.0,9395488000.0,,,4995308000.0,,,6959087852.0,-4273000.0,0.0,4734000.0,542000.0,-22704000.0,-17428000.0,-110549000.0,-104603000.0,123704000.0,0.0,84178000.0,84178000.0,84178000.0,0.0,0.0,0.164,120752000.0,121671000.0,0.0,0.3,1.374,22.485,22.21,55074000.0,0.0,37.868,3.53,3.529,369386000.0,1400341000.0,512554000.0,512554000.0,0.0,,,,,0.0,106332000.0,1.0,183772258.0,183677603.0,190223145.0,2.791,10060723000.0,0.0,32155000.0,1611274000.0,54.774,
94,CINF,MRQ,1997-12-31,1997-12-31,1997-12-31,2021-09-07,2905756000.0,9493425000.0,,,,,25.977,-5665000.0,80168000.0,80168000.0,264874000.0,72498000.0,,1.013,338988000.0,,,338988000.0,443054000.0,3723000.0,0.0,0.012,0.124,99482000.0,103205000.0,0.214,103205000.0,99482000.0,93975000.0,0.399,0.399,0.399,4716965000.0,,4716965000.0,8005148044.0,19.0,18.76,85381000.0,0.47,1.0,217532000.0,0.451,0.0,5507000.0,9752245000.0,,0.0,8828765000.0,,,4776460000.0,,,7727107497.0,2114000.0,0.0,4381000.0,3570000.0,-22523000.0,-14572000.0,-74360000.0,-68695000.0,91046000.0,0.0,72498000.0,72498000.0,72498000.0,0.0,0.0,0.15,118050000.0,99482000.0,0.0,0.311,1.638,25.811,25.917,52559000.0,0.0,42.555,3.978,3.978,365781000.0,1341730000.0,482406000.0,482406000.0,0.0,,,,,0.0,106075000.0,1.0,181579309.0,181579309.0,,2.657,9493425000.0,0.0,21477000.0,1406478000.0,52.283,
95,CINF,MRQ,1997-09-30,1997-09-30,1997-09-30,2021-09-07,2407904771.0,8640653265.0,,,,,23.044,-3540000.0,78054123.0,78054123.0,264360000.0,77000000.0,,1.085,356094670.0,,,356094670.0,440375781.0,2756000.0,0.0,0.02,0.124,107500000.0,110256000.0,0.224,110256000.0,107500000.0,101964000.0,0.426,0.417,0.426,4144261518.0,,4144261518.0,4808237420.0,12.0,11.613,127933000.0,0.711,1.0,227678000.0,0.463,0.0,5536000.0,8918693812.0,,0.0,7999209508.0,,,4496391747.0,,,4518056903.0,14617000.0,0.0,-17263000.0,2497000.0,-22609000.0,-37375000.0,-79481000.0,-75941000.0,131473000.0,0.0,77000000.0,77000000.0,77000000.0,0.0,0.0,0.156,120178000.0,107500000.0,0.0,0.291,1.09,15.588,15.447,40921964.0,0.0,24.792,2.354,2.323,360489204.0,1291936526.0,492038000.0,492038000.0,0.0,,,,,0.0,107601000.0,1.0,182238500.0,179844210.0,187384208.0,2.736,8640653265.0,0.0,24964000.0,1175972582.0,48.045,
96,CINF,MRQ,1997-06-30,1997-06-30,1997-06-30,2021-09-07,2042245040.0,7978994691.0,,,,,20.476,-4648000.0,63437276.0,63437276.0,259192000.0,75830000.0,,1.133,353617793.0,,,353617793.0,428771039.0,2345000.0,0.0,0.02,0.124,105083000.0,107428000.0,0.222,107428000.0,105083000.0,100341000.0,0.417,0.408,0.417,3741368578.0,,3741368578.0,4684258570.0,13.0,12.696,60900000.0,0.333,1.0,225010000.0,0.465,0.0,4742000.0,8269175208.0,,0.0,7339941435.0,,,4237626113.0,,,4370839646.0,33102000.0,0.0,-19619000.0,10540000.0,-22688000.0,-31767000.0,-679000.0,3969000.0,65548000.0,0.0,75830000.0,75830000.0,75830000.0,0.0,0.0,0.157,119927000.0,105083000.0,0.0,0.297,1.168,16.824,16.738,40792631.0,0.0,23.885,2.321,2.318,359231709.0,1237459949.0,484202000.0,484202000.0,0.0,,,,,0.0,107466000.0,1.0,182995170.0,182717325.0,190030208.0,2.65,7978994691.0,0.0,24511000.0,975614481.0,43.669,
97,CINF,MRQ,1997-03-31,1997-03-31,1997-03-31,2021-09-07,1769077878.0,7480482679.0,,,,,18.714,-2632000.0,30335614.0,30335614.0,266498000.0,74047000.0,,1.178,343754538.0,,,343754538.0,422075066.0,2503000.0,0.0,0.022,0.124,103315000.0,105818000.0,0.219,105818000.0,103315000.0,98278000.0,0.399,0.39,0.399,3433921605.0,,3433921605.0,4168558461.0,13.0,12.444,136258000.0,0.743,1.0,217239000.0,0.449,0.0,5037000.0,7793901603.0,,0.0,6903111760.0,,,4046561074.0,,,3886546461.0,-29598000.0,0.0,-21739000.0,1853000.0,-20585000.0,-40471000.0,-128017000.0,-125385000.0,138890000.0,0.0,74047000.0,74047000.0,74047000.0,0.0,0.0,0.153,113924000.0,103315000.0,0.0,0.311,1.132,16.305,16.376,39227124.0,0.0,21.24,2.111,2.117,356462341.0,1184238621.0,483737000.0,483737000.0,0.0,,,,,0.0,100578000.0,1.0,182982413.0,183496793.0,190530742.0,2.636,7480482679.0,0.0,24231000.0,844501759.0,40.766,
98,CINF,MRQ,1996-12-31,1996-12-31,1996-12-31,2021-09-07,1527707000.0,7045514000.0,,,,,17.285,-5742526.0,59933000.0,59933000.0,261181104.0,62966857.0,,1.228,341945000.0,,,341945000.0,425750000.0,4020331.0,0.0,0.019,0.112,86508656.0,90528987.0,0.197,90528987.0,86508656.0,80291663.0,0.363,,0.363,3162889000.0,,3162889000.0,,,,29764919.0,0.163,1.0,198046378.0,0.431,0.0,6216993.0,7327526000.0,,0.0,6371268000.0,,,3882625000.0,,,3589200039.0,4562907.0,0.0,-4641754.0,9323091.0,-20885761.0,-16204424.0,-14740114.0,-8997588.0,35507445.0,0.0,62966857.0,62966857.0,62966857.0,0.0,0.0,0.137,111537722.0,86508656.0,0.0,0.309,1.135,16.04,16.144,50071000.0,0.0,19.615,1.984,1.984,371321000.0,1132880000.0,459227482.0,459227482.0,0.0,,,,,0.0,101106567.0,1.0,182982413.0,182982413.0,,2.51,7045514000.0,0.0,17324806.0,676893000.0,38.504,
99,CINF,MRQ,1996-09-30,1996-09-30,1996-09-30,2021-09-07,,,,,,,,-4923168.0,,,285994824.0,46948700.0,,,,,,,,1761609.0,,0.021,0.112,63421850.0,65183459.0,0.143,65183459.0,63421850.0,58658389.0,0.248,,0.248,,,,,,,138855806.0,0.726,1.0,169686551.0,0.372,,4763461.0,,,,,,,,,,,45253206.0,0.0,-3734514.0,65847.0,-20633648.0,-24302315.0,-74223453.0,-69300285.0,143778974.0,0.0,46948700.0,46948700.0,46948700.0,0.0,0.0,0.103,106264701.0,63421850.0,,0.452,,,,,0.0,17.309,,,,,455681375.0,455681375.0,0.0,,,,,0.0,96024484.0,1.0,,191172498.0,,2.384,,,11709689.0,,,
100,CINF,MRQ,1996-06-30,1996-06-30,1996-06-30,2021-09-07,,,,,,,,-4274421.0,,,267174308.0,54396061.0,,,,,,,,1882666.0,,0.02,0.112,71585747.0,73468413.0,0.166,73468413.0,71585747.0,67022352.0,0.287,0.287,0.287,,,,,,,37627024.0,0.197,1.0,174867387.0,0.396,,4563395.0,,,,,,,,,,,-3096026.0,0.0,725099.0,31240687.0,-19645462.0,12320324.0,-57317795.0,-53043374.0,41901445.0,0.0,54396061.0,54396061.0,54396061.0,0.0,0.0,0.123,103281640.0,71585747.0,,0.39,,,,,0.0,17.347,,,,,442041695.0,442041695.0,0.0,,,,,0.0,91587377.0,1.0,,191266318.0,191266318.0,2.311,,,12626291.0,,,
101,CINF,MRQ,1996-03-31,1996-03-31,1996-03-31,2021-09-07,,,,,,,,-2857885.0,,,272754764.0,59448382.0,,,,,,,,-564606.0,,0.017,0.034,81006747.0,80442141.0,0.178,80442141.0,81006747.0,76448596.0,0.314,0.314,0.314,,,,,,,84293251.0,0.441,1.0,179043684.0,0.396,,4558151.0,,,,,,,,,,,-6806087.0,0.0,2087169.0,463375.0,-18038129.0,-15487585.0,-78469638.0,-75611753.0,87151136.0,0.0,59448382.0,59448382.0,59448382.0,0.0,0.0,0.132,98036937.0,81006747.0,,0.108,,,,,0.0,19.161,,,,,451798448.0,451798448.0,0.0,,,,,0.0,87606572.0,1.0,,191227832.0,191227832.0,2.363,,,17000214.0,,,
102,CINF,MRQ,1995-12-31,1995-12-31,1995-12-31,2021-09-07,1159388000.0,6109298000.0,,,,,,,20019000.0,20019000.0,,,,1.298,301005000.0,,,301005000.0,408624000.0,,0.0,0.017,0.098,,,,,,,,,,2657971000.0,,2657971000.0,,,,,,1.0,,,0.0,,6390284000.0,,0.0,5556002000.0,,,3451327000.0,,,,,,,,,,,,,,,,,,,,,,0.0,,,,15.225,33056000.0,,18.788,,,351680000.0,1156627000.0,,,,,,,,,,1.0,,,,,6109298000.0,0.0,,487840000.0,,
0,CINF,MRT,2021-06-30,2021-06-30,2021-06-30,2021-09-07,731000000.0,29677000000.0,27975500000.0,,,0.338,73.608,-19000000.0,1003000000.0,1003000000.0,3963000000.0,2856000000.0,,1.503,907000000.0,,,907000000.0,3417000000.0,85000000.0,0.0,0.021,2.46,3623000000.0,3708000000.0,0.393,3708000000.0,3623000000.0,3570000000.0,17.74,17.58,17.74,11858000000.0,10882500000.0,11858000000.0,18745089224.0,5.0,5.055,1775000000.0,11.018,1.0,5480000000.0,0.58,0.0,53000000.0,29581000000.0,27954000000.0,0.0,23061000000.0,,,17819000000.0,,,18787089224.0,297000000.0,0.0,-22000000.0,-63000000.0,-385000000.0,-653000000.0,-844000000.0,-737000000.0,1794000000.0,0.0,2856000000.0,2856000000.0,2856000000.0,0.0,0.0,0.302,1857000000.0,3623000000.0,0.0,0.139,1.584,6.578,6.574,213000000.0,0.0,116.62,1.99,1.99,3064000000.0,11205000000.0,9443000000.0,9443000000.0,0.0,0.102,0.262,0.13,0.384,32000000.0,1857000000.0,1.0,161096632.0,161096632.0,,58.617,29677000000.0,0.0,714000000.0,1495000000.0,184.219,
1,CINF,MRT,2021-03-31,2021-03-31,2021-03-31,2021-09-07,625000000.0,28313000000.0,26918750000.0,,,0.366,69.093,-21000000.0,947000000.0,947000000.0,4134000000.0,3062000000.0,,1.542,905000000.0,,,905000000.0,3181000000.0,82000000.0,0.0,0.024,2.43,3897000000.0,3979000000.0,0.403,3979000000.0,3897000000.0,3843000000.0,19.03,18.9,19.03,11138000000.0,10232500000.0,11138000000.0,16617306139.0,4.0,4.176,1657000000.0,10.279,1.0,5728000000.0,0.581,0.0,54000000.0,28271000000.0,26986500000.0,0.0,22018000000.0,,,17175000000.0,,,16618306139.0,461000000.0,0.0,-26000000.0,-57000000.0,-380000000.0,-640000000.0,-577000000.0,-526000000.0,1678000000.0,0.0,3062000000.0,3062000000.0,3062000000.0,0.0,0.0,0.31,1831000000.0,3897000000.0,0.0,0.128,1.492,5.427,5.417,213000000.0,0.0,103.09,1.685,1.685,2860000000.0,10603000000.0,9862000000.0,9862000000.0,0.0,0.114,0.299,0.144,0.395,31000000.0,1831000000.0,1.0,161201922.0,161201922.0,,61.178,28313000000.0,0.0,781000000.0,1373000000.0,175.637,
2,CINF,MRT,2020-12-31,2020-12-31,2020-12-31,2021-09-07,769000000.0,27542000000.0,25682250000.0,,,0.293,67.055,-20000000.0,900000000.0,900000000.0,4134000000.0,1216000000.0,,1.553,899000000.0,,,899000000.0,2960000000.0,81000000.0,0.0,0.027,2.4,1553000000.0,1634000000.0,0.217,1634000000.0,1553000000.0,1499000000.0,7.55,7.49,7.55,10789000000.0,9458500000.0,10789000000.0,14110562415.0,9.0,8.636,1471000000.0,9.143,1.0,3402000000.0,0.451,0.0,54000000.0,27541000000.0,25879000000.0,0.0,21542000000.0,,,16753000000.0,,,14057562415.0,133000000.0,0.0,-254000000.0,15000000.0,-375000000.0,-798000000.0,-560000000.0,-490000000.0,1491000000.0,0.0,1216000000.0,1216000000.0,1216000000.0,0.0,0.0,0.161,1849000000.0,1553000000.0,0.0,0.318,1.303,11.56,11.572,213000000.0,0.0,87.37,1.865,1.865,2692000000.0,10085000000.0,7536000000.0,7536000000.0,0.0,0.047,0.129,0.06,0.206,31000000.0,1849000000.0,1.0,160896903.0,160896903.0,,46.837,27542000000.0,0.0,283000000.0,1299000000.0,171.178,
3,CINF,MRT,2020-09-30,2020-09-30,2020-09-30,2021-09-07,686000000.0,26370000000.0,25148750000.0,,,0.278,60.583,-18000000.0,914000000.0,914000000.0,4142000000.0,793000000.0,,1.706,967000000.0,,,967000000.0,3024000000.0,80000000.0,0.0,0.03,2.36,1017000000.0,1097000000.0,0.157,1097000000.0,1017000000.0,964000000.0,4.94,4.86,4.94,9745000000.0,9227250000.0,9745000000.0,12802747785.0,13.0,11.671,1429000000.0,8.884,1.0,2852000000.0,0.408,0.0,53000000.0,26423000000.0,25375250000.0,0.0,20299000000.0,,,16625000000.0,,,12541747785.0,127000000.0,0.0,-311000000.0,85000000.0,-370000000.0,-755000000.0,-565000000.0,-547000000.0,1447000000.0,0.0,793000000.0,793000000.0,793000000.0,0.0,0.0,0.113,1835000000.0,1017000000.0,0.0,0.478,1.287,15.816,15.783,211000000.0,0.0,77.97,1.793,1.793,2748000000.0,9132000000.0,6994000000.0,6994000000.0,0.0,0.032,0.086,0.04,0.145,31000000.0,1835000000.0,1.0,160853505.0,160853505.0,,43.481,26370000000.0,0.0,171000000.0,1077000000.0,163.938,
4,CINF,MRT,2020-06-30,2020-06-30,2020-06-30,2021-09-07,597000000.0,25450000000.0,24741750000.0,,,0.261,57.574,-21000000.0,706000000.0,706000000.0,3931000000.0,557000000.0,,1.749,967000000.0,,,967000000.0,3107000000.0,78000000.0,0.0,0.036,2.32,698000000.0,776000000.0,0.12,776000000.0,698000000.0,644000000.0,3.44,3.36,3.44,9258000000.0,9133750000.0,9258000000.0,10770122030.0,15.0,13.879,1325000000.0,8.24,1.0,2536000000.0,0.392,0.0,54000000.0,25711000000.0,24979500000.0,0.0,19487000000.0,,,16192000000.0,,,10296122030.0,-97000000.0,0.0,-315000000.0,85000000.0,-365000000.0,-738000000.0,-705000000.0,-685000000.0,1346000000.0,0.0,557000000.0,557000000.0,557000000.0,0.0,0.0,0.086,1838000000.0,698000000.0,0.0,0.674,1.112,18.485,18.613,209000000.0,0.0,64.03,1.592,1.592,2887000000.0,8745000000.0,6467000000.0,6467000000.0,0.0,0.023,0.061,0.028,0.108,30000000.0,1838000000.0,1.0,160801531.0,160801531.0,,40.217,25450000000.0,0.0,87000000.0,979000000.0,158.27,
5,CINF,MRT,2020-03-31,2020-03-31,2020-03-31,2021-09-07,204000000.0,23367000000.0,24463500000.0,,,0.232,49.433,-23000000.0,486000000.0,486000000.0,3781000000.0,76000000.0,,1.906,960000000.0,,,960000000.0,2922000000.0,75000000.0,0.0,0.03,2.28,82000000.0,157000000.0,0.028,157000000.0,82000000.0,29000000.0,0.41,0.32,0.41,8042000000.0,9102000000.0,8042000000.0,12392678317.0,151.0,78.934,1152000000.0,7.081,1.0,1885000000.0,0.333,0.0,53000000.0,23841000000.0,24656250000.0,0.0,17876000000.0,,,15325000000.0,,,12274678317.0,-316000000.0,0.0,-311000000.0,82000000.0,-360000000.0,-732000000.0,-759000000.0,-686000000.0,1175000000.0,0.0,76000000.0,76000000.0,76000000.0,0.0,0.0,0.013,1803000000.0,82000000.0,0.0,5.561,1.526,161.509,184.024,208000000.0,0.0,75.45,2.166,2.166,2724000000.0,7932000000.0,5666000000.0,5666000000.0,0.0,0.003,0.008,0.003,0.014,30000000.0,1803000000.0,1.0,162686260.0,162686260.0,,34.828,23367000000.0,0.0,-47000000.0,660000000.0,143.632,
6,CINF,MRT,2019-12-31,2019-12-31,2019-12-31,2021-09-07,448000000.0,25408000000.0,24459750000.0,,,0.324,60.377,-24000000.0,767000000.0,767000000.0,3638000000.0,1997000000.0,,1.576,885000000.0,,,885000000.0,2788000000.0,72000000.0,0.0,0.021,2.24,2525000000.0,2597000000.0,0.328,2597000000.0,2525000000.0,2472000000.0,12.24,12.1,12.24,9864000000.0,9249000000.0,9864000000.0,17276779780.0,7.0,6.653,1184000000.0,7.247,1.0,4286000000.0,0.541,0.0,53000000.0,25526000000.0,24552750000.0,0.0,19746000000.0,,,15544000000.0,,,17178779780.0,-17000000.0,0.0,-56000000.0,7000000.0,-355000000.0,-546000000.0,-679000000.0,-583000000.0,1208000000.0,0.0,1997000000.0,1997000000.0,1997000000.0,0.0,0.0,0.252,1761000000.0,2525000000.0,0.0,0.183,1.742,8.602,8.591,207000000.0,0.0,105.15,2.168,2.168,2651000000.0,9257000000.0,7924000000.0,7924000000.0,0.0,0.082,0.216,0.103,0.319,30000000.0,1761000000.0,1.0,163374035.0,163374035.0,,48.502,25408000000.0,0.0,475000000.0,1079000000.0,155.52,
7,CINF,MRT,2019-09-30,2019-09-30,2019-09-30,2021-09-07,442000000.0,24742000000.0,23591500000.0,,,0.275,57.372,-28000000.0,787000000.0,787000000.0,3602000000.0,919000000.0,,1.64,885000000.0,,,885000000.0,2859000000.0,69000000.0,0.0,0.019,2.21,1163000000.0,1232000000.0,0.19,1232000000.0,1163000000.0,1110000000.0,5.63,5.56,5.63,9371000000.0,8741250000.0,9371000000.0,19137439121.0,16.0,15.534,1207000000.0,7.39,1.0,2880000000.0,0.444,0.0,53000000.0,24840000000.0,23675500000.0,0.0,19059000000.0,,,15371000000.0,,,19056439121.0,171000000.0,0.0,6000000.0,8000000.0,-350000000.0,-467000000.0,-597000000.0,-492000000.0,1235000000.0,0.0,919000000.0,919000000.0,919000000.0,0.0,0.0,0.142,1717000000.0,1163000000.0,0.0,0.393,2.034,20.736,20.723,207000000.0,0.0,116.67,2.94,2.94,2626000000.0,8722000000.0,6482000000.0,6482000000.0,0.0,0.039,0.105,0.049,0.179,29000000.0,1717000000.0,1.0,163336240.0,163336240.0,,39.685,24742000000.0,0.0,191000000.0,972000000.0,151.479,
8,CINF,MRT,2019-06-30,2019-06-30,2019-06-30,2021-09-07,364000000.0,24337000000.0,23026000000.0,,,0.291,55.94,-24000000.0,803000000.0,803000000.0,3549000000.0,1224000000.0,,1.665,884000000.0,,,884000000.0,2896000000.0,67000000.0,0.0,0.021,2.18,1487000000.0,1554000000.0,0.232,1554000000.0,1487000000.0,1434000000.0,7.52,7.45,7.52,9131000000.0,8482000000.0,9131000000.0,16997036269.0,11.0,10.938,1169000000.0,7.162,1.0,3148000000.0,0.47,0.0,53000000.0,24418000000.0,23146500000.0,0.0,18603000000.0,,,15206000000.0,,,16922036269.0,282000000.0,0.0,11000000.0,-24000000.0,-345000000.0,-509000000.0,-402000000.0,-310000000.0,1193000000.0,0.0,1224000000.0,1224000000.0,1224000000.0,0.0,0.0,0.183,1661000000.0,1487000000.0,0.0,0.29,1.853,13.825,13.786,207000000.0,0.0,103.67,2.527,2.527,2704000000.0,8566000000.0,6697000000.0,6697000000.0,0.0,0.053,0.144,0.064,0.222,28000000.0,1661000000.0,1.0,163229828.0,163229828.0,,41.028,24337000000.0,0.0,210000000.0,932000000.0,149.097,
9,CINF,MRT,2019-03-31,2019-03-31,2019-03-31,2021-09-07,210000000.0,23352000000.0,22381750000.0,,,0.283,52.965,-22000000.0,802000000.0,802000000.0,3496000000.0,1013000000.0,,1.706,877000000.0,,,877000000.0,2717000000.0,64000000.0,0.0,0.025,2.15,1221000000.0,1285000000.0,0.203,1285000000.0,1221000000.0,1168000000.0,6.23,6.18,6.23,8630000000.0,8178250000.0,8630000000.0,14078365524.0,12.0,10.956,1205000000.0,7.395,1.0,2846000000.0,0.449,0.0,53000000.0,23427000000.0,22574000000.0,0.0,17864000000.0,,,14722000000.0,,,13996365524.0,198000000.0,0.0,-102000000.0,8000000.0,-341000000.0,-576000000.0,-453000000.0,-362000000.0,1227000000.0,0.0,1013000000.0,1013000000.0,1013000000.0,0.0,0.0,0.16,1625000000.0,1221000000.0,0.0,0.345,1.622,13.817,13.788,202000000.0,0.0,85.9,2.207,2.207,2562000000.0,8229000000.0,6342000000.0,6342000000.0,0.0,0.045,0.124,0.054,0.193,28000000.0,1625000000.0,1.0,162937899.0,162937899.0,,38.923,23352000000.0,0.0,155000000.0,817000000.0,143.318,
10,CINF,MRT,2018-12-31,2018-12-31,2018-12-31,2021-09-07,22000000.0,21935000000.0,21911250000.0,,,0.247,48.133,-20000000.0,784000000.0,784000000.0,3490000000.0,287000000.0,,1.8,866000000.0,,,866000000.0,2516000000.0,63000000.0,0.0,0.027,2.12,304000000.0,367000000.0,0.068,367000000.0,304000000.0,251000000.0,1.76,1.75,1.76,7833000000.0,8007250000.0,7833000000.0,12843153121.0,42.0,34.995,1161000000.0,7.134,1.0,1917000000.0,0.355,0.0,53000000.0,22017000000.0,22147000000.0,0.0,16732000000.0,,,14102000000.0,,,12599153121.0,127000000.0,0.0,-116000000.0,8000000.0,-336000000.0,-603000000.0,-451000000.0,-393000000.0,1181000000.0,0.0,287000000.0,287000000.0,287000000.0,0.0,0.0,0.053,1613000000.0,304000000.0,0.0,1.205,1.608,43.899,43.989,195000000.0,0.0,77.42,2.33,2.33,2375000000.0,7625000000.0,5407000000.0,5407000000.0,0.0,0.013,0.036,0.014,0.056,28000000.0,1613000000.0,1.0,162737705.0,162737705.0,,33.225,21935000000.0,0.0,-36000000.0,627000000.0,134.787,
11,CINF,MRT,2018-09-30,2018-09-30,2018-09-30,2021-09-07,-4000000.0,22480000000.0,21888250000.0,,,0.279,51.238,-16000000.0,616000000.0,616000000.0,3425000000.0,1381000000.0,,1.697,860000000.0,,,860000000.0,2591000000.0,63000000.0,0.0,0.034,2.59,1083000000.0,1146000000.0,0.188,1146000000.0,1083000000.0,1029000000.0,8.45,8.38,8.45,8334000000.0,8109750000.0,8334000000.0,12861321704.0,12.0,11.223,1116000000.0,6.861,1.0,2683000000.0,0.439,0.0,54000000.0,22724000000.0,22152000000.0,0.0,17433000000.0,,,14146000000.0,,,12493321704.0,-58000000.0,0.0,-137000000.0,13000000.0,-412000000.0,-711000000.0,-479000000.0,-443000000.0,1132000000.0,0.0,1381000000.0,1381000000.0,1381000000.0,0.0,0.0,0.226,1600000000.0,1083000000.0,0.0,0.307,1.499,9.047,9.09,191000000.0,0.0,76.81,2.045,2.045,2375000000.0,8164000000.0,6108000000.0,6108000000.0,0.0,0.063,0.17,0.049,0.177,29000000.0,1600000000.0,1.0,162652281.0,162652281.0,,37.553,22480000000.0,0.0,-352000000.0,797000000.0,138.209,
12,CINF,MRT,2018-06-30,2018-06-30,2018-06-30,2021-09-07,55000000.0,21760000000.0,21666250000.0,,,0.259,48.225,-16000000.0,521000000.0,521000000.0,3420000000.0,930000000.0,,1.749,889000000.0,,,889000000.0,2578000000.0,60000000.0,0.0,0.038,2.56,593000000.0,653000000.0,0.117,653000000.0,593000000.0,540000000.0,5.67,5.61,5.67,7916000000.0,7907000000.0,7916000000.0,11223800089.0,19.0,17.188,1055000000.0,6.427,1.0,2185000000.0,0.39,0.0,53000000.0,22128000000.0,21911250000.0,0.0,16944000000.0,,,13844000000.0,,,10974800089.0,-85000000.0,0.0,-137000000.0,44000000.0,-408000000.0,-666000000.0,-490000000.0,-455000000.0,1071000000.0,0.0,930000000.0,930000000.0,930000000.0,0.0,0.0,0.166,1592000000.0,593000000.0,0.0,0.451,1.386,11.801,11.792,188000000.0,0.0,66.86,1.958,1.958,2388000000.0,7696000000.0,5605000000.0,5605000000.0,0.0,0.043,0.118,0.027,0.106,28000000.0,1592000000.0,1.0,164145978.0,164145978.0,,34.146,21760000000.0,0.0,-390000000.0,650000000.0,132.565,
13,CINF,MRT,2018-03-31,2018-03-31,2018-03-31,2021-09-07,115000000.0,21470000000.0,21535750000.0,,,0.252,48.455,-17000000.0,604000000.0,604000000.0,3391000000.0,813000000.0,,1.702,853000000.0,,,853000000.0,2459000000.0,59000000.0,0.0,0.034,2.53,457000000.0,516000000.0,0.095,516000000.0,457000000.0,404000000.0,4.95,4.89,4.95,7946000000.0,7771250000.0,7946000000.0,12371772495.0,27.0,23.976,1053000000.0,6.421,1.0,2042000000.0,0.376,0.0,53000000.0,21719000000.0,21748000000.0,0.0,16721000000.0,,,13524000000.0,,,12177772495.0,61000000.0,0.0,-81000000.0,7000000.0,-403000000.0,-643000000.0,-366000000.0,-335000000.0,1070000000.0,0.0,813000000.0,813000000.0,813000000.0,0.0,0.0,0.15,1585000000.0,457000000.0,0.0,0.511,1.533,14.979,15.002,186000000.0,0.0,74.26,2.241,2.241,2273000000.0,7565000000.0,5433000000.0,5433000000.0,0.0,0.038,0.105,0.021,0.084,27000000.0,1585000000.0,1.0,163988318.0,163988318.0,,33.13,21470000000.0,0.0,-409000000.0,652000000.0,130.924,
14,CINF,MRT,2017-12-31,2017-12-31,2017-12-31,2021-09-07,2788000000.0,21843000000.0,21356500000.0,,,0.268,50.24,-16000000.0,657000000.0,657000000.0,3390000000.0,1045000000.0,,1.65,851000000.0,,,851000000.0,2404000000.0,55000000.0,0.0,0.033,2.5,783000000.0,838000000.0,0.146,838000000.0,783000000.0,730000000.0,6.36,6.29,6.36,8243000000.0,7598750000.0,8243000000.0,12469460972.0,16.0,14.88,1036000000.0,6.314,1.0,2342000000.0,0.409,0.0,53000000.0,22037000000.0,21581250000.0,0.0,17051000000.0,,,13600000000.0,,,12300460972.0,-120000000.0,0.0,-79000000.0,4000000.0,-400000000.0,-614000000.0,-558000000.0,-527000000.0,1052000000.0,0.0,1045000000.0,1045000000.0,1045000000.0,0.0,0.0,0.182,1559000000.0,783000000.0,0.0,0.393,1.492,11.771,11.788,185000000.0,0.0,74.97,2.146,2.146,2258000000.0,5180000000.0,5732000000.0,5732000000.0,0.0,0.049,0.138,0.036,0.137,26000000.0,1559000000.0,1.0,164071775.0,164071775.0,,34.936,21843000000.0,0.0,-315000000.0,745000000.0,133.131,
15,CINF,MRT,2017-09-30,2017-09-30,2017-09-30,2021-09-07,2047000000.0,21592000000.0,20992250000.0,,,0.268,45.877,-18000000.0,674000000.0,674000000.0,3390000000.0,503000000.0,,1.87,843000000.0,,,843000000.0,2475000000.0,54000000.0,0.0,0.026,1.98,714000000.0,768000000.0,0.136,768000000.0,714000000.0,661000000.0,3.06,3.02,3.06,7523000000.0,7303000000.0,7523000000.0,12793134053.0,18.0,16.658,1008000000.0,6.147,1.0,2243000000.0,0.398,0.0,53000000.0,21761000000.0,21185750000.0,0.0,16664000000.0,,,14069000000.0,,,12556134053.0,-26000000.0,0.0,-93000000.0,-3000000.0,-316000000.0,-523000000.0,-529000000.0,-498000000.0,1026000000.0,0.0,503000000.0,503000000.0,503000000.0,0.0,0.0,0.089,1529000000.0,714000000.0,0.0,0.647,1.669,24.962,25.023,186000000.0,0.0,76.57,2.229,2.229,2390000000.0,5193000000.0,5633000000.0,5633000000.0,0.0,0.024,0.069,0.034,0.127,24000000.0,1529000000.0,1.0,163982422.0,163982422.0,,34.351,21592000000.0,0.0,158000000.0,1087000000.0,131.673,
16,CINF,MRT,2017-06-30,2017-06-30,2017-06-30,2021-09-07,1925000000.0,21238000000.0,20708000000.0,,,0.272,44.769,-15000000.0,606000000.0,606000000.0,3269000000.0,581000000.0,,1.881,843000000.0,,,843000000.0,2461000000.0,51000000.0,0.0,0.027,1.96,838000000.0,889000000.0,0.158,889000000.0,838000000.0,785000000.0,3.53,3.49,3.53,7373000000.0,7202500000.0,7373000000.0,12230656105.0,15.0,13.758,1046000000.0,6.351,1.0,2354000000.0,0.419,0.0,53000000.0,21475000000.0,20896000000.0,0.0,16394000000.0,,,13865000000.0,,,11931656105.0,59000000.0,0.0,-91000000.0,-11000000.0,-313000000.0,-520000000.0,-482000000.0,-459000000.0,1061000000.0,0.0,581000000.0,581000000.0,581000000.0,0.0,0.0,0.103,1516000000.0,838000000.0,0.0,0.555,1.618,20.536,20.524,184000000.0,0.0,72.45,2.122,2.122,2415000000.0,5174000000.0,5623000000.0,5623000000.0,0.0,0.028,0.081,0.04,0.149,24000000.0,1516000000.0,1.0,164688145.0,164688145.0,,34.143,21238000000.0,0.0,204000000.0,1021000000.0,128.959,
17,CINF,MRT,2017-03-31,2017-03-31,2017-03-31,2021-09-07,1780000000.0,20753000000.0,20436250000.0,,,0.274,44.051,-12000000.0,543000000.0,543000000.0,3236000000.0,604000000.0,,1.86,842000000.0,,,842000000.0,2377000000.0,50000000.0,0.0,0.027,1.94,876000000.0,926000000.0,0.165,926000000.0,876000000.0,823000000.0,3.67,3.63,3.67,7256000000.0,7102000000.0,7256000000.0,11973137338.0,14.0,12.93,974000000.0,5.913,1.0,2372000000.0,0.423,0.0,53000000.0,21052000000.0,20641500000.0,0.0,16067000000.0,,,13497000000.0,,,11904137338.0,-70000000.0,0.0,-36000000.0,-18000000.0,-309000000.0,-462000000.0,-594000000.0,-558000000.0,986000000.0,0.0,604000000.0,604000000.0,604000000.0,0.0,0.0,0.108,1496000000.0,876000000.0,0.0,0.529,1.641,19.709,19.692,181000000.0,0.0,72.27,2.123,2.123,2357000000.0,5156000000.0,5608000000.0,5608000000.0,0.0,0.03,0.085,0.042,0.156,24000000.0,1496000000.0,1.0,164717550.0,164717550.0,,34.046,20753000000.0,0.0,219000000.0,946000000.0,125.991,
18,CINF,MRT,2016-12-31,2016-12-31,2016-12-31,2021-09-07,1693000000.0,20386000000.0,20109750000.0,,,0.271,42.853,-13000000.0,777000000.0,777000000.0,3107000000.0,591000000.0,,1.888,846000000.0,,,846000000.0,2307000000.0,48000000.0,0.0,0.025,1.92,865000000.0,913000000.0,0.168,913000000.0,865000000.0,812000000.0,3.59,3.55,3.59,7060000000.0,6971750000.0,7060000000.0,12626705238.0,15.0,13.83,1102000000.0,6.689,1.0,2342000000.0,0.43,0.0,53000000.0,20455000000.0,20302000000.0,0.0,15500000000.0,,,13326000000.0,,,12479705238.0,233000000.0,0.0,-18000000.0,-15000000.0,-306000000.0,-426000000.0,-456000000.0,-429000000.0,1115000000.0,0.0,591000000.0,591000000.0,591000000.0,0.0,0.0,0.108,1477000000.0,865000000.0,0.0,0.535,1.768,21.116,21.1,183000000.0,0.0,75.75,2.29,2.29,2325000000.0,5037000000.0,5449000000.0,5449000000.0,0.0,0.029,0.085,0.043,0.159,23000000.0,1477000000.0,1.0,164748584.0,164748584.0,,33.075,20386000000.0,0.0,221000000.0,865000000.0,123.74,
19,CINF,MRT,2016-09-30,2016-09-30,2016-09-30,2021-09-07,1752000000.0,20455000000.0,19735250000.0,,,0.274,43.269,-12000000.0,700000000.0,700000000.0,2975000000.0,647000000.0,,1.872,847000000.0,,,847000000.0,2388000000.0,47000000.0,0.0,0.031,2.36,952000000.0,999000000.0,0.185,999000000.0,952000000.0,900000000.0,3.94,3.89,3.94,7121000000.0,6813500000.0,7121000000.0,12718311210.0,13.0,12.731,1143000000.0,6.945,1.0,2425000000.0,0.449,0.0,52000000.0,20602000000.0,19988250000.0,0.0,15642000000.0,,,13334000000.0,,,12412311210.0,281000000.0,0.0,13000000.0,-15000000.0,-377000000.0,-484000000.0,-390000000.0,-367000000.0,1155000000.0,0.0,647000000.0,647000000.0,647000000.0,0.0,0.0,0.12,1473000000.0,952000000.0,0.0,0.599,1.743,19.184,19.142,184000000.0,0.0,75.42,2.299,2.299,2312000000.0,5016000000.0,5400000000.0,5400000000.0,0.0,0.033,0.095,0.048,0.176,22000000.0,1473000000.0,1.0,164575858.0,164575858.0,,32.812,20455000000.0,0.0,253000000.0,879000000.0,124.289,
20,CINF,MRT,2016-06-30,2016-06-30,2016-06-30,2021-09-07,1714000000.0,20151000000.0,19309250000.0,,,0.273,42.382,-12000000.0,547000000.0,547000000.0,2892000000.0,641000000.0,,1.891,853000000.0,,,853000000.0,2349000000.0,49000000.0,0.0,0.031,2.34,943000000.0,992000000.0,0.188,992000000.0,943000000.0,890000000.0,3.91,3.86,3.91,6971000000.0,6620750000.0,6971000000.0,12564878892.0,13.0,12.666,1092000000.0,6.639,1.0,2384000000.0,0.452,0.0,53000000.0,20457000000.0,19636000000.0,0.0,15459000000.0,,,13180000000.0,,,12317878892.0,60000000.0,0.0,-9000000.0,-21000000.0,-372000000.0,-502000000.0,-542000000.0,-517000000.0,1104000000.0,0.0,641000000.0,641000000.0,641000000.0,0.0,0.0,0.121,1441000000.0,943000000.0,0.0,0.598,1.767,19.217,19.153,186000000.0,0.0,74.89,2.335,2.335,2343000000.0,4915000000.0,5276000000.0,5276000000.0,0.0,0.033,0.097,0.048,0.179,22000000.0,1441000000.0,1.0,164479622.0,164479622.0,,32.077,20151000000.0,0.0,249000000.0,844000000.0,122.514,
21,CINF,MRT,2016-03-31,2016-03-31,2016-03-31,2021-09-07,1531000000.0,19447000000.0,18993500000.0,,,0.275,40.982,-12000000.0,613000000.0,613000000.0,2783000000.0,694000000.0,,1.887,860000000.0,,,860000000.0,2248000000.0,50000000.0,0.0,0.035,2.32,1025000000.0,1075000000.0,0.206,1075000000.0,1025000000.0,972000000.0,4.23,4.18,4.23,6735000000.0,6502250000.0,6735000000.0,11053238740.0,11.0,10.282,1113000000.0,6.773,1.0,2438000000.0,0.467,0.0,53000000.0,19694000000.0,19340000000.0,0.0,14889000000.0,,,12712000000.0,,,10741238740.0,-27000000.0,0.0,-27000000.0,-14000000.0,-369000000.0,-508000000.0,-644000000.0,-636000000.0,1125000000.0,0.0,694000000.0,694000000.0,694000000.0,0.0,0.0,0.133,1413000000.0,1025000000.0,0.0,0.548,1.595,15.477,15.452,188000000.0,0.0,65.36,2.057,2.057,2231000000.0,4871000000.0,5221000000.0,5221000000.0,0.0,0.037,0.107,0.053,0.196,20000000.0,1413000000.0,1.0,164339638.0,164339638.0,,31.77,19447000000.0,0.0,278000000.0,751000000.0,118.334,
22,CINF,MRT,2015-12-31,2015-12-31,2015-12-31,2021-09-07,1344000000.0,18888000000.0,18856000000.0,,,0.273,39.224,-10000000.0,544000000.0,544000000.0,2808000000.0,634000000.0,,1.939,856000000.0,,,856000000.0,2201000000.0,52000000.0,0.0,0.039,2.3,934000000.0,986000000.0,0.192,986000000.0,934000000.0,881000000.0,3.87,3.83,3.87,6427000000.0,6470500000.0,6427000000.0,10137116272.0,11.0,10.281,1065000000.0,6.5,1.0,2334000000.0,0.454,0.0,53000000.0,19200000000.0,19199250000.0,0.0,14423000000.0,,,12461000000.0,,,9695116272.0,-47000000.0,0.0,-29000000.0,-14000000.0,-366000000.0,-498000000.0,-624000000.0,-615000000.0,1075000000.0,0.0,634000000.0,634000000.0,634000000.0,0.0,0.0,0.123,1400000000.0,934000000.0,0.0,0.594,1.508,15.292,15.289,185000000.0,0.0,59.17,1.885,1.885,2218000000.0,4762000000.0,5142000000.0,5142000000.0,0.0,0.034,0.098,0.049,0.182,20000000.0,1400000000.0,1.0,163851889.0,163851889.0,,31.382,18888000000.0,0.0,247000000.0,638000000.0,115.275,
23,CINF,MRT,2015-09-30,2015-09-30,2015-09-30,2021-09-07,1280000000.0,18751000000.0,18821000000.0,,,0.273,38.698,-10000000.0,419000000.0,419000000.0,2806000000.0,645000000.0,,1.953,861000000.0,,,861000000.0,2215000000.0,52000000.0,0.0,0.034,1.82,954000000.0,1006000000.0,0.196,1006000000.0,954000000.0,901000000.0,3.93,3.89,3.93,6350000000.0,6507000000.0,6350000000.0,9213195491.0,10.0,9.158,985000000.0,6.003,1.0,2335000000.0,0.454,0.0,53000000.0,19193000000.0,19156250000.0,0.0,14426000000.0,,,12401000000.0,,,8828195491.0,7000000.0,0.0,-19000000.0,-14000000.0,-288000000.0,-388000000.0,-600000000.0,-591000000.0,995000000.0,0.0,645000000.0,645000000.0,645000000.0,0.0,0.0,0.125,1381000000.0,954000000.0,0.0,0.463,1.39,13.687,13.69,188000000.0,0.0,53.8,1.717,1.717,2259000000.0,4756000000.0,5141000000.0,5141000000.0,0.0,0.034,0.099,0.05,0.186,20000000.0,1381000000.0,1.0,164092853.0,164092853.0,,31.33,18751000000.0,0.0,256000000.0,596000000.0,114.271,
24,CINF,MRT,2015-06-30,2015-06-30,2015-06-30,2021-09-07,1514000000.0,18888000000.0,18751750000.0,,,0.274,39.53,-9000000.0,487000000.0,487000000.0,2822000000.0,654000000.0,,1.907,872000000.0,,,872000000.0,2191000000.0,53000000.0,0.0,0.036,1.8,969000000.0,1022000000.0,0.199,1022000000.0,969000000.0,917000000.0,3.99,3.95,3.99,6497000000.0,6513500000.0,6497000000.0,8481494576.0,9.0,8.299,983000000.0,5.981,1.0,2321000000.0,0.451,0.0,52000000.0,19273000000.0,19093000000.0,0.0,14551000000.0,,,12391000000.0,,,8247494576.0,25000000.0,0.0,-12000000.0,0.0,-285000000.0,-364000000.0,-603000000.0,-601000000.0,992000000.0,0.0,654000000.0,654000000.0,654000000.0,0.0,0.0,0.127,1352000000.0,969000000.0,0.0,0.451,1.269,12.611,12.576,187000000.0,0.0,50.18,1.604,1.604,2262000000.0,4658000000.0,5143000000.0,5143000000.0,0.0,0.035,0.1,0.051,0.188,20000000.0,1352000000.0,1.0,164358202.0,164358202.0,,31.291,18888000000.0,0.0,263000000.0,717000000.0,114.92,
25,CINF,MRT,2015-03-31,2015-03-31,2015-03-31,2021-09-07,1716000000.0,18897000000.0,18613500000.0,,,0.271,40.252,-7000000.0,640000000.0,640000000.0,2873000000.0,562000000.0,,1.86,874000000.0,,,874000000.0,2109000000.0,52000000.0,0.0,0.033,1.78,828000000.0,880000000.0,0.175,880000000.0,828000000.0,776000000.0,3.43,3.4,3.43,6608000000.0,6475000000.0,6608000000.0,9031781903.0,11.0,10.263,952000000.0,5.799,1.0,2168000000.0,0.43,0.0,52000000.0,19131000000.0,18963000000.0,0.0,14476000000.0,,,12289000000.0,,,8746781903.0,119000000.0,0.0,7000000.0,-55000000.0,-282000000.0,-402000000.0,-438000000.0,-440000000.0,959000000.0,0.0,562000000.0,562000000.0,562000000.0,0.0,0.0,0.111,1340000000.0,828000000.0,0.0,0.519,1.324,15.564,15.534,189000000.0,0.0,53.28,1.735,1.735,2194000000.0,4557000000.0,5041000000.0,5041000000.0,0.0,0.03,0.087,0.044,0.164,20000000.0,1340000000.0,1.0,164166327.0,164166327.0,,30.707,18897000000.0,0.0,214000000.0,824000000.0,115.109,
26,CINF,MRT,2014-12-31,2014-12-31,2014-12-31,2021-09-07,1744000000.0,18748000000.0,18374750000.0,,,0.269,40.204,-9000000.0,591000000.0,591000000.0,2856000000.0,525000000.0,,1.852,871000000.0,,,871000000.0,2082000000.0,51000000.0,0.0,0.034,1.76,774000000.0,825000000.0,0.167,825000000.0,774000000.0,721000000.0,3.21,3.18,3.21,6573000000.0,6365000000.0,6573000000.0,8939709557.0,12.0,10.836,864000000.0,5.285,1.0,2089000000.0,0.422,0.0,53000000.0,19028000000.0,18770000000.0,0.0,14386000000.0,,,12175000000.0,,,8473709557.0,158000000.0,0.0,1000000.0,-55000000.0,-278000000.0,-404000000.0,-311000000.0,-311000000.0,873000000.0,0.0,525000000.0,525000000.0,525000000.0,0.0,0.0,0.106,1315000000.0,774000000.0,0.0,0.548,1.289,16.14,16.146,194000000.0,0.0,51.83,1.714,1.714,2177000000.0,4505000000.0,4945000000.0,4945000000.0,0.0,0.029,0.082,0.041,0.157,19000000.0,1315000000.0,1.0,163490441.0,163490441.0,,30.246,18748000000.0,0.0,196000000.0,840000000.0,114.673,
27,CINF,MRT,2014-09-30,2014-09-30,2014-09-30,2021-09-07,1658000000.0,18474000000.0,18103250000.0,,,0.268,38.961,-8000000.0,412000000.0,412000000.0,2845000000.0,480000000.0,,1.897,878000000.0,,,878000000.0,2128000000.0,58000000.0,0.0,0.037,1.74,706000000.0,764000000.0,0.157,764000000.0,706000000.0,652000000.0,2.93,2.9,2.93,6376000000.0,6239250000.0,6376000000.0,8117788066.0,11.0,10.625,883000000.0,5.396,1.0,2010000000.0,0.414,0.0,54000000.0,18940000000.0,18555000000.0,0.0,14255000000.0,,,12098000000.0,,,7699788066.0,-99000000.0,0.0,-51000000.0,-55000000.0,-276000000.0,-470000000.0,-520000000.0,-520000000.0,891000000.0,0.0,480000000.0,480000000.0,480000000.0,0.0,0.0,0.099,1304000000.0,706000000.0,0.0,0.594,1.208,16.041,16.058,198000000.0,0.0,47.05,1.586,1.586,2220000000.0,4409000000.0,4855000000.0,4855000000.0,0.0,0.027,0.077,0.038,0.145,19000000.0,1304000000.0,1.0,163651181.0,163651181.0,,29.667,18474000000.0,0.0,172000000.0,777000000.0,112.886,
28,CINF,MRT,2014-06-30,2014-06-30,2014-06-30,2021-09-07,1732000000.0,18335000000.0,17819500000.0,,,0.265,38.791,-9000000.0,462000000.0,462000000.0,2801000000.0,428000000.0,,1.891,880000000.0,,,880000000.0,2110000000.0,55000000.0,0.0,0.036,1.72,629000000.0,684000000.0,0.145,684000000.0,629000000.0,575000000.0,2.61,2.58,2.61,6343000000.0,6099250000.0,6343000000.0,8272458909.0,13.0,12.094,887000000.0,5.424,1.0,1926000000.0,0.407,0.0,54000000.0,18753000000.0,18261000000.0,0.0,14060000000.0,,,11992000000.0,,,7855458909.0,80000000.0,0.0,-35000000.0,-55000000.0,-271000000.0,-440000000.0,-376000000.0,-372000000.0,896000000.0,0.0,428000000.0,428000000.0,428000000.0,0.0,0.0,0.091,1297000000.0,629000000.0,0.0,0.659,1.238,18.354,18.406,203000000.0,0.0,48.04,1.662,1.662,2210000000.0,4299000000.0,4727000000.0,4727000000.0,0.0,0.024,0.07,0.034,0.133,18000000.0,1297000000.0,1.0,163519128.0,163519128.0,,28.908,18335000000.0,0.0,147000000.0,810000000.0,112.128,
29,CINF,MRT,2014-03-31,2014-03-31,2014-03-31,2021-09-07,1578000000.0,17942000000.0,17494250000.0,,,0.264,37.723,-9000000.0,521000000.0,521000000.0,2669000000.0,454000000.0,,1.909,938000000.0,,,938000000.0,2035000000.0,54000000.0,0.0,0.035,1.687,671000000.0,725000000.0,0.157,725000000.0,671000000.0,616000000.0,2.77,2.73,2.77,6168000000.0,5938250000.0,6168000000.0,8462207556.0,13.0,11.672,859000000.0,5.254,1.0,1948000000.0,0.422,0.0,55000000.0,18359000000.0,17970000000.0,0.0,13678000000.0,,,11774000000.0,,,7956207556.0,141000000.0,0.0,-32000000.0,0.0,-265000000.0,-359000000.0,-368000000.0,-363000000.0,868000000.0,0.0,454000000.0,454000000.0,454000000.0,0.0,0.0,0.098,1277000000.0,671000000.0,0.0,0.609,1.29,17.525,17.567,207000000.0,0.0,48.66,1.723,1.723,2168000000.0,4287000000.0,4617000000.0,4617000000.0,0.0,0.026,0.076,0.037,0.145,19000000.0,1277000000.0,1.0,163506115.0,163506115.0,,28.237,17942000000.0,0.0,162000000.0,721000000.0,109.733,
30,CINF,MRT,2013-12-31,2013-12-31,2013-12-31,2021-09-07,1504000000.0,17662000000.0,17268000000.0,,,0.262,37.05,-7000000.0,433000000.0,433000000.0,2505000000.0,517000000.0,,1.91,939000000.0,,,939000000.0,1976000000.0,50000000.0,0.0,0.032,1.654,768000000.0,818000000.0,0.181,818000000.0,768000000.0,714000000.0,3.16,3.12,3.16,6070000000.0,5842500000.0,6070000000.0,9004814649.0,12.0,11.008,789000000.0,4.816,1.0,2026000000.0,0.447,0.0,54000000.0,18168000000.0,17778250000.0,0.0,13564000000.0,,,11592000000.0,,,8579814649.0,-54000000.0,0.0,-27000000.0,0.0,-263000000.0,-341000000.0,-509000000.0,-507000000.0,796000000.0,0.0,517000000.0,517000000.0,517000000.0,0.0,0.0,0.114,1258000000.0,768000000.0,0.0,0.523,1.413,16.595,16.573,210000000.0,0.0,52.37,1.894,1.894,2125000000.0,4268000000.0,4531000000.0,4531000000.0,0.0,0.03,0.088,0.043,0.169,18000000.0,1258000000.0,1.0,163830717.0,163830717.0,,27.657,17662000000.0,0.0,197000000.0,673000000.0,107.806,
31,CINF,MRT,2013-09-30,2013-09-30,2013-09-30,2021-09-07,1267000000.0,17339000000.0,16989500000.0,,,0.261,35.535,-6000000.0,511000000.0,511000000.0,2323000000.0,587000000.0,,1.981,936000000.0,,,936000000.0,2026000000.0,42000000.0,0.0,0.035,1.641,873000000.0,915000000.0,0.207,915000000.0,873000000.0,820000000.0,3.6,3.56,3.6,5816000000.0,5688250000.0,5816000000.0,8273596179.0,9.0,9.042,737000000.0,4.503,1.0,2106000000.0,0.476,0.0,53000000.0,17764000000.0,17484250000.0,0.0,13090000000.0,,,11523000000.0,,,7718596179.0,95000000.0,0.0,21000000.0,0.0,-260000000.0,-281000000.0,-367000000.0,-368000000.0,743000000.0,0.0,587000000.0,587000000.0,587000000.0,0.0,0.0,0.133,1233000000.0,873000000.0,0.0,0.456,1.327,13.149,13.1,211000000.0,0.0,47.16,1.743,1.743,2197000000.0,4214000000.0,4429000000.0,4429000000.0,0.0,0.035,0.103,0.05,0.197,18000000.0,1233000000.0,1.0,163668282.0,163668282.0,,27.061,17339000000.0,0.0,233000000.0,542000000.0,105.94,
32,CINF,MRT,2013-06-30,2013-06-30,2013-06-30,2021-09-07,1221000000.0,17034000000.0,16774500000.0,,,0.257,34.87,-5000000.0,382000000.0,382000000.0,2252000000.0,567000000.0,,1.989,937000000.0,,,937000000.0,1947000000.0,42000000.0,0.0,0.035,1.629,844000000.0,886000000.0,0.205,886000000.0,844000000.0,790000000.0,3.49,3.45,3.49,5699000000.0,5574000000.0,5699000000.0,8059971982.0,10.0,9.097,619000000.0,3.787,1.0,2060000000.0,0.478,0.0,54000000.0,17589000000.0,17292000000.0,0.0,12933000000.0,,,11335000000.0,,,7504971982.0,119000000.0,0.0,19000000.0,0.0,-258000000.0,-275000000.0,-230000000.0,-230000000.0,624000000.0,0.0,567000000.0,567000000.0,567000000.0,0.0,0.0,0.131,1216000000.0,844000000.0,0.0,0.467,1.317,13.236,13.158,213000000.0,0.0,45.92,1.74,1.74,2153000000.0,4152000000.0,4312000000.0,4312000000.0,0.0,0.034,0.102,0.049,0.196,18000000.0,1216000000.0,1.0,163435801.0,163435801.0,,26.383,17034000000.0,0.0,223000000.0,512000000.0,104.224,
33,CINF,MRT,2013-03-31,2013-03-31,2013-03-31,2021-09-07,1362000000.0,17037000000.0,16538250000.0,,,0.256,35.441,-5000000.0,380000000.0,380000000.0,2308000000.0,489000000.0,,1.945,935000000.0,,,935000000.0,1875000000.0,42000000.0,0.0,0.034,1.625,724000000.0,766000000.0,0.181,766000000.0,724000000.0,671000000.0,3.02,2.99,3.02,5785000000.0,5435250000.0,5785000000.0,8151579318.0,11.0,10.642,542000000.0,3.321,1.0,1920000000.0,0.454,0.0,53000000.0,17592000000.0,17085000000.0,0.0,13037000000.0,,,11252000000.0,,,7707579318.0,-44000000.0,0.0,15000000.0,0.0,-257000000.0,-285000000.0,-306000000.0,-306000000.0,547000000.0,0.0,489000000.0,489000000.0,489000000.0,0.0,0.0,0.116,1196000000.0,724000000.0,0.0,0.538,1.332,15.762,15.636,216000000.0,0.0,47.22,1.823,1.823,2130000000.0,4109000000.0,4228000000.0,4228000000.0,0.0,0.03,0.09,0.042,0.171,17000000.0,1196000000.0,1.0,163227008.0,163227008.0,,25.903,17037000000.0,0.0,182000000.0,588000000.0,104.376,
34,CINF,MRT,2012-12-31,2012-12-31,2012-12-31,2021-09-07,1129000000.0,16548000000.0,16284500000.0,,,0.252,33.519,-6000000.0,487000000.0,487000000.0,2322000000.0,421000000.0,,2.035,931000000.0,,,931000000.0,1792000000.0,44000000.0,0.0,0.041,1.621,620000000.0,664000000.0,0.162,664000000.0,620000000.0,566000000.0,2.59,2.57,2.59,5453000000.0,5290750000.0,5453000000.0,6886791240.0,11.0,10.372,632000000.0,3.885,1.0,1789000000.0,0.435,0.0,54000000.0,16992000000.0,16820750000.0,0.0,12534000000.0,,,11095000000.0,,,6370791240.0,49000000.0,0.0,10000000.0,0.0,-256000000.0,-285000000.0,-304000000.0,-303000000.0,638000000.0,0.0,421000000.0,421000000.0,421000000.0,0.0,0.0,0.102,1169000000.0,620000000.0,0.0,0.626,1.168,15.133,15.12,217000000.0,0.0,39.16,1.55,1.55,2045000000.0,4021000000.0,4111000000.0,4111000000.0,0.0,0.026,0.08,0.037,0.151,16000000.0,1169000000.0,1.0,162686191.0,162686191.0,,25.27,16548000000.0,0.0,145000000.0,453000000.0,101.717,
35,CINF,MRT,2012-09-30,2012-09-30,2012-09-30,2021-09-07,1171000000.0,16479000000.0,16056250000.0,,,0.249,32.974,0.0,416000000.0,416000000.0,2332000000.0,363000000.0,,2.075,932000000.0,,,932000000.0,1818000000.0,36000000.0,0.0,0.043,1.617,534000000.0,570000000.0,0.143,570000000.0,534000000.0,479000000.0,2.24,2.23,2.24,5359000000.0,5185750000.0,5359000000.0,6826694431.0,13.0,11.977,532000000.0,3.273,1.0,1664000000.0,0.416,0.0,55000000.0,16995000000.0,16603250000.0,0.0,12533000000.0,,,11120000000.0,,,6154694431.0,108000000.0,0.0,5000000.0,0.0,-255000000.0,-230000000.0,-194000000.0,-198000000.0,532000000.0,0.0,363000000.0,363000000.0,363000000.0,0.0,0.0,0.091,1130000000.0,534000000.0,0.0,0.722,1.148,16.955,16.906,223000000.0,0.0,37.87,1.54,1.54,2054000000.0,3896000000.0,3996000000.0,3996000000.0,0.0,0.023,0.07,0.032,0.134,15000000.0,1130000000.0,1.0,162521638.0,162521638.0,,24.587,16479000000.0,0.0,116000000.0,453000000.0,101.396,
36,CINF,MRT,2012-06-30,2012-06-30,2012-06-30,2021-09-07,1010000000.0,16089000000.0,15789500000.0,,,0.247,31.673,-7000000.0,263000000.0,263000000.0,2417000000.0,271000000.0,,2.128,935000000.0,,,935000000.0,1762000000.0,41000000.0,0.0,0.042,1.612,392000000.0,433000000.0,0.111,433000000.0,392000000.0,338000000.0,1.67,1.67,1.67,5144000000.0,5042500000.0,5144000000.0,6695914665.0,17.0,15.464,501000000.0,3.085,1.0,1488000000.0,0.381,0.0,54000000.0,16761000000.0,16354000000.0,0.0,12231000000.0,,,10945000000.0,,,6182914665.0,-50000000.0,0.0,-29000000.0,55000000.0,-256000000.0,-220000000.0,-338000000.0,-339000000.0,508000000.0,0.0,271000000.0,271000000.0,271000000.0,0.0,0.0,0.069,1096000000.0,392000000.0,0.0,0.965,1.202,22.815,22.796,229000000.0,0.0,38.07,1.583,1.583,2005000000.0,3851000000.0,3905000000.0,3905000000.0,0.0,0.017,0.054,0.024,0.1,14000000.0,1096000000.0,1.0,162409106.0,162409106.0,,24.044,16089000000.0,0.0,67000000.0,359000000.0,99.065,
37,CINF,MRT,2012-03-31,2012-03-31,2012-03-31,2021-09-07,1047000000.0,16022000000.0,15692750000.0,,,0.246,32.086,-7000000.0,424000000.0,424000000.0,2531000000.0,189000000.0,,2.077,937000000.0,,,937000000.0,1680000000.0,42000000.0,0.0,0.047,1.609,265000000.0,307000000.0,0.08,307000000.0,265000000.0,210000000.0,1.16,1.16,1.16,5207000000.0,5020750000.0,5207000000.0,6087320692.0,23.0,19.828,331000000.0,2.04,1.0,1329000000.0,0.344,0.0,55000000.0,16535000000.0,16220750000.0,0.0,12153000000.0,,,10815000000.0,,,5600320692.0,45000000.0,0.0,-30000000.0,55000000.0,-255000000.0,-215000000.0,-78000000.0,-80000000.0,338000000.0,0.0,189000000.0,189000000.0,189000000.0,0.0,0.0,0.049,1064000000.0,265000000.0,0.0,1.387,1.076,29.631,29.75,235000000.0,0.0,34.51,1.451,1.451,1944000000.0,3884000000.0,3860000000.0,3860000000.0,0.0,0.012,0.038,0.016,0.069,14000000.0,1064000000.0,1.0,162281098.0,162281098.0,,23.786,16022000000.0,0.0,21000000.0,388000000.0,98.73,
38,CINF,MRT,2011-12-31,2011-12-31,2011-12-31,2021-09-07,901000000.0,15635000000.0,15529500000.0,,,0.245,31.053,-7000000.0,438000000.0,438000000.0,2524000000.0,164000000.0,,2.106,925000000.0,,,925000000.0,1633000000.0,42000000.0,0.0,0.053,1.606,227000000.0,269000000.0,0.071,269000000.0,227000000.0,173000000.0,1.01,1.01,1.01,5033000000.0,4998500000.0,5033000000.0,5522917019.0,24.0,20.531,240000000.0,1.481,1.0,1279000000.0,0.336,0.0,54000000.0,16122000000.0,16044250000.0,0.0,11801000000.0,,,10602000000.0,,,4936917019.0,53000000.0,0.0,-31000000.0,55000000.0,-255000000.0,-186000000.0,-8000000.0,-8000000.0,247000000.0,0.0,164000000.0,164000000.0,164000000.0,0.0,0.0,0.043,1052000000.0,227000000.0,0.0,1.59,0.981,30.103,30.158,227000000.0,0.0,30.46,1.298,1.298,1928000000.0,3863000000.0,3803000000.0,3803000000.0,0.0,0.011,0.033,0.014,0.06,13000000.0,1052000000.0,1.0,162078694.0,162078694.0,,23.464,15635000000.0,0.0,9000000.0,303000000.0,96.465,
39,CINF,MRT,2011-09-30,2011-09-30,2011-09-30,2021-09-07,703000000.0,15412000000.0,15394500000.0,,,0.246,29.336,-15000000.0,308000000.0,308000000.0,2526000000.0,154000000.0,,2.22,894000000.0,,,894000000.0,1657000000.0,49000000.0,0.0,0.061,1.603,212000000.0,261000000.0,0.069,261000000.0,212000000.0,158000000.0,0.95,0.96,0.95,4786000000.0,4998250000.0,4786000000.0,4821637787.0,23.0,18.474,247000000.0,1.514,1.0,1258000000.0,0.332,0.0,54000000.0,15998000000.0,15905250000.0,0.0,11529000000.0,,,10626000000.0,,,4295637787.0,-137000000.0,0.0,-30000000.0,55000000.0,-254000000.0,-201000000.0,-198000000.0,-187000000.0,262000000.0,0.0,154000000.0,154000000.0,154000000.0,0.0,0.0,0.041,1046000000.0,212000000.0,0.0,1.687,0.898,27.894,27.716,228000000.0,0.0,26.33,1.135,1.135,2028000000.0,3816000000.0,3784000000.0,3784000000.0,0.0,0.01,0.031,0.013,0.056,12000000.0,1046000000.0,1.0,163146137.0,163146137.0,,23.194,15412000000.0,0.0,4000000.0,191000000.0,94.467,
40,CINF,MRT,2011-06-30,2011-06-30,2011-06-30,2021-09-07,903000000.0,15702000000.0,15309000000.0,,,0.255,31.011,-10000000.0,313000000.0,313000000.0,2445000000.0,291000000.0,,2.105,839000000.0,,,839000000.0,1630000000.0,47000000.0,0.0,0.055,1.6,422000000.0,469000000.0,0.12,469000000.0,422000000.0,368000000.0,1.78,1.79,1.78,5057000000.0,5054250000.0,5057000000.0,5218395819.0,12.0,11.127,272000000.0,1.668,1.0,1466000000.0,0.375,0.0,54000000.0,16228000000.0,15771750000.0,0.0,11757000000.0,,,10645000000.0,,,4758395819.0,-12000000.0,0.0,1000000.0,0.0,-253000000.0,-206000000.0,-88000000.0,-78000000.0,282000000.0,0.0,291000000.0,291000000.0,291000000.0,0.0,0.0,0.074,1044000000.0,422000000.0,0.0,0.899,0.941,16.352,16.393,234000000.0,0.0,29.18,1.217,1.217,2069000000.0,3862000000.0,3911000000.0,3911000000.0,0.0,0.019,0.058,0.027,0.108,12000000.0,1044000000.0,1.0,163070453.0,163070453.0,,23.983,15702000000.0,0.0,77000000.0,324000000.0,96.29,
41,CINF,MRT,2011-03-31,2011-03-31,2011-03-31,2021-09-07,855000000.0,15369000000.0,15035250000.0,,,0.254,31.399,-11000000.0,379000000.0,379000000.0,2239000000.0,368000000.0,,2.003,839000000.0,,,839000000.0,1586000000.0,42000000.0,0.0,0.049,1.595,541000000.0,583000000.0,0.153,583000000.0,541000000.0,488000000.0,2.26,2.27,2.26,5118000000.0,4974250000.0,5118000000.0,5798770230.0,11.0,9.946,467000000.0,2.865,1.0,1575000000.0,0.413,0.0,53000000.0,15829000000.0,15495000000.0,0.0,11704000000.0,,,10251000000.0,,,5344770230.0,-23000000.0,0.0,-10000000.0,0.0,-253000000.0,-181000000.0,-320000000.0,-308000000.0,478000000.0,0.0,368000000.0,368000000.0,368000000.0,0.0,0.0,0.096,1034000000.0,541000000.0,0.0,0.706,1.044,14.524,14.509,243000000.0,0.0,32.79,1.401,1.401,1844000000.0,3977000000.0,3814000000.0,3814000000.0,0.0,0.024,0.074,0.035,0.142,11000000.0,1034000000.0,1.0,163000007.0,163000007.0,,23.399,15369000000.0,0.0,120000000.0,296000000.0,94.288,
42,CINF,MRT,2010-12-31,2010-12-31,2010-12-31,2021-09-07,769000000.0,15095000000.0,14847000000.0,,,0.254,30.921,-17000000.0,385000000.0,385000000.0,2180000000.0,375000000.0,,2.0,856000000.0,,,856000000.0,1553000000.0,41000000.0,0.0,0.05,1.59,552000000.0,593000000.0,0.157,593000000.0,552000000.0,498000000.0,2.3,2.3,2.3,5032000000.0,4911000000.0,5032000000.0,5551104601.0,10.0,9.361,514000000.0,3.158,1.0,1592000000.0,0.422,0.0,54000000.0,15566000000.0,15301000000.0,0.0,11508000000.0,,,10063000000.0,,,5157104601.0,-172000000.0,0.0,-10000000.0,0.0,-252000000.0,-174000000.0,-529000000.0,-512000000.0,531000000.0,0.0,375000000.0,375000000.0,375000000.0,0.0,0.0,0.099,1040000000.0,552000000.0,0.0,0.691,1.025,13.752,13.778,229000000.0,0.0,31.69,1.367,1.367,1797000000.0,3980000000.0,3772000000.0,3772000000.0,0.0,0.025,0.076,0.036,0.146,11000000.0,1040000000.0,1.0,162736024.0,162736024.0,,23.179,15095000000.0,0.0,123000000.0,260000000.0,92.758,
43,CINF,MRT,2010-09-30,2010-09-30,2010-09-30,2021-09-07,814000000.0,15070000000.0,14683250000.0,,,0.27,30.798,-25000000.0,445000000.0,445000000.0,2191000000.0,496000000.0,,2.008,839000000.0,,,839000000.0,1573000000.0,47000000.0,0.0,0.055,1.585,735000000.0,782000000.0,0.197,782000000.0,735000000.0,682000000.0,3.05,3.04,3.05,5010000000.0,4843000000.0,5010000000.0,5202268110.0,7.0,6.653,555000000.0,3.412,1.0,1778000000.0,0.448,0.0,53000000.0,15464000000.0,15090000000.0,0.0,11305000000.0,,,10060000000.0,,,4688268110.0,-3000000.0,0.0,-10000000.0,0.0,-252000000.0,-150000000.0,-433000000.0,-407000000.0,580000000.0,0.0,496000000.0,496000000.0,496000000.0,0.0,0.0,0.125,1043000000.0,735000000.0,0.0,0.52,0.936,9.452,9.449,236000000.0,0.0,28.82,1.181,1.181,1791000000.0,3919000000.0,3969000000.0,3969000000.0,0.0,0.034,0.102,0.049,0.185,11000000.0,1043000000.0,1.0,162674119.0,162674119.0,,24.398,15070000000.0,0.0,186000000.0,247000000.0,92.639,
44,CINF,MRT,2010-06-30,2010-06-30,2010-06-30,2021-09-07,636000000.0,14607000000.0,14472250000.0,,,0.27,29.064,-33000000.0,325000000.0,325000000.0,2114000000.0,511000000.0,,2.084,839000000.0,,,839000000.0,1572000000.0,41000000.0,0.0,0.061,1.58,759000000.0,800000000.0,0.205,800000000.0,759000000.0,705000000.0,3.15,3.14,3.15,4737000000.0,4747000000.0,4737000000.0,4653405911.0,6.0,5.817,588000000.0,3.608,1.0,1791000000.0,0.459,0.0,54000000.0,15121000000.0,14878250000.0,0.0,11032000000.0,,,9870000000.0,,,4216405911.0,71000000.0,0.0,-10000000.0,0.0,-251000000.0,-105000000.0,-445000000.0,-408000000.0,621000000.0,0.0,511000000.0,511000000.0,511000000.0,0.0,0.0,0.131,1032000000.0,759000000.0,0.0,0.502,0.89,8.251,8.213,243000000.0,0.0,25.87,1.08,1.08,1806000000.0,3828000000.0,3905000000.0,3905000000.0,0.0,0.035,0.108,0.051,0.194,11000000.0,1032000000.0,1.0,162984380.0,162984380.0,,23.959,14607000000.0,0.0,194000000.0,145000000.0,89.622,
45,CINF,MRT,2010-03-31,2010-03-31,2010-03-31,2021-09-07,722000000.0,14616000000.0,14201000000.0,,,0.275,29.86,-42000000.0,402000000.0,402000000.0,2177000000.0,465000000.0,,2.004,839000000.0,,,839000000.0,1549000000.0,40000000.0,0.0,0.054,1.575,689000000.0,729000000.0,0.187,729000000.0,689000000.0,634000000.0,2.86,2.85,2.86,4865000000.0,4598750000.0,4865000000.0,4992203901.0,7.0,6.848,553000000.0,3.394,1.0,1724000000.0,0.442,0.0,55000000.0,15053000000.0,14624750000.0,0.0,11002000000.0,,,9751000000.0,,,4710203901.0,-113000000.0,0.0,0.0,0.0,-249000000.0,-112000000.0,-596000000.0,-549000000.0,595000000.0,0.0,465000000.0,465000000.0,465000000.0,0.0,0.0,0.119,1035000000.0,689000000.0,0.0,0.551,0.968,10.129,10.108,249000000.0,0.0,28.91,1.207,1.207,1808000000.0,3865000000.0,3901000000.0,3901000000.0,0.0,0.033,0.101,0.047,0.177,10000000.0,1035000000.0,1.0,162926458.0,162926458.0,,23.943,14616000000.0,0.0,169000000.0,206000000.0,89.709,
46,CINF,MRT,2009-12-31,2009-12-31,2009-12-31,2021-09-07,624000000.0,14440000000.0,13824000000.0,,,0.282,29.256,-42000000.0,557000000.0,557000000.0,2242000000.0,432000000.0,,2.034,839000000.0,,,839000000.0,1509000000.0,38000000.0,0.0,0.06,1.57,637000000.0,675000000.0,0.173,675000000.0,637000000.0,582000000.0,2.66,2.65,2.66,4760000000.0,4352750000.0,4760000000.0,4660281876.0,7.0,6.904,483000000.0,2.969,1.0,1661000000.0,0.426,0.0,55000000.0,14722000000.0,14219500000.0,0.0,10643000000.0,,,9680000000.0,,,4269281876.0,-452000000.0,0.0,0.0,0.0,-249000000.0,-162000000.0,-815000000.0,-764000000.0,525000000.0,0.0,432000000.0,432000000.0,432000000.0,0.0,0.0,0.111,1024000000.0,637000000.0,0.0,0.59,0.897,9.883,9.865,251000000.0,0.0,26.24,1.094,1.094,1878000000.0,3862000000.0,3903000000.0,3903000000.0,0.0,0.031,0.099,0.045,0.163,10000000.0,1024000000.0,1.0,162701291.0,162701291.0,,23.989,14440000000.0,0.0,150000000.0,152000000.0,88.752,
47,CINF,MRT,2009-09-30,2009-09-30,2009-09-30,2021-09-07,675000000.0,14226000000.0,13556250000.0,,,0.28,28.444,-39000000.0,448000000.0,448000000.0,2237000000.0,348000000.0,,2.075,839000000.0,,,839000000.0,1557000000.0,26000000.0,0.0,0.06,1.565,504000000.0,530000000.0,0.14,530000000.0,504000000.0,448000000.0,2.14,2.13,2.14,4626000000.0,4208250000.0,4626000000.0,4811888848.0,10.0,9.079,325000000.0,1.998,1.0,1552000000.0,0.41,0.0,56000000.0,14617000000.0,13839000000.0,0.0,10428000000.0,,,9600000000.0,,,4226888848.0,101000000.0,0.0,0.0,-20000000.0,-250000000.0,-231000000.0,-32000000.0,17000000.0,364000000.0,0.0,348000000.0,348000000.0,348000000.0,0.0,0.0,0.092,1048000000.0,504000000.0,0.0,0.731,0.914,12.146,12.145,258000000.0,0.0,25.99,1.116,1.116,1950000000.0,3681000000.0,3789000000.0,3789000000.0,0.0,0.026,0.083,0.036,0.133,14000000.0,1048000000.0,1.0,162635200.0,162635200.0,,23.298,14226000000.0,0.0,100000000.0,142000000.0,87.472,
48,CINF,MRT,2009-06-30,2009-06-30,2009-06-30,2021-09-07,304000000.0,13522000000.0,13575500000.0,,,0.292,25.492,-36000000.0,254000000.0,254000000.0,2302000000.0,424000000.0,,2.263,839000000.0,,,839000000.0,1565000000.0,27000000.0,0.0,0.07,1.56,616000000.0,643000000.0,0.162,643000000.0,616000000.0,560000000.0,2.6,2.58,2.6,4144000000.0,4223500000.0,4144000000.0,3957236115.0,6.0,6.154,271000000.0,1.667,1.0,1666000000.0,0.42,0.0,56000000.0,14107000000.0,13888750000.0,0.0,9708000000.0,,,9378000000.0,,,3633236115.0,-79000000.0,0.0,1000000.0,-20000000.0,-251000000.0,-826000000.0,440000000.0,488000000.0,307000000.0,0.0,424000000.0,424000000.0,424000000.0,0.0,0.0,0.107,1050000000.0,616000000.0,0.0,0.6,0.877,8.569,8.596,249000000.0,0.0,22.35,0.916,0.916,2004000000.0,3575000000.0,3968000000.0,3968000000.0,0.0,0.031,0.1,0.044,0.155,14000000.0,1050000000.0,1.0,162560900.0,162560900.0,,24.409,13522000000.0,73000000.0,136000000.0,0.0,83.181,
49,CINF,MRT,2009-03-31,2009-03-31,2009-03-31,2021-09-07,69000000.0,13108000000.0,13897750000.0,,,0.289,23.883,-33000000.0,515000000.0,515000000.0,2239000000.0,506000000.0,,2.377,839000000.0,,,839000000.0,1582000000.0,32000000.0,0.0,0.068,1.56,729000000.0,761000000.0,0.19,761000000.0,729000000.0,674000000.0,3.1,3.08,3.1,3881000000.0,4364250000.0,3881000000.0,3547433250.0,5.0,4.662,313000000.0,1.926,1.0,1772000000.0,0.442,0.0,55000000.0,13432000000.0,14196500000.0,0.0,8876000000.0,,,9227000000.0,,,3716433250.0,278000000.0,0.0,-40000000.0,-20000000.0,-254000000.0,-998000000.0,930000000.0,983000000.0,346000000.0,0.0,506000000.0,506000000.0,506000000.0,0.0,0.0,0.126,1043000000.0,729000000.0,0.0,0.503,0.958,7.345,7.377,236000000.0,0.0,22.87,0.927,0.927,2004000000.0,3551000000.0,4011000000.0,4011000000.0,0.0,0.036,0.116,0.051,0.182,14000000.0,1043000000.0,1.0,162502547.0,162502547.0,,24.683,13108000000.0,275000000.0,168000000.0,0.0,80.663,
50,CINF,MRT,2008-12-31,2008-12-31,2008-12-31,2021-09-07,347000000.0,13369000000.0,14607000000.0,,,0.262,25.754,-36000000.0,1009000000.0,1009000000.0,2193000000.0,429000000.0,,2.197,840000000.0,,,840000000.0,1544000000.0,32000000.0,0.0,0.054,1.56,593000000.0,625000000.0,0.163,625000000.0,593000000.0,540000000.0,2.63,2.62,2.63,4182000000.0,4756250000.0,4182000000.0,5233472037.0,9.0,8.374,448000000.0,2.759,1.0,1631000000.0,0.427,0.0,53000000.0,13200000000.0,14980500000.0,0.0,8890000000.0,,,9187000000.0,,,4720472037.0,783000000.0,0.0,-135000000.0,-20000000.0,-250000000.0,-1210000000.0,1509000000.0,1562000000.0,484000000.0,0.0,429000000.0,429000000.0,429000000.0,0.0,0.0,0.112,1038000000.0,593000000.0,0.0,0.593,1.129,11.003,11.053,236000000.0,0.0,29.07,1.234,1.234,2002000000.0,3579000000.0,3824000000.0,3824000000.0,0.0,0.029,0.09,0.04,0.155,15000000.0,1038000000.0,1.0,162382939.0,162382939.0,,23.549,13369000000.0,126000000.0,111000000.0,0.0,82.33,
51,CINF,MRT,2008-09-30,2008-09-30,2008-09-30,2021-09-07,956000000.0,14303000000.0,15424000000.0,,,0.245,28.864,-47000000.0,347000000.0,347000000.0,2124000000.0,454000000.0,,2.052,860000000.0,,,860000000.0,1583000000.0,37000000.0,0.0,0.054,1.525,625000000.0,662000000.0,0.175,662000000.0,625000000.0,573000000.0,2.75,2.73,2.75,4687000000.0,5193000000.0,4687000000.0,5145121669.0,8.0,7.772,620000000.0,3.818,1.0,1659000000.0,0.439,0.0,52000000.0,14816000000.0,15998250000.0,0.0,10160000000.0,,,9616000000.0,,,4618121669.0,164000000.0,0.0,-293000000.0,0.0,-246000000.0,-1365000000.0,862000000.0,925000000.0,667000000.0,0.0,454000000.0,454000000.0,454000000.0,0.0,0.0,0.12,1034000000.0,625000000.0,0.0,0.555,0.985,10.172,10.342,235000000.0,0.0,28.44,1.221,1.221,2132000000.0,3482000000.0,3783000000.0,3783000000.0,0.0,0.029,0.087,0.039,0.165,12000000.0,1059000000.0,1.0,162381212.0,162381212.0,,23.297,14303000000.0,0.0,119000000.0,236000000.0,88.083,
52,CINF,MRT,2008-06-30,2008-06-30,2008-06-30,2021-09-07,1163000000.0,14811000000.0,16253750000.0,,,0.22,28.848,-56000000.0,333000000.0,333000000.0,2120000000.0,331000000.0,,2.147,860000000.0,,,860000000.0,1609000000.0,39000000.0,0.0,0.059,1.49,428000000.0,467000000.0,0.13,467000000.0,428000000.0,377000000.0,1.96,1.95,1.96,4707000000.0,5655750000.0,4707000000.0,4767346728.0,11.0,10.208,648000000.0,3.971,1.0,1459000000.0,0.408,0.0,51000000.0,15338000000.0,16869000000.0,0.0,10970000000.0,,,10104000000.0,,,4144346728.0,211000000.0,0.0,-371000000.0,20000000.0,-244000000.0,-1106000000.0,613000000.0,675000000.0,704000000.0,0.0,331000000.0,331000000.0,331000000.0,0.0,0.0,0.092,1031000000.0,428000000.0,529000000.0,0.76,0.88,12.521,12.959,234000000.0,0.0,25.4,1.158,1.158,2128000000.0,3298000000.0,3579000000.0,3579000000.0,0.0,0.02,0.059,0.025,0.12,12000000.0,1032000000.0,1.0,163163257.0,163163257.0,,21.935,14811000000.0,0.0,46000000.0,380000000.0,90.774,
53,CINF,MRT,2008-03-31,2008-03-31,2008-03-31,2021-09-07,1880000000.0,15945000000.0,17117000000.0,,,0.23,32.931,-64000000.0,237000000.0,237000000.0,2015000000.0,619000000.0,,1.926,860000000.0,,,860000000.0,1585000000.0,37000000.0,0.0,0.038,1.455,872000000.0,909000000.0,0.231,909000000.0,872000000.0,821000000.0,3.62,3.59,3.62,5449000000.0,6185500000.0,5449000000.0,6928330748.0,8.0,7.622,601000000.0,3.632,1.0,1917000000.0,0.488,0.0,51000000.0,16568000000.0,17780000000.0,0.0,12323000000.0,,,10496000000.0,,,6294330748.0,40000000.0,0.0,-343000000.0,20000000.0,-241000000.0,-983000000.0,358000000.0,419000000.0,665000000.0,0.0,619000000.0,619000000.0,619000000.0,0.0,0.0,0.157,1045000000.0,872000000.0,635000000.0,0.402,1.155,10.169,10.508,242000000.0,0.0,38.04,1.601,1.601,2085000000.0,3298000000.0,3932000000.0,3932000000.0,0.0,0.036,0.1,0.049,0.222,13000000.0,1034000000.0,1.0,165466108.0,165466108.0,,23.763,15945000000.0,0.0,202000000.0,750000000.0,96.364,
54,CINF,MRT,2007-12-31,2007-12-31,2007-12-31,2021-09-07,2151000000.0,16637000000.0,17686000000.0,,,0.241,35.717,-70000000.0,226000000.0,226000000.0,1963000000.0,855000000.0,,1.806,860000000.0,,,860000000.0,1564000000.0,36000000.0,0.0,0.036,1.42,1244000000.0,1280000000.0,0.301,1280000000.0,1244000000.0,1192000000.0,5.01,4.97,5.01,5929000000.0,6500250000.0,5929000000.0,7240596901.0,6.0,5.657,635000000.0,3.825,1.0,2296000000.0,0.539,0.0,52000000.0,17271000000.0,18354000000.0,0.0,13021000000.0,,,10708000000.0,,,6563596901.0,24000000.0,0.0,-288000000.0,20000000.0,-240000000.0,181000000.0,-862000000.0,-791000000.0,705000000.0,0.0,855000000.0,855000000.0,855000000.0,0.0,0.0,0.201,1052000000.0,1244000000.0,760000000.0,0.283,1.107,7.677,7.892,239000000.0,0.0,39.54,1.541,1.541,2090000000.0,3404000000.0,4259000000.0,4259000000.0,0.0,0.048,0.132,0.068,0.292,14000000.0,1052000000.0,1.0,165998910.0,165998910.0,,25.657,16637000000.0,0.0,337000000.0,977000000.0,100.224,
55,CINF,MRT,2007-09-30,2007-09-30,2007-09-30,2021-09-07,2735000000.0,17622000000.0,17832250000.0,,,0.24,38.049,-66000000.0,183000000.0,183000000.0,2065000000.0,799000000.0,,1.695,860000000.0,,,860000000.0,1619000000.0,38000000.0,0.0,0.032,1.4,1164000000.0,1202000000.0,0.281,1202000000.0,1164000000.0,1111000000.0,4.63,4.59,4.63,6538000000.0,6720000000.0,6538000000.0,8159987227.0,7.0,6.789,649000000.0,3.777,1.0,2212000000.0,0.517,0.0,53000000.0,18299000000.0,18501250000.0,0.0,14036000000.0,,,11084000000.0,,,7441987227.0,-56000000.0,0.0,-149000000.0,20000000.0,-238000000.0,-682000000.0,-89000000.0,-23000000.0,715000000.0,0.0,799000000.0,799000000.0,799000000.0,0.0,0.0,0.187,1048000000.0,1164000000.0,768000000.0,0.302,1.138,9.314,9.354,227000000.0,0.0,43.31,1.74,1.74,2138000000.0,3277000000.0,4277000000.0,4277000000.0,0.0,0.045,0.119,0.063,0.272,14000000.0,982000000.0,1.0,171830691.0,171830691.0,,24.891,17622000000.0,0.0,312000000.0,1287000000.0,102.554,
56,CINF,MRT,2007-06-30,2007-06-30,2007-06-30,2021-09-07,3013000000.0,18264000000.0,17844500000.0,,,0.239,39.76,-58000000.0,122000000.0,122000000.0,2055000000.0,790000000.0,,1.676,840000000.0,,,840000000.0,1662000000.0,38000000.0,0.0,0.032,1.38,1152000000.0,1190000000.0,0.279,1190000000.0,1152000000.0,1099000000.0,4.58,4.53,4.58,6826000000.0,6701500000.0,6826000000.0,8093994026.0,7.0,6.802,653000000.0,3.804,1.0,2207000000.0,0.518,0.0,53000000.0,18982000000.0,18494500000.0,0.0,14688000000.0,,,11438000000.0,,,7450994026.0,-81000000.0,0.0,-75000000.0,0.0,-235000000.0,-291000000.0,-501000000.0,-1337000000.0,711000000.0,0.0,790000000.0,790000000.0,790000000.0,0.0,0.0,0.185,1055000000.0,1152000000.0,976000000.0,0.301,1.092,9.432,9.476,212000000.0,0.0,43.4,1.748,1.748,2204000000.0,3213000000.0,4262000000.0,4262000000.0,0.0,0.044,0.118,0.062,0.27,14000000.0,999000000.0,1.0,171681890.0,171681890.0,,24.825,18264000000.0,0.0,309000000.0,1434000000.0,106.383,
57,CINF,MRT,2007-03-31,2007-03-31,2007-03-31,2021-09-07,3193000000.0,18221000000.0,17512500000.0,,,0.227,38.811,-51000000.0,197000000.0,197000000.0,2111000000.0,571000000.0,,1.716,840000000.0,,,840000000.0,1640000000.0,37000000.0,0.0,0.032,1.36,819000000.0,856000000.0,0.215,856000000.0,819000000.0,766000000.0,3.31,3.27,3.31,6708000000.0,6511250000.0,6708000000.0,7966239998.0,10.0,9.306,435000000.0,2.517,1.0,1862000000.0,0.469,0.0,53000000.0,18864000000.0,18142250000.0,0.0,14625000000.0,,,11513000000.0,,,7328239998.0,-9000000.0,0.0,-62000000.0,49000000.0,-233000000.0,357000000.0,-852000000.0,-1121000000.0,486000000.0,0.0,571000000.0,571000000.0,571000000.0,0.0,0.0,0.144,1043000000.0,819000000.0,984000000.0,0.411,1.092,12.834,12.81,204000000.0,0.0,42.4,1.845,1.845,2132000000.0,2923000000.0,3973000000.0,3973000000.0,0.0,0.033,0.088,0.045,0.206,15000000.0,992000000.0,1.0,172835849.0,172835849.0,,22.987,18221000000.0,0.0,195000000.0,1531000000.0,105.424,
58,CINF,MRT,2006-12-31,2006-12-31,2006-12-31,2021-09-07,3379000000.0,17222000000.0,17148000000.0,,,0.265,39.296,-52000000.0,202000000.0,202000000.0,2128000000.0,930000000.0,,1.53,840000000.0,,,840000000.0,1579000000.0,38000000.0,0.0,0.03,1.34,1382000000.0,1420000000.0,0.312,1420000000.0,1382000000.0,1329000000.0,5.36,5.3,5.36,6808000000.0,6385250000.0,6808000000.0,8450860673.0,6.0,5.951,563000000.0,3.25,1.0,2422000000.0,0.532,0.0,53000000.0,17860000000.0,17763250000.0,0.0,13759000000.0,,,10414000000.0,,,7849860673.0,83000000.0,0.0,-93000000.0,49000000.0,-228000000.0,-318000000.0,-214000000.0,-151000000.0,615000000.0,0.0,930000000.0,930000000.0,930000000.0,0.0,0.0,0.204,1040000000.0,1382000000.0,0.0,0.25,1.153,8.441,8.453,193000000.0,0.0,45.31,1.725,1.725,2053000000.0,2786000000.0,4550000000.0,4550000000.0,0.0,0.054,0.146,0.078,0.304,17000000.0,984000000.0,1.0,173247863.0,173247863.0,,26.263,17222000000.0,0.0,399000000.0,1653000000.0,99.407,
59,CINF,MRT,2006-09-30,2006-09-30,2006-09-30,2021-09-07,3093000000.0,17671000000.0,16843250000.0,,,0.268,37.316,-47000000.0,239000000.0,239000000.0,2037000000.0,982000000.0,,1.734,840000000.0,,,840000000.0,1623000000.0,37000000.0,0.0,0.027,1.31,1469000000.0,1506000000.0,0.333,1506000000.0,1469000000.0,1418000000.0,5.66,5.58,5.66,6464000000.0,6204750000.0,6464000000.0,8972582429.0,6.0,5.958,613000000.0,3.539,1.0,2484000000.0,0.549,0.0,51000000.0,18272000000.0,17467000000.0,0.0,14120000000.0,,,11207000000.0,,,8335582429.0,141000000.0,0.0,-88000000.0,49000000.0,-223000000.0,722000000.0,-1241000000.0,-1182000000.0,660000000.0,0.0,982000000.0,982000000.0,982000000.0,0.0,0.0,0.217,1015000000.0,1469000000.0,1016000000.0,0.231,1.29,8.488,8.502,185000000.0,0.0,48.12,1.844,1.844,2101000000.0,2714000000.0,4521000000.0,4521000000.0,0.0,0.058,0.158,0.084,0.325,14000000.0,972000000.0,1.0,173224905.0,173224905.0,,26.099,17671000000.0,0.0,436000000.0,1497000000.0,102.012,
60,CINF,MRT,2006-06-30,2006-06-30,2006-06-30,2021-09-07,2753000000.0,16936000000.0,16421500000.0,,,0.274,35.002,-49000000.0,203000000.0,203000000.0,2016000000.0,984000000.0,,1.792,840000000.0,,,840000000.0,1634000000.0,35000000.0,0.0,0.027,1.28,1472000000.0,1507000000.0,0.335,1507000000.0,1472000000.0,1421000000.0,5.66,5.58,5.66,6065000000.0,6092500000.0,6065000000.0,8730701939.0,6.0,5.793,663000000.0,3.826,1.0,2482000000.0,0.552,0.0,51000000.0,17573000000.0,17068250000.0,0.0,13412000000.0,,,10871000000.0,,,8145701939.0,31000000.0,0.0,-89000000.0,49000000.0,-218000000.0,634000000.0,-1315000000.0,-353000000.0,712000000.0,0.0,984000000.0,984000000.0,984000000.0,0.0,0.0,0.219,1010000000.0,1472000000.0,898000000.0,0.226,1.343,8.278,8.306,184000000.0,0.0,47.01,1.811,1.811,2120000000.0,2656000000.0,4498000000.0,4498000000.0,0.0,0.06,0.162,0.086,0.327,11000000.0,963000000.0,1.0,173275940.0,173275940.0,,25.959,16936000000.0,0.0,437000000.0,1303000000.0,97.74,
61,CINF,MRT,2006-03-31,2006-03-31,2006-03-31,2021-09-07,2972000000.0,16763000000.0,16193500000.0,,,0.275,35.633,-52000000.0,206000000.0,206000000.0,1931000000.0,1010000000.0,,1.702,791000000.0,,,791000000.0,1610000000.0,34000000.0,0.0,0.03,1.25,1512000000.0,1546000000.0,0.347,1546000000.0,1512000000.0,1461000000.0,5.79,5.71,5.79,6204000000.0,6109250000.0,6204000000.0,7996651200.0,5.0,5.172,950000000.0,5.456,1.0,2526000000.0,0.567,0.0,51000000.0,17348000000.0,16835750000.0,0.0,13307000000.0,,,10559000000.0,,,7324651200.0,89000000.0,0.0,-120000000.0,0.0,-211000000.0,12000000.0,-925000000.0,-530000000.0,1002000000.0,0.0,1010000000.0,1010000000.0,1010000000.0,0.0,0.0,0.227,1014000000.0,1512000000.0,330000000.0,0.216,1.181,7.252,7.266,183000000.0,0.0,42.07,1.643,1.643,2064000000.0,2581000000.0,4457000000.0,4457000000.0,0.0,0.062,0.165,0.09,0.339,7000000.0,961000000.0,1.0,174106280.0,174106280.0,,25.599,16763000000.0,0.0,451000000.0,1427000000.0,96.28,
62,CINF,MRT,2005-12-31,2005-12-31,2005-12-31,2021-09-07,3284000000.0,16003000000.0,15952250000.0,,,0.236,34.835,-44000000.0,119000000.0,119000000.0,1911000000.0,602000000.0,,1.629,791000000.0,,,791000000.0,1559000000.0,33000000.0,0.0,0.027,1.205,874000000.0,907000000.0,0.241,907000000.0,874000000.0,823000000.0,3.44,3.4,3.44,6086000000.0,6060000000.0,6086000000.0,8499017600.0,10.0,9.37,761000000.0,4.356,1.0,1856000000.0,0.493,0.0,51000000.0,16675000000.0,16616750000.0,0.0,12702000000.0,,,9917000000.0,,,7806017600.0,-187000000.0,0.0,-50000000.0,0.0,-204000000.0,-221000000.0,-771000000.0,-718000000.0,805000000.0,0.0,602000000.0,602000000.0,602000000.0,0.0,0.0,0.16,982000000.0,874000000.0,0.0,0.35,1.283,12.967,12.988,168000000.0,0.0,44.68,2.072,2.072,2033000000.0,2088000000.0,3767000000.0,3767000000.0,0.0,0.038,0.099,0.053,0.232,0.0,929000000.0,1.0,174709436.0,174709436.0,,21.562,16003000000.0,0.0,221000000.0,1622000000.0,91.598,
63,CINF,MRT,2005-09-30,2005-09-30,2005-09-30,2021-09-07,3329000000.0,15984000000.0,15978250000.0,,,0.234,34.412,-40000000.0,98000000.0,98000000.0,1892000000.0,611000000.0,,1.657,791000000.0,,,791000000.0,1606000000.0,27000000.0,0.0,0.028,1.162,882000000.0,909000000.0,0.243,909000000.0,882000000.0,832000000.0,3.47,3.45,3.47,6015000000.0,6100750000.0,6015000000.0,7941069135.0,9.0,8.736,572000000.0,3.272,1.0,1850000000.0,0.494,0.0,50000000.0,16677000000.0,16596000000.0,0.0,12591000000.0,,,9969000000.0,,,7322069135.0,-213000000.0,0.0,-75000000.0,313000000.0,-196000000.0,97000000.0,-922000000.0,-883000000.0,612000000.0,0.0,611000000.0,611000000.0,611000000.0,0.0,0.0,0.163,968000000.0,882000000.0,0.0,0.335,1.217,11.984,12.072,167000000.0,0.0,41.89,1.957,1.957,2102000000.0,1958000000.0,3742000000.0,3742000000.0,0.0,0.038,0.1,0.053,0.236,0.0,914000000.0,1.0,174792770.0,174792770.0,,21.408,15984000000.0,0.0,221000000.0,1604000000.0,91.445,
64,CINF,MRT,2005-06-30,2005-06-30,2005-06-30,2021-09-07,3505000000.0,16024000000.0,15933750000.0,,,0.231,34.953,-51000000.0,172000000.0,172000000.0,1889000000.0,584000000.0,,1.613,791000000.0,,,791000000.0,1610000000.0,35000000.0,0.0,0.028,1.119,842000000.0,877000000.0,0.239,877000000.0,842000000.0,794000000.0,3.31,3.29,3.31,6132000000.0,6118000000.0,6132000000.0,7614162829.0,9.0,8.682,672000000.0,3.831,1.0,1788000000.0,0.486,0.0,48000000.0,16643000000.0,16420000000.0,0.0,12600000000.0,,,9892000000.0,,,6940162829.0,-113000000.0,0.0,-82000000.0,279000000.0,-191000000.0,55000000.0,-891000000.0,-844000000.0,723000000.0,0.0,584000000.0,584000000.0,584000000.0,0.0,0.0,0.159,946000000.0,842000000.0,0.0,0.338,1.132,11.884,11.952,164000000.0,0.0,39.56,1.887,1.887,2099000000.0,1894000000.0,3677000000.0,3677000000.0,0.0,0.037,0.095,0.051,0.229,0.0,900000000.0,1.0,175433843.0,175433843.0,,20.959,16024000000.0,0.0,210000000.0,1684000000.0,91.339,
65,CINF,MRT,2005-03-31,2005-03-31,2005-03-31,2021-09-07,3453000000.0,15798000000.0,15810250000.0,,,0.231,34.206,-39000000.0,117000000.0,117000000.0,1894000000.0,581000000.0,,1.63,791000000.0,,,791000000.0,1584000000.0,27000000.0,0.0,0.026,1.076,837000000.0,864000000.0,0.236,864000000.0,837000000.0,793000000.0,3.29,3.27,3.29,6007000000.0,6110750000.0,6007000000.0,7778709689.0,9.0,9.003,634000000.0,3.61,1.0,1766000000.0,0.483,0.0,44000000.0,16472000000.0,16198500000.0,0.0,12469000000.0,,,9791000000.0,,,7293709689.0,-45000000.0,0.0,-49000000.0,185000000.0,-183000000.0,7000000.0,-725000000.0,-693000000.0,673000000.0,0.0,581000000.0,581000000.0,581000000.0,0.0,0.0,0.159,929000000.0,837000000.0,0.0,0.327,1.214,12.554,12.624,158000000.0,0.0,41.533,1.993,1.993,2077000000.0,1790000000.0,3660000000.0,3660000000.0,0.0,0.037,0.095,0.052,0.229,0.0,879000000.0,1.0,175612397.0,175612397.0,,20.841,15798000000.0,0.0,212000000.0,1656000000.0,89.959,
66,CINF,MRT,2004-12-31,2004-12-31,2004-12-31,2021-09-07,3787000000.0,16107000000.0,15795250000.0,,,0.229,35.415,-33000000.0,306000000.0,306000000.0,1846000000.0,584000000.0,,1.578,791000000.0,,,791000000.0,1539000000.0,28000000.0,0.0,0.025,1.035,838000000.0,866000000.0,0.24,866000000.0,838000000.0,800000000.0,3.3,3.28,3.3,6249000000.0,6158750000.0,6249000000.0,7604740005.0,9.0,8.781,790000000.0,4.477,1.0,1768000000.0,0.489,0.0,38000000.0,16592000000.0,16126000000.0,0.0,12677000000.0,,,9858000000.0,,,7437740005.0,215000000.0,0.0,-56000000.0,188000000.0,-177000000.0,-7000000.0,-601000000.0,-576000000.0,823000000.0,0.0,584000000.0,584000000.0,584000000.0,0.0,0.0,0.162,930000000.0,838000000.0,0.0,0.314,1.19,12.736,12.773,156000000.0,0.0,42.152,2.058,2.058,2016000000.0,2057000000.0,3614000000.0,3614000000.0,0.0,0.037,0.095,0.052,0.232,0.0,885000000.0,1.0,176450465.0,176450465.0,,20.482,16107000000.0,0.0,216000000.0,1834000000.0,91.283,
67,CINF,MRT,2004-09-30,2004-09-30,2004-09-30,2021-09-07,3726000000.0,15806000000.0,15645750000.0,,,0.224,34.427,-51000000.0,311000000.0,311000000.0,1865000000.0,520000000.0,,1.598,478000000.0,,,478000000.0,1566000000.0,33000000.0,0.0,0.025,1.0,735000000.0,768000000.0,0.219,768000000.0,735000000.0,698000000.0,2.949,2.919,2.949,6084000000.0,6147500000.0,6084000000.0,7164616705.0,10.0,9.329,845000000.0,4.781,1.0,1646000000.0,0.469,0.0,37000000.0,15973000000.0,15983250000.0,0.0,12242000000.0,,,9722000000.0,,,6937616705.0,91000000.0,0.0,-21000000.0,-125000000.0,-172000000.0,-305000000.0,-500000000.0,-462000000.0,896000000.0,0.0,520000000.0,520000000.0,520000000.0,0.0,0.0,0.148,911000000.0,735000000.0,0.0,0.339,1.14,13.342,13.312,157000000.0,0.0,39.257,1.976,1.976,2101000000.0,1879000000.0,3511000000.0,3511000000.0,0.0,0.033,0.085,0.046,0.209,0.0,856000000.0,1.0,176723048.0,176723048.0,,19.867,15806000000.0,0.0,178000000.0,1774000000.0,89.439,
68,CINF,MRT,2004-06-30,2004-06-30,2004-06-30,2021-09-07,3778000000.0,15530000000.0,15433750000.0,,,0.225,34.545,-32000000.0,285000000.0,285000000.0,1845000000.0,534000000.0,,1.545,512000000.0,,,512000000.0,1546000000.0,23000000.0,0.0,0.023,0.965,756000000.0,779000000.0,0.225,779000000.0,756000000.0,722000000.0,3.03,3.0,3.03,6103000000.0,6068000000.0,6103000000.0,7766574248.0,10.0,9.97,792000000.0,4.483,1.0,1623000000.0,0.468,0.0,34000000.0,15757000000.0,15825250000.0,0.0,12117000000.0,,,9427000000.0,,,7322574248.0,182000000.0,0.0,-12000000.0,-91000000.0,-164000000.0,-245000000.0,-397000000.0,-378000000.0,824000000.0,0.0,534000000.0,534000000.0,534000000.0,0.0,0.0,0.154,867000000.0,756000000.0,0.0,0.318,1.2,13.713,13.679,134000000.0,0.0,41.448,2.111,2.111,2013000000.0,1836000000.0,3468000000.0,3468000000.0,0.0,0.035,0.088,0.048,0.218,0.0,811000000.0,1.0,176668941.0,176668941.0,,19.63,15530000000.0,0.0,188000000.0,1857000000.0,87.905,
69,CINF,MRT,2004-03-31,2004-03-31,2004-03-31,2021-09-07,3985000000.0,15738000000.0,15283750000.0,,,0.219,35.083,-37000000.0,162000000.0,162000000.0,1881000000.0,463000000.0,,1.539,606000000.0,,,606000000.0,1529000000.0,31000000.0,0.0,0.024,0.93,648000000.0,679000000.0,0.203,679000000.0,648000000.0,615000000.0,2.626,2.606,2.626,6199000000.0,6009750000.0,6199000000.0,7475654242.0,12.0,11.01,872000000.0,4.935,1.0,1462000000.0,0.437,0.0,33000000.0,16182000000.0,15743500000.0,0.0,12509000000.0,,,9539000000.0,,,6963654242.0,34000000.0,0.0,-25000000.0,3000000.0,-160000000.0,-196000000.0,-679000000.0,-655000000.0,909000000.0,0.0,463000000.0,463000000.0,463000000.0,0.0,0.0,0.138,814000000.0,648000000.0,0.0,0.354,1.123,15.04,15.008,132000000.0,0.0,39.41,2.083,2.083,1967000000.0,2088000000.0,3343000000.0,3343000000.0,0.0,0.03,0.077,0.041,0.194,0.0,779000000.0,1.0,176697646.0,176697646.0,,18.919,15738000000.0,0.0,152000000.0,1903000000.0,89.067,
70,CINF,MRT,2003-12-31,2003-12-31,2003-12-31,2021-09-07,4084000000.0,15509000000.0,14737500000.0,,,0.216,35.076,-38000000.0,91000000.0,91000000.0,1887000000.0,374000000.0,,1.5,603000000.0,,,603000000.0,1446000000.0,30000000.0,0.0,0.024,0.907,514000000.0,544000000.0,0.171,544000000.0,514000000.0,480000000.0,2.11,2.1,2.11,6204000000.0,5749750000.0,6204000000.0,7080772576.0,14.0,13.016,778000000.0,4.399,1.0,1294000000.0,0.407,0.0,34000000.0,16021000000.0,15205000000.0,0.0,12485000000.0,,,9305000000.0,,,6697772576.0,-21000000.0,0.0,-49000000.0,0.0,-156000000.0,-195000000.0,-642000000.0,-617000000.0,816000000.0,0.0,374000000.0,374000000.0,374000000.0,0.0,0.0,0.118,780000000.0,514000000.0,0.0,0.43,1.08,17.908,17.947,153000000.0,0.0,37.868,2.106,2.106,1876000000.0,1986000000.0,3181000000.0,3181000000.0,0.0,0.025,0.065,0.034,0.162,0.0,740000000.0,1.0,176871569.0,176871569.0,,17.985,15509000000.0,0.0,106000000.0,1949000000.0,87.685,
71,CINF,MRT,2003-09-30,2003-09-30,2003-09-30,2021-09-07,3731000000.0,14958000000.0,14390750000.0,,,0.213,32.601,-21000000.0,220000000.0,220000000.0,1913000000.0,301000000.0,,1.594,603000000.0,,,603000000.0,1459000000.0,28000000.0,0.0,0.024,0.883,406000000.0,434000000.0,0.142,434000000.0,406000000.0,373000000.0,1.702,1.692,1.702,5766000000.0,5598250000.0,5766000000.0,6916828957.0,17.0,15.937,852000000.0,4.817,1.0,1150000000.0,0.375,0.0,33000000.0,15341000000.0,14853000000.0,0.0,11774000000.0,,,9192000000.0,,,6416828957.0,94000000.0,0.0,-48000000.0,0.0,-151000000.0,-147000000.0,-632000000.0,-611000000.0,873000000.0,0.0,301000000.0,301000000.0,301000000.0,0.0,0.0,0.098,744000000.0,406000000.0,0.0,0.519,1.113,21.318,21.317,121000000.0,0.0,36.281,2.095,2.095,1838000000.0,1897000000.0,3063000000.0,3063000000.0,0.0,0.021,0.054,0.027,0.133,0.0,724000000.0,1.0,176864721.0,176864721.0,,17.318,14958000000.0,0.0,72000000.0,1773000000.0,84.573,
72,CINF,MRT,2003-06-30,2003-06-30,2003-06-30,2021-09-07,3897000000.0,14930000000.0,14072250000.0,,,0.21,33.126,-20000000.0,103000000.0,103000000.0,1856000000.0,269000000.0,,1.543,603000000.0,,,603000000.0,1422000000.0,24000000.0,0.0,0.026,0.858,360000000.0,384000000.0,0.13,384000000.0,360000000.0,326000000.0,1.51,1.51,1.51,5870000000.0,5536000000.0,5870000000.0,6428365856.0,18.0,16.741,766000000.0,4.323,1.0,1102000000.0,0.373,0.0,34000000.0,15430000000.0,14546750000.0,0.0,11889000000.0,,,9060000000.0,,,5953365856.0,27000000.0,0.0,-69000000.0,0.0,-148000000.0,-108000000.0,-651000000.0,-631000000.0,786000000.0,0.0,269000000.0,269000000.0,269000000.0,0.0,0.0,0.091,742000000.0,360000000.0,0.0,0.568,1.014,22.131,22.249,124000000.0,0.0,33.596,2.013,2.013,1863000000.0,1833000000.0,2958000000.0,2958000000.0,0.0,0.019,0.049,0.025,0.122,0.0,722000000.0,1.0,177204603.0,177204603.0,,16.693,14930000000.0,0.0,57000000.0,1859000000.0,84.253,
73,CINF,MRT,2003-03-31,2003-03-31,2003-03-31,2021-09-07,3219000000.0,13553000000.0,13973000000.0,,,0.205,29.051,-21000000.0,128000000.0,128000000.0,1849000000.0,220000000.0,,1.627,603000000.0,,,603000000.0,1366000000.0,23000000.0,0.0,0.026,0.834,285000000.0,308000000.0,0.108,308000000.0,285000000.0,250000000.0,1.234,1.224,1.234,5159000000.0,5611000000.0,5159000000.0,6140016448.0,22.0,19.935,661000000.0,3.722,1.0,1014000000.0,0.354,0.0,35000000.0,14028000000.0,14443000000.0,0.0,10685000000.0,,,8394000000.0,,,5649016448.0,92000000.0,0.0,-60000000.0,0.0,-144000000.0,-74000000.0,-516000000.0,-495000000.0,682000000.0,0.0,220000000.0,220000000.0,220000000.0,0.0,0.0,0.077,729000000.0,285000000.0,0.0,0.676,1.095,25.677,25.778,125000000.0,0.0,31.81,1.973,1.973,1695000000.0,1789000000.0,2863000000.0,2863000000.0,0.0,0.016,0.039,0.02,0.1,0.0,697000000.0,1.0,177586182.0,177586182.0,,16.122,13553000000.0,0.0,30000000.0,1499000000.0,76.318,
74,CINF,MRT,2002-12-31,2002-12-31,2002-12-31,2021-09-07,3643000000.0,14122000000.0,14270250000.0,,,0.199,31.442,-27000000.0,112000000.0,112000000.0,1826000000.0,238000000.0,,1.523,603000000.0,,,603000000.0,1319000000.0,22000000.0,0.0,0.024,0.809,314000000.0,336000000.0,0.118,336000000.0,314000000.0,279000000.0,1.333,1.324,1.333,5598000000.0,5924000000.0,5598000000.0,6495957171.0,21.0,19.333,640000000.0,3.595,1.0,1017000000.0,0.358,0.0,35000000.0,14613000000.0,14753000000.0,0.0,11265000000.0,,,8524000000.0,,,6063957171.0,64000000.0,0.0,-32000000.0,0.0,-142000000.0,-66000000.0,-537000000.0,-510000000.0,667000000.0,0.0,238000000.0,238000000.0,238000000.0,0.0,0.0,0.084,703000000.0,314000000.0,0.0,0.607,1.083,25.479,25.551,128000000.0,0.0,34.059,2.133,2.133,1724000000.0,1772000000.0,2843000000.0,2843000000.0,0.0,0.017,0.04,0.021,0.11,0.0,674000000.0,1.0,178042725.0,178042725.0,,15.968,14122000000.0,0.0,41000000.0,1737000000.0,79.318,
75,CINF,MRT,2002-09-30,2002-09-30,2002-09-30,2021-09-07,3581000000.0,13684000000.0,14218250000.0,,,0.195,30.896,-23000000.0,171000000.0,171000000.0,1798000000.0,218000000.0,,1.48,603000000.0,,,603000000.0,1230000000.0,20000000.0,0.0,0.025,0.797,289000000.0,309000000.0,0.111,309000000.0,289000000.0,253000000.0,1.224,1.206,1.224,5517000000.0,6024000000.0,5517000000.0,6245051063.0,22.0,20.211,513000000.0,2.873,1.0,977000000.0,0.352,0.0,36000000.0,14116000000.0,14718500000.0,0.0,11074000000.0,,,8167000000.0,,,5763051063.0,37000000.0,0.0,-39000000.0,8000000.0,-140000000.0,-93000000.0,-406000000.0,-383000000.0,536000000.0,0.0,218000000.0,218000000.0,218000000.0,0.0,0.0,0.079,688000000.0,289000000.0,0.0,0.651,1.045,26.436,26.366,131000000.0,0.0,32.272,2.077,2.077,1427000000.0,1751000000.0,2775000000.0,2775000000.0,0.0,0.015,0.036,0.02,0.104,0.0,637000000.0,1.0,178577438.0,178566836.0,,15.54,13684000000.0,0.0,35000000.0,1711000000.0,76.632,
76,CINF,MRT,2002-06-30,2002-06-30,2002-06-30,2021-09-07,4246000000.0,14533000000.0,14186979250.0,,,0.189,34.546,-25000000.0,121000000.0,121000000.0,1795000000.0,182000000.0,,1.355,603000000.0,,,603000000.0,1188000000.0,24000000.0,0.0,0.019,0.785,234000000.0,258000000.0,0.096,258000000.0,234000000.0,197000000.0,1.034,1.007,1.034,6170000000.0,6126137500.0,6170000000.0,8076036256.0,35.0,31.302,527000000.0,2.951,1.0,893000000.0,0.332,0.0,37000000.0,15015000000.0,14696796500.0,0.0,11971000000.0,,,8363000000.0,,,7550036256.0,81000000.0,0.0,-28000000.0,8000000.0,-138000000.0,-153000000.0,-318000000.0,-293000000.0,552000000.0,0.0,182000000.0,182000000.0,182000000.0,0.0,0.0,0.068,659000000.0,234000000.0,0.0,0.759,1.224,41.484,40.816,120000000.0,0.0,42.204,2.809,2.804,1481000000.0,1716000000.0,2688000000.0,2688000000.0,0.0,0.013,0.03,0.016,0.087,0.0,605000000.0,1.0,178893855.0,178605000.0,,15.05,14533000000.0,0.0,15000000.0,2076000000.0,81.37,
77,CINF,MRT,2002-03-31,2002-03-31,2002-03-31,2021-09-07,4488000000.0,14742000000.0,13943148250.0,,,0.189,35.895,-22000000.0,81000000.0,81000000.0,1725000000.0,196000000.0,,1.299,607000000.0,,,607000000.0,1135000000.0,24000000.0,0.0,0.02,0.774,255000000.0,279000000.0,0.106,279000000.0,255000000.0,217000000.0,1.107,1.088,1.107,6411000000.0,6086722750.0,6411000000.0,7580115518.0,30.0,27.169,518000000.0,2.9,1.0,905000000.0,0.344,0.0,38000000.0,15268000000.0,14473782500.0,0.0,12295000000.0,,,8331000000.0,,,7064115518.0,17000000.0,0.0,-33000000.0,25000000.0,-135000000.0,-134000000.0,-389000000.0,-367000000.0,540000000.0,0.0,196000000.0,196000000.0,196000000.0,0.0,0.0,0.075,650000000.0,255000000.0,0.0,0.699,1.102,36.041,35.773,123000000.0,0.0,39.601,2.686,2.689,1414000000.0,1716000000.0,2630000000.0,2630000000.0,0.0,0.014,0.032,0.018,0.097,0.0,596000000.0,1.0,178382251.0,178605000.0,,14.725,14742000000.0,0.0,21000000.0,2217000000.0,82.54,
78,CINF,MRT,2001-12-31,2001-12-31,2001-12-31,2021-09-07,4113000000.0,13914000000.0,13431460250.0,,,0.191,33.681,-15000000.0,48000000.0,48000000.0,1663000000.0,193000000.0,,1.32,609000000.0,,,609000000.0,1062000000.0,25000000.0,0.0,0.022,0.762,260000000.0,285000000.0,0.111,285000000.0,260000000.0,221000000.0,1.088,1.079,1.088,5998000000.0,5866793750.0,5998000000.0,6632492956.0,26.0,23.272,528000000.0,2.965,1.0,898000000.0,0.351,0.0,39000000.0,14475000000.0,13965546250.0,0.0,11571000000.0,,,7916000000.0,,,6162223956.0,36000000.0,0.0,-37000000.0,13000000.0,-132000000.0,-148000000.0,-359000000.0,-344000000.0,543000000.0,0.0,193000000.0,193000000.0,193000000.0,0.0,0.0,0.075,638000000.0,260000000.0,0.0,0.7,1.027,31.929,31.804,125000000.0,0.0,34.603,2.406,2.406,1395000000.0,1678000000.0,2561000000.0,2561000000.0,0.0,0.014,0.033,0.019,0.102,0.0,576000000.0,1.0,178083518.0,178083518.0,,14.381,13914000000.0,0.0,28000000.0,2001000000.0,78.132,
79,CINF,MRT,2001-09-30,2001-09-30,2001-09-30,2021-09-07,4041606000.0,13558917000.0,13274710250.0,,,0.187,33.744,-29275000.0,137225000.0,137225000.0,1742721000.0,116366000.0,,1.288,607494000.0,,,607494000.0,1041473000.0,24554000.0,0.0,0.02,0.744,137368000.0,161922000.0,0.065,161922000.0,137368000.0,99563000.0,0.662,0.644,0.662,5925550000.0,5866043750.0,5925550000.0,7292302537.0,53.0,45.036,508665000.0,2.897,1.0,745412000.0,0.3,0.0,37805000.0,14029186000.0,13808296250.0,0.0,11464434000.0,,,7633367000.0,,,6727034537.0,101686000.0,0.0,-30712000.0,17000000.0,-129223000.0,-153935000.0,-282319000.0,-253044000.0,537940000.0,0.0,116366000.0,116366000.0,116366000.0,0.0,0.0,0.047,608044000.0,137368000.0,0.0,1.124,1.135,57.809,57.026,129256000.0,0.0,37.751,2.704,2.664,1050292000.0,1675626000.0,2488133000.0,2488133000.0,0.0,0.009,0.02,0.01,0.055,0.0,566428000.0,1.0,178194870.0,175603020.0,,14.169,13558917000.0,0.0,-16803000.0,2009976000.0,77.213,
80,CINF,MRT,2001-06-30,2001-06-30,2001-06-30,2021-09-07,4118272000.0,13557676000.0,12832289750.0,,,0.19,33.872,-34116000.0,42894000.0,42894000.0,1716105000.0,85943000.0,,1.255,608162000.0,,,608162000.0,1016533000.0,22748000.0,0.0,0.02,0.726,93644000.0,116392000.0,0.048,116392000.0,93644000.0,56832000.0,0.481,0.472,0.481,6012341000.0,5760740750.0,6012341000.0,6888069464.0,74.0,59.18,409128000.0,2.305,1.0,727818000.0,0.298,0.0,36812000.0,14122944000.0,13394451000.0,0.0,11532555000.0,,,7545335000.0,,,6348262464.0,-5693000.0,0.0,-23979000.0,2000000.0,-124843000.0,-156822000.0,-292115000.0,-257999000.0,443244000.0,0.0,85943000.0,85943000.0,85943000.0,0.0,0.0,0.035,634174000.0,93644000.0,0.0,1.509,1.056,73.866,74.486,132853000.0,0.0,35.828,2.598,2.602,1085510000.0,1673790000.0,2443923000.0,2443923000.0,0.0,0.007,0.015,0.007,0.038,0.0,558095000.0,1.0,177187185.0,177502000.0,,13.768,13557676000.0,0.0,-29111000.0,2054818000.0,76.38,
81,CINF,MRT,2001-03-31,2001-03-31,2001-03-31,2021-09-07,3661237000.0,12695248000.0,12118237750.0,,,0.196,30.779,-33139000.0,67279000.0,67279000.0,1620710000.0,111637000.0,,1.295,607086000.0,,,607086000.0,977386000.0,20031000.0,0.0,0.021,0.708,139263000.0,159294000.0,0.067,159294000.0,139263000.0,102472000.0,0.626,0.608,0.626,5531284000.0,5474790000.0,5531284000.0,6664570153.0,48.0,41.838,345670000.0,1.924,1.0,757020000.0,0.318,0.0,36791000.0,13235055000.0,12685778250.0,0.0,10721321000.0,,,7163964000.0,,,6105590153.0,1081000.0,0.0,-22612000.0,21000000.0,-122391000.0,-137003000.0,-240725000.0,-207586000.0,378809000.0,0.0,111637000.0,111637000.0,111637000.0,0.0,0.0,0.047,617757000.0,139263000.0,0.0,1.131,1.104,54.691,54.968,121112000.0,0.0,34.41,2.568,2.601,1044741000.0,1658765000.0,2377730000.0,2377730000.0,0.0,0.009,0.02,0.011,0.059,0.0,535263000.0,1.0,177436505.0,179708000.0,,13.231,12695248000.0,0.0,-9165000.0,1797751000.0,70.644,
82,CINF,MRT,2000-12-31,2000-12-31,2000-12-31,2021-09-07,4156000000.0,13287000000.0,11585402750.0,,,0.201,33.802,-44000000.0,60000000.0,60000000.0,1581000000.0,118000000.0,,1.216,619000000.0,,,619000000.0,922000000.0,18000000.0,0.0,0.019,0.689,146000000.0,164000000.0,0.07,164000000.0,146000000.0,109000000.0,0.671,0.662,0.671,5995000000.0,5292746000.0,5995000000.0,6948847511.0,48.0,42.371,314000000.0,1.77,1.0,750000000.0,0.322,0.0,37000000.0,13846000000.0,12152614500.0,0.0,11316000000.0,,,7292000000.0,,,6364277511.0,-291000000.0,0.0,-56000000.0,52000000.0,-119000000.0,-136000000.0,-513000000.0,-469000000.0,358000000.0,0.0,118000000.0,118000000.0,118000000.0,0.0,0.0,0.051,604000000.0,146000000.0,0.0,1.027,1.062,53.935,53.478,122000000.0,0.0,35.884,2.73,2.73,984000000.0,1620000000.0,2331000000.0,2331000000.0,0.0,0.01,0.022,0.012,0.063,0.0,523000000.0,1.0,177356970.0,177356970.0,,13.143,13287000000.0,0.0,-9000000.0,2058000000.0,74.917,
83,CINF,MRT,2000-09-30,2000-09-30,2000-09-30,2021-09-07,3591601000.0,11789235000.0,11215572500.0,,,0.202,31.256,-73903000.0,23868000.0,23868000.0,1376119000.0,206857000.0,,1.142,608438000.0,,,608438000.0,512708000.0,18177000.0,0.0,0.021,0.671,283772000.0,301949000.0,0.134,301949000.0,283772000.0,245993000.0,1.152,1.125,1.152,5504338000.0,5149317000.0,5504338000.0,6301193984.0,22.0,20.868,667125000.0,3.788,1.0,885467000.0,0.392,0.0,37779000.0,12373805000.0,11701739000.0,0.0,10543717000.0,,,6284897000.0,,,5714408984.0,-23794000.0,0.0,-138740000.0,75000000.0,-117013000.0,-189753000.0,-575069000.0,-501166000.0,741028000.0,0.0,206857000.0,206857000.0,206857000.0,0.0,0.0,0.091,601695000.0,283772000.0,0.0,0.582,1.038,27.625,27.951,120651000.0,0.0,32.2,2.527,2.507,534971000.0,1691791000.0,2261586000.0,2261586000.0,0.0,0.018,0.04,0.024,0.125,0.0,509771000.0,1.0,177466118.0,176104530.0,,12.842,11789235000.0,0.0,39136000.0,1791368000.0,66.945,
84,CINF,MRT,2000-06-30,2000-06-30,2000-06-30,2021-09-07,2926142000.0,10701468000.0,10869635000.0,,,0.202,27.322,-95566000.0,37247000.0,37247000.0,1289797000.0,258326000.0,,1.198,624032000.0,,,624032000.0,490747000.0,17551000.0,0.0,0.023,0.653,360516000.0,378067000.0,0.172,378067000.0,360516000.0,323766000.0,1.442,1.406,1.442,4868538000.0,5033644500.0,4868538000.0,5593059474.0,16.0,14.794,648098000.0,3.637,1.0,910300000.0,0.414,0.0,36750000.0,11288253000.0,11334130000.0,0.0,9460828000.0,,,5832930000.0,,,5054567474.0,-28948000.0,0.0,-170385000.0,123000000.0,-114463000.0,-170848000.0,-601764000.0,-506198000.0,743664000.0,0.0,258326000.0,258326000.0,258326000.0,0.0,0.0,0.117,549784000.0,360516000.0,0.0,0.453,1.038,19.567,19.775,118249000.0,0.0,28.515,2.297,2.309,497791000.0,1716779000.0,2200097000.0,2200097000.0,0.0,0.024,0.051,0.032,0.164,0.0,496116000.0,1.0,177259950.0,178189358.0,,12.347,10701468000.0,0.0,65440000.0,1477313000.0,60.057,
85,CINF,MRT,2000-03-31,2000-03-31,2000-03-31,2021-09-07,2904090000.0,10563908000.0,10960151750.0,,,0.197,26.426,-71140000.0,54473000.0,54473000.0,1246823000.0,269886000.0,,1.199,592965000.0,,,592965000.0,480883000.0,17624000.0,0.0,0.019,0.635,377844000.0,395468000.0,0.183,395468000.0,377844000.0,343467000.0,1.506,1.469,1.506,4803108000.0,5199888000.0,4803108000.0,6290636753.0,17.0,15.907,667888000.0,3.675,1.0,915788000.0,0.423,0.0,34377000.0,11102400000.0,11389557500.0,0.0,9673550000.0,,,5760800000.0,,,6055817753.0,-5657000.0,0.0,-190659000.0,127000000.0,-112045000.0,-184704000.0,-559981000.0,-488841000.0,739028000.0,0.0,269886000.0,269886000.0,269886000.0,0.0,0.0,0.125,537944000.0,377844000.0,0.0,0.422,1.261,22.438,22.661,115414000.0,0.0,34.127,2.8,2.868,468874000.0,1672704000.0,2162611000.0,2162611000.0,0.0,0.025,0.052,0.033,0.175,0.0,483789000.0,1.0,177449461.0,181757048.0,,11.898,10563908000.0,0.0,73581000.0,1454048000.0,58.121,
86,CINF,MRT,1999-12-31,1999-12-31,1999-12-31,2021-09-07,3530104000.0,11807679000.0,11032976000.0,,,0.193,29.963,-102000000.0,339554000.0,339554000.0,1254000000.0,255000000.0,,1.178,574373000.0,,,574373000.0,836407000.0,16000000.0,0.0,0.022,0.617,355000000.0,371000000.0,0.174,371000000.0,355000000.0,322000000.0,1.406,1.379,1.406,5421284000.0,5350851250.0,5421284000.0,5616161470.0,16.0,15.138,595000000.0,3.288,1.0,874000000.0,0.411,0.0,33000000.0,12042498000.0,11432822250.0,0.0,10227170000.0,,,6386395000.0,,,5118277470.0,281000000.0,0.0,-210000000.0,118000000.0,-110000000.0,-211000000.0,-205000000.0,-103000000.0,697000000.0,0.0,255000000.0,255000000.0,255000000.0,0.0,0.0,0.12,519000000.0,355000000.0,0.0,0.439,0.944,20.072,20.119,107784000.0,0.0,28.288,2.405,2.405,786580000.0,1623890000.0,2128000000.0,2128000000.0,0.0,0.023,0.048,0.031,0.167,0.0,468000000.0,1.0,180934582.0,180934582.0,,11.761,11807679000.0,0.0,67000000.0,1719673000.0,65.259,
87,CINF,MRT,1999-09-30,1999-09-30,1999-09-30,2021-09-07,3089714000.0,10405485000.0,10852682000.0,,,0.196,28.117,-89591000.0,47719000.0,47719000.0,1256843000.0,253401000.0,,1.064,545603000.0,,,545603000.0,473606000.0,13749000.0,0.0,0.018,0.6,353066000.0,366815000.0,0.173,366815000.0,353066000.0,321285000.0,1.406,1.361,1.406,5041648000.0,5400764250.0,5041648000.0,6640894828.0,19.0,18.104,287341000.0,1.602,1.0,867830000.0,0.408,0.0,31781000.0,10903369000.0,11297050750.0,0.0,9599891000.0,,,5363837000.0,,,6194466828.0,-50090000.0,0.0,-136487000.0,82958000.0,-107376000.0,-160905000.0,-266117000.0,-176526000.0,376932000.0,0.0,253401000.0,253401000.0,253401000.0,0.0,0.0,0.119,514764000.0,353066000.0,0.0,0.427,1.229,24.445,24.212,96853000.0,0.0,34.042,2.915,2.873,423639000.0,1604553000.0,2124673000.0,2124673000.0,0.0,0.023,0.047,0.031,0.166,0.0,462517000.0,1.0,181965420.0,179308395.0,,11.849,10405485000.0,0.0,67884000.0,1508908000.0,58.031,
88,CINF,MRT,1999-06-30,1999-06-30,1999-06-30,2021-09-07,3573853000.0,11063535000.0,10736053000.0,,,0.196,30.772,-62331000.0,66252000.0,66252000.0,1240876000.0,249270000.0,,0.999,512680000.0,,,512680000.0,460143000.0,13209000.0,0.0,0.017,0.584,348184000.0,361393000.0,0.172,361393000.0,348184000.0,316262000.0,1.37,1.333,1.37,5533512000.0,5363545750.0,5533512000.0,6622219839.0,19.0,18.324,293810000.0,1.634,1.0,860261000.0,0.409,0.0,31922000.0,11509963000.0,11149600250.0,0.0,10278298000.0,,,5530023000.0,,,6201965839.0,-78075000.0,0.0,-107883000.0,48593000.0,-104943000.0,-164233000.0,-269983000.0,-207652000.0,356141000.0,0.0,249270000.0,249270000.0,249270000.0,0.0,0.0,0.119,512077000.0,348184000.0,0.0,0.426,1.121,24.881,24.869,70357000.0,0.0,34.07,2.952,2.916,415807000.0,1575445000.0,2101137000.0,2101137000.0,0.0,0.023,0.046,0.031,0.166,0.0,453929000.0,1.0,182035980.0,179823263.0,,11.684,11063535000.0,0.0,66992000.0,1791709000.0,61.524,
89,CINF,MRT,1999-03-31,1999-03-31,1999-03-31,2021-09-07,3487337000.0,10855205000.0,10591181000.0,,,0.196,29.526,-87525000.0,60187000.0,60187000.0,1275453000.0,221866000.0,,1.008,480441000.0,,,480441000.0,455938000.0,12512000.0,0.0,0.017,0.568,303294000.0,315806000.0,0.152,315806000.0,303294000.0,272835000.0,1.206,1.179,1.206,5406961000.0,5297188500.0,5406961000.0,6458161350.0,21.0,20.45,194511000.0,1.062,1.0,802941000.0,0.386,0.0,30459000.0,11275459000.0,10975501750.0,0.0,10097423000.0,,,5448244000.0,,,6045252350.0,-15708000.0,0.0,-79450000.0,148493000.0,-102382000.0,-33339000.0,-264405000.0,-176880000.0,282036000.0,0.0,221866000.0,221866000.0,221866000.0,0.0,0.0,0.107,499647000.0,303294000.0,0.0,0.471,1.118,27.247,27.405,50329000.0,0.0,33.05,2.909,2.912,407407000.0,1517269000.0,2078394000.0,2078394000.0,0.0,0.021,0.042,0.028,0.146,0.0,443338000.0,1.0,182912325.0,183127455.0,,11.349,10855205000.0,0.0,50969000.0,1733652000.0,59.277,
90,CINF,MRT,1998-12-31,1998-12-31,1998-12-31,2021-09-07,3678019000.0,11086503000.0,10392560500.0,,,0.198,30.535,-47750000.0,58611000.0,58611000.0,1221118000.0,241567000.0,,0.972,471520000.0,,,471520000.0,459695000.0,11793000.0,0.0,0.017,0.553,335119000.0,346912000.0,0.169,346912000.0,335119000.0,307107000.0,1.315,1.279,1.315,5620936000.0,5211802000.0,5620936000.0,6489812352.0,19.0,18.707,225827000.0,1.227,1.0,833171000.0,0.406,0.0,28012000.0,11499412000.0,10737299750.0,0.0,10357057000.0,,,5465567000.0,,,6115214352.0,-21557000.0,0.0,-13987000.0,139035000.0,-99522000.0,25526000.0,-320660000.0,-272910000.0,273577000.0,0.0,241567000.0,241567000.0,241567000.0,0.0,0.0,0.118,498052000.0,335119000.0,0.0,0.421,1.088,25.315,25.262,53639000.0,0.0,33.22,2.977,2.977,403611000.0,1480914000.0,2054289000.0,2054289000.0,0.0,0.023,0.046,0.031,0.163,0.0,438948000.0,1.0,184082310.0,184082310.0,,11.16,11086503000.0,0.0,65540000.0,1809003000.0,60.226,
91,CINF,MRT,1998-09-30,1998-09-30,1998-09-30,2021-09-07,2957827000.0,9938969000.0,9994291000.0,,,0.203,26.563,-18646000.0,97809000.0,97809000.0,1172308000.0,268441000.0,,1.031,472407000.0,,,472407000.0,456724000.0,12036000.0,0.0,0.019,0.539,372348000.0,384384000.0,0.19,384384000.0,372348000.0,347241000.0,1.46,1.442,1.46,4892774000.0,4985809250.0,4892774000.0,5469984193.0,15.0,14.231,242077000.0,1.314,1.0,855995000.0,0.422,0.0,25107000.0,10313567000.0,10300508000.0,0.0,9185176000.0,,,5046195000.0,,,5140462193.0,19755000.0,0.0,3333000.0,142647000.0,-96433000.0,49547000.0,-290515000.0,-271869000.0,260723000.0,0.0,268441000.0,268441000.0,268441000.0,0.0,0.0,0.132,483647000.0,372348000.0,0.0,0.369,1.051,19.149,19.103,55099000.0,0.0,27.891,2.534,2.533,403243000.0,1460855000.0,2028303000.0,2028303000.0,0.0,0.027,0.054,0.036,0.184,0.0,428081000.0,1.0,184305410.0,184196880.0,,11.012,9938969000.0,0.0,78800000.0,1437066000.0,53.958,
92,CINF,MRT,1998-06-30,1998-06-30,1998-06-30,2021-09-07,3352211000.0,10484047000.0,9669712066.0,,,0.207,28.624,-18942000.0,144327000.0,144327000.0,1120573000.0,292526000.0,,0.99,473849000.0,,,473849000.0,448356000.0,11764000.0,0.0,0.015,0.525,407710000.0,419474000.0,0.209,419474000.0,407710000.0,385186000.0,1.605,1.578,1.605,5268083000.0,4798681130.0,5268083000.0,6661028035.0,16.0,15.879,285105000.0,1.549,1.0,885003000.0,0.441,0.0,22524000.0,10813569000.0,9951789703.0,0.0,9676489000.0,,,5215964000.0,,,6399100035.0,80890000.0,0.0,-5622000.0,146509000.0,-93405000.0,47482000.0,-270639000.0,-251697000.0,304047000.0,0.0,292526000.0,292526000.0,292526000.0,0.0,0.0,0.146,477293000.0,407710000.0,0.0,0.327,1.215,21.875,21.687,55481000.0,0.0,34.807,3.191,3.194,401588000.0,1433552000.0,2005576000.0,2005576000.0,0.0,0.03,0.061,0.041,0.203,0.0,425258000.0,1.0,183845205.0,184043633.0,,10.897,10484047000.0,0.0,92660000.0,1649938000.0,56.965,
93,CINF,MRT,1998-03-31,1998-03-31,1998-03-31,2021-09-07,3189153000.0,10060723000.0,9043448989.0,,,0.218,27.578,-19799000.0,75895000.0,75895000.0,1058557000.0,309506000.0,,0.986,337823000.0,,,337823000.0,440697000.0,11450000.0,0.0,0.013,0.511,433736000.0,445186000.0,0.226,445186000.0,433736000.0,412613000.0,1.705,1.669,1.705,5065415000.0,4417002524.0,5065415000.0,7217907852.0,17.0,16.213,391972000.0,2.134,1.0,912643000.0,0.463,0.0,21123000.0,10322651000.0,9315691255.0,0.0,9395488000.0,,,4995308000.0,,,6959087852.0,45560000.0,0.0,-27767000.0,17149000.0,-90524000.0,-101142000.0,-265069000.0,-245270000.0,411771000.0,0.0,309506000.0,309506000.0,309506000.0,0.0,0.0,0.157,478907000.0,433736000.0,0.0,0.3,1.374,22.485,22.21,55074000.0,0.0,37.868,3.53,3.529,369386000.0,1400341000.0,1971200000.0,1971200000.0,0.0,0.034,0.07,0.047,0.22,0.0,427474000.0,1.0,183772258.0,183677603.0,,10.732,10060723000.0,0.0,103107000.0,1611274000.0,54.774,
94,CINF,MRT,1997-12-31,1997-12-31,1997-12-31,2021-09-07,2905756000.0,9493425000.0,8398388909.0,,,0.231,25.977,-16485000.0,80168000.0,80168000.0,1054924000.0,299375000.0,,1.013,338988000.0,,,338988000.0,443054000.0,11327000.0,0.0,0.012,0.496,415380000.0,426707000.0,0.22,426707000.0,415380000.0,394559000.0,1.642,1.605,1.642,4716965000.0,4009129175.0,4716965000.0,8005148044.0,19.0,18.76,410472000.0,2.261,1.0,887460000.0,0.457,0.0,20821000.0,9752245000.0,8683503906.0,0.0,8828765000.0,,,4776460000.0,,,7727107497.0,20235000.0,0.0,-54240000.0,18460000.0,-88405000.0,-124185000.0,-282537000.0,-266052000.0,426957000.0,0.0,299375000.0,299375000.0,299375000.0,0.0,0.0,0.154,472080000.0,415380000.0,0.0,0.302,1.638,25.811,25.917,52559000.0,0.0,42.555,3.978,3.978,365781000.0,1341730000.0,1942384000.0,1942384000.0,0.0,0.036,0.075,0.048,0.214,0.0,421720000.0,1.0,181579309.0,181579309.0,,10.697,9493425000.0,0.0,95184000.0,1406478000.0,52.283,
95,CINF,MRT,1997-09-30,1997-09-30,1997-09-30,2021-09-07,2407904771.0,8640653265.0,7786411159.0,,,0.246,23.044,-16562526.0,78054123.0,78054123.0,1051231104.0,289843857.0,,1.085,356094670.0,,,356094670.0,440375781.0,11624331.0,0.0,0.02,0.484,402406656.0,414030987.0,0.216,414030987.0,402406656.0,380874663.0,1.605,,1.605,4144261518.0,3620610175.0,4144261518.0,4808237420.0,12.0,11.613,354855919.0,1.973,1.0,867973378.0,0.452,0.0,21531993.0,8918693812.0,8077324156.0,0.0,7999209508.0,,,4496391747.0,,,4518056903.0,22683907.0,0.0,-63262754.0,24213091.0,-86767761.0,-125817424.0,-222917114.0,-206354588.0,371418445.0,0.0,289843857.0,289843857.0,289843857.0,0.0,0.0,0.151,465566722.0,402406656.0,0.0,0.302,1.09,15.588,15.447,40921964.0,0.0,24.792,2.354,2.323,360489204.0,1291936526.0,1919204482.0,1919204482.0,0.0,0.037,0.08,0.05,0.21,0.0,416751567.0,1.0,182238500.0,179844210.0,,10.671,8640653265.0,0.0,91030806.0,1175972582.0,48.045,
96,CINF,MRT,1997-06-30,1997-06-30,1997-06-30,2021-09-07,2042245040.0,7978994691.0,,,,,20.476,-17945694.0,63437276.0,63437276.0,1072865928.0,259792557.0,,1.133,353617793.0,,,353617793.0,428771039.0,10629940.0,0.0,0.02,0.472,358328506.0,368958446.0,0.196,368958446.0,358328506.0,337569052.0,1.427,1.385,1.427,3741368578.0,,3741368578.0,4684258570.0,13.0,12.696,365778725.0,2.002,1.0,809981929.0,0.43,0.0,20759454.0,8269175208.0,,0.0,7339941435.0,,,4237626113.0,,,4370839646.0,53320113.0,0.0,-49734268.0,21781938.0,-84792409.0,-112744739.0,-217659567.0,-199713873.0,383724419.0,0.0,259792557.0,259792557.0,259792557.0,0.0,0.0,0.138,451653423.0,358328506.0,0.0,0.331,1.168,16.824,16.738,40792631.0,0.0,23.885,2.321,2.318,359231709.0,1237459949.0,1882847857.0,1882847857.0,0.0,,,,0.19,0.0,405175051.0,1.0,182995170.0,182717325.0,,10.305,7978994691.0,0.0,77776495.0,975614481.0,43.669,
97,CINF,MRT,1997-03-31,1997-03-31,1997-03-31,2021-09-07,1769077878.0,7480482679.0,,,,,18.714,-17572115.0,30335614.0,30335614.0,1080848236.0,238358618.0,,1.178,343754538.0,,,343754538.0,422075066.0,10167606.0,0.0,0.022,0.46,324831253.0,334998859.0,0.182,334998859.0,324831253.0,304250404.0,1.297,,1.297,3433921605.0,,3433921605.0,4168558461.0,13.0,12.444,342505749.0,1.867,1.0,759839316.0,0.413,0.0,20580849.0,7793901603.0,,0.0,6903111760.0,,,4046561074.0,,,3886546461.0,17122087.0,0.0,-29390169.0,42482625.0,-81749871.0,-68657415.0,-274298362.0,-256726247.0,360077864.0,0.0,238358618.0,238358618.0,238358618.0,0.0,0.0,0.129,435008063.0,324831253.0,0.0,0.355,1.132,16.305,16.376,39227124.0,0.0,21.24,2.111,2.117,356462341.0,1184238621.0,1840687552.0,1840687552.0,0.0,,,,0.176,0.0,389296428.0,1.0,182982413.0,183496793.0,,10.031,7480482679.0,0.0,65891786.0,844501759.0,40.766,
98,CINF,MRT,1996-12-31,1996-12-31,1996-12-31,2021-09-07,1527707000.0,7045514000.0,6577406000.0,,,0.275,17.285,-17798000.0,59933000.0,59933000.0,1087105000.0,223760000.0,,1.228,341945000.0,,,341945000.0,425750000.0,7100000.0,0.0,0.019,0.369,302523000.0,309623000.0,0.171,309623000.0,302523000.0,282421000.0,1.215,1.188,1.215,3162889000.0,2910430000.0,3162889000.0,,,,290541000.0,1.588,1.0,721644000.0,0.399,0.0,20102000.0,7327526000.0,6858905000.0,0.0,6371268000.0,,,3882625000.0,,,3589200039.0,39914000.0,0.0,-5564000.0,41093000.0,-79203000.0,-43674000.0,-224751000.0,-206953000.0,308339000.0,0.0,223760000.0,223760000.0,223760000.0,0.0,0.0,0.124,419121000.0,302523000.0,0.0,0.304,1.135,16.04,16.144,50071000.0,0.0,19.615,1.984,1.984,371321000.0,1132880000.0,1808749000.0,1808749000.0,0.0,0.034,0.077,0.044,0.167,0.0,376325000.0,1.0,182982413.0,182982413.0,,9.885,7045514000.0,0.0,58661000.0,676893000.0,38.504,
99,CINF,MRT,1996-09-30,1996-09-30,1996-09-30,2021-09-07,,,,,,,,,,,,,,,,,,,,,,0.021,0.355,,,,,,,,,,,,,,,,,,1.0,,,,,,,,,,,,,,,,,,,,,,,,,,,,,,,,,,,,,,,,17.309,,,,,,,,,,,,,,1.0,,191172498.0,,,,,,,,
100,CINF,MRT,1996-06-30,1996-06-30,1996-06-30,2021-09-07,,,,,,,,,,,,,,,,,,,,,,0.02,0.342,,,,,,,,,,,,,,,,,,1.0,,,,,,,,,,,,,,,,,,,,,,,,,,,,,,,,,,,,,,,,17.347,,,,,,,,,,,,,,1.0,,191266318.0,,,,,,,,
101,CINF,MRT,1996-03-31,1996-03-31,1996-03-31,2021-09-07,,,,,,,,,,,,,,,,,,,,,,0.017,0.328,,,,,,,,,,,,,,,,,,1.0,,,,,,,,,,,,,,,,,,,,,,,,,,,,,,,,,,,,,,,,19.161,,,,,,,,,,,,,,1.0,,191227832.0,,,,,,,,
102,CINF,MRT,1995-12-31,1995-12-31,1995-12-31,2021-09-07,1159388000.0,6109298000.0,,,,,,-10538000.0,20019000.0,20019000.0,964216000.0,227350000.0,,1.298,301005000.0,,,301005000.0,408624000.0,9641000.0,0.0,0.017,0.322,312419000.0,322060000.0,0.195,322060000.0,312419000.0,295188000.0,1.234,1.206,1.234,2657971000.0,,2657971000.0,,,,378969000.0,,1.0,691435000.0,0.418,0.0,17231000.0,6390284000.0,,0.0,5556002000.0,,,3451327000.0,,,,-28235000.0,0.0,3826000.0,91889000.0,-69542000.0,26173000.0,-443915000.0,-433377000.0,389507000.0,0.0,227350000.0,227350000.0,227350000.0,0.0,0.0,0.137,379016000.0,312419000.0,0.0,0.261,,,15.225,33056000.0,0.0,18.788,,,351680000.0,1156627000.0,1655651000.0,1655651000.0,0.0,,,,0.189,0.0,342771000.0,1.0,,,,,6109298000.0,0.0,67838000.0,487840000.0,,
103,CINF,MRT,1994-12-31,1994-12-31,1994-12-31,2021-09-07,,,,,,,,-11356000.0,,,900814000.0,201230000.0,,,,,,,,9923000.0,,0.025,0.351,259289000.0,269212000.0,0.178,269212000.0,259289000.0,249328000.0,1.07,,1.07,,,,,,,317122000.0,,1.0,611692000.0,0.404,,9961000.0,,,,,,,,,,,140000.0,0.0,3285000.0,51050000.0,-62436000.0,-8101000.0,-320237000.0,-308881000.0,328478000.0,0.0,201230000.0,201230000.0,201230000.0,0.0,0.0,0.133,352403000.0,259289000.0,,0.328,,,13.199,,0.0,14.123,,,,,1512506000.0,1512506000.0,0.0,,,,0.171,0.0,315956000.0,1.0,,,,,,,48098000.0,,,
