None,ticker,dimension,calendardate,datekey,reportperiod,lastupdated,accoci,assets,assetsavg,assetsc,assetsnc,assetturnover,bvps,capex,cashneq,cashnequsd,cor,consolinc,currentratio,de,debt,debtc,debtnc,debtusd,deferredrev,depamor,deposits,divyield,dps,ebit,ebitda,ebitdamargin,ebitdausd,ebitusd,ebt,eps,epsdil,epsusd,equity,equityavg,equityusd,ev,evebit,evebitda,fcf,fcfps,fxusd,gp,grossmargin,intangibles,intexp,invcap,invcapavg,inventory,investments,investmentsc,investmentsnc,liabilities,liabilitiesc,liabilitiesnc,marketcap,ncf,ncfbus,ncfcommon,ncfdebt,ncfdiv,ncff,ncfi,ncfinv,ncfo,ncfx,netinc,netinccmn,netinccmnusd,netincdis,netincnci,netmargin,opex,opinc,payables,payoutratio,pb,pe,pe1,ppnenet,prefdivis,price,ps,ps1,receivables,retearn,revenue,revenueusd,rnd,roa,roe,roic,ros,sbcomp,sgna,sharefactor,sharesbas,shareswa,shareswadil,sps,tangibles,taxassets,taxexp,taxliabilities,tbvps,workingcapital
0,SII1,MRY,2009-12-31,2009-12-31,2009-12-31,2020-06-30,24115000.0,10739415000.0,10347520750.0,4815236000.0,5924179000.0,0.794,24.468,-294099000.0,988346000.0,988346000.0,5968479000.0,312211000.0,3.413,0.719,2173022000.0,358768000.0,1814254000.0,2173022000.0,0.0,364858000.0,0.0,0.018,0.48,437851000.0,802709000.0,0.098,802709000.0,437851000.0,287574000.0,0.67,0.66,0.67,5440567000.0,4882997250.0,5440567000.0,8052188543.0,18.0,10.031,1007043000.0,4.529,1.0,2250080000.0,0.274,3682914000.0,150277000.0,6830388000.0,7309685000.0,1820355000.0,0.0,0.0,0.0,3909485000.0,1410789000.0,2498696000.0,5961401543.0,825838000.0,16608000.0,717385000.0,-662244000.0,-105234000.0,-201844000.0,-277491000.0,0.0,1301142000.0,4031000.0,148469000.0,148469000.0,148469000.0,0.0,163742000.0,0.018,1650997000.0,599083000.0,589748000.0,0.716,1.096,40.153,40.552,1923465000.0,0.0,27.17,0.725,0.735,1791498000.0,2925467000.0,8218559000.0,8218559000.0,0.0,0.014,0.03,0.06,0.053,45978000.0,1650997000.0,1.0,219411172.0,222353000,223289000.0,36.962,7056501000.0,65667000.0,139105000.0,615797000.0,31.736,3404447000.0
1,SII1,MRY,2008-12-31,2008-12-31,2008-12-31,2020-06-30,-73833000.0,10816224000.0,8644160750.0,5086384000.0,5729840000.0,1.246,21.935,-369774000.0,162508000.0,162508000.0,7341922000.0,1050129000.0,1.734,1.089,2806821000.0,1366296000.0,1440525000.0,2806821000.0,0.0,263443000.0,0.0,0.021,0.48,1362941000.0,1626384000.0,0.151,1626384000.0,1362941000.0,1273176000.0,3.7,3.68,3.7,4549339000.0,3683492250.0,4549339000.0,7616623804.0,6.0,4.683,295369000.0,1.424,1.0,3428916000.0,0.318,3653875000.0,89765000.0,6873230000.0,5912479000.0,2367166000.0,0.0,0.0,0.0,4955915000.0,2933432000.0,2022483000.0,5009624804.0,4241000.0,-1670987000.0,-21499000.0,1555555000.0,-94557000.0,1386832000.0,-2040761000.0,0.0,665143000.0,-6973000.0,767284000.0,767284000.0,767284000.0,0.0,282845000.0,0.071,1786504000.0,1642412000.0,979000000.0,0.13,1.101,6.529,6.186,1844036000.0,0.0,22.89,0.465,0.441,2253477000.0,2885792000.0,10770838000.0,10770838000.0,0.0,0.089,0.208,0.231,0.127,43443000.0,1786504000.0,1.0,218856479.0,207400000,208727000.0,51.933,7162349000.0,81834000.0,505892000.0,521908000.0,34.534,2152952000.0
2,SII1,MRY,2007-12-31,2007-12-31,2007-12-31,2020-06-30,67840000.0,6061880000.0,5782315250.0,3727735000.0,2334145000.0,1.516,12.959,-310776000.0,158267000.0,158267000.0,5908673000.0,895404000.0,3.177,1.336,985105000.0,139481000.0,845624000.0,985105000.0,0.0,193296000.0,0.0,0.005,0.4,1125512000.0,1318808000.0,0.15,1318808000.0,1125512000.0,1055522000.0,3.23,3.2,3.23,2594897000.0,2363798000.0,2594897000.0,15779874470.0,14.0,11.965,377711000.0,1.886,1.0,2855657000.0,0.326,1024801000.0,69990000.0,4690617000.0,4486253750.0,1658172000.0,0.0,0.0,0.0,3466983000.0,1173300000.0,2293683000.0,14793330470.0,77888000.0,-36797000.0,-83529000.0,-103527000.0,-76026000.0,-265807000.0,-347573000.0,0.0,688487000.0,2781000.0,647051000.0,647051000.0,647051000.0,0.0,248353000.0,0.074,1485860000.0,1369797000.0,655413000.0,0.124,5.701,22.863,22.864,1105880000.0,0.0,73.85,1.688,1.687,1750561000.0,2219224000.0,8764330000.0,8764330000.0,0.0,0.112,0.274,0.251,0.128,34239000.0,1485860000.0,1.0,200315917.0,200244000,201947000.0,43.768,5037079000.0,46220000.0,408471000.0,240425000.0,25.155,2554435000.0
3,SII1,MRY,2006-12-31,2006-12-31,2006-12-31,2020-06-30,23227000.0,5335475000.0,4859034500.0,3271027000.0,2064448000.0,1.509,9.922,-272727000.0,80379000.0,80379000.0,4989288000.0,502006000.0,2.371,1.685,1088632000.0,287704000.0,800928000.0,1088632000.0,0.0,150384000.0,0.0,0.008,0.32,891647000.0,1042031000.0,0.142,1042031000.0,891647000.0,828680000.0,2.51,2.49,2.51,1986937000.0,1808930000.0,1986937000.0,9838783475.0,11.0,9.442,5757000.0,0.029,1.0,2344271000.0,0.32,1008787000.0,62967000.0,3955473000.0,3665545500.0,1457371000.0,0.0,0.0,0.0,3348538000.0,1379468000.0,1969070000.0,8791485475.0,17836000.0,-226727000.0,-102894000.0,342035000.0,-60074000.0,208184000.0,-470924000.0,0.0,278484000.0,2092000.0,502006000.0,502006000.0,502006000.0,0.0,0.0,0.068,1264190000.0,1080081000.0,654215000.0,0.127,4.425,17.513,16.363,887044000.0,0.0,41.07,1.199,1.121,1592230000.0,1653480000.0,7333559000.0,7333559000.0,0.0,0.103,0.278,0.243,0.122,27280000.0,1264190000.0,1.0,214061005.0,200252000,202008000.0,36.622,4326688000.0,51070000.0,326674000.0,273463000.0,21.606,1891559000.0
4,SII1,MRY,2005-12-31,2005-12-31,2005-12-31,2020-06-30,6901000.0,4059914000.0,3835323750.0,2437231000.0,1622683000.0,1.455,7.828,-151419000.0,62543000.0,62543000.0,3893865000.0,302305000.0,2.612,1.572,744507000.0,133650000.0,610857000.0,744507000.0,0.0,117722000.0,0.0,0.006,0.24,549494000.0,667216000.0,0.12,667216000.0,549494000.0,505048000.0,1.5,1.48,1.5,1578505000.0,1497504750.0,1578505000.0,8495795361.0,15.0,12.733,56630000.0,0.281,1.0,1685138000.0,0.302,815827000.0,44446000.0,2992898000.0,2779054250.0,1059992000.0,0.0,0.0,0.0,2481409000.0,933153000.0,1548256000.0,7881801361.0,8947000.0,-60832000.0,-117820000.0,144690000.0,-36353000.0,13769000.0,-212251000.0,0.0,208049000.0,-620000.0,302305000.0,302305000.0,302305000.0,0.0,0.0,0.054,1014577000.0,670561000.0,479206000.0,0.16,4.993,26.072,24.74,665389000.0,0.0,37.11,1.413,1.341,1200289000.0,1215483000.0,5579003000.0,5579003000.0,0.0,0.079,0.202,0.198,0.098,5947000.0,1014577000.0,1.0,212390228.0,201651000,204522000.0,27.667,3244087000.0,48467000.0,202743000.0,199141000.0,16.088,1504078000.0
5,SII1,MRY,2004-12-31,2004-12-31,2004-12-31,2020-06-30,24404000.0,3506778000.0,3324022500.0,2019632000.0,1487146000.0,1.329,6.912,-90770000.0,53596000.0,53596000.0,3067076000.0,182451000.0,2.276,1.503,599173000.0,211375000.0,387798000.0,599173000.0,0.0,106493000.0,0.0,0.0,0.0,350934000.0,457427000.0,0.104,457427000.0,350934000.0,312172000.0,0.9,0.89,0.9,1400811000.0,1341142500.0,1400811000.0,6225800456.0,18.0,13.61,91404000.0,0.451,1.0,1351939000.0,0.306,781950000.0,38762000.0,2383048000.0,2371813250.0,890462000.0,0.0,0.0,0.0,2105967000.0,887357000.0,1218610000.0,5706381456.0,2310000.0,-72350000.0,-92002000.0,37140000.0,0.0,-17046000.0,-163120000.0,0.0,182174000.0,302000.0,182451000.0,182451000.0,182451000.0,0.0,0.0,0.041,913175000.0,438764000.0,376782000.0,0.0,4.074,31.276,30.228,576954000.0,0.0,27.205,1.291,1.248,963622000.0,961574000.0,4419015000.0,4419015000.0,0.0,0.055,0.136,0.148,0.079,684000.0,913175000.0,1.0,209754878.0,202664000,205138000.0,21.805,2724828000.0,47083000.0,129721000.0,185364000.0,13.445,1132275000.0
6,SII1,MRY,2003-12-31,2003-12-31,2003-12-31,2020-06-30,11625000.0,3097047000.0,2998891500.0,1679796000.0,1417251000.0,1.199,6.19,-76021000.0,51286000.0,51286000.0,2518897000.0,123480000.0,2.662,1.506,578295000.0,89747000.0,488548000.0,578295000.0,0.0,101709000.0,0.0,0.0,0.0,257778000.0,359487000.0,0.1,359487000.0,257778000.0,216814000.0,0.62,0.61,0.62,1235776000.0,1165427750.0,1235776000.0,4722131726.0,18.0,13.136,66561000.0,0.333,1.0,1075931000.0,0.299,755772000.0,40964000.0,2237360000.0,2244828500.0,739627000.0,0.0,0.0,0.0,1861271000.0,630924000.0,1230347000.0,4156913726.0,-35464000.0,-101789000.0,18958000.0,-16870000.0,0.0,-1912000.0,-177810000.0,0.0,142582000.0,1676000.0,123480000.0,123480000.0,123480000.0,0.0,0.0,0.034,747184000.0,328747000.0,310754000.0,0.0,3.364,33.665,33.484,534871000.0,0.0,20.76,1.156,1.153,801819000.0,779123000.0,3594828000.0,3594828000.0,0.0,0.041,0.106,0.115,0.072,916000.0,747184000.0,1.0,200236692.0,199630000,201806000.0,18.007,2341275000.0,31238000.0,93334000.0,149366000.0,11.728,1048872000.0
7,SII1,MRY,2002-12-31,2002-12-31,2002-12-31,2020-06-30,-10435000.0,2749545000.0,2716183500.0,1426914000.0,1322631000.0,1.167,5.372,-78804000.0,86750000.0,86750000.0,2251778000.0,93189000.0,2.398,1.585,601659000.0,159692000.0,441967000.0,601659000.0,0.0,89327000.0,0.0,0.0,0.0,200749000.0,290076000.0,0.092,290076000.0,200749000.0,159821000.0,0.47,0.465,0.47,1063535000.0,1026277000.0,1063535000.0,3861379849.0,19.0,13.312,244722000.0,1.236,1.0,918302000.0,0.29,620075000.0,40928000.0,2049283000.0,2149417000.0,634488000.0,0.0,0.0,0.0,1686010000.0,595096000.0,1090914000.0,3311811849.0,42067000.0,-60152000.0,5047000.0,-116043000.0,0.0,-142596000.0,-139187000.0,0.0,323526000.0,324000.0,93189000.0,93189000.0,93189000.0,0.0,0.0,0.029,662154000.0,256148000.0,256069000.0,0.0,3.114,35.539,34.702,519220000.0,0.0,16.31,1.045,1.019,633918000.0,655643000.0,3170080000.0,3170080000.0,0.0,0.034,0.091,0.093,0.063,0.0,662154000.0,1.0,203054068.0,197968000,200182000.0,16.013,2129470000.0,25403000.0,66632000.0,108615000.0,10.757,831818000.0
8,SII1,MRY,2001-12-31,2001-12-31,2001-12-31,2020-06-30,-24748000.0,2735828000.0,2569642750.0,1523031000.0,1212797000.0,1.382,4.769,-109414000.0,44683000.0,44683000.0,2505405000.0,152145000.0,2.287,1.882,687535000.0,148693000.0,538842000.0,687535000.0,0.0,92895000.0,0.0,0.0,0.0,303901000.0,396796000.0,0.112,396796000.0,303901000.0,258542000.0,0.765,0.755,0.765,949159000.0,901339250.0,949159000.0,3219701563.0,11.0,8.114,96351000.0,0.484,1.0,1045804000.0,0.294,574550000.0,45359000.0,2138126000.0,2034537750.0,653151000.0,0.0,0.0,0.0,1786669000.0,666004000.0,1120665000.0,2648798563.0,8139000.0,-250211000.0,-15909000.0,122614000.0,0.0,162105000.0,-359625000.0,0.0,205765000.0,-106000.0,152145000.0,152145000.0,152145000.0,0.0,0.0,0.043,674294000.0,371510000.0,284502000.0,0.0,2.791,17.41,17.523,488497000.0,0.0,13.405,0.746,0.751,752165000.0,562454000.0,3551209000.0,3551209000.0,0.0,0.059,0.169,0.149,0.086,0.0,658565000.0,1.0,197597804.0,199008000,200896000.0,17.845,2161278000.0,35414000.0,106397000.0,81647000.0,10.86,857027000.0
9,SII1,MRY,2000-12-31,2000-12-31,2000-12-31,2020-06-30,-17793000.0,2295287000.0,2119762750.0,1310003000.0,985284000.0,1.303,4.12,-77876000.0,36544000.0,36544000.0,2015845000.0,72800000.0,2.038,1.808,540667000.0,165951000.0,374716000.0,540667000.0,0.0,80688000.0,0.0,0.0,0.0,164554000.0,245242000.0,0.089,245242000.0,164554000.0,127798000.0,0.365,0.36,0.365,817481000.0,783812750.0,817481000.0,4186166677.0,25.0,17.07,-20156000.0,-0.102,1.0,745169000.0,0.27,453947000.0,36756000.0,1702659000.0,1616674000.0,560027000.0,0.0,0.0,0.0,1477806000.0,642804000.0,835002000.0,3758974677.0,12417000.0,-145371000.0,18059000.0,138567000.0,0.0,178226000.0,-223247000.0,0.0,57720000.0,-282000.0,72800000.0,72800000.0,72800000.0,0.0,0.0,0.026,546143000.0,199026000.0,280820000.0,0.0,4.598,51.634,51.07,409048000.0,0.0,18.641,1.361,1.34,654420000.0,410309000.0,2761014000.0,2761014000.0,0.0,0.034,0.093,0.102,0.06,0.0,535027000.0,1.0,201654916.0,198412000,201208000.0,13.916,1841340000.0,29462000.0,54998000.0,68406000.0,9.28,667199000.0
10,SII1,MRY,1999-12-31,1999-12-31,1999-12-31,2020-06-30,-10570000.0,1894575000.0,1793036250.0,1054780000.0,839795000.0,1.007,3.706,-38852000.0,24127000.0,24127000.0,1338213000.0,56724000.0,2.306,1.631,397431000.0,50784000.0,346647000.0,397431000.0,0.0,76037000.0,0.0,0.0,0.0,145412000.0,221449000.0,0.123,221449000.0,145412000.0,104589000.0,0.292,0.287,0.292,720220000.0,684292250.0,720220000.0,2786020247.0,19.0,12.581,29857000.0,0.154,1.0,467940000.0,0.259,349773000.0,40823000.0,1460788000.0,1449199500.0,497414000.0,0.0,0.0,0.0,1174355000.0,457318000.0,717037000.0,2430432247.0,1410000.0,9355000.0,2975000.0,-83912000.0,0.0,-82377000.0,14721000.0,0.0,68709000.0,357000.0,56724000.0,56724000.0,56724000.0,0.0,0.0,0.031,318408000.0,149532000.0,218551000.0,0.0,3.375,42.847,42.541,381082000.0,0.0,12.422,1.346,1.337,474114000.0,337509000.0,1806153000.0,1806153000.0,0.0,0.032,0.083,0.1,0.081,0.0,393704000.0,1.0,195657360.0,194344000,196760000.0,9.294,1544802000.0,38954000.0,47865000.0,54566000.0,7.949,597462000.0
11,SII1,MRY,1998-12-31,1998-12-31,1998-12-31,2020-06-30,-10898000.0,1758988000.0,1731398250.0,997155000.0,761833000.0,1.224,3.309,-102761000.0,22717000.0,22717000.0,1489656000.0,34069000.0,1.438,1.774,714076000.0,345253000.0,368823000.0,714076000.0,0.0,70316000.0,0.0,0.0,0.0,106334000.0,176650000.0,0.083,176650000.0,106334000.0,60348000.0,0.177,0.175,0.177,634034000.0,601456750.0,634034000.0,1964021454.0,18.0,11.118,21294000.0,0.111,1.0,629059000.0,0.297,289242000.0,45986000.0,1467805000.0,1488513500.0,465705000.0,0.0,0.0,0.0,1124954000.0,693300000.0,431654000.0,1228936454.0,-14392000.0,-34685000.0,548000.0,-4581000.0,0.0,-1414000.0,-137446000.0,0.0,124055000.0,413000.0,34069000.0,34069000.0,34069000.0,0.0,0.0,0.016,503750000.0,125309000.0,145338000.0,0.0,1.938,36.072,35.576,375236000.0,0.0,6.297,0.58,0.57,424054000.0,280785000.0,2118715000.0,2118715000.0,0.0,0.02,0.057,0.071,0.05,0.0,414450000.0,1.0,195165932.0,191636000,193364000.0,11.056,1469746000.0,48509000.0,26279000.0,61823000.0,7.669,303855000.0
12,SII1,MRY,1997-12-31,1997-12-31,1997-12-31,2020-06-30,-11500000.0,1672499000.0,1373540500.0,1073353000.0,599146000.0,1.578,3.011,-98679000.0,37109000.0,37109000.0,1515353000.0,121329000.0,2.267,1.924,463102000.0,91523000.0,371579000.0,463102000.0,0.0,58553000.0,0.0,0.0,0.0,211613000.0,270166000.0,0.125,270166000.0,211613000.0,180438000.0,0.637,0.63,0.637,572045000.0,470290500.0,572045000.0,,,,-59788000.0,-0.315,1.0,652599000.0,0.301,209585000.0,31175000.0,1415535000.0,1153352500.0,467963000.0,0.0,0.0,0.0,1100454000.0,473372000.0,627082000.0,2475476971.0,1791000.0,-80656000.0,-901000.0,126399000.0,0.0,143009000.0,-179335000.0,0.0,38891000.0,-774000.0,121329000.0,121329000.0,121329000.0,0.0,0.0,0.056,403653000.0,248946000.0,204771000.0,0.0,4.327,20.403,24.088,312663000.0,0.0,15.344,1.142,1.345,510984000.0,246809000.0,2167952000.0,2167952000.0,0.0,0.088,0.258,0.183,0.098,0.0,403653000.0,1.0,161334548.0,190016000,192332000.0,11.409,1462914000.0,27329000.0,59109000.0,43581000.0,7.699,599981000.0
13,SII1,MRY,1996-12-31,1996-12-31,1996-12-31,2020-06-30,-5356000.0,1074582000.0,,665277000.0,409305000.0,,1.95,-69534000.0,25540000.0,25540000.0,1179178000.0,73297000.0,2.214,1.916,303426000.0,74983000.0,228443000.0,303426000.0,0.0,40948000.0,0.0,0.0,0.0,126554000.0,167502000.0,0.101,167502000.0,126554000.0,104912000.0,0.388,0.383,0.388,368536000.0,,368536000.0,,,,-35595000.0,-0.188,1.0,472728000.0,0.286,160797000.0,21642000.0,891170000.0,,295041000.0,0.0,0.0,0.0,706046000.0,300501000.0,405545000.0,,13731000.0,-104683000.0,-1661000.0,152152000.0,0.0,153984000.0,-174217000.0,0.0,33939000.0,25000.0,73297000.0,73297000.0,73297000.0,0.0,0.0,0.044,323943000.0,148785000.0,106962000.0,0.0,,,28.914,205251000.0,0.0,11.219,,1.284,309062000.0,62482000.0,1651906000.0,1651906000.0,0.0,,,,0.077,0.0,323943000.0,1.0,,189008000,191120000.0,8.74,913785000.0,8979000.0,31615000.0,21765000.0,4.835,364776000.0
14,SII1,MRY,1995-12-31,1995-12-31,1995-12-31,2020-06-30,,,,,,,,-25084000.0,,,582004000.0,45592000.0,,,,,,,,25540000.0,,0.0,0.0,72302000.0,97842000.0,0.112,97842000.0,72302000.0,58201000.0,0.292,0.29,0.292,,,,,,,2104000.0,0.013,1.0,292540000.0,0.335,,14101000.0,,,,,,,,,,,6700000.0,-6131000.0,0.0,9875000.0,0.0,10678000.0,-31215000.0,0.0,27188000.0,49000.0,45592000.0,45592000.0,45592000.0,0.0,0.0,0.052,206292000.0,86248000.0,,0.0,,,20.12,,0.0,5.875,,1.049,,,874544000.0,874544000.0,0.0,,,,0.083,0.0,206292000.0,1.0,,156172000,157532000.0,5.6,,,12609000.0,,,
0,SII1,MRQ,2010-06-30,2010-06-30,2010-06-30,2020-06-30,-14158000.0,10580731000.0,,4563676000.0,6017055000.0,,21.913,-111980000.0,497660000.0,497660000.0,1637394000.0,105197000.0,2.94,0.677,1798476000.0,316549000.0,1481927000.0,1798476000.0,0.0,96426000.0,0.0,0.013,0.12,152220000.0,248646000.0,0.108,248646000.0,152220000.0,115303000.0,0.26,0.26,0.26,5446139000.0,,5446139000.0,10611485592.0,27.0,13.904,57103000.0,0.23,1.0,658669000.0,0.287,3756100000.0,36917000.0,6573391000.0,,1880623000.0,0.0,0.0,0.0,3689028000.0,1552056000.0,2136972000.0,9356311592.0,-50115000.0,-75122000.0,0.0,-4473000.0,-29810000.0,-31992000.0,-187102000.0,0.0,169083000.0,-104000.0,65074000.0,65074000.0,65074000.0,0.0,40123000.0,0.028,467216000.0,191453000.0,693556000.0,0.462,1.718,90.17,89.643,1972242000.0,0.0,37.65,1.128,1.128,1930784000.0,2942446000.0,2296063000.0,2296063000.0,0.0,,,,,12036000.0,467216000.0,1.0,248507612.0,248539000,250333000.0,9.238,6824631000.0,90289000.0,50229000.0,611592000.0,27.459,3011620000.0
1,SII1,MRQ,2010-03-31,2010-03-31,2010-03-31,2020-06-30,6456000.0,10402712000.0,,4506159000.0,5896553000.0,,21.809,-82842000.0,547775000.0,547775000.0,1546631000.0,46596000.0,2.825,0.659,1802949000.0,486360000.0,1316589000.0,1802949000.0,0.0,94084000.0,0.0,0.011,0.12,90502000.0,184586000.0,0.086,184586000.0,90502000.0,52780000.0,0.05,0.05,0.05,5416381000.0,,5416381000.0,10521649923.0,32.0,15.0,-29853000.0,-0.12,1.0,591180000.0,0.277,3667553000.0,37722000.0,6395411000.0,,1823950000.0,0.0,0.0,0.0,3569983000.0,1594922000.0,1975061000.0,9336973922.0,-440571000.0,-398000.0,0.0,-370073000.0,-29786000.0,-400437000.0,-83240000.0,0.0,52989000.0,-9883000.0,11541000.0,11541000.0,11541000.0,0.0,35055000.0,0.005,466301000.0,124879000.0,666422000.0,2.4,1.724,148.03,158.593,1921950000.0,0.0,42.82,1.175,1.339,1917994000.0,2907198000.0,2137811000.0,2137811000.0,0.0,,,,,12147000.0,466301000.0,1.0,218051703.0,248360000,249761000.0,8.608,6735159000.0,71832000.0,41239000.0,596371000.0,27.119,2911237000.0
2,SII1,MRQ,2009-12-31,2009-12-31,2009-12-31,2020-06-30,24115000.0,10739415000.0,,4815236000.0,5924179000.0,,23.495,-93226000.0,988346000.0,988346000.0,1454759000.0,61016000.0,3.413,0.719,2173022000.0,358768000.0,1814254000.0,2173022000.0,0.0,91752000.0,0.0,0.018,0.12,82741000.0,174493000.0,0.088,174493000.0,82741000.0,43270000.0,0.08,0.08,0.08,5440567000.0,,5440567000.0,8052188543.0,18.0,10.031,274017000.0,1.183,1.0,529008000.0,0.267,3682914000.0,39471000.0,6830388000.0,,1820355000.0,0.0,0.0,0.0,3909485000.0,1410789000.0,2498696000.0,5961401543.0,706849000.0,-33318000.0,717385000.0,-214770000.0,-26318000.0,466393000.0,-126544000.0,0.0,367243000.0,-243000.0,20113000.0,20113000.0,20113000.0,0.0,40903000.0,0.01,406206000.0,122802000.0,589748000.0,1.5,1.096,40.153,40.552,1923465000.0,0.0,27.17,0.725,0.735,1791498000.0,2925467000.0,1983767000.0,1983767000.0,0.0,,,,,10842000.0,406206000.0,1.0,219411172.0,231566000,232943000.0,8.567,7056501000.0,65667000.0,23157000.0,615797000.0,30.473,3404447000.0
3,SII1,MRQ,2009-09-30,2009-09-30,2009-09-30,2020-06-30,17935000.0,9970883000.0,,4171167000.0,5799716000.0,,21.545,-69844000.0,281497000.0,281497000.0,1379284000.0,43728000.0,3.405,0.825,2372284000.0,322874000.0,2049410000.0,2372284000.0,0.0,90299000.0,0.0,0.017,0.12,65187000.0,155486000.0,0.083,155486000.0,65187000.0,24708000.0,0.03,0.03,0.03,4725508000.0,,4725508000.0,8561579151.0,12.0,7.924,212801000.0,0.97,1.0,499740000.0,0.266,3641802000.0,40479000.0,7194991000.0,,1936398000.0,0.0,0.0,0.0,3899629000.0,1224877000.0,2674752000.0,6329404151.0,57313000.0,-825000.0,0.0,-88477000.0,-26318000.0,-156322000.0,-70669000.0,0.0,282645000.0,1659000.0,7035000.0,7035000.0,7035000.0,0.0,36693000.0,0.004,398441000.0,101299000.0,532613000.0,4.0,1.339,19.324,19.262,1878773000.0,0.0,28.7,0.681,0.678,1726205000.0,2935140000.0,1879024000.0,1879024000.0,0.0,,,,,11997000.0,398441000.0,1.0,220536730.0,219337000,220420000.0,8.567,6329081000.0,63016000.0,17673000.0,486826000.0,28.856,2946290000.0
4,SII1,MRQ,2009-06-30,2009-06-30,2009-06-30,2020-06-30,-6807000.0,10108643000.0,,4326404000.0,5782239000.0,,21.466,-56325000.0,224184000.0,224184000.0,1415259000.0,63273000.0,3.105,0.862,2456359000.0,404885000.0,2051474000.0,2456359000.0,0.0,91712000.0,0.0,0.019,0.12,95146000.0,186858000.0,0.096,186858000.0,95146000.0,52343000.0,0.11,0.11,0.11,4707579000.0,,4707579000.0,8186729809.0,8.0,5.997,397172000.0,1.811,1.0,529030000.0,0.272,3633586000.0,42803000.0,7314040000.0,,2120929000.0,0.0,0.0,0.0,4058399000.0,1393192000.0,2665207000.0,5647141809.0,22675000.0,-7032000.0,0.0,-286494000.0,-26308000.0,-372394000.0,-63357000.0,0.0,453497000.0,4929000.0,24386000.0,24386000.0,24386000.0,0.0,38887000.0,0.013,395726000.0,133304000.0,598924000.0,1.091,1.2,10.648,10.467,1866301000.0,0.0,25.75,0.55,0.55,1740161000.0,2954423000.0,1944289000.0,1944289000.0,0.0,,,,,10785000.0,395726000.0,1.0,219306478.0,219307000,220245000.0,8.866,6475057000.0,78545000.0,27957000.0,484962000.0,29.525,2933212000.0
5,SII1,MRQ,2009-03-31,2009-03-31,2009-03-31,2020-06-30,-44409000.0,10571142000.0,,4822616000.0,5748526000.0,,21.251,-74704000.0,201509000.0,201509000.0,1719177000.0,144194000.0,3.072,0.979,2741097000.0,365377000.0,2375720000.0,2741097000.0,0.0,91095000.0,0.0,0.022,0.12,194777000.0,285872000.0,0.119,285872000.0,194777000.0,167253000.0,0.44,0.44,0.44,4658335000.0,,4658335000.0,6913056061.0,6.0,4.457,123053000.0,0.561,1.0,692302000.0,0.287,3641650000.0,27524000.0,7899321000.0,,2291600000.0,0.0,0.0,0.0,4562764000.0,1569759000.0,2993005000.0,4268743061.0,39001000.0,57783000.0,0.0,-72503000.0,-26290000.0,-139521000.0,-16921000.0,0.0,197757000.0,-2314000.0,96935000.0,96935000.0,96935000.0,0.0,47259000.0,0.04,450624000.0,241678000.0,771225000.0,0.273,0.916,6.194,6.589,1850724000.0,0.0,21.48,0.395,0.436,2088837000.0,2956355000.0,2411479000.0,2411479000.0,0.0,,,,,12354000.0,450624000.0,1.0,198731055.0,219201000,219603000.0,11.001,6929492000.0,83978000.0,70318000.0,563863000.0,31.613,3252857000.0
6,SII1,MRQ,2008-12-31,2008-12-31,2008-12-31,2020-06-30,-73833000.0,10816224000.0,,5086384000.0,5729840000.0,,20.779,-147033000.0,162508000.0,162508000.0,2123189000.0,268419000.0,1.734,1.089,2806821000.0,1366296000.0,1440525000.0,2806821000.0,0.0,89695000.0,0.0,0.021,0.12,362509000.0,452204000.0,0.148,452204000.0,362509000.0,329458000.0,0.91,0.91,0.91,4549339000.0,,4549339000.0,7616623804.0,6.0,4.683,39115000.0,0.179,1.0,933182000.0,0.305,3653875000.0,33051000.0,6873230000.0,,2367166000.0,0.0,0.0,0.0,4955915000.0,2933432000.0,2022483000.0,5009624804.0,-29593000.0,-3635000.0,-8415000.0,7721000.0,-26269000.0,-58336000.0,-150668000.0,0.0,186148000.0,-6737000.0,199177000.0,199177000.0,199177000.0,0.0,69242000.0,0.065,502425000.0,430757000.0,979000000.0,0.132,1.101,6.529,6.186,1844036000.0,0.0,22.89,0.465,0.441,2253477000.0,2885792000.0,3056371000.0,3056371000.0,0.0,,,,,12780000.0,502425000.0,1.0,218856479.0,218938000,220322000.0,13.96,7162349000.0,81834000.0,130281000.0,521908000.0,32.714,2152952000.0
7,SII1,MRQ,2008-09-30,2008-09-30,2008-09-30,2020-06-30,34054000.0,10746207000.0,,5082511000.0,5663696000.0,,21.487,-85927000.0,192101000.0,192101000.0,1942513000.0,282879000.0,1.757,1.395,2799100000.0,1356155000.0,1442945000.0,2799100000.0,0.0,69329000.0,0.0,0.008,0.12,370777000.0,440106000.0,0.154,440106000.0,370777000.0,346608000.0,1.0,1.0,1.0,4487724000.0,,4487724000.0,12581702634.0,10.0,8.29,130304000.0,0.624,1.0,906798000.0,0.318,3597601000.0,24169000.0,6863031000.0,,2226379000.0,0.0,0.0,0.0,6258483000.0,2892574000.0,3365909000.0,11795026634.0,50598000.0,-1639415000.0,-4437000.0,1607126000.0,-24125000.0,1562581000.0,-1725342000.0,0.0,216231000.0,-2872000.0,209843000.0,209843000.0,209843000.0,0.0,73036000.0,0.074,463717000.0,443081000.0,989760000.0,0.12,2.628,16.045,16.244,1829606000.0,0.0,58.64,1.178,1.223,2434048000.0,2712840000.0,2849311000.0,2849311000.0,0.0,,,,,9795000.0,463717000.0,1.0,201143019.0,208857000,210216000.0,13.642,7148606000.0,80184000.0,136765000.0,587263000.0,34.227,2189937000.0
8,SII1,MRQ,2008-06-30,2008-06-30,2008-06-30,2020-06-30,79067000.0,6642025000.0,,4191505000.0,2450520000.0,,14.629,-77158000.0,141503000.0,141503000.0,1686706000.0,252720000.0,3.211,1.26,928179000.0,121771000.0,806408000.0,928179000.0,0.0,51818000.0,0.0,0.005,0.12,321072000.0,372890000.0,0.15,372890000.0,321072000.0,304828000.0,0.91,0.91,0.91,2939577000.0,,2939577000.0,17469952628.0,14.0,12.324,28498000.0,0.142,1.0,807452000.0,0.324,1031135000.0,16244000.0,5092315000.0,,1918934000.0,0.0,0.0,0.0,3702448000.0,1305251000.0,2397197000.0,16702591628.0,-6871000.0,-24576000.0,0.0,12444000.0,-24096000.0,-11103000.0,-101734000.0,0.0,105656000.0,310000.0,183273000.0,183273000.0,183273000.0,0.0,69447000.0,0.073,417685000.0,389767000.0,817522000.0,0.132,5.682,24.133,24.169,1192186000.0,0.0,83.14,1.775,1.776,1941289000.0,2529267000.0,2494158000.0,2494158000.0,0.0,,,,,10233000.0,417685000.0,1.0,200897181.0,200938000,202284000.0,12.413,5610890000.0,52070000.0,121555000.0,252665000.0,27.923,2886254000.0
9,SII1,MRQ,2008-03-31,2008-03-31,2008-03-31,2020-06-30,77272000.0,6372187000.0,,3992998000.0,2379189000.0,,13.731,-59656000.0,148374000.0,148374000.0,1589514000.0,246111000.0,3.082,1.311,915735000.0,120740000.0,794995000.0,915735000.0,0.0,52601000.0,0.0,0.007,0.12,308583000.0,361184000.0,0.152,361184000.0,308583000.0,292282000.0,0.87,0.87,0.87,2757329000.0,,2757329000.0,13524222626.0,12.0,9.916,97452000.0,0.485,1.0,781484000.0,0.33,1022575000.0,16301000.0,4821340000.0,,1767709000.0,0.0,0.0,0.0,3614858000.0,1295633000.0,2319225000.0,12697384626.0,-9893000.0,-3361000.0,-8647000.0,-71736000.0,-20067000.0,-106310000.0,-63017000.0,0.0,157108000.0,2326000.0,174991000.0,174991000.0,174991000.0,0.0,71120000.0,0.074,402677000.0,378807000.0,775344000.0,0.138,4.605,19.184,19.523,1139053000.0,0.0,64.23,1.407,1.429,1917057000.0,2370119000.0,2370998000.0,2370998000.0,0.0,,,,,10635000.0,402677000.0,1.0,197686200.0,200808000,201942000.0,11.807,5349612000.0,42090000.0,117291000.0,302630000.0,26.64,2697365000.0
10,SII1,MRQ,2007-12-31,2007-12-31,2007-12-31,2020-06-30,67840000.0,6061880000.0,,3727735000.0,2334145000.0,,12.947,-96134000.0,158267000.0,158267000.0,1542934000.0,415360000.0,3.177,1.336,985105000.0,139481000.0,845624000.0,985105000.0,0.0,51835000.0,0.0,0.005,0.1,291657000.0,343492000.0,0.15,343492000.0,291657000.0,274909000.0,0.83,0.82,0.83,2594897000.0,,2594897000.0,15779874470.0,14.0,11.965,203735000.0,1.017,1.0,754240000.0,0.328,1024801000.0,16748000.0,4690617000.0,,1658172000.0,0.0,0.0,0.0,3466983000.0,1173300000.0,2293683000.0,14793330470.0,59551000.0,-12379000.0,-4682000.0,-100155000.0,-19995000.0,-132404000.0,-108513000.0,0.0,299869000.0,599000.0,167007000.0,167007000.0,167007000.0,0.0,248353000.0,0.073,398357000.0,355883000.0,655413000.0,0.12,5.701,22.863,22.864,1105880000.0,0.0,73.85,1.688,1.687,1750561000.0,2219224000.0,2297174000.0,2297174000.0,0.0,,,,,8887000.0,398357000.0,1.0,200315917.0,200424000,202115000.0,11.462,5037079000.0,46220000.0,107902000.0,240425000.0,25.132,2554435000.0
11,SII1,MRQ,2007-09-30,2007-09-30,2007-09-30,2020-06-30,60733000.0,5922348000.0,,3664048000.0,2258300000.0,,12.176,-70266000.0,98716000.0,98716000.0,1516153000.0,166833000.0,3.107,1.431,1085260000.0,153701000.0,931559000.0,1085260000.0,0.0,49514000.0,0.0,0.005,0.1,290515000.0,340029000.0,0.151,340029000.0,290515000.0,273412000.0,0.83,0.83,0.83,2436037000.0,,2436037000.0,15225311494.0,14.0,11.947,34494000.0,0.172,1.0,728906000.0,0.325,1025898000.0,17103000.0,4703789000.0,,1621179000.0,0.0,0.0,0.0,3486311000.0,1179205000.0,2307106000.0,14279836494.0,3813000.0,-22469000.0,-43652000.0,44882000.0,-20047000.0,-9400000.0,-92735000.0,0.0,104760000.0,1188000.0,166833000.0,166833000.0,166833000.0,0.0,0.0,0.074,378569000.0,350337000.0,645142000.0,0.12,5.862,22.918,22.958,1037896000.0,0.0,71.4,1.687,1.687,1770691000.0,2072285000.0,2245059000.0,2245059000.0,0.0,,,,,8631000.0,378569000.0,1.0,199997710.0,200070000,202078000.0,11.221,4896450000.0,53139000.0,106579000.0,260041000.0,24.474,2484843000.0
12,SII1,MRQ,2007-06-30,2007-06-30,2007-06-30,2020-06-30,40994000.0,5597222000.0,,3412343000.0,2184879000.0,,11.387,-82216000.0,94903000.0,94903000.0,1417827000.0,153053000.0,2.71,1.452,1040378000.0,298399000.0,741979000.0,1040378000.0,0.0,47567000.0,0.0,0.006,0.1,271549000.0,319116000.0,0.151,319116000.0,271549000.0,253944000.0,0.76,0.76,0.76,2283093000.0,,2283093000.0,12807482452.0,12.0,10.571,167487000.0,0.835,1.0,696546000.0,0.329,1012586000.0,17605000.0,4270972000.0,,1564345000.0,0.0,0.0,0.0,3314129000.0,1259139000.0,2054990000.0,11755991452.0,1844000.0,-84000.0,-21275000.0,-104172000.0,-20007000.0,-166094000.0,-82300000.0,0.0,249703000.0,535000.0,153053000.0,153053000.0,153053000.0,0.0,0.0,0.072,364097000.0,332449000.0,610968000.0,0.132,5.149,19.954,19.946,986422000.0,0.0,58.64,1.445,1.445,1597371000.0,1925446000.0,2114373000.0,2114373000.0,0.0,,,,,8465000.0,364097000.0,1.0,200477344.0,200499000,202097000.0,10.546,4584636000.0,39467000.0,100891000.0,249996000.0,22.866,2153204000.0
13,SII1,MRQ,2007-03-31,2007-03-31,2007-03-31,2020-06-30,28063000.0,5547811000.0,,3428119000.0,2119692000.0,,10.707,-62160000.0,93059000.0,93059000.0,1431759000.0,160158000.0,2.622,1.591,1144550000.0,317933000.0,826617000.0,1144550000.0,0.0,44380000.0,0.0,0.007,0.1,271791000.0,316171000.0,0.15,316171000.0,271791000.0,253257000.0,0.8,0.8,0.8,2141165000.0,,2141165000.0,10537467016.0,11.0,9.307,-28005000.0,-0.14,1.0,675965000.0,0.321,1012458000.0,18534000.0,4279637000.0,,1530843000.0,0.0,0.0,0.0,3406646000.0,1307207000.0,2099439000.0,9529214016.0,12680000.0,-1865000.0,-13920000.0,55918000.0,-15977000.0,42091000.0,-64025000.0,0.0,34155000.0,459000.0,160158000.0,160158000.0,160158000.0,0.0,0.0,0.076,344837000.0,331128000.0,624362000.0,0.125,4.45,17.171,17.347,925954000.0,0.0,48.05,1.228,1.238,1662938000.0,1792440000.0,2107724000.0,2107724000.0,0.0,,,,,8256000.0,344837000.0,1.0,198318710.0,199980000,201426000.0,10.54,4535353000.0,40066000.0,93099000.0,275345000.0,22.679,2120912000.0
14,SII1,MRQ,2006-12-31,2006-12-31,2006-12-31,2020-06-30,23227000.0,5335475000.0,,3271027000.0,2064448000.0,,9.957,-99552000.0,80379000.0,80379000.0,1344549000.0,143032000.0,2.371,1.685,1088632000.0,287704000.0,800928000.0,1088632000.0,0.0,43447000.0,0.0,0.008,0.08,255693000.0,299140000.0,0.15,299140000.0,255693000.0,237534000.0,0.72,0.71,0.72,1986937000.0,,1986937000.0,9838783475.0,11.0,9.442,34449000.0,0.173,1.0,654442000.0,0.327,1008787000.0,18159000.0,3955473000.0,,1457371000.0,0.0,0.0,0.0,3348538000.0,1379468000.0,1969070000.0,8791485475.0,-1961000.0,-11718000.0,-11775000.0,-41006000.0,-15960000.0,-54153000.0,-82740000.0,0.0,134001000.0,931000.0,143032000.0,143032000.0,143032000.0,0.0,0.0,0.072,344664000.0,309778000.0,654215000.0,0.111,4.425,17.513,16.363,887044000.0,0.0,41.07,1.199,1.121,1592230000.0,1653480000.0,1998991000.0,1998991000.0,0.0,,,,,7107000.0,344664000.0,1.0,214061005.0,199556000,201558000.0,10.017,4326688000.0,51070000.0,94502000.0,273463000.0,21.682,1891559000.0
15,SII1,MRQ,2006-09-30,2006-09-30,2006-09-30,2020-06-30,22028000.0,5068598000.0,,3076388000.0,1992210000.0,,9.24,-75017000.0,82340000.0,82340000.0,1295971000.0,132925000.0,2.428,1.743,1129638000.0,282604000.0,847034000.0,1129638000.0,0.0,38312000.0,0.0,0.008,0.08,238812000.0,277124000.0,0.145,277124000.0,238812000.0,221525000.0,0.66,0.66,0.66,1848088000.0,,1848088000.0,9170864752.0,12.0,9.824,29531000.0,0.148,1.0,618213000.0,0.323,1012930000.0,17287000.0,3835821000.0,,1332611000.0,0.0,0.0,0.0,3220510000.0,1267145000.0,1953365000.0,8302990752.0,-6162000.0,-166286000.0,-33118000.0,173262000.0,-16009000.0,130066000.0,-241303000.0,0.0,104548000.0,527000.0,132925000.0,132925000.0,132925000.0,0.0,0.0,0.069,330488000.0,287725000.0,593253000.0,0.121,4.493,18.552,17.477,812584000.0,0.0,38.8,1.209,1.13,1510396000.0,1526425000.0,1914184000.0,1914184000.0,0.0,,,,,6788000.0,330488000.0,1.0,213994607.0,200009000,201811000.0,9.57,4055668000.0,48821000.0,88600000.0,248560000.0,20.277,1809243000.0
16,SII1,MRQ,2006-06-30,2006-06-30,2006-06-30,2020-06-30,20152000.0,4639338000.0,,2871024000.0,1768314000.0,,8.75,-49005000.0,88502000.0,88502000.0,1193250000.0,118833000.0,2.728,1.645,956376000.0,164371000.0,792005000.0,956376000.0,0.0,35362000.0,0.0,0.006,0.08,204428000.0,239790000.0,0.138,239790000.0,204428000.0,189743000.0,0.59,0.59,0.59,1754071000.0,,1754071000.0,10335715562.0,15.0,12.475,-11693000.0,-0.058,1.0,545013000.0,0.314,868923000.0,14685000.0,3585699000.0,,1295954000.0,0.0,0.0,0.0,2885267000.0,1052590000.0,1832677000.0,9514347562.0,22729000.0,-731000.0,-19007000.0,67367000.0,-16062000.0,34624000.0,-49736000.0,0.0,37312000.0,529000.0,118833000.0,118833000.0,118833000.0,0.0,0.0,0.068,299553000.0,245460000.0,560836000.0,0.136,5.424,24.139,22.689,734006000.0,0.0,44.47,1.496,1.401,1366755000.0,1409461000.0,1738263000.0,1738263000.0,0.0,,,,,6687000.0,299553000.0,1.0,213949799.0,200457000,202162000.0,8.672,3770415000.0,38697000.0,70910000.0,216602000.0,18.809,1818434000.0
17,SII1,MRQ,2006-03-31,2006-03-31,2006-03-31,2020-06-30,8033000.0,4392727000.0,,2688867000.0,1703860000.0,,8.192,-49153000.0,65773000.0,65773000.0,1155518000.0,107216000.0,2.527,1.668,887141000.0,200247000.0,686894000.0,887141000.0,0.0,33263000.0,0.0,0.007,0.08,192714000.0,225977000.0,0.134,225977000.0,192714000.0,179878000.0,0.53,0.53,0.53,1646624000.0,,1646624000.0,8471249968.0,14.0,11.398,-46530000.0,-0.231,1.0,526603000.0,0.313,864913000.0,12836000.0,3285189000.0,,1161359000.0,0.0,0.0,0.0,2746103000.0,1063993000.0,1682110000.0,7789285968.0,3230000.0,-47992000.0,-38994000.0,142412000.0,-12043000.0,97647000.0,-97145000.0,0.0,2623000.0,105000.0,107216000.0,107216000.0,107216000.0,0.0,0.0,0.064,289485000.0,237118000.0,545835000.0,0.151,4.73,22.685,22.784,695197000.0,0.0,38.96,1.304,1.311,1345908000.0,1306637000.0,1682121000.0,1682121000.0,0.0,,,,,6698000.0,289485000.0,1.0,199930338.0,200995000,202527000.0,8.369,3527814000.0,41330000.0,72662000.0,235398000.0,17.552,1624874000.0
18,SII1,MRQ,2005-12-31,2005-12-31,2005-12-31,2020-06-30,6901000.0,4059914000.0,,2437231000.0,1622683000.0,,7.876,-56151000.0,62543000.0,62543000.0,1054456000.0,88589000.0,2.612,1.572,744507000.0,133650000.0,610857000.0,744507000.0,0.0,31167000.0,0.0,0.006,0.06,159501000.0,190668000.0,0.125,190668000.0,159501000.0,147388000.0,0.44,0.43,0.44,1578505000.0,,1578505000.0,8495795361.0,15.0,12.733,-21447000.0,-0.107,1.0,475984000.0,0.311,815827000.0,12113000.0,2992898000.0,,1059992000.0,0.0,0.0,0.0,2481409000.0,933153000.0,1548256000.0,7881801361.0,-2799000.0,-49626000.0,-36153000.0,65171000.0,-12037000.0,68233000.0,-105777000.0,0.0,34704000.0,41000.0,88589000.0,88589000.0,88589000.0,0.0,0.0,0.058,280392000.0,195592000.0,479206000.0,0.136,4.993,26.072,24.74,665389000.0,0.0,37.11,1.413,1.341,1200289000.0,1215483000.0,1530440000.0,1530440000.0,0.0,,,,,2952000.0,280392000.0,1.0,212390228.0,200415000,205728000.0,7.636,3244087000.0,48467000.0,58799000.0,199141000.0,16.187,1504078000.0
19,SII1,MRQ,2005-09-30,2005-09-30,2005-09-30,2020-06-30,9409000.0,3866623000.0,,2322571000.0,1544052000.0,,7.428,-36927000.0,65342000.0,65342000.0,985558000.0,79504000.0,2.504,1.59,679336000.0,124118000.0,555218000.0,679336000.0,0.0,29602000.0,0.0,0.005,0.06,142475000.0,172077000.0,0.122,172077000.0,142475000.0,131474000.0,0.4,0.39,0.4,1493047000.0,,1493047000.0,7693416873.0,15.0,12.597,90916000.0,0.452,1.0,424604000.0,0.301,805805000.0,11001000.0,2747269000.0,,1018724000.0,0.0,0.0,0.0,2373576000.0,927543000.0,1446033000.0,7073702873.0,13733000.0,-6539000.0,-38655000.0,8013000.0,-12089000.0,-70731000.0,-43466000.0,0.0,127843000.0,87000.0,79504000.0,79504000.0,79504000.0,0.0,0.0,0.056,253189000.0,171415000.0,477307000.0,0.15,4.738,26.011,24.493,603514000.0,0.0,33.31,1.343,1.271,1113614000.0,1138937000.0,1410162000.0,1410162000.0,0.0,,,,,1682000.0,253189000.0,1.0,212359738.0,201013000,203031000.0,7.015,3060818000.0,52111000.0,51970000.0,195288000.0,15.227,1395028000.0
20,SII1,MRQ,2005-06-30,2005-06-30,2005-06-30,2020-06-30,8463000.0,3721853000.0,,2212824000.0,1509029000.0,,7.224,-27059000.0,51609000.0,51609000.0,951065000.0,68060000.0,2.699,1.548,671323000.0,119020000.0,552303000.0,671323000.0,0.0,28591000.0,0.0,0.004,0.06,125880000.0,154471000.0,0.114,154471000.0,125880000.0,114888000.0,0.34,0.33,0.34,1460875000.0,,1460875000.0,7348009205.0,16.0,13.078,27672000.0,0.137,1.0,399138000.0,0.296,780898000.0,10992000.0,2740917000.0,,985474000.0,0.0,0.0,0.0,2260978000.0,819752000.0,1441226000.0,6761560205.0,-14708000.0,-1054000.0,-47293000.0,18557000.0,-12227000.0,-40963000.0,-28113000.0,0.0,54731000.0,-363000.0,68060000.0,68060000.0,68060000.0,0.0,0.0,0.05,243756000.0,155382000.0,408547000.0,0.176,4.628,27.673,26.107,585521000.0,0.0,31.85,1.359,1.295,1063909000.0,1071470000.0,1350203000.0,1350203000.0,0.0,,,,,1070000.0,243756000.0,1.0,212293884.0,202215000,204027000.0,6.677,2940955000.0,43644000.0,46828000.0,177135000.0,14.544,1393072000.0
21,SII1,MRQ,2005-03-31,2005-03-31,2005-03-31,2020-06-30,17625000.0,3692905000.0,,2187254000.0,1505651000.0,,7.181,-31282000.0,66317000.0,66317000.0,902786000.0,66152000.0,2.537,1.534,652766000.0,137062000.0,515704000.0,652766000.0,0.0,28362000.0,0.0,0.002,0.06,121638000.0,150000000.0,0.116,150000000.0,121638000.0,111298000.0,0.33,0.32,0.33,1457592000.0,,1457592000.0,7016392668.0,18.0,14.18,-40511000.0,-0.2,1.0,385412000.0,0.299,782116000.0,10340000.0,2635133000.0,,954802000.0,0.0,0.0,0.0,2235313000.0,862105000.0,1373208000.0,6470815668.0,12721000.0,-3613000.0,4281000.0,52949000.0,0.0,57230000.0,-34895000.0,0.0,-9229000.0,-385000.0,66152000.0,66152000.0,66152000.0,0.0,0.0,0.051,237240000.0,148172000.0,431036000.0,0.182,4.439,31.758,30.901,582413000.0,0.0,31.365,1.38,1.358,1060133000.0,1015498000.0,1288198000.0,1288198000.0,0.0,,,,,243000.0,237240000.0,1.0,206306892.0,202991000,204869000.0,6.346,2910789000.0,45751000.0,45146000.0,195125000.0,14.339,1325149000.0
22,SII1,MRQ,2004-12-31,2004-12-31,2004-12-31,2020-06-30,24404000.0,3506778000.0,,2019632000.0,1487146000.0,,6.908,-30295000.0,53596000.0,53596000.0,846007000.0,58231000.0,2.276,1.503,599173000.0,211375000.0,387798000.0,599173000.0,0.0,27207000.0,0.0,0.0,0.0,106956000.0,134163000.0,0.11,134163000.0,106956000.0,96997000.0,0.29,0.28,0.29,1400811000.0,,1400811000.0,6225800456.0,18.0,13.61,34398000.0,0.17,1.0,371586000.0,0.305,781950000.0,9959000.0,2383048000.0,,890462000.0,0.0,0.0,0.0,2105967000.0,887357000.0,1218610000.0,5706381456.0,-11439000.0,-26588000.0,-86188000.0,28190000.0,0.0,-20182000.0,-56883000.0,0.0,64693000.0,933000.0,58231000.0,58231000.0,58231000.0,0.0,0.0,0.048,241035000.0,130551000.0,376782000.0,0.0,4.074,31.276,30.228,576954000.0,0.0,27.205,1.291,1.248,963622000.0,961574000.0,1217593000.0,1217593000.0,0.0,,,,,684000.0,241035000.0,1.0,209754878.0,202778000,205279000.0,6.005,2724828000.0,47083000.0,38766000.0,185364000.0,13.437,1132275000.0
23,SII1,MRQ,2004-09-30,2004-09-30,2004-09-30,2020-06-30,11088000.0,3371369000.0,,1920865000.0,1450504000.0,,6.685,-22324000.0,65035000.0,65035000.0,780201000.0,51893000.0,2.369,1.49,584454000.0,193605000.0,390849000.0,584454000.0,0.0,26254000.0,0.0,0.0,0.0,96987000.0,123241000.0,0.11,123241000.0,96987000.0,87022000.0,0.26,0.25,0.26,1354191000.0,,1354191000.0,6911303874.0,22.0,16.229,41383000.0,0.204,1.0,338983000.0,0.303,711486000.0,9965000.0,2368515000.0,,834563000.0,0.0,0.0,0.0,2017178000.0,810787000.0,1206391000.0,6364070874.0,9527000.0,-19740000.0,3164000.0,-15496000.0,0.0,-12332000.0,-42064000.0,0.0,63707000.0,216000.0,51893000.0,51893000.0,51893000.0,0.0,0.0,0.046,220766000.0,118217000.0,354114000.0,0.0,4.7,39.227,37.72,548845000.0,0.0,30.365,1.521,1.47,910281000.0,903343000.0,1119184000.0,1119184000.0,0.0,,,,,0.0,220766000.0,1.0,209585736.0,202580000,204848000.0,5.525,2659883000.0,43683000.0,35129000.0,176376000.0,13.13,1110078000.0
24,SII1,MRQ,2004-06-30,2004-06-30,2004-06-30,2020-06-30,7093000.0,3253141000.0,,1816771000.0,1436370000.0,,6.372,-20349000.0,55508000.0,55508000.0,737082000.0,27477000.0,2.662,1.513,602741000.0,118209000.0,484532000.0,602741000.0,0.0,26538000.0,0.0,0.0,0.0,60857000.0,87395000.0,0.082,87395000.0,60857000.0,51458000.0,0.135,0.135,0.135,1294492000.0,,1294492000.0,6317832581.0,21.0,15.843,5366000.0,0.026,1.0,327368000.0,0.308,702496000.0,9399000.0,2415342000.0,,789427000.0,0.0,0.0,0.0,1958649000.0,682536000.0,1276113000.0,5820517581.0,10445000.0,-13157000.0,-41926000.0,60363000.0,0.0,18437000.0,-33506000.0,0.0,25715000.0,-201000.0,27477000.0,27477000.0,27477000.0,0.0,0.0,0.026,244833000.0,82535000.0,309393000.0,0.0,4.496,40.046,38.722,538950000.0,0.0,27.88,1.459,1.419,870991000.0,851450000.0,1064450000.0,1064450000.0,0.0,,,,,0.0,244833000.0,1.0,208770358.0,203160000,205324000.0,5.239,2550645000.0,37268000.0,23981000.0,161469000.0,12.555,1134235000.0
25,SII1,MRQ,2004-03-31,2004-03-31,2004-03-31,2020-06-30,9457000.0,3164802000.0,,1741373000.0,1423429000.0,,6.506,-17802000.0,45063000.0,45063000.0,703786000.0,44850000.0,2.68,1.407,542378000.0,106929000.0,435449000.0,542378000.0,0.0,26494000.0,0.0,0.0,0.0,86134000.0,112628000.0,0.111,112628000.0,86134000.0,76695000.0,0.22,0.22,0.22,1315076000.0,,1315076000.0,5872018341.0,20.0,14.678,10257000.0,0.051,1.0,314002000.0,0.309,692049000.0,9439000.0,2320348000.0,,777027000.0,0.0,0.0,0.0,1849726000.0,649720000.0,1200006000.0,5345009341.0,-6223000.0,-12865000.0,32948000.0,-35917000.0,0.0,-2969000.0,-30667000.0,0.0,28059000.0,-646000.0,44850000.0,44850000.0,44850000.0,0.0,0.0,0.044,206541000.0,107461000.0,336437000.0,0.0,4.064,36.171,36.401,539986000.0,0.0,26.755,1.405,1.422,832968000.0,823973000.0,1017788000.0,1017788000.0,0.0,,,,,0.0,206541000.0,1.0,199776092.0,202140000,205008000.0,5.035,2472753000.0,28947000.0,31845000.0,152751000.0,12.233,1091653000.0
26,SII1,MRQ,2003-12-31,2003-12-31,2003-12-31,2020-06-30,11625000.0,3097047000.0,,1679796000.0,1417251000.0,,6.169,-23206000.0,51286000.0,51286000.0,686266000.0,38015000.0,2.662,1.506,578295000.0,89747000.0,488548000.0,578295000.0,0.0,26341000.0,0.0,0.0,0.0,76263000.0,102604000.0,0.104,102604000.0,76263000.0,66671000.0,0.19,0.185,0.19,1235776000.0,,1235776000.0,4722131726.0,18.0,13.136,52563000.0,0.262,1.0,297276000.0,0.302,755772000.0,9592000.0,2237360000.0,,739627000.0,0.0,0.0,0.0,1861271000.0,630924000.0,1230347000.0,4156913726.0,6898000.0,-22882000.0,3763000.0,-23719000.0,0.0,-23956000.0,-46088000.0,0.0,75769000.0,1173000.0,38015000.0,38015000.0,38015000.0,0.0,0.0,0.039,199908000.0,97368000.0,310754000.0,0.0,3.364,33.665,33.484,534871000.0,0.0,20.76,1.156,1.153,801819000.0,779123000.0,983542000.0,983542000.0,0.0,,,,,916000.0,199908000.0,1.0,200236692.0,200308000,202580000.0,4.91,2341275000.0,31238000.0,28656000.0,149366000.0,11.688,1048872000.0
27,SII1,MRQ,2003-09-30,2003-09-30,2003-09-30,2020-06-30,3010000.0,3023944000.0,,1622574000.0,1401370000.0,,5.916,-19016000.0,44388000.0,44388000.0,646390000.0,35004000.0,2.672,1.553,609606000.0,91270000.0,518336000.0,609606000.0,0.0,25427000.0,0.0,0.0,0.0,70726000.0,96153000.0,0.104,96153000.0,70726000.0,60528000.0,0.175,0.175,0.175,1184262000.0,,1184262000.0,4196288077.0,19.0,13.064,30072000.0,0.15,1.0,278402000.0,0.301,680573000.0,10198000.0,2301318000.0,,732220000.0,0.0,0.0,0.0,1839682000.0,607271000.0,1232411000.0,3601057077.0,547000.0,-900000.0,579000.0,-29466000.0,0.0,-28887000.0,-19916000.0,0.0,49088000.0,262000.0,35004000.0,35004000.0,35004000.0,0.0,0.0,0.038,189594000.0,88808000.0,302302000.0,0.0,3.041,34.89,34.596,523226000.0,0.0,17.99,1.067,1.067,761944000.0,741108000.0,924792000.0,924792000.0,0.0,,,,,0.0,189594000.0,1.0,200169932.0,200190000,202186000.0,4.62,2343371000.0,24483000.0,25524000.0,137401000.0,11.706,1015303000.0
28,SII1,MRQ,2003-06-30,2003-06-30,2003-06-30,2020-06-30,1709000.0,2982339000.0,,1578835000.0,1403504000.0,,5.751,-17520000.0,43841000.0,43841000.0,615747000.0,29900000.0,2.367,1.6,639072000.0,166923000.0,472149000.0,639072000.0,0.0,25557000.0,0.0,0.0,0.0,63116000.0,88673000.0,0.101,88673000.0,63116000.0,52214000.0,0.15,0.15,0.15,1147206000.0,,1147206000.0,4382105522.0,22.0,15.006,30164000.0,0.151,1.0,261910000.0,0.298,679372000.0,10902000.0,2231049000.0,,700804000.0,0.0,0.0,0.0,1835133000.0,667149000.0,1167984000.0,3746430522.0,-73000.0,-238000.0,10363000.0,-40517000.0,0.0,-30154000.0,-17758000.0,0.0,47684000.0,155000.0,29900000.0,29900000.0,29900000.0,0.0,0.0,0.034,182493000.0,79417000.0,309640000.0,0.0,3.266,42.574,41.281,528442000.0,0.0,18.37,1.161,1.135,755009000.0,706104000.0,877657000.0,877657000.0,0.0,,,,,0.0,182493000.0,1.0,203942870.0,199472000,201784000.0,4.4,2302967000.0,24347000.0,22314000.0,120268000.0,11.545,911686000.0
29,SII1,MRQ,2003-03-31,2003-03-31,2003-03-31,2020-06-30,-6066000.0,2892236000.0,,1490770000.0,1401466000.0,,5.513,-16279000.0,43914000.0,43914000.0,570494000.0,20561000.0,2.333,1.643,679589000.0,191821000.0,487768000.0,679589000.0,0.0,24384000.0,0.0,0.0,0.0,47673000.0,72057000.0,0.089,72057000.0,47673000.0,37401000.0,0.105,0.105,0.105,1094467000.0,,1094467000.0,3973140054.0,21.0,14.074,-46238000.0,-0.233,1.0,238343000.0,0.295,679288000.0,10272000.0,2209587000.0,,658760000.0,0.0,0.0,0.0,1797769000.0,639036000.0,1158733000.0,3458231054.0,-42836000.0,-77769000.0,4253000.0,76832000.0,0.0,81085000.0,-94048000.0,0.0,-29959000.0,86000.0,20561000.0,20561000.0,20561000.0,0.0,0.0,0.025,175189000.0,63154000.0,257736000.0,0.0,3.16,40.676,40.965,523686000.0,0.0,17.615,1.097,1.11,707885000.0,676204000.0,808837000.0,808837000.0,0.0,,,,,0.0,175189000.0,1.0,196323080.0,198530000,200534000.0,4.074,2212948000.0,25473000.0,16840000.0,118275000.0,11.147,851734000.0
30,SII1,MRQ,2002-12-31,2002-12-31,2002-12-31,2020-06-30,-10435000.0,2749545000.0,,1426914000.0,1322631000.0,,5.363,-25496000.0,86750000.0,86750000.0,541613000.0,17747000.0,2.398,1.585,601659000.0,159692000.0,441967000.0,601659000.0,0.0,23413000.0,0.0,0.0,0.0,40915000.0,64328000.0,0.084,64328000.0,40915000.0,30886000.0,0.09,0.09,0.09,1063535000.0,,1063535000.0,3861379849.0,19.0,13.312,87623000.0,0.442,1.0,222820000.0,0.291,620075000.0,10029000.0,2049283000.0,,634488000.0,0.0,0.0,0.0,1686010000.0,595096000.0,1090914000.0,3311811849.0,23890000.0,-29591000.0,621000.0,-34623000.0,0.0,-34002000.0,-55318000.0,0.0,113119000.0,91000.0,17747000.0,17747000.0,17747000.0,0.0,0.0,0.023,169943000.0,52877000.0,256069000.0,0.0,3.114,35.539,34.702,519220000.0,0.0,16.31,1.045,1.019,633918000.0,655643000.0,764433000.0,764433000.0,0.0,,,,,0.0,169943000.0,1.0,203054068.0,198298000,200320000.0,3.855,2129470000.0,25403000.0,13139000.0,108615000.0,10.739,831818000.0
31,SII1,MRQ,2002-09-30,2002-09-30,2002-09-30,2020-06-30,-13920000.0,2691020000.0,,1423077000.0,1267943000.0,,5.262,-13322000.0,62860000.0,62860000.0,559507000.0,19790000.0,2.937,1.583,612428000.0,58509000.0,553919000.0,612428000.0,0.0,22714000.0,0.0,0.0,0.0,44243000.0,66957000.0,0.086,66957000.0,44243000.0,34332000.0,0.1,0.1,0.1,1041979000.0,,1041979000.0,3559416338.0,15.0,10.835,84084000.0,0.425,1.0,217725000.0,0.28,594362000.0,9911000.0,2161738000.0,,634224000.0,0.0,0.0,0.0,1649041000.0,484488000.0,1164553000.0,2970581338.0,16880000.0,-25512000.0,2133000.0,-27708000.0,0.0,-41575000.0,-38834000.0,0.0,97406000.0,-117000.0,19790000.0,19790000.0,19790000.0,0.0,0.0,0.025,162782000.0,54943000.0,235475000.0,0.0,2.851,26.145,25.487,498413000.0,0.0,14.655,0.898,0.877,651942000.0,637896000.0,777232000.0,777232000.0,0.0,,,,,0.0,162782000.0,1.0,202700876.0,198004000,200138000.0,3.925,2096658000.0,25356000.0,14542000.0,99453000.0,10.589,938589000.0
32,SII1,MRQ,2002-06-30,2002-06-30,2002-06-30,2020-06-30,-12781000.0,2708917000.0,,1460089000.0,1248828000.0,,5.154,-18241000.0,45980000.0,45980000.0,564783000.0,26922000.0,2.91,1.656,634815000.0,66014000.0,568801000.0,634815000.0,0.0,22176000.0,0.0,0.0,0.0,56794000.0,78970000.0,0.099,78970000.0,56794000.0,46228000.0,0.135,0.135,0.135,1019998000.0,,1019998000.0,4078644823.0,15.0,11.133,55355000.0,0.28,1.0,236255000.0,0.295,580972000.0,10566000.0,2215057000.0,,633090000.0,0.0,0.0,0.0,1688919000.0,501723000.0,1187196000.0,3454807823.0,2045000.0,-5049000.0,768000.0,-33949000.0,0.0,-48781000.0,-23290000.0,0.0,73596000.0,520000.0,26922000.0,26922000.0,26922000.0,0.0,0.0,0.034,162375000.0,73880000.0,239281000.0,0.0,3.387,25.422,24.887,497698000.0,0.0,17.047,1.004,0.98,712567000.0,618106000.0,801038000.0,801038000.0,0.0,,,,,0.0,162375000.0,1.0,202657740.0,197888000,200544000.0,4.048,2127945000.0,25149000.0,19306000.0,92670000.0,10.753,958366000.0
33,SII1,MRQ,2002-03-31,2002-03-31,2002-03-31,2020-06-30,-25180000.0,2715252000.0,,1484367000.0,1230885000.0,,4.955,-21745000.0,43935000.0,43935000.0,585875000.0,28730000.0,2.514,1.772,667772000.0,133352000.0,534420000.0,667772000.0,0.0,21024000.0,0.0,0.0,0.0,58391000.0,79415000.0,0.096,79415000.0,58391000.0,48375000.0,0.145,0.145,0.145,979596000.0,,979596000.0,3922919199.0,13.0,10.198,17660000.0,0.089,1.0,241502000.0,0.292,577124000.0,10016000.0,2171590000.0,,644567000.0,0.0,0.0,0.0,1735656000.0,590375000.0,1145281000.0,3280067199.0,-748000.0,0.0,1525000.0,-19763000.0,0.0,-18238000.0,-21745000.0,0.0,39405000.0,-170000.0,28730000.0,28730000.0,28730000.0,0.0,0.0,0.035,167054000.0,74448000.0,262509000.0,0.0,3.348,22.366,22.889,490197000.0,0.0,16.938,0.934,0.953,723617000.0,591184000.0,827377000.0,827377000.0,0.0,,,,,0.0,167054000.0,1.0,193657104.0,197680000,199676000.0,4.185,2138128000.0,32789000.0,19645000.0,93471000.0,10.816,893992000.0
34,SII1,MRQ,2001-12-31,2001-12-31,2001-12-31,2020-06-30,-24748000.0,2735828000.0,,1523031000.0,1212797000.0,,4.801,-35957000.0,44683000.0,44683000.0,636104000.0,38179000.0,2.287,1.882,687535000.0,148693000.0,538842000.0,687535000.0,0.0,24787000.0,0.0,0.0,0.0,78368000.0,103155000.0,0.114,103155000.0,78368000.0,64743000.0,0.195,0.19,0.195,949159000.0,,949159000.0,3219701563.0,11.0,8.114,46922000.0,0.237,1.0,267723000.0,0.296,574550000.0,13625000.0,2138126000.0,,653151000.0,0.0,0.0,0.0,1786669000.0,666004000.0,1120665000.0,2648798563.0,-580000.0,-151008000.0,56000.0,60106000.0,0.0,103562000.0,-186965000.0,0.0,82879000.0,-56000.0,38179000.0,38179000.0,38179000.0,0.0,0.0,0.042,172928000.0,94795000.0,284502000.0,0.0,2.791,17.41,17.523,488497000.0,0.0,13.405,0.746,0.751,752165000.0,562454000.0,903827000.0,903827000.0,0.0,,,,,0.0,168937000.0,1.0,197597804.0,197688000,198784000.0,4.572,2161278000.0,35414000.0,26564000.0,81647000.0,10.933,857027000.0
35,SII1,MRQ,2001-09-30,2001-09-30,2001-09-30,2020-06-30,-21021000.0,2607526000.0,,1541527000.0,1065999000.0,,4.59,-25901000.0,45263000.0,45263000.0,636626000.0,42066000.0,2.439,1.85,616166000.0,83634000.0,532532000.0,616166000.0,0.0,23171000.0,0.0,0.0,0.0,81660000.0,104831000.0,0.115,104831000.0,81660000.0,71007000.0,0.21,0.21,0.21,914944000.0,,914944000.0,2358075776.0,8.0,6.369,45667000.0,0.229,1.0,273056000.0,0.3,479935000.0,10653000.0,2066377000.0,,655480000.0,0.0,0.0,0.0,1692582000.0,632117000.0,1060465000.0,1817646776.0,5325000.0,-52807000.0,-21420000.0,32521000.0,0.0,11101000.0,-77383000.0,0.0,71568000.0,39000.0,42066000.0,42066000.0,42066000.0,0.0,0.0,0.046,173275000.0,99781000.0,308624000.0,0.0,1.987,12.984,12.945,448776000.0,0.0,9.1,0.533,0.532,774326000.0,524275000.0,909682000.0,909682000.0,0.0,,,,,0.0,169309000.0,1.0,199741404.0,199324000,200840000.0,4.564,2127591000.0,25488000.0,28941000.0,93911000.0,10.674,909410000.0
36,SII1,MRQ,2001-06-30,2001-06-30,2001-06-30,2020-06-30,-25672000.0,2495794000.0,,1478345000.0,1017449000.0,,4.456,-22411000.0,39938000.0,39938000.0,613453000.0,37682000.0,2.442,1.805,580367000.0,86266000.0,494101000.0,580367000.0,0.0,22767000.0,0.0,0.0,0.0,74507000.0,97274000.0,0.112,97274000.0,74507000.0,63769000.0,0.19,0.185,0.19,889649000.0,,889649000.0,3617915946.0,15.0,10.964,29822000.0,0.149,1.0,258936000.0,0.297,454464000.0,10738000.0,1976460000.0,,646192000.0,0.0,0.0,0.0,1606145000.0,605299000.0,1000846000.0,3051504946.0,8608000.0,-5300000.0,718000.0,-15274000.0,0.0,-14556000.0,-29036000.0,0.0,52233000.0,-33000.0,37682000.0,37682000.0,37682000.0,0.0,0.0,0.043,167588000.0,91348000.0,298488000.0,0.0,3.43,25.772,25.353,426951000.0,0.0,15.085,0.949,0.936,726096000.0,482209000.0,872389000.0,872389000.0,0.0,,,,,0.0,163647000.0,1.0,202287368.0,199640000,202068000.0,4.37,2041330000.0,27785000.0,26087000.0,75115000.0,10.225,873046000.0
37,SII1,MRQ,2001-03-31,2001-03-31,2001-03-31,2020-06-30,-24620000.0,2439423000.0,,1442270000.0,997153000.0,,4.271,-25145000.0,31330000.0,31330000.0,619222000.0,34218000.0,2.42,1.865,597741000.0,98527000.0,499214000.0,597741000.0,0.0,22170000.0,0.0,0.0,0.0,69366000.0,91536000.0,0.106,91536000.0,69366000.0,59023000.0,0.172,0.17,0.172,851605000.0,,851605000.0,3912194425.0,19.0,13.604,-26060000.0,-0.131,1.0,246089000.0,0.284,452571000.0,10343000.0,1957188000.0,,610546000.0,0.0,0.0,0.0,1587818000.0,596075000.0,991743000.0,3408071425.0,-5214000.0,-41096000.0,4737000.0,45261000.0,0.0,61998000.0,-66241000.0,0.0,-915000.0,-56000.0,34218000.0,34218000.0,34218000.0,0.0,0.0,0.04,160503000.0,85586000.0,296622000.0,0.0,4.002,35.614,36.563,416438000.0,0.0,17.55,1.136,1.166,735838000.0,444527000.0,865311000.0,865311000.0,0.0,,,,,0.0,156672000.0,1.0,194192104.0,199376000,201756000.0,4.34,1986852000.0,29517000.0,24805000.0,81987000.0,9.965,846195000.0
38,SII1,MRQ,2000-12-31,2000-12-31,2000-12-31,2020-06-30,-17793000.0,2295287000.0,,1310003000.0,985284000.0,,4.107,-22854000.0,36544000.0,36544000.0,545884000.0,26029000.0,2.038,1.808,540667000.0,165951000.0,374716000.0,540667000.0,0.0,21088000.0,0.0,0.0,0.0,55487000.0,76575000.0,0.101,76575000.0,55487000.0,44808000.0,0.13,0.127,0.13,817481000.0,,817481000.0,4186166677.0,25.0,17.07,6204000.0,0.031,1.0,213999000.0,0.282,453947000.0,10679000.0,1702659000.0,,560027000.0,0.0,0.0,0.0,1477806000.0,642804000.0,835002000.0,3758974677.0,2875000.0,-105260000.0,495000.0,79806000.0,0.0,101901000.0,-128114000.0,0.0,29058000.0,30000.0,26029000.0,26029000.0,26029000.0,0.0,0.0,0.034,148427000.0,65572000.0,280820000.0,0.0,4.598,51.634,51.07,409048000.0,0.0,18.641,1.361,1.34,654420000.0,410309000.0,759883000.0,759883000.0,0.0,,,,,0.0,145455000.0,1.0,201654916.0,199048000,202060000.0,3.818,1841340000.0,29462000.0,18779000.0,68406000.0,9.251,667199000.0
39,SII1,MRQ,2000-09-30,2000-09-30,2000-09-30,2020-06-30,-18778000.0,2117768000.0,,1251757000.0,866011000.0,,3.969,-23113000.0,33669000.0,33669000.0,523118000.0,20474000.0,2.136,1.681,460861000.0,114965000.0,345896000.0,460861000.0,0.0,20430000.0,0.0,0.0,0.0,44159000.0,64589000.0,0.09,64589000.0,44159000.0,35605000.0,0.102,0.102,0.102,789838000.0,,789838000.0,4550881990.0,35.0,21.689,12092000.0,0.061,1.0,195352000.0,0.272,369241000.0,8554000.0,1589736000.0,,541349000.0,0.0,0.0,0.0,1327930000.0,585983000.0,741947000.0,4110985990.0,1039000.0,0.0,587000.0,-11665000.0,0.0,-11078000.0,-23113000.0,0.0,35205000.0,25000.0,20474000.0,20474000.0,20474000.0,0.0,0.0,0.028,141133000.0,54219000.0,263595000.0,0.0,5.205,77.493,76.369,395102000.0,0.0,20.391,1.619,1.598,599611000.0,384280000.0,718470000.0,718470000.0,0.0,,,,,0.0,138329000.0,1.0,201611524.0,199000000,201548000.0,3.61,1748527000.0,50283000.0,15131000.0,63341000.0,8.787,665774000.0
40,SII1,MRQ,2000-06-30,2000-06-30,2000-06-30,2020-06-30,-15000000.0,2063291000.0,,1193002000.0,870289000.0,,3.884,-19319000.0,32630000.0,32630000.0,482894000.0,14974000.0,2.18,1.671,472526000.0,117886000.0,354640000.0,472526000.0,0.0,19736000.0,0.0,0.0,0.0,35145000.0,54881000.0,0.084,54881000.0,35145000.0,26387000.0,0.075,0.075,0.075,772555000.0,,772555000.0,4108980731.0,23.0,15.938,11039000.0,0.056,1.0,174335000.0,0.265,371128000.0,8758000.0,1584727000.0,,538404000.0,0.0,0.0,0.0,1290736000.0,547332000.0,743404000.0,3669529731.0,644000.0,-10111000.0,3479000.0,-3580000.0,0.0,-101000.0,-29430000.0,0.0,30358000.0,-183000.0,14974000.0,14974000.0,14974000.0,0.0,0.0,0.023,131025000.0,43310000.0,228564000.0,0.0,4.75,46.195,44.946,389169000.0,0.0,18.203,1.594,1.573,543040000.0,363806000.0,657229000.0,657229000.0,0.0,,,,,0.0,128326000.0,1.0,201587844.0,198900000,201452000.0,3.304,1692163000.0,52924000.0,11413000.0,63756000.0,8.508,645670000.0
41,SII1,MRQ,2000-03-31,2000-03-31,2000-03-31,2020-06-30,-11818000.0,2002705000.0,,1149747000.0,852958000.0,,3.841,-12590000.0,31986000.0,31986000.0,463949000.0,11323000.0,2.358,1.651,471437000.0,88920000.0,382517000.0,471437000.0,0.0,19434000.0,0.0,0.0,0.0,29763000.0,49197000.0,0.079,49197000.0,29763000.0,20998000.0,0.058,0.058,0.058,755377000.0,,755377000.0,4251282713.0,28.0,18.625,-49491000.0,-0.252,1.0,161483000.0,0.258,365017000.0,8765000.0,1589574000.0,,515548000.0,0.0,0.0,0.0,1247328000.0,487565000.0,759763000.0,3877978713.0,7859000.0,-30000000.0,13498000.0,74006000.0,0.0,87504000.0,-42590000.0,0.0,-36901000.0,-154000.0,11323000.0,11323000.0,11323000.0,0.0,0.0,0.018,125558000.0,35925000.0,223577000.0,0.0,5.134,63.117,61.508,378024000.0,0.0,19.375,1.906,1.873,521137000.0,348832000.0,625432000.0,625432000.0,0.0,,,,,0.0,122917000.0,1.0,200153740.0,196676000,199720000.0,3.18,1637688000.0,55705000.0,9675000.0,59608000.0,8.327,662182000.0
42,SII1,MRQ,1999-12-31,1999-12-31,1999-12-31,2020-06-30,-10570000.0,1894575000.0,,1054780000.0,839795000.0,,3.68,-10223000.0,24127000.0,24127000.0,398815000.0,6279000.0,2.306,1.631,397431000.0,50784000.0,346647000.0,397431000.0,0.0,19427000.0,0.0,0.0,0.0,21735000.0,41162000.0,0.077,41162000.0,21735000.0,12100000.0,0.032,0.03,0.032,720220000.0,,720220000.0,2786020247.0,19.0,12.581,-5503000.0,-0.028,1.0,139080000.0,0.259,349773000.0,9635000.0,1460788000.0,,497414000.0,0.0,0.0,0.0,1174355000.0,457318000.0,717037000.0,2430432247.0,-4162000.0,-55270000.0,290000.0,12070000.0,0.0,12360000.0,-21275000.0,0.0,4720000.0,33000.0,6279000.0,6279000.0,6279000.0,0.0,0.0,0.012,114790000.0,24290000.0,218551000.0,0.0,3.375,42.847,42.541,381082000.0,0.0,12.422,1.346,1.337,474114000.0,337509000.0,537895000.0,537895000.0,0.0,,,,,0.0,106087000.0,1.0,195657360.0,195688000,198056000.0,2.749,1544802000.0,38954000.0,5821000.0,54566000.0,7.894,597462000.0
43,SII1,MRQ,1999-09-30,1999-09-30,1999-09-30,2020-06-30,-10249000.0,1848240000.0,,1009032000.0,839208000.0,,3.654,-10054000.0,28289000.0,28289000.0,362705000.0,46860000.0,2.366,1.589,383877000.0,52665000.0,331212000.0,383877000.0,0.0,19353000.0,0.0,0.0,0.0,93225000.0,112578000.0,0.234,112578000.0,93225000.0,85409000.0,0.24,0.237,0.24,713792000.0,,713792000.0,2661594510.0,23.0,13.962,-19865000.0,-0.102,1.0,118836000.0,0.247,345806000.0,7816000.0,1431463000.0,,479287000.0,0.0,0.0,0.0,1134448000.0,426559000.0,707889000.0,2002944510.0,3485000.0,305500000.0,1514000.0,-282103000.0,0.0,-282029000.0,295446000.0,0.0,-9811000.0,-121000.0,46860000.0,46860000.0,46860000.0,0.0,0.0,0.097,23119000.0,95717000.0,182344000.0,0.0,2.806,58.266,57.857,385164000.0,0.0,10.125,1.158,1.143,433564000.0,331230000.0,481541000.0,481541000.0,0.0,,,,,0.0,104497000.0,1.0,197821680.0,195340000,197884000.0,2.465,1502434000.0,43869000.0,38549000.0,56978000.0,7.691,582473000.0
44,SII1,MRQ,1999-06-30,1999-06-30,1999-06-30,2020-06-30,-12629000.0,1747265000.0,,956663000.0,790602000.0,,3.416,-9261000.0,24804000.0,24804000.0,291010000.0,-3021000.0,1.658,1.641,683454000.0,253922000.0,429532000.0,683454000.0,0.0,18494000.0,0.0,0.0,0.0,6821000.0,25315000.0,0.065,25315000.0,6821000.0,-4476000.0,-0.015,-0.015,-0.015,661645000.0,,661645000.0,2742919590.0,39.0,19.089,9244000.0,0.048,1.0,98685000.0,0.253,304934000.0,11297000.0,1523979000.0,,456771000.0,0.0,0.0,0.0,1085620000.0,577002000.0,508618000.0,2123036590.0,-30220000.0,-266037000.0,457000.0,225290000.0,0.0,225747000.0,-275298000.0,0.0,18505000.0,826000.0,-3021000.0,-3021000.0,-3021000.0,0.0,0.0,-0.008,92270000.0,6415000.0,162723000.0,0.0,3.209,183.511,180.99,377656000.0,0.0,10.859,1.2,1.189,389419000.0,284370000.0,389695000.0,389695000.0,0.0,,,,,0.0,92270000.0,1.0,195502560.0,193684000,193684000.0,2.012,1442331000.0,56452000.0,-1455000.0,51266000.0,7.447,379661000.0
45,SII1,MRQ,1999-03-31,1999-03-31,1999-03-31,2020-06-30,-11144000.0,1682065000.0,,934327000.0,747738000.0,,3.33,-9314000.0,55024000.0,55024000.0,285683000.0,6606000.0,1.472,1.622,674907000.0,331397000.0,343510000.0,674907000.0,0.0,18763000.0,0.0,0.0,0.0,23631000.0,42394000.0,0.107,42394000.0,23631000.0,11556000.0,0.035,0.035,0.035,641512000.0,,641512000.0,2645367120.0,39.0,18.89,45981000.0,0.239,1.0,111339000.0,0.28,286446000.0,12075000.0,1380568000.0,,428636000.0,0.0,0.0,0.0,1040553000.0,634934000.0,405619000.0,1954008120.0,32307000.0,25162000.0,714000.0,-39169000.0,0.0,-38455000.0,15848000.0,0.0,55295000.0,-381000.0,6606000.0,6606000.0,6606000.0,0.0,0.0,0.017,88229000.0,23110000.0,124315000.0,0.0,3.046,275.29,285.714,361550000.0,0.0,10.0,1.009,0.995,367636000.0,287391000.0,397022000.0,397022000.0,0.0,,,,,0.0,90850000.0,1.0,195400812.0,192636000,194428000.0,2.061,1395619000.0,48287000.0,4950000.0,55955000.0,7.245,299393000.0
46,SII1,MRQ,1998-12-31,1998-12-31,1998-12-31,2020-06-30,-10898000.0,1758988000.0,,997155000.0,761833000.0,,3.293,-22475000.0,22717000.0,22717000.0,342052000.0,-16069000.0,1.438,1.774,714076000.0,345253000.0,368823000.0,714076000.0,0.0,18620000.0,0.0,0.0,0.0,-8269000.0,10351000.0,0.022,10351000.0,-8269000.0,-23941000.0,-0.085,-0.085,-0.085,634034000.0,,634034000.0,1964021454.0,18.0,11.118,54632000.0,0.284,1.0,119772000.0,0.259,289242000.0,15672000.0,1467805000.0,,465705000.0,0.0,0.0,0.0,1124954000.0,693300000.0,431654000.0,1228936454.0,-4820000.0,-11953000.0,170000.0,-47959000.0,0.0,-47882000.0,-34428000.0,0.0,77107000.0,383000.0,-16069000.0,-16069000.0,-16069000.0,0.0,0.0,-0.035,130523000.0,-10751000.0,145338000.0,0.0,1.938,36.072,35.576,375236000.0,0.0,6.297,0.58,0.57,424054000.0,280785000.0,461824000.0,461824000.0,0.0,,,,,0.0,96223000.0,1.0,195165932.0,192548000,194360000.0,2.398,1469746000.0,48509000.0,-7872000.0,61823000.0,7.633,303855000.0
47,SII1,MRQ,1998-09-30,1998-09-30,1998-09-30,2020-06-30,-10613000.0,1833332000.0,,1074226000.0,759106000.0,,3.378,-20797000.0,27537000.0,27537000.0,365644000.0,24053000.0,1.501,1.819,762622000.0,347151000.0,415471000.0,762622000.0,0.0,17676000.0,0.0,0.0,0.0,47956000.0,65632000.0,0.126,65632000.0,47956000.0,36568000.0,0.125,0.125,0.125,650245000.0,,650245000.0,1826795290.0,10.0,7.367,13107000.0,0.068,1.0,154565000.0,0.297,293581000.0,11388000.0,1559247000.0,,503081000.0,0.0,0.0,0.0,1183087000.0,715589000.0,467498000.0,1338558290.0,-6866000.0,-3419000.0,0.0,-16667000.0,0.0,-16667000.0,-24216000.0,0.0,33904000.0,113000.0,24053000.0,24053000.0,24053000.0,0.0,0.0,0.046,102596000.0,51969000.0,152243000.0,0.0,2.059,15.539,15.243,363077000.0,0.0,6.859,0.596,0.588,464759000.0,296854000.0,520209000.0,520209000.0,0.0,,,,,0.0,102596000.0,1.0,195142752.0,192516000,193644000.0,2.702,1539751000.0,40755000.0,12515000.0,38810000.0,7.998,358637000.0
48,SII1,MRQ,1998-06-30,1998-06-30,1998-06-30,2020-06-30,-12431000.0,1845348000.0,,1136902000.0,708446000.0,,3.266,-28146000.0,34403000.0,34403000.0,384873000.0,-7492000.0,2.288,1.956,522640000.0,87313000.0,435327000.0,522640000.0,0.0,17018000.0,0.0,0.0,0.0,4643000.0,21661000.0,0.039,21661000.0,4643000.0,-5170000.0,-0.04,-0.04,-0.04,624372000.0,,624372000.0,2107280405.0,11.0,8.317,27949000.0,0.146,1.0,172876000.0,0.31,259289000.0,9813000.0,1577406000.0,,519048000.0,0.0,0.0,0.0,1220976000.0,496890000.0,724086000.0,1679453405.0,12025000.0,-12013000.0,104000.0,-2968000.0,0.0,-4632000.0,-40159000.0,0.0,56095000.0,721000.0,-7492000.0,-7492000.0,-7492000.0,0.0,0.0,-0.013,161877000.0,10999000.0,190915000.0,0.0,2.69,17.775,17.582,354246000.0,0.0,8.703,0.735,0.728,500354000.0,272801000.0,557749000.0,557749000.0,0.0,,,,,0.0,106877000.0,1.0,192971196.0,191172000,191172000.0,2.918,1586059000.0,41357000.0,2322000.0,39957000.0,8.297,640012000.0
49,SII1,MRQ,1998-03-31,1998-03-31,1998-03-31,2020-06-30,-12413000.0,1487925000.0,,921216000.0,566709000.0,,2.613,-31343000.0,26980000.0,26980000.0,397087000.0,33577000.0,2.587,1.993,454807000.0,81542000.0,373265000.0,454807000.0,0.0,17002000.0,0.0,0.0,0.0,62004000.0,79006000.0,0.136,79006000.0,62004000.0,52891000.0,0.177,0.175,0.177,497176000.0,,497176000.0,2589702694.0,11.0,8.697,-74394000.0,-0.391,1.0,181846000.0,0.314,210129000.0,9113000.0,1349596000.0,,391656000.0,0.0,0.0,0.0,990749000.0,356027000.0,634722000.0,2220871694.0,-14731000.0,-7300000.0,274000.0,63013000.0,0.0,67767000.0,-38643000.0,0.0,-43051000.0,-804000.0,33577000.0,33577000.0,33577000.0,0.0,0.0,0.058,108754000.0,73092000.0,120365000.0,0.0,4.467,17.069,20.184,282936000.0,0.0,13.766,0.984,1.161,439270000.0,193594000.0,578933000.0,578933000.0,0.0,,,,,0.0,108754000.0,1.0,161334548.0,190288000,192212000.0,3.042,1277796000.0,25108000.0,19314000.0,54097000.0,6.715,565189000.0
50,SII1,MRQ,1997-12-31,1997-12-31,1997-12-31,2020-06-30,-11500000.0,1672499000.0,,1073353000.0,599146000.0,,3.007,-30222000.0,37109000.0,37109000.0,405421000.0,36004000.0,2.267,1.924,463102000.0,91523000.0,371579000.0,463102000.0,0.0,17232000.0,0.0,0.0,0.0,64452000.0,81684000.0,0.139,81684000.0,64452000.0,54002000.0,0.187,0.185,0.187,572045000.0,,572045000.0,,,,479000.0,0.003,1.0,182455000.0,0.31,209585000.0,10450000.0,1415535000.0,,467963000.0,0.0,0.0,0.0,1100454000.0,473372000.0,627082000.0,2475476971.0,14561000.0,-27216000.0,-2566000.0,44774000.0,0.0,41753000.0,-57438000.0,0.0,30701000.0,-455000.0,36004000.0,36004000.0,36004000.0,0.0,0.0,0.061,108941000.0,73514000.0,204771000.0,0.0,4.327,20.403,24.088,312663000.0,0.0,15.344,1.142,1.345,510984000.0,246809000.0,587876000.0,587876000.0,0.0,,,,,0.0,108941000.0,1.0,161334548.0,190232000,192632000.0,3.09,1462914000.0,27329000.0,17998000.0,43581000.0,7.69,599981000.0
51,SII1,MRQ,1997-09-30,1997-09-30,1997-09-30,2020-06-30,,,,,,,,-31425000.0,,,393726000.0,32394000.0,,,,,,,,15142000.0,,0.0,0.0,55878000.0,71020000.0,0.126,71020000.0,55878000.0,48033000.0,0.17,0.168,0.17,,,,,,,-14495000.0,-0.076,1.0,168128000.0,0.299,,7845000.0,,,,,,,,,,,-4819000.0,-6110000.0,367000.0,-1559000.0,0.0,15930000.0,-37535000.0,0.0,16930000.0,-144000.0,32394000.0,32394000.0,32394000.0,0.0,0.0,0.058,102716000.0,65412000.0,,0.0,,,,,0.0,19.422,,,,,561854000.0,561854000.0,0.0,,,,,0.0,102716000.0,1.0,,190148000,192532000.0,2.955,,,15639000.0,,,
52,SII1,MRQ,1997-06-30,1997-06-30,1997-06-30,2020-06-30,,,,,,,,-23690000.0,,,369639000.0,28133000.0,,,,,,,,17013000.0,,0.0,0.0,49054000.0,66067000.0,0.125,66067000.0,49054000.0,42062000.0,0.147,0.147,0.147,,,,,,,-31968000.0,-0.168,1.0,158228000.0,0.3,,6992000.0,,,,,,,,,,,-6329000.0,-42450000.0,772000.0,69321000.0,0.0,68057000.0,-66140000.0,0.0,-8278000.0,32000.0,28133000.0,28133000.0,28133000.0,0.0,0.0,0.053,99148000.0,59080000.0,,0.0,,,,,0.0,15.188,,,,,527867000.0,527867000.0,0.0,,,,,0.0,99148000.0,1.0,,189924000,192100000.0,2.779,,,13929000.0,,,
53,SII1,MRQ,1997-03-31,1997-03-31,1997-03-31,2020-06-30,,,,,,,,-13342000.0,,,236219000.0,21113000.0,,,,,,,,9166000.0,,0.0,0.0,36314000.0,45480000.0,0.127,45480000.0,36314000.0,31080000.0,0.133,0.133,0.133,,,,,,,-13804000.0,-0.087,1.0,121265000.0,0.339,,5234000.0,,,,,,,,,,,-1622000.0,-4880000.0,526000.0,13863000.0,0.0,17269000.0,-18222000.0,0.0,-462000.0,-207000.0,21113000.0,21113000.0,21113000.0,0.0,0.0,0.059,76240000.0,45025000.0,,0.0,,,,,0.0,11.406,,,,,357484000.0,357484000.0,0.0,,,,,0.0,76240000.0,1.0,,158156000,160272000.0,2.26,,,9967000.0,,,
54,SII1,MRQ,1996-12-31,1996-12-31,1996-12-31,2020-06-30,-5356000.0,1074582000.0,,665277000.0,409305000.0,,1.95,,25540000.0,25540000.0,,,2.214,1.916,303426000.0,74983000.0,228443000.0,303426000.0,0.0,,0.0,0.0,0.0,,,,,,,,,,368536000.0,,368536000.0,,,,,,1.0,,,160797000.0,,891170000.0,,295041000.0,0.0,0.0,0.0,706046000.0,300501000.0,405545000.0,,,,,,,,,,,,,,,,,,,,106962000.0,,,,28.914,205251000.0,,11.219,,1.284,309062000.0,62482000.0,,,,,,,,,,1.0,,189008000,,,913785000.0,8979000.0,,21765000.0,4.835,364776000.0
0,SII1,MRT,2010-06-30,2010-06-30,2010-06-30,2020-06-30,-14158000.0,10580731000.0,10423435250.0,4563676000.0,6017055000.0,0.796,21.913,-357892000.0,497660000.0,497660000.0,6018068000.0,256537000.0,2.94,0.677,1798476000.0,316549000.0,1481927000.0,1798476000.0,0.0,372561000.0,0.0,0.013,0.48,390650000.0,763211000.0,0.092,763211000.0,390650000.0,236061000.0,0.42,0.42,0.42,5446139000.0,5257148750.0,5446139000.0,10611485592.0,27.0,13.904,514068000.0,2.068,1.0,2278597000.0,0.275,3756100000.0,154589000.0,6573391000.0,6748545250.0,1880623000.0,0.0,0.0,0.0,3689028000.0,1552056000.0,2136972000.0,9356311592.0,273476000.0,-109663000.0,717385000.0,-677793000.0,-112232000.0,-122358000.0,-467555000.0,0.0,871960000.0,-8571000.0,103763000.0,103763000.0,103763000.0,0.0,152774000.0,0.013,1738164000.0,540433000.0,693556000.0,1.143,1.718,90.17,89.643,1972242000.0,0.0,37.65,1.128,1.128,1930784000.0,2942446000.0,8296665000.0,8296665000.0,0.0,0.01,0.02,0.058,0.047,47022000.0,1738164000.0,1.0,248507612.0,248539000,250333000.0,33.382,6824631000.0,90289000.0,132298000.0,611592000.0,27.459,3011620000.0
1,SII1,MRT,2010-03-31,2010-03-31,2010-03-31,2020-06-30,6456000.0,10402712000.0,10305413250.0,4506159000.0,5896553000.0,0.771,21.809,-302237000.0,547775000.0,547775000.0,5795933000.0,214613000.0,2.825,0.659,1802949000.0,486360000.0,1316589000.0,1802949000.0,0.0,367847000.0,0.0,0.011,0.48,333576000.0,701423000.0,0.088,701423000.0,333576000.0,173101000.0,0.27,0.27,0.27,5416381000.0,5072508750.0,5416381000.0,10521649923.0,32.0,15.0,854137000.0,3.439,1.0,2148958000.0,0.27,3667553000.0,160475000.0,6395411000.0,6933707500.0,1823950000.0,0.0,0.0,0.0,3569983000.0,1594922000.0,1975061000.0,9336973922.0,346266000.0,-41573000.0,717385000.0,-959814000.0,-108730000.0,-462760000.0,-343810000.0,0.0,1156374000.0,-3538000.0,63075000.0,63075000.0,63075000.0,0.0,151538000.0,0.008,1666674000.0,482284000.0,666422000.0,1.778,1.724,148.03,158.593,1921950000.0,0.0,42.82,1.175,1.339,1917994000.0,2907198000.0,7944891000.0,7944891000.0,0.0,0.006,0.012,0.048,0.042,45771000.0,1666674000.0,1.0,218051703.0,248360000,249761000.0,31.989,6735159000.0,71832000.0,110026000.0,596371000.0,27.119,2911237000.0
2,SII1,MRT,2009-12-31,2009-12-31,2009-12-31,2020-06-30,24115000.0,10739415000.0,10347520750.0,4815236000.0,5924179000.0,0.794,24.468,-294099000.0,988346000.0,988346000.0,5968479000.0,312211000.0,3.413,0.719,2173022000.0,358768000.0,1814254000.0,2173022000.0,0.0,364858000.0,0.0,0.018,0.48,437851000.0,802709000.0,0.098,802709000.0,437851000.0,287574000.0,0.67,0.66,0.67,5440567000.0,4882997250.0,5440567000.0,8052188543.0,18.0,10.031,1007043000.0,4.529,1.0,2250080000.0,0.274,3682914000.0,150277000.0,6830388000.0,7309685000.0,1820355000.0,0.0,0.0,0.0,3909485000.0,1410789000.0,2498696000.0,5961401543.0,825838000.0,16608000.0,717385000.0,-662244000.0,-105234000.0,-201844000.0,-277491000.0,0.0,1301142000.0,4031000.0,148469000.0,148469000.0,148469000.0,0.0,163742000.0,0.018,1650997000.0,599083000.0,589748000.0,0.716,1.096,40.153,40.552,1923465000.0,0.0,27.17,0.725,0.735,1791498000.0,2925467000.0,8218559000.0,8218559000.0,0.0,0.014,0.03,0.06,0.053,45978000.0,1650997000.0,1.0,219411172.0,222353000,223289000.0,36.962,7056501000.0,65667000.0,139105000.0,615797000.0,31.736,3404447000.0
3,SII1,MRT,2009-09-30,2009-09-30,2009-09-30,2020-06-30,17935000.0,9970883000.0,10366723000.0,4171167000.0,5799716000.0,0.896,21.545,-347906000.0,281497000.0,281497000.0,6636909000.0,519614000.0,3.405,0.825,2372284000.0,322874000.0,2049410000.0,2372284000.0,0.0,362801000.0,0.0,0.017,0.48,717619000.0,1080420000.0,0.116,1080420000.0,717619000.0,573762000.0,1.49,1.49,1.49,4725508000.0,4660190250.0,4725508000.0,8561579151.0,12.0,7.924,772141000.0,3.52,1.0,2654254000.0,0.286,3641802000.0,143857000.0,7194991000.0,7320395500.0,1936398000.0,0.0,0.0,0.0,3899629000.0,1224877000.0,2674752000.0,6329404151.0,89396000.0,46291000.0,-8415000.0,-439753000.0,-105185000.0,-726573000.0,-301615000.0,0.0,1120047000.0,-2463000.0,327533000.0,327533000.0,327533000.0,0.0,192081000.0,0.035,1747216000.0,907038000.0,532613000.0,0.322,1.339,19.324,19.262,1878773000.0,0.0,28.7,0.681,0.678,1726205000.0,2935140000.0,9291163000.0,9291163000.0,0.0,0.032,0.07,0.098,0.077,47916000.0,1747216000.0,1.0,220536730.0,219337000,220420000.0,42.36,6329081000.0,63016000.0,246229000.0,486826000.0,28.856,2946290000.0
4,SII1,MRT,2009-06-30,2009-06-30,2009-06-30,2020-06-30,-6807000.0,10108643000.0,10560554000.0,4326404000.0,5782239000.0,0.972,21.466,-363989000.0,224184000.0,224184000.0,7200138000.0,758765000.0,3.105,0.862,2456359000.0,404885000.0,2051474000.0,2456359000.0,0.0,341831000.0,0.0,0.019,0.48,1023209000.0,1365040000.0,0.133,1365040000.0,1023209000.0,895662000.0,2.46,2.46,2.46,4707579000.0,4600744250.0,4707579000.0,8186729809.0,8.0,5.997,689644000.0,3.145,1.0,3061312000.0,0.298,3633586000.0,127547000.0,7314040000.0,7237405500.0,2120929000.0,0.0,0.0,0.0,4058399000.0,1393192000.0,2665207000.0,5647141809.0,82681000.0,-1592299000.0,-12852000.0,1255850000.0,-102992000.0,992330000.0,-1956288000.0,0.0,1053633000.0,-6994000.0,530341000.0,530341000.0,530341000.0,0.0,228424000.0,0.052,1812492000.0,1248820000.0,598924000.0,0.195,1.2,10.648,10.467,1866301000.0,0.0,25.75,0.55,0.55,1740161000.0,2954423000.0,10261450000.0,10261450000.0,0.0,0.05,0.115,0.141,0.1,45714000.0,1812492000.0,1.0,219306478.0,219307000,220245000.0,46.79,6475057000.0,78545000.0,365321000.0,484962000.0,29.525,2933212000.0
5,SII1,MRT,2009-03-31,2009-03-31,2009-03-31,2020-06-30,-44409000.0,10571142000.0,9693899500.0,4822616000.0,5748526000.0,1.115,21.251,-384822000.0,201509000.0,201509000.0,7471585000.0,948212000.0,3.072,0.979,2741097000.0,365377000.0,2375720000.0,2741097000.0,0.0,301937000.0,0.0,0.022,0.48,1249135000.0,1551072000.0,0.143,1551072000.0,1249135000.0,1148147000.0,3.26,3.26,3.26,4658335000.0,4158743750.0,4658335000.0,6913056061.0,6.0,4.457,320970000.0,1.464,1.0,3339734000.0,0.309,3641650000.0,100988000.0,7899321000.0,6681974250.0,2291600000.0,0.0,0.0,0.0,4562764000.0,1569759000.0,2993005000.0,4268743061.0,53135000.0,-1609843000.0,-12852000.0,1554788000.0,-100780000.0,1353621000.0,-1994665000.0,0.0,705792000.0,-11613000.0,689228000.0,689228000.0,689228000.0,0.0,258984000.0,0.064,1834451000.0,1505283000.0,771225000.0,0.147,0.916,6.194,6.589,1850724000.0,0.0,21.48,0.395,0.436,2088837000.0,2956355000.0,10811319000.0,10811319000.0,0.0,0.071,0.166,0.187,0.116,45162000.0,1834451000.0,1.0,198731055.0,219201000,219603000.0,49.321,6929492000.0,83978000.0,458919000.0,563863000.0,31.613,3252857000.0
6,SII1,MRT,2008-12-31,2008-12-31,2008-12-31,2020-06-30,-73833000.0,10816224000.0,8644160750.0,5086384000.0,5729840000.0,1.246,21.935,-369774000.0,162508000.0,162508000.0,7341922000.0,1050129000.0,1.734,1.089,2806821000.0,1366296000.0,1440525000.0,2806821000.0,0.0,263443000.0,0.0,0.021,0.48,1362941000.0,1626384000.0,0.151,1626384000.0,1362941000.0,1273176000.0,3.7,3.68,3.7,4549339000.0,3683492250.0,4549339000.0,7616623804.0,6.0,4.683,295369000.0,1.424,1.0,3428916000.0,0.318,3653875000.0,89765000.0,6873230000.0,5912479000.0,2367166000.0,0.0,0.0,0.0,4955915000.0,2933432000.0,2022483000.0,5009624804.0,4241000.0,-1670987000.0,-21499000.0,1555555000.0,-94557000.0,1386832000.0,-2040761000.0,0.0,665143000.0,-6973000.0,767284000.0,767284000.0,767284000.0,0.0,282845000.0,0.071,1786504000.0,1642412000.0,979000000.0,0.13,1.101,6.529,6.186,1844036000.0,0.0,22.89,0.465,0.441,2253477000.0,2885792000.0,10770838000.0,10770838000.0,0.0,0.089,0.208,0.231,0.127,43443000.0,1786504000.0,1.0,218856479.0,207400000,208727000.0,51.933,7162349000.0,81834000.0,505892000.0,521908000.0,34.534,2152952000.0
7,SII1,MRT,2008-09-30,2008-09-30,2008-09-30,2020-06-30,34054000.0,10746207000.0,7455574750.0,5082511000.0,5663696000.0,1.343,21.487,-318875000.0,192101000.0,192101000.0,6761667000.0,1197070000.0,1.757,1.395,2799100000.0,1356155000.0,1442945000.0,2799100000.0,0.0,225583000.0,0.0,0.008,0.46,1292089000.0,1517672000.0,0.152,1517672000.0,1292089000.0,1218627000.0,3.61,3.6,3.61,4487724000.0,3194881750.0,4487724000.0,12581702634.0,10.0,8.29,459989000.0,2.202,1.0,3249974000.0,0.325,3597601000.0,73462000.0,6863031000.0,5366825750.0,2226379000.0,0.0,0.0,0.0,6258483000.0,2892574000.0,3365909000.0,11795026634.0,93385000.0,-1679731000.0,-17766000.0,1447679000.0,-88283000.0,1312764000.0,-1998606000.0,0.0,778864000.0,363000.0,735114000.0,735114000.0,735114000.0,0.0,461956000.0,0.073,1682436000.0,1567538000.0,989760000.0,0.127,2.628,16.045,16.244,1829606000.0,0.0,58.64,1.178,1.223,2434048000.0,2712840000.0,10011641000.0,10011641000.0,0.0,0.099,0.23,0.241,0.129,39550000.0,1682436000.0,1.0,201143019.0,208857000,210216000.0,47.935,7148606000.0,80184000.0,483513000.0,587263000.0,34.227,2189937000.0
8,SII1,MRT,2008-06-30,2008-06-30,2008-06-30,2020-06-30,79067000.0,6642025000.0,6249610000.0,4191505000.0,2450520000.0,1.505,14.629,-303214000.0,141503000.0,141503000.0,6335307000.0,1081024000.0,3.211,1.26,928179000.0,121771000.0,806408000.0,928179000.0,0.0,205768000.0,0.0,0.005,0.44,1211827000.0,1417595000.0,0.151,1417595000.0,1211827000.0,1145431000.0,3.44,3.43,3.44,2939577000.0,2681960000.0,2939577000.0,17469952628.0,14.0,12.324,364179000.0,1.812,1.0,3072082000.0,0.327,1031135000.0,66396000.0,5092315000.0,4827015250.0,1918934000.0,0.0,0.0,0.0,3702448000.0,1305251000.0,2397197000.0,16702591628.0,46600000.0,-62785000.0,-56981000.0,-114565000.0,-84205000.0,-259217000.0,-365999000.0,0.0,667393000.0,4423000.0,692104000.0,692104000.0,692104000.0,0.0,388920000.0,0.074,1597288000.0,1474794000.0,817522000.0,0.128,5.682,24.133,24.169,1192186000.0,0.0,83.14,1.775,1.776,1941289000.0,2529267000.0,9407389000.0,9407389000.0,0.0,0.111,0.258,0.251,0.129,38386000.0,1597288000.0,1.0,200897181.0,200938000,202284000.0,46.817,5610890000.0,52070000.0,453327000.0,252665000.0,27.923,2886254000.0
9,SII1,MRT,2008-03-31,2008-03-31,2008-03-31,2020-06-30,77272000.0,6372187000.0,5988409250.0,3992998000.0,2379189000.0,1.508,13.731,-308272000.0,148374000.0,148374000.0,6066428000.0,981357000.0,3.082,1.311,915735000.0,120740000.0,794995000.0,915735000.0,0.0,201517000.0,0.0,0.007,0.42,1162304000.0,1363821000.0,0.151,1363821000.0,1162304000.0,1094547000.0,3.29,3.28,3.29,2757329000.0,2517839000.0,2757329000.0,13524222626.0,12.0,9.916,503168000.0,2.506,1.0,2961176000.0,0.328,1022575000.0,67757000.0,4821340000.0,4621679500.0,1767709000.0,0.0,0.0,0.0,3614858000.0,1295633000.0,2319225000.0,12697384626.0,55315000.0,-38293000.0,-78256000.0,-231181000.0,-80116000.0,-414208000.0,-346565000.0,0.0,811440000.0,4648000.0,661884000.0,661884000.0,661884000.0,0.0,319473000.0,0.073,1543700000.0,1417476000.0,775344000.0,0.128,4.605,19.184,19.523,1139053000.0,0.0,64.23,1.407,1.429,1917057000.0,2370119000.0,9027604000.0,9027604000.0,0.0,0.111,0.263,0.251,0.129,36618000.0,1543700000.0,1.0,197686200.0,200808000,201942000.0,44.956,5349612000.0,42090000.0,432663000.0,302630000.0,26.64,2697365000.0
10,SII1,MRT,2007-12-31,2007-12-31,2007-12-31,2020-06-30,67840000.0,6061880000.0,5782315250.0,3727735000.0,2334145000.0,1.516,12.959,-310776000.0,158267000.0,158267000.0,5908673000.0,895404000.0,3.177,1.336,985105000.0,139481000.0,845624000.0,985105000.0,0.0,193296000.0,0.0,0.005,0.4,1125512000.0,1318808000.0,0.15,1318808000.0,1125512000.0,1055522000.0,3.23,3.2,3.23,2594897000.0,2363798000.0,2594897000.0,15779874470.0,14.0,11.965,377711000.0,1.886,1.0,2855657000.0,0.326,1024801000.0,69990000.0,4690617000.0,4486253750.0,1658172000.0,0.0,0.0,0.0,3466983000.0,1173300000.0,2293683000.0,14793330470.0,77888000.0,-36797000.0,-83529000.0,-103527000.0,-76026000.0,-265807000.0,-347573000.0,0.0,688487000.0,2781000.0,647051000.0,647051000.0,647051000.0,0.0,248353000.0,0.074,1485860000.0,1369797000.0,655413000.0,0.124,5.701,22.863,22.864,1105880000.0,0.0,73.85,1.688,1.687,1750561000.0,2219224000.0,8764330000.0,8764330000.0,0.0,0.112,0.274,0.251,0.128,34239000.0,1485860000.0,1.0,200315917.0,200244000,201947000.0,43.768,5037079000.0,46220000.0,408471000.0,240425000.0,25.155,2554435000.0
11,SII1,MRT,2007-09-30,2007-09-30,2007-09-30,2020-06-30,60733000.0,5922348000.0,5600714000.0,3664048000.0,2258300000.0,1.512,12.176,-314194000.0,98716000.0,98716000.0,5710288000.0,623076000.0,3.107,1.431,1085260000.0,153701000.0,931559000.0,1085260000.0,0.0,184908000.0,0.0,0.005,0.38,1089548000.0,1274456000.0,0.151,1274456000.0,1089548000.0,1018147000.0,3.11,3.1,3.11,2436037000.0,2211808000.0,2436037000.0,15225311494.0,14.0,11.947,208425000.0,1.042,1.0,2755859000.0,0.326,1025898000.0,71401000.0,4703789000.0,4302467750.0,1621179000.0,0.0,0.0,0.0,3486311000.0,1179205000.0,2307106000.0,14279836494.0,16376000.0,-36136000.0,-90622000.0,-44378000.0,-71991000.0,-187556000.0,-321800000.0,0.0,522619000.0,3113000.0,623076000.0,623076000.0,623076000.0,0.0,0.0,0.074,1432167000.0,1323692000.0,645142000.0,0.122,5.862,22.918,22.958,1037896000.0,0.0,71.4,1.687,1.687,1770691000.0,2072285000.0,8466147000.0,8466147000.0,0.0,0.111,0.282,0.253,0.129,32459000.0,1432167000.0,1.0,199997710.0,200070000,202078000.0,42.316,4896450000.0,53139000.0,395071000.0,260041000.0,24.474,2484843000.0
12,SII1,MRT,2007-06-30,2007-06-30,2007-06-30,2020-06-30,40994000.0,5597222000.0,5387276500.0,3412343000.0,2184879000.0,1.51,11.387,-318945000.0,94903000.0,94903000.0,5490106000.0,589168000.0,2.71,1.452,1040378000.0,298399000.0,741979000.0,1040378000.0,0.0,173706000.0,0.0,0.006,0.36,1037845000.0,1211551000.0,0.149,1211551000.0,1037845000.0,966260000.0,2.94,2.93,2.94,2283093000.0,2064820750.0,2283093000.0,12807482452.0,12.0,10.571,203462000.0,1.015,1.0,2645166000.0,0.325,1012586000.0,71585000.0,4270972000.0,4085475750.0,1564345000.0,0.0,0.0,0.0,3314129000.0,1259139000.0,2054990000.0,11755991452.0,6401000.0,-179953000.0,-80088000.0,84002000.0,-67953000.0,-48090000.0,-470368000.0,0.0,522407000.0,2452000.0,589168000.0,589168000.0,589168000.0,0.0,0.0,0.072,1384086000.0,1261080000.0,610968000.0,0.122,5.149,19.954,19.946,986422000.0,0.0,58.64,1.445,1.445,1597371000.0,1925446000.0,8135272000.0,8135272000.0,0.0,0.109,0.285,0.254,0.128,30616000.0,1384086000.0,1.0,200477344.0,200499000,202097000.0,40.575,4584636000.0,39467000.0,377092000.0,249996000.0,22.866,2153204000.0
13,SII1,MRT,2007-03-31,2007-03-31,2007-03-31,2020-06-30,28063000.0,5547811000.0,5147805500.0,3428119000.0,2119692000.0,1.507,10.707,-285734000.0,93059000.0,93059000.0,5265529000.0,554948000.0,2.622,1.591,1144550000.0,317933000.0,826617000.0,1144550000.0,0.0,161501000.0,0.0,0.007,0.34,970724000.0,1132225000.0,0.146,1132225000.0,970724000.0,902059000.0,2.77,2.76,2.77,2141165000.0,1932565250.0,2141165000.0,10537467016.0,11.0,9.307,24282000.0,0.121,1.0,2493633000.0,0.321,1012458000.0,68665000.0,4279637000.0,3914157500.0,1530843000.0,0.0,0.0,0.0,3406646000.0,1307207000.0,2099439000.0,9529214016.0,27286000.0,-180600000.0,-77820000.0,255541000.0,-64008000.0,152628000.0,-437804000.0,0.0,310016000.0,2446000.0,554948000.0,554948000.0,554948000.0,0.0,0.0,0.072,1319542000.0,1174091000.0,624362000.0,0.123,4.45,17.171,17.347,925954000.0,0.0,48.05,1.228,1.238,1662938000.0,1792440000.0,7759162000.0,7759162000.0,0.0,0.108,0.287,0.248,0.125,28838000.0,1319542000.0,1.0,198318710.0,199980000,201426000.0,38.8,4535353000.0,40066000.0,347111000.0,275345000.0,22.679,2120912000.0
14,SII1,MRT,2006-12-31,2006-12-31,2006-12-31,2020-06-30,23227000.0,5335475000.0,4859034500.0,3271027000.0,2064448000.0,1.509,9.922,-272727000.0,80379000.0,80379000.0,4989288000.0,502006000.0,2.371,1.685,1088632000.0,287704000.0,800928000.0,1088632000.0,0.0,150384000.0,0.0,0.008,0.32,891647000.0,1042031000.0,0.142,1042031000.0,891647000.0,828680000.0,2.51,2.49,2.51,1986937000.0,1808930000.0,1986937000.0,9838783475.0,11.0,9.442,5757000.0,0.029,1.0,2344271000.0,0.32,1008787000.0,62967000.0,3955473000.0,3665545500.0,1457371000.0,0.0,0.0,0.0,3348538000.0,1379468000.0,1969070000.0,8791485475.0,17836000.0,-226727000.0,-102894000.0,342035000.0,-60074000.0,208184000.0,-470924000.0,0.0,278484000.0,2092000.0,502006000.0,502006000.0,502006000.0,0.0,0.0,0.068,1264190000.0,1080081000.0,654215000.0,0.127,4.425,17.513,16.363,887044000.0,0.0,41.07,1.199,1.121,1592230000.0,1653480000.0,7333559000.0,7333559000.0,0.0,0.103,0.278,0.243,0.122,27280000.0,1264190000.0,1.0,214061005.0,200252000,202008000.0,36.622,4326688000.0,51070000.0,326674000.0,273463000.0,21.606,1891559000.0
15,SII1,MRT,2006-09-30,2006-09-30,2006-09-30,2020-06-30,22028000.0,5068598000.0,4540144250.0,3076388000.0,1992210000.0,1.512,9.24,-229326000.0,82340000.0,82340000.0,4699195000.0,447563000.0,2.428,1.743,1129638000.0,282604000.0,847034000.0,1129638000.0,0.0,138104000.0,0.0,0.008,0.3,795455000.0,933559000.0,0.136,933559000.0,795455000.0,738534000.0,2.22,2.21,2.22,1848088000.0,1706822000.0,1848088000.0,9170864752.0,12.0,9.824,-50139000.0,-0.251,1.0,2165813000.0,0.315,1012930000.0,56921000.0,3835821000.0,3424901750.0,1332611000.0,0.0,0.0,0.0,3220510000.0,1267145000.0,1953365000.0,8302990752.0,16998000.0,-264635000.0,-127272000.0,448212000.0,-56151000.0,330570000.0,-493961000.0,0.0,179187000.0,1202000.0,447563000.0,447563000.0,447563000.0,0.0,0.0,0.065,1199918000.0,965895000.0,593253000.0,0.135,4.493,18.552,17.477,812584000.0,0.0,38.8,1.209,1.13,1510396000.0,1526425000.0,6865008000.0,6865008000.0,0.0,0.099,0.262,0.232,0.116,23125000.0,1199918000.0,1.0,213994607.0,200009000,201811000.0,34.323,4055668000.0,48821000.0,290971000.0,248560000.0,20.277,1809243000.0
16,SII1,MRT,2006-06-30,2006-06-30,2006-06-30,2020-06-30,20152000.0,4639338000.0,4239650500.0,2871024000.0,1768314000.0,1.5,8.75,-191236000.0,88502000.0,88502000.0,4388782000.0,394142000.0,2.728,1.645,956376000.0,164371000.0,792005000.0,956376000.0,0.0,129394000.0,0.0,0.006,0.28,699118000.0,828512000.0,0.13,828512000.0,699118000.0,648483000.0,1.96,1.94,1.96,1754071000.0,1618061750.0,1754071000.0,10335715562.0,15.0,12.475,11246000.0,0.056,1.0,1972204000.0,0.31,868923000.0,50635000.0,3585699000.0,3152763750.0,1295954000.0,0.0,0.0,0.0,2885267000.0,1052590000.0,1832677000.0,9514347562.0,36893000.0,-104888000.0,-132809000.0,282963000.0,-52231000.0,129773000.0,-296124000.0,0.0,202482000.0,762000.0,394142000.0,394142000.0,394142000.0,0.0,0.0,0.062,1122619000.0,849585000.0,560836000.0,0.143,5.424,24.139,22.689,734006000.0,0.0,44.47,1.496,1.401,1366755000.0,1409461000.0,6360986000.0,6360986000.0,0.0,0.093,0.244,0.222,0.11,18019000.0,1122619000.0,1.0,213949799.0,200457000,202162000.0,31.732,3770415000.0,38697000.0,254341000.0,216602000.0,18.809,1818434000.0
17,SII1,MRT,2006-03-31,2006-03-31,2006-03-31,2020-06-30,8033000.0,4392727000.0,4010279250.0,2688867000.0,1703860000.0,1.489,8.192,-169290000.0,65773000.0,65773000.0,4146597000.0,343369000.0,2.527,1.668,887141000.0,200247000.0,686894000.0,887141000.0,0.0,122623000.0,0.0,0.007,0.26,620570000.0,743193000.0,0.124,743193000.0,620570000.0,573628000.0,1.71,1.68,1.71,1646624000.0,1544762750.0,1646624000.0,8471249968.0,14.0,11.398,50611000.0,0.252,1.0,1826329000.0,0.306,864913000.0,46942000.0,3285189000.0,2941568250.0,1161359000.0,0.0,0.0,0.0,2746103000.0,1063993000.0,1682110000.0,7789285968.0,-544000.0,-105211000.0,-161095000.0,234153000.0,-48396000.0,54186000.0,-274501000.0,0.0,219901000.0,-130000.0,343369000.0,343369000.0,343369000.0,0.0,0.0,0.057,1066822000.0,759507000.0,545835000.0,0.152,4.73,22.685,22.784,695197000.0,0.0,38.96,1.304,1.311,1345908000.0,1306637000.0,5972926000.0,5972926000.0,0.0,0.086,0.222,0.211,0.104,12402000.0,1066822000.0,1.0,199930338.0,200995000,202527000.0,29.717,3527814000.0,41330000.0,230259000.0,235398000.0,17.552,1624874000.0
18,SII1,MRT,2005-12-31,2005-12-31,2005-12-31,2020-06-30,6901000.0,4059914000.0,3835323750.0,2437231000.0,1622683000.0,1.455,7.828,-151419000.0,62543000.0,62543000.0,3893865000.0,302305000.0,2.612,1.572,744507000.0,133650000.0,610857000.0,744507000.0,0.0,117722000.0,0.0,0.006,0.24,549494000.0,667216000.0,0.12,667216000.0,549494000.0,505048000.0,1.5,1.48,1.5,1578505000.0,1497504750.0,1578505000.0,8495795361.0,15.0,12.733,56630000.0,0.281,1.0,1685138000.0,0.302,815827000.0,44446000.0,2992898000.0,2779054250.0,1059992000.0,0.0,0.0,0.0,2481409000.0,933153000.0,1548256000.0,7881801361.0,8947000.0,-60832000.0,-117820000.0,144690000.0,-36353000.0,13769000.0,-212251000.0,0.0,208049000.0,-620000.0,302305000.0,302305000.0,302305000.0,0.0,0.0,0.054,1014577000.0,670561000.0,479206000.0,0.16,4.993,26.072,24.74,665389000.0,0.0,37.11,1.413,1.341,1200289000.0,1215483000.0,5579003000.0,5579003000.0,0.0,0.079,0.202,0.198,0.098,5947000.0,1014577000.0,1.0,212390228.0,201651000,204522000.0,27.667,3244087000.0,48467000.0,202743000.0,199141000.0,16.088,1504078000.0
19,SII1,MRT,2005-09-30,2005-09-30,2005-09-30,2020-06-30,9409000.0,3866623000.0,3697039750.0,2322571000.0,1544052000.0,1.424,7.428,-125563000.0,65342000.0,65342000.0,3685416000.0,271947000.0,2.504,1.59,679336000.0,124118000.0,555218000.0,679336000.0,0.0,113762000.0,0.0,0.005,0.18,496949000.0,610711000.0,0.116,610711000.0,496949000.0,454657000.0,1.36,1.32,1.36,1493047000.0,1453081250.0,1493047000.0,7693416873.0,15.0,12.597,112475000.0,0.56,1.0,1580740000.0,0.3,805805000.0,42292000.0,2747269000.0,2626591750.0,1018724000.0,0.0,0.0,0.0,2373576000.0,927543000.0,1446033000.0,7073702873.0,307000.0,-37794000.0,-167855000.0,107709000.0,-24316000.0,-74646000.0,-163357000.0,0.0,238038000.0,272000.0,271947000.0,271947000.0,271947000.0,0.0,0.0,0.052,975220000.0,605520000.0,477307000.0,0.132,4.738,26.011,24.493,603514000.0,0.0,33.31,1.343,1.271,1113614000.0,1138937000.0,5266156000.0,5266156000.0,0.0,0.074,0.187,0.189,0.094,3679000.0,975220000.0,1.0,212359738.0,201013000,203031000.0,26.198,3060818000.0,52111000.0,182710000.0,195288000.0,15.227,1395028000.0
20,SII1,MRT,2005-06-30,2005-06-30,2005-06-30,2020-06-30,8463000.0,3721853000.0,3573226250.0,2212824000.0,1509029000.0,1.392,7.224,-110960000.0,51609000.0,51609000.0,3480059000.0,244336000.0,2.699,1.548,671323000.0,119020000.0,552303000.0,671323000.0,0.0,110414000.0,0.0,0.004,0.12,451461000.0,561875000.0,0.113,561875000.0,451461000.0,410205000.0,1.22,1.18,1.22,1460875000.0,1418367250.0,1460875000.0,7348009205.0,16.0,13.078,62942000.0,0.311,1.0,1495119000.0,0.301,780898000.0,41256000.0,2740917000.0,2531903250.0,985474000.0,0.0,0.0,0.0,2260978000.0,819752000.0,1441226000.0,6761560205.0,-3899000.0,-50995000.0,-126036000.0,84200000.0,-12227000.0,-16247000.0,-161955000.0,0.0,173902000.0,401000.0,244336000.0,244336000.0,244336000.0,0.0,0.0,0.049,942797000.0,552322000.0,408547000.0,0.098,4.628,27.673,26.107,585521000.0,0.0,31.85,1.359,1.295,1063909000.0,1071470000.0,4975178000.0,4975178000.0,0.0,0.068,0.172,0.178,0.091,1997000.0,942797000.0,1.0,212293884.0,202215000,204027000.0,24.603,2940955000.0,43644000.0,165869000.0,177135000.0,14.544,1393072000.0
21,SII1,MRT,2005-03-31,2005-03-31,2005-03-31,2020-06-30,17625000.0,3692905000.0,3456048250.0,2187254000.0,1505651000.0,1.357,7.181,-104250000.0,66317000.0,66317000.0,3266076000.0,203753000.0,2.537,1.534,652766000.0,137062000.0,515704000.0,652766000.0,0.0,108361000.0,0.0,0.002,0.06,386438000.0,494799000.0,0.106,494799000.0,386438000.0,346775000.0,1.015,0.985,1.015,1457592000.0,1376771500.0,1457592000.0,7016392668.0,18.0,14.18,40636000.0,0.2,1.0,1423349000.0,0.304,782116000.0,39663000.0,2635133000.0,2450509500.0,954802000.0,0.0,0.0,0.0,2235313000.0,862105000.0,1373208000.0,6470815668.0,21254000.0,-63098000.0,-120669000.0,126006000.0,0.0,43153000.0,-167348000.0,0.0,144886000.0,563000.0,203753000.0,203753000.0,203753000.0,0.0,0.0,0.043,943874000.0,479475000.0,431036000.0,0.059,4.439,31.758,30.901,582413000.0,0.0,31.365,1.38,1.358,1060133000.0,1015498000.0,4689425000.0,4689425000.0,0.0,0.059,0.148,0.158,0.082,927000.0,943874000.0,1.0,206306892.0,202991000,204869000.0,23.102,2910789000.0,45751000.0,143022000.0,195125000.0,14.339,1325149000.0
22,SII1,MRT,2004-12-31,2004-12-31,2004-12-31,2020-06-30,24404000.0,3506778000.0,3324022500.0,2019632000.0,1487146000.0,1.329,6.912,-90770000.0,53596000.0,53596000.0,3067076000.0,182451000.0,2.276,1.503,599173000.0,211375000.0,387798000.0,599173000.0,0.0,106493000.0,0.0,0.0,0.0,350934000.0,457427000.0,0.104,457427000.0,350934000.0,312172000.0,0.9,0.89,0.9,1400811000.0,1341142500.0,1400811000.0,6225800456.0,18.0,13.61,91404000.0,0.451,1.0,1351939000.0,0.306,781950000.0,38762000.0,2383048000.0,2371813250.0,890462000.0,0.0,0.0,0.0,2105967000.0,887357000.0,1218610000.0,5706381456.0,2310000.0,-72350000.0,-92002000.0,37140000.0,0.0,-17046000.0,-163120000.0,0.0,182174000.0,302000.0,182451000.0,182451000.0,182451000.0,0.0,0.0,0.041,913175000.0,438764000.0,376782000.0,0.0,4.074,31.276,30.228,576954000.0,0.0,27.205,1.291,1.248,963622000.0,961574000.0,4419015000.0,4419015000.0,0.0,0.055,0.136,0.148,0.079,684000.0,913175000.0,1.0,209754878.0,202664000,205138000.0,21.805,2724828000.0,47083000.0,129721000.0,185364000.0,13.445,1132275000.0
23,SII1,MRT,2004-09-30,2004-09-30,2004-09-30,2020-06-30,11088000.0,3371369000.0,3221589750.0,1920865000.0,1450504000.0,1.299,6.685,-83681000.0,65035000.0,65035000.0,2907335000.0,162235000.0,2.369,1.49,584454000.0,193605000.0,390849000.0,584454000.0,0.0,105627000.0,0.0,0.0,0.0,320241000.0,425868000.0,0.102,425868000.0,320241000.0,281846000.0,0.805,0.79,0.805,1354191000.0,1299883750.0,1354191000.0,6911303874.0,22.0,16.229,109569000.0,0.541,1.0,1277629000.0,0.305,711486000.0,38395000.0,2368515000.0,2335391250.0,834563000.0,0.0,0.0,0.0,2017178000.0,810787000.0,1206391000.0,6364070874.0,20647000.0,-68644000.0,-2051000.0,-14769000.0,0.0,-20820000.0,-152325000.0,0.0,193250000.0,542000.0,162235000.0,162235000.0,162235000.0,0.0,0.0,0.039,872048000.0,405581000.0,354114000.0,0.0,4.7,39.227,37.72,548845000.0,0.0,30.365,1.521,1.47,910281000.0,903343000.0,4184964000.0,4184964000.0,0.0,0.05,0.125,0.137,0.077,916000.0,872048000.0,1.0,209585736.0,202580000,204848000.0,20.658,2659883000.0,43683000.0,119611000.0,176376000.0,13.13,1110078000.0
24,SII1,MRT,2004-06-30,2004-06-30,2004-06-30,2020-06-30,7093000.0,3253141000.0,3134733500.0,1816771000.0,1436370000.0,1.273,6.372,-80373000.0,55508000.0,55508000.0,2773524000.0,145346000.0,2.662,1.513,602741000.0,118209000.0,484532000.0,602741000.0,0.0,104800000.0,0.0,0.0,0.0,293980000.0,398780000.0,0.1,398780000.0,293980000.0,255352000.0,0.72,0.715,0.72,1294492000.0,1257401500.0,1294492000.0,6317832581.0,21.0,15.843,98258000.0,0.484,1.0,1217048000.0,0.305,702496000.0,38628000.0,2415342000.0,2318592000.0,789427000.0,0.0,0.0,0.0,1958649000.0,682536000.0,1276113000.0,5820517581.0,11667000.0,-49804000.0,-4636000.0,-28739000.0,0.0,-37375000.0,-130177000.0,0.0,178631000.0,588000.0,145346000.0,145346000.0,145346000.0,0.0,0.0,0.036,840876000.0,376172000.0,309393000.0,0.0,4.496,40.046,38.722,538950000.0,0.0,27.88,1.459,1.419,870991000.0,851450000.0,3990572000.0,3990572000.0,0.0,0.046,0.116,0.127,0.074,916000.0,840876000.0,1.0,208770358.0,203160000,205324000.0,19.643,2550645000.0,37268000.0,110006000.0,161469000.0,12.555,1134235000.0
25,SII1,MRT,2004-03-31,2004-03-31,2004-03-31,2020-06-30,9457000.0,3164802000.0,3067033000.0,1741373000.0,1423429000.0,1.24,6.506,-77544000.0,45063000.0,45063000.0,2652189000.0,147769000.0,2.68,1.407,542378000.0,106929000.0,435449000.0,542378000.0,0.0,103819000.0,0.0,0.0,0.0,296239000.0,400058000.0,0.105,400058000.0,296239000.0,256108000.0,0.735,0.73,0.735,1315076000.0,1220580000.0,1315076000.0,5872018341.0,20.0,14.678,123056000.0,0.609,1.0,1151590000.0,0.303,692049000.0,40131000.0,2320348000.0,2272518750.0,777027000.0,0.0,0.0,0.0,1849726000.0,649720000.0,1200006000.0,5345009341.0,1149000.0,-36885000.0,47653000.0,-129619000.0,0.0,-85966000.0,-114429000.0,0.0,200600000.0,944000.0,147769000.0,147769000.0,147769000.0,0.0,0.0,0.039,778536000.0,373054000.0,336437000.0,0.0,4.064,36.171,36.401,539986000.0,0.0,26.755,1.405,1.422,832968000.0,823973000.0,3803779000.0,3803779000.0,0.0,0.048,0.121,0.13,0.078,916000.0,778536000.0,1.0,199776092.0,202140000,205008000.0,18.818,2472753000.0,28947000.0,108339000.0,152751000.0,12.233,1091653000.0
26,SII1,MRT,2003-12-31,2003-12-31,2003-12-31,2020-06-30,11625000.0,3097047000.0,2998891500.0,1679796000.0,1417251000.0,1.199,6.19,-76021000.0,51286000.0,51286000.0,2518897000.0,123480000.0,2.662,1.506,578295000.0,89747000.0,488548000.0,578295000.0,0.0,101709000.0,0.0,0.0,0.0,257778000.0,359487000.0,0.1,359487000.0,257778000.0,216814000.0,0.62,0.61,0.62,1235776000.0,1165427750.0,1235776000.0,4722131726.0,18.0,13.136,66561000.0,0.333,1.0,1075931000.0,0.299,755772000.0,40964000.0,2237360000.0,2244828500.0,739627000.0,0.0,0.0,0.0,1861271000.0,630924000.0,1230347000.0,4156913726.0,-35464000.0,-101789000.0,18958000.0,-16870000.0,0.0,-1912000.0,-177810000.0,0.0,142582000.0,1676000.0,123480000.0,123480000.0,123480000.0,0.0,0.0,0.034,747184000.0,328747000.0,310754000.0,0.0,3.364,33.665,33.484,534871000.0,0.0,20.76,1.156,1.153,801819000.0,779123000.0,3594828000.0,3594828000.0,0.0,0.041,0.106,0.115,0.072,916000.0,747184000.0,1.0,200236692.0,199630000,201806000.0,18.007,2341275000.0,31238000.0,93334000.0,149366000.0,11.728,1048872000.0
27,SII1,MRT,2003-09-30,2003-09-30,2003-09-30,2020-06-30,3010000.0,3023944000.0,2912016000.0,1622574000.0,1401370000.0,1.159,5.916,-78311000.0,44388000.0,44388000.0,2374244000.0,103212000.0,2.672,1.553,609606000.0,91270000.0,518336000.0,609606000.0,0.0,98781000.0,0.0,0.0,0.0,222430000.0,321211000.0,0.095,321211000.0,222430000.0,181029000.0,0.52,0.52,0.52,1184262000.0,1122367500.0,1184262000.0,4196288077.0,19.0,13.064,101621000.0,0.508,1.0,1001475000.0,0.297,680573000.0,41401000.0,2301318000.0,2197809250.0,732220000.0,0.0,0.0,0.0,1839682000.0,607271000.0,1232411000.0,3601057077.0,-18472000.0,-108498000.0,15816000.0,-27774000.0,0.0,-11958000.0,-187040000.0,0.0,179932000.0,594000.0,103212000.0,103212000.0,103212000.0,0.0,0.0,0.031,717219000.0,284256000.0,302302000.0,0.0,3.041,34.89,34.596,523226000.0,0.0,17.99,1.067,1.067,761944000.0,741108000.0,3375719000.0,3375719000.0,0.0,0.035,0.092,0.101,0.066,0.0,717219000.0,1.0,200169932.0,200190000,202186000.0,16.863,2343371000.0,24483000.0,77817000.0,137401000.0,11.706,1015303000.0
28,SII1,MRT,2003-06-30,2003-06-30,2003-06-30,2020-06-30,1709000.0,2982339000.0,2828785000.0,1578835000.0,1403504000.0,1.141,5.751,-72617000.0,43841000.0,43841000.0,2287361000.0,87998000.0,2.367,1.6,639072000.0,166923000.0,472149000.0,639072000.0,0.0,96068000.0,0.0,0.0,0.0,195947000.0,292015000.0,0.09,292015000.0,195947000.0,154833000.0,0.445,0.445,0.445,1147206000.0,1086796750.0,1147206000.0,4382105522.0,22.0,15.006,155633000.0,0.78,1.0,940798000.0,0.291,679372000.0,41114000.0,2231049000.0,2162914250.0,700804000.0,0.0,0.0,0.0,1835133000.0,667149000.0,1167984000.0,3746430522.0,-2139000.0,-133110000.0,17370000.0,-26016000.0,0.0,-24646000.0,-205958000.0,0.0,228250000.0,215000.0,87998000.0,87998000.0,87998000.0,0.0,0.0,0.027,690407000.0,250391000.0,309640000.0,0.0,3.266,42.574,41.281,528442000.0,0.0,18.37,1.161,1.135,755009000.0,706104000.0,3228159000.0,3228159000.0,0.0,0.031,0.081,0.091,0.061,0.0,690407000.0,1.0,203942870.0,199472000,201784000.0,16.184,2302967000.0,24347000.0,66835000.0,120268000.0,11.545,911686000.0
29,SII1,MRT,2003-03-31,2003-03-31,2003-03-31,2020-06-30,-6066000.0,2892236000.0,2760429500.0,1490770000.0,1401466000.0,1.142,5.513,-73338000.0,43914000.0,43914000.0,2236397000.0,85020000.0,2.333,1.643,679589000.0,191821000.0,487768000.0,679589000.0,0.0,92687000.0,0.0,0.0,0.0,189625000.0,282312000.0,0.09,282312000.0,189625000.0,148847000.0,0.43,0.43,0.43,1094467000.0,1054994750.0,1094467000.0,3973140054.0,21.0,14.074,180824000.0,0.911,1.0,915143000.0,0.29,679288000.0,40778000.0,2209587000.0,2158916250.0,658760000.0,0.0,0.0,0.0,1797769000.0,639036000.0,1158733000.0,3458231054.0,-21000.0,-137921000.0,7775000.0,-19448000.0,0.0,-43273000.0,-211490000.0,0.0,254162000.0,580000.0,85020000.0,85020000.0,85020000.0,0.0,0.0,0.027,670289000.0,244854000.0,257736000.0,0.0,3.16,40.676,40.965,523686000.0,0.0,17.615,1.097,1.11,707885000.0,676204000.0,3151540000.0,3151540000.0,0.0,0.031,0.081,0.088,0.06,0.0,670289000.0,1.0,196323080.0,198530000,200534000.0,15.874,2212948000.0,25473000.0,63827000.0,118275000.0,11.147,851734000.0
30,SII1,MRT,2002-12-31,2002-12-31,2002-12-31,2020-06-30,-10435000.0,2749545000.0,2716183500.0,1426914000.0,1322631000.0,1.167,5.372,-78804000.0,86750000.0,86750000.0,2251778000.0,93189000.0,2.398,1.585,601659000.0,159692000.0,441967000.0,601659000.0,0.0,89327000.0,0.0,0.0,0.0,200749000.0,290076000.0,0.092,290076000.0,200749000.0,159821000.0,0.47,0.465,0.47,1063535000.0,1026277000.0,1063535000.0,3861379849.0,19.0,13.312,244722000.0,1.236,1.0,918302000.0,0.29,620075000.0,40928000.0,2049283000.0,2149417000.0,634488000.0,0.0,0.0,0.0,1686010000.0,595096000.0,1090914000.0,3311811849.0,42067000.0,-60152000.0,5047000.0,-116043000.0,0.0,-142596000.0,-139187000.0,0.0,323526000.0,324000.0,93189000.0,93189000.0,93189000.0,0.0,0.0,0.029,662154000.0,256148000.0,256069000.0,0.0,3.114,35.539,34.702,519220000.0,0.0,16.31,1.045,1.019,633918000.0,655643000.0,3170080000.0,3170080000.0,0.0,0.034,0.091,0.093,0.063,0.0,662154000.0,1.0,203054068.0,197968000,200182000.0,16.013,2129470000.0,25403000.0,66632000.0,108615000.0,10.757,831818000.0
31,SII1,MRT,2002-09-30,2002-09-30,2002-09-30,2020-06-30,-13920000.0,2691020000.0,2712754250.0,1423077000.0,1267943000.0,1.22,5.262,-89265000.0,62860000.0,62860000.0,2346269000.0,113621000.0,2.937,1.583,612428000.0,58509000.0,553919000.0,612428000.0,0.0,90701000.0,0.0,0.0,0.0,237796000.0,328497000.0,0.099,328497000.0,237796000.0,193678000.0,0.575,0.57,0.575,1041979000.0,997683000.0,1041979000.0,3559416338.0,15.0,10.835,204021000.0,1.03,1.0,963205000.0,0.291,594362000.0,44118000.0,2161738000.0,2171627750.0,634224000.0,0.0,0.0,0.0,1649041000.0,484488000.0,1164553000.0,2970581338.0,17597000.0,-181569000.0,4482000.0,-21314000.0,0.0,-5032000.0,-270834000.0,0.0,293286000.0,177000.0,113621000.0,113621000.0,113621000.0,0.0,0.0,0.034,665139000.0,298066000.0,235475000.0,0.0,2.851,26.145,25.487,498413000.0,0.0,14.655,0.898,0.877,651942000.0,637896000.0,3309474000.0,3309474000.0,0.0,0.042,0.114,0.11,0.072,0.0,661148000.0,1.0,202700876.0,198004000,200138000.0,16.714,2096658000.0,25356000.0,80057000.0,99453000.0,10.589,938589000.0
32,SII1,MRT,2002-06-30,2002-06-30,2002-06-30,2020-06-30,-12781000.0,2708917000.0,2691880750.0,1460089000.0,1248828000.0,1.279,5.154,-101844000.0,45980000.0,45980000.0,2423388000.0,135897000.0,2.91,1.656,634815000.0,66014000.0,568801000.0,634815000.0,0.0,91158000.0,0.0,0.0,0.0,275213000.0,366371000.0,0.106,366371000.0,275213000.0,230353000.0,0.685,0.68,0.685,1019998000.0,965924250.0,1019998000.0,4078644823.0,15.0,11.133,165604000.0,0.837,1.0,1018536000.0,0.296,580972000.0,44860000.0,2215057000.0,2147787500.0,633090000.0,0.0,0.0,0.0,1688919000.0,501723000.0,1187196000.0,3454807823.0,6042000.0,-208864000.0,-19071000.0,38915000.0,0.0,47644000.0,-309383000.0,0.0,267448000.0,333000.0,135897000.0,135897000.0,135897000.0,0.0,0.0,0.039,675632000.0,342904000.0,239281000.0,0.0,3.387,25.422,24.887,497698000.0,0.0,17.047,1.004,0.98,712567000.0,618106000.0,3441924000.0,3441924000.0,0.0,0.05,0.141,0.128,0.08,0.0,667675000.0,1.0,202657740.0,197888000,200544000.0,17.393,2127945000.0,25149000.0,94456000.0,92670000.0,10.753,958366000.0
33,SII1,MRT,2002-03-31,2002-03-31,2002-03-31,2020-06-30,-25180000.0,2715252000.0,2638600000.0,1484367000.0,1230885000.0,1.331,4.955,-106014000.0,43935000.0,43935000.0,2472058000.0,146657000.0,2.514,1.772,667772000.0,133352000.0,534420000.0,667772000.0,0.0,91749000.0,0.0,0.0,0.0,292926000.0,384675000.0,0.109,384675000.0,292926000.0,247894000.0,0.74,0.73,0.74,979596000.0,933337000.0,979596000.0,3922919199.0,13.0,10.198,140071000.0,0.709,1.0,1041217000.0,0.296,577124000.0,45032000.0,2171590000.0,2088138250.0,644567000.0,0.0,0.0,0.0,1735656000.0,590375000.0,1145281000.0,3280067199.0,12605000.0,-209115000.0,-19121000.0,57590000.0,0.0,81869000.0,-315129000.0,0.0,246085000.0,-220000.0,146657000.0,146657000.0,146657000.0,0.0,0.0,0.042,680845000.0,360372000.0,262509000.0,0.0,3.348,22.366,22.889,490197000.0,0.0,16.938,0.934,0.953,723617000.0,591184000.0,3513275000.0,3513275000.0,0.0,0.056,0.157,0.14,0.083,0.0,668947000.0,1.0,193657104.0,197680000,199676000.0,17.773,2138128000.0,32789000.0,101237000.0,93471000.0,10.816,893992000.0
34,SII1,MRT,2001-12-31,2001-12-31,2001-12-31,2020-06-30,-24748000.0,2735828000.0,2569642750.0,1523031000.0,1212797000.0,1.382,4.769,-109414000.0,44683000.0,44683000.0,2505405000.0,152145000.0,2.287,1.882,687535000.0,148693000.0,538842000.0,687535000.0,0.0,92895000.0,0.0,0.0,0.0,303901000.0,396796000.0,0.112,396796000.0,303901000.0,258542000.0,0.765,0.755,0.765,949159000.0,901339250.0,949159000.0,3219701563.0,11.0,8.114,96351000.0,0.484,1.0,1045804000.0,0.294,574550000.0,45359000.0,2138126000.0,2034537750.0,653151000.0,0.0,0.0,0.0,1786669000.0,666004000.0,1120665000.0,2648798563.0,8139000.0,-250211000.0,-15909000.0,122614000.0,0.0,162105000.0,-359625000.0,0.0,205765000.0,-106000.0,152145000.0,152145000.0,152145000.0,0.0,0.0,0.043,674294000.0,371510000.0,284502000.0,0.0,2.791,17.41,17.523,488497000.0,0.0,13.405,0.746,0.751,752165000.0,562454000.0,3551209000.0,3551209000.0,0.0,0.059,0.169,0.149,0.086,0.0,658565000.0,1.0,197597804.0,199008000,200896000.0,17.845,2161278000.0,35414000.0,106397000.0,81647000.0,10.86,857027000.0
35,SII1,MRT,2001-09-30,2001-09-30,2001-09-30,2020-06-30,-21021000.0,2607526000.0,2459507500.0,1541527000.0,1065999000.0,1.385,4.59,-96311000.0,45263000.0,45263000.0,2415185000.0,139995000.0,2.439,1.85,616166000.0,83634000.0,532532000.0,616166000.0,0.0,89196000.0,0.0,0.0,0.0,281020000.0,370216000.0,0.109,370216000.0,281020000.0,238607000.0,0.703,0.693,0.703,914944000.0,868419750.0,914944000.0,2358075776.0,8.0,6.369,55633000.0,0.279,1.0,992080000.0,0.291,479935000.0,42413000.0,2066377000.0,1925671000.0,655480000.0,0.0,0.0,0.0,1692582000.0,632117000.0,1060465000.0,1817646776.0,11594000.0,-204463000.0,-15470000.0,142314000.0,0.0,160444000.0,-300774000.0,0.0,151944000.0,-20000.0,139995000.0,139995000.0,139995000.0,0.0,0.0,0.041,649793000.0,342287000.0,308624000.0,0.0,1.987,12.984,12.945,448776000.0,0.0,9.1,0.533,0.532,774326000.0,524275000.0,3407265000.0,3407265000.0,0.0,0.057,0.161,0.146,0.082,0.0,635083000.0,1.0,199741404.0,199324000,200840000.0,17.094,2127591000.0,25488000.0,98612000.0,93911000.0,10.674,909410000.0
36,SII1,MRT,2001-06-30,2001-06-30,2001-06-30,2020-06-30,-25672000.0,2495794000.0,2337068000.0,1478345000.0,1017449000.0,1.376,4.456,-93523000.0,39938000.0,39938000.0,2301677000.0,118403000.0,2.442,1.805,580367000.0,86266000.0,494101000.0,580367000.0,0.0,86455000.0,0.0,0.0,0.0,243519000.0,329974000.0,0.103,329974000.0,243519000.0,203205000.0,0.595,0.585,0.595,889649000.0,837143250.0,889649000.0,3617915946.0,15.0,10.964,22058000.0,0.11,1.0,914376000.0,0.284,454464000.0,40314000.0,1976460000.0,1806510750.0,646192000.0,0.0,0.0,0.0,1606145000.0,605299000.0,1000846000.0,3051504946.0,7308000.0,-151656000.0,6537000.0,98128000.0,0.0,138265000.0,-246504000.0,0.0,115581000.0,-34000.0,118403000.0,118403000.0,118403000.0,0.0,0.0,0.037,617651000.0,296725000.0,298488000.0,0.0,3.43,25.772,25.353,426951000.0,0.0,15.085,0.949,0.936,726096000.0,482209000.0,3216053000.0,3216053000.0,0.0,0.051,0.141,0.135,0.076,0.0,604103000.0,1.0,202287368.0,199640000,202068000.0,16.109,2041330000.0,27785000.0,84802000.0,75115000.0,10.225,873046000.0
37,SII1,MRT,2001-03-31,2001-03-31,2001-03-31,2020-06-30,-24620000.0,2439423000.0,2228942250.0,1442270000.0,997153000.0,1.346,4.271,-90431000.0,31330000.0,31330000.0,2171118000.0,95695000.0,2.42,1.865,597741000.0,98527000.0,499214000.0,597741000.0,0.0,83424000.0,0.0,0.0,0.0,204157000.0,287581000.0,0.096,287581000.0,204157000.0,165823000.0,0.48,0.475,0.48,851605000.0,807869750.0,851605000.0,3912194425.0,19.0,13.604,3275000.0,0.016,1.0,829775000.0,0.277,452571000.0,38334000.0,1957188000.0,1708577500.0,610546000.0,0.0,0.0,0.0,1587818000.0,596075000.0,991743000.0,3408071425.0,-656000.0,-156467000.0,9298000.0,109822000.0,0.0,152720000.0,-246898000.0,0.0,93706000.0,-184000.0,95695000.0,95695000.0,95695000.0,0.0,0.0,0.032,581088000.0,248687000.0,296622000.0,0.0,4.002,35.614,36.563,416438000.0,0.0,17.55,1.136,1.166,735838000.0,444527000.0,3000893000.0,3000893000.0,0.0,0.043,0.118,0.119,0.068,0.0,568782000.0,1.0,194192104.0,199376000,201756000.0,15.051,1986852000.0,29517000.0,70128000.0,81987000.0,9.965,846195000.0
38,SII1,MRT,2000-12-31,2000-12-31,2000-12-31,2020-06-30,-17793000.0,2295287000.0,2119762750.0,1310003000.0,985284000.0,1.303,4.12,-77876000.0,36544000.0,36544000.0,2015845000.0,72800000.0,2.038,1.808,540667000.0,165951000.0,374716000.0,540667000.0,0.0,80688000.0,0.0,0.0,0.0,164554000.0,245242000.0,0.089,245242000.0,164554000.0,127798000.0,0.365,0.36,0.365,817481000.0,783812750.0,817481000.0,4186166677.0,25.0,17.07,-20156000.0,-0.102,1.0,745169000.0,0.27,453947000.0,36756000.0,1702659000.0,1616674000.0,560027000.0,0.0,0.0,0.0,1477806000.0,642804000.0,835002000.0,3758974677.0,12417000.0,-145371000.0,18059000.0,138567000.0,0.0,178226000.0,-223247000.0,0.0,57720000.0,-282000.0,72800000.0,72800000.0,72800000.0,0.0,0.0,0.026,546143000.0,199026000.0,280820000.0,0.0,4.598,51.634,51.07,409048000.0,0.0,18.641,1.361,1.34,654420000.0,410309000.0,2761014000.0,2761014000.0,0.0,0.034,0.093,0.102,0.06,0.0,535027000.0,1.0,201654916.0,198412000,201208000.0,13.916,1841340000.0,29462000.0,54998000.0,68406000.0,9.28,667199000.0
39,SII1,MRT,2000-09-30,2000-09-30,2000-09-30,2020-06-30,-18778000.0,2117768000.0,2019584750.0,1251757000.0,866011000.0,1.257,3.969,-65245000.0,33669000.0,33669000.0,1868776000.0,53050000.0,2.136,1.681,460861000.0,114965000.0,345896000.0,460861000.0,0.0,79027000.0,0.0,0.0,0.0,130802000.0,209829000.0,0.083,209829000.0,130802000.0,95090000.0,0.267,0.265,0.267,789838000.0,759497500.0,789838000.0,4550881990.0,35.0,21.689,-31863000.0,-0.16,1.0,670250000.0,0.264,369241000.0,35712000.0,1589736000.0,1556206250.0,541349000.0,0.0,0.0,0.0,1327930000.0,585983000.0,741947000.0,4110985990.0,5380000.0,-95381000.0,17854000.0,70831000.0,0.0,88685000.0,-116408000.0,0.0,33382000.0,-279000.0,53050000.0,53050000.0,53050000.0,0.0,0.0,0.021,512506000.0,157744000.0,263595000.0,0.0,5.205,77.493,76.369,395102000.0,0.0,20.391,1.619,1.598,599611000.0,384280000.0,2539026000.0,2539026000.0,0.0,0.026,0.07,0.084,0.052,0.0,495659000.0,1.0,201611524.0,199000000,201548000.0,12.759,1748527000.0,50283000.0,42040000.0,63341000.0,8.787,665774000.0
40,SII1,MRT,2000-06-30,2000-06-30,2000-06-30,2020-06-30,-15000000.0,2063291000.0,1952202750.0,1193002000.0,870289000.0,1.179,3.884,-52186000.0,32630000.0,32630000.0,1708363000.0,79436000.0,2.18,1.671,472526000.0,117886000.0,354640000.0,472526000.0,0.0,77950000.0,0.0,0.0,0.0,179868000.0,257818000.0,0.112,257818000.0,179868000.0,144894000.0,0.405,0.4,0.405,772555000.0,740486000.0,772555000.0,4108980731.0,23.0,15.938,-63820000.0,-0.321,1.0,593734000.0,0.258,371128000.0,34974000.0,1584727000.0,1516638000.0,538404000.0,0.0,0.0,0.0,1290736000.0,547332000.0,743404000.0,3669529731.0,7826000.0,210119000.0,18781000.0,-199607000.0,0.0,-182266000.0,202151000.0,0.0,-11634000.0,-425000.0,79436000.0,79436000.0,79436000.0,0.0,0.0,0.035,394492000.0,199242000.0,228564000.0,0.0,4.75,46.195,44.946,389169000.0,0.0,18.203,1.594,1.573,543040000.0,363806000.0,2302097000.0,2302097000.0,0.0,0.041,0.107,0.119,0.078,0.0,461827000.0,1.0,201587844.0,198900000,201452000.0,11.574,1692163000.0,52924000.0,65458000.0,63756000.0,8.508,645670000.0
41,SII1,MRT,2000-03-31,2000-03-31,2000-03-31,2020-06-30,-11818000.0,2002705000.0,1873196250.0,1149747000.0,852958000.0,1.086,3.841,-42128000.0,31986000.0,31986000.0,1516479000.0,61441000.0,2.358,1.651,471437000.0,88920000.0,382517000.0,471437000.0,0.0,76708000.0,0.0,0.0,0.0,151544000.0,228252000.0,0.112,228252000.0,151544000.0,114031000.0,0.315,0.31,0.315,755377000.0,712758500.0,755377000.0,4251282713.0,28.0,18.625,-65615000.0,-0.334,1.0,518084000.0,0.255,365017000.0,37513000.0,1589574000.0,1501451000.0,515548000.0,0.0,0.0,0.0,1247328000.0,487565000.0,759763000.0,3877978713.0,-23038000.0,-45807000.0,15759000.0,29263000.0,0.0,43582000.0,-43717000.0,0.0,-23487000.0,584000.0,61441000.0,61441000.0,61441000.0,0.0,0.0,0.03,355737000.0,162347000.0,223577000.0,0.0,5.134,63.117,61.508,378024000.0,0.0,19.375,1.906,1.873,521137000.0,348832000.0,2034563000.0,2034563000.0,0.0,0.033,0.086,0.101,0.074,0.0,425771000.0,1.0,200153740.0,196676000,199720000.0,10.345,1637688000.0,55705000.0,52590000.0,59608000.0,8.327,662182000.0
42,SII1,MRT,1999-12-31,1999-12-31,1999-12-31,2020-06-30,-10570000.0,1894575000.0,1793036250.0,1054780000.0,839795000.0,1.007,3.706,-38852000.0,24127000.0,24127000.0,1338213000.0,56724000.0,2.306,1.631,397431000.0,50784000.0,346647000.0,397431000.0,0.0,76037000.0,0.0,0.0,0.0,145412000.0,221449000.0,0.123,221449000.0,145412000.0,104589000.0,0.292,0.287,0.292,720220000.0,684292250.0,720220000.0,2786020247.0,19.0,12.581,29857000.0,0.154,1.0,467940000.0,0.259,349773000.0,40823000.0,1460788000.0,1449199500.0,497414000.0,0.0,0.0,0.0,1174355000.0,457318000.0,717037000.0,2430432247.0,1410000.0,9355000.0,2975000.0,-83912000.0,0.0,-82377000.0,14721000.0,0.0,68709000.0,357000.0,56724000.0,56724000.0,56724000.0,0.0,0.0,0.031,318408000.0,149532000.0,218551000.0,0.0,3.375,42.847,42.541,381082000.0,0.0,12.422,1.346,1.337,474114000.0,337509000.0,1806153000.0,1806153000.0,0.0,0.032,0.083,0.1,0.081,0.0,393704000.0,1.0,195657360.0,194344000,196760000.0,9.294,1544802000.0,38954000.0,47865000.0,54566000.0,7.949,597462000.0
43,SII1,MRT,1999-09-30,1999-09-30,1999-09-30,2020-06-30,-10249000.0,1848240000.0,1759139500.0,1009032000.0,839208000.0,0.983,3.654,-51104000.0,28289000.0,28289000.0,1281450000.0,34376000.0,2.366,1.589,383877000.0,52665000.0,331212000.0,383877000.0,0.0,75230000.0,0.0,0.0,0.0,115408000.0,190638000.0,0.11,190638000.0,115408000.0,68548000.0,0.175,0.172,0.175,713792000.0,662745750.0,713792000.0,2661594510.0,23.0,13.962,89992000.0,0.461,1.0,448632000.0,0.259,345806000.0,46860000.0,1431463000.0,1450953750.0,479287000.0,0.0,0.0,0.0,1134448000.0,426559000.0,707889000.0,2002944510.0,752000.0,52672000.0,2855000.0,-143941000.0,0.0,-142619000.0,1568000.0,0.0,141096000.0,707000.0,34376000.0,34376000.0,34376000.0,0.0,0.0,0.02,334141000.0,114491000.0,182344000.0,0.0,2.806,58.266,57.857,385164000.0,0.0,10.125,1.158,1.143,433564000.0,331230000.0,1730082000.0,1730082000.0,0.0,0.02,0.052,0.08,0.067,0.0,383840000.0,1.0,197821680.0,195340000,197884000.0,8.857,1502434000.0,43869000.0,34172000.0,56978000.0,7.691,582473000.0
44,SII1,MRT,1999-06-30,1999-06-30,1999-06-30,2020-06-30,-12629000.0,1747265000.0,1755412500.0,956663000.0,790602000.0,1.008,3.416,-61847000.0,24804000.0,24804000.0,1284389000.0,11569000.0,1.658,1.641,683454000.0,253922000.0,429532000.0,683454000.0,0.0,73553000.0,0.0,0.0,0.0,70139000.0,143692000.0,0.081,143692000.0,70139000.0,19707000.0,0.06,0.06,0.06,661645000.0,646859000.0,661645000.0,2742919590.0,39.0,19.089,122964000.0,0.635,1.0,484361000.0,0.274,304934000.0,50432000.0,1523979000.0,1482899750.0,456771000.0,0.0,0.0,0.0,1085620000.0,577002000.0,508618000.0,2123036590.0,-9599000.0,-256247000.0,1341000.0,121495000.0,0.0,122743000.0,-318094000.0,0.0,184811000.0,941000.0,11569000.0,11569000.0,11569000.0,0.0,0.0,0.007,413618000.0,70743000.0,162723000.0,0.0,3.209,183.511,180.99,377656000.0,0.0,10.859,1.2,1.189,389419000.0,284370000.0,1768750000.0,1768750000.0,0.0,0.007,0.018,0.047,0.04,0.0,381939000.0,1.0,195502560.0,193684000,193684000.0,9.132,1442331000.0,56452000.0,8138000.0,51266000.0,7.447,379661000.0
45,SII1,MRT,1999-03-31,1999-03-31,1999-03-31,2020-06-30,-11144000.0,1682065000.0,1779933250.0,934327000.0,747738000.0,1.088,3.33,-80732000.0,55024000.0,55024000.0,1378252000.0,7098000.0,1.472,1.622,674907000.0,331397000.0,343510000.0,674907000.0,0.0,72077000.0,0.0,0.0,0.0,67961000.0,140038000.0,0.072,140038000.0,67961000.0,19013000.0,0.035,0.035,0.035,641512000.0,637540750.0,641512000.0,2645367120.0,39.0,18.89,141669000.0,0.735,1.0,558552000.0,0.288,286446000.0,48948000.0,1380568000.0,1496256500.0,428636000.0,0.0,0.0,0.0,1040553000.0,634934000.0,405619000.0,1954008120.0,32646000.0,-2223000.0,988000.0,-106763000.0,0.0,-107636000.0,-82955000.0,0.0,222401000.0,836000.0,7098000.0,7098000.0,7098000.0,0.0,0.0,0.004,483225000.0,75327000.0,124315000.0,0.0,3.046,275.29,285.714,361550000.0,0.0,10.0,1.009,0.995,367636000.0,287391000.0,1936804000.0,1936804000.0,0.0,0.004,0.011,0.045,0.035,0.0,396546000.0,1.0,195400812.0,192636000,194428000.0,10.054,1395619000.0,48287000.0,11915000.0,55955000.0,7.245,299393000.0
46,SII1,MRT,1998-12-31,1998-12-31,1998-12-31,2020-06-30,-10898000.0,1758988000.0,1731398250.0,997155000.0,761833000.0,1.224,3.309,-102761000.0,22717000.0,22717000.0,1489656000.0,34069000.0,1.438,1.774,714076000.0,345253000.0,368823000.0,714076000.0,0.0,70316000.0,0.0,0.0,0.0,106334000.0,176650000.0,0.083,176650000.0,106334000.0,60348000.0,0.177,0.175,0.177,634034000.0,601456750.0,634034000.0,1964021454.0,18.0,11.118,21294000.0,0.111,1.0,629059000.0,0.297,289242000.0,45986000.0,1467805000.0,1488513500.0,465705000.0,0.0,0.0,0.0,1124954000.0,693300000.0,431654000.0,1228936454.0,-14392000.0,-34685000.0,548000.0,-4581000.0,0.0,-1414000.0,-137446000.0,0.0,124055000.0,413000.0,34069000.0,34069000.0,34069000.0,0.0,0.0,0.016,503750000.0,125309000.0,145338000.0,0.0,1.938,36.072,35.576,375236000.0,0.0,6.297,0.58,0.57,424054000.0,280785000.0,2118715000.0,2118715000.0,0.0,0.02,0.057,0.071,0.05,0.0,414450000.0,1.0,195165932.0,191636000,193364000.0,11.056,1469746000.0,48509000.0,26279000.0,61823000.0,7.669,303855000.0
47,SII1,MRT,1998-09-30,1998-09-30,1998-09-30,2020-06-30,-10613000.0,1833332000.0,1709776000.0,1074226000.0,759106000.0,1.313,3.378,-110508000.0,27537000.0,27537000.0,1553025000.0,86142000.0,1.501,1.819,762622000.0,347151000.0,415471000.0,762622000.0,0.0,68928000.0,0.0,0.0,0.0,179055000.0,247983000.0,0.11,247983000.0,179055000.0,138291000.0,0.45,0.445,0.45,650245000.0,585959500.0,650245000.0,1826795290.0,10.0,7.367,-32859000.0,-0.171,1.0,691742000.0,0.308,293581000.0,40764000.0,1559247000.0,1475446000.0,503081000.0,0.0,0.0,0.0,1183087000.0,715589000.0,467498000.0,1338558290.0,4989000.0,-49948000.0,-2188000.0,88152000.0,0.0,88221000.0,-160456000.0,0.0,77649000.0,-425000.0,86142000.0,86142000.0,86142000.0,0.0,0.0,0.038,482168000.0,209574000.0,152243000.0,0.0,2.059,15.539,15.243,363077000.0,0.0,6.859,0.596,0.588,464759000.0,296854000.0,2244767000.0,2244767000.0,0.0,0.05,0.147,0.121,0.08,0.0,427168000.0,1.0,195142752.0,192516000,193644000.0,11.66,1539751000.0,40755000.0,52149000.0,38810000.0,7.998,358637000.0
48,SII1,MRT,1998-06-30,1998-06-30,1998-06-30,2020-06-30,-12431000.0,1845348000.0,,1136902000.0,708446000.0,,3.266,-121136000.0,34403000.0,34403000.0,1581107000.0,94483000.0,2.288,1.956,522640000.0,87313000.0,435327000.0,522640000.0,0.0,66394000.0,0.0,0.0,0.0,186977000.0,253371000.0,0.111,253371000.0,186977000.0,149756000.0,0.495,0.487,0.495,624372000.0,,624372000.0,2107280405.0,11.0,8.317,-60461000.0,-0.316,1.0,705305000.0,0.308,259289000.0,37221000.0,1577406000.0,,519048000.0,0.0,0.0,0.0,1220976000.0,496890000.0,724086000.0,1679453405.0,7036000.0,-52639000.0,-1821000.0,103260000.0,0.0,120818000.0,-173775000.0,0.0,60675000.0,-682000.0,94483000.0,94483000.0,94483000.0,0.0,0.0,0.041,482288000.0,223017000.0,190915000.0,0.0,2.69,17.775,17.582,354246000.0,0.0,8.703,0.735,0.728,500354000.0,272801000.0,2286412000.0,2286412000.0,0.0,,,,0.082,0.0,427288000.0,1.0,192971196.0,191172000,191172000.0,11.96,1586059000.0,41357000.0,55273000.0,39957000.0,8.297,640012000.0
49,SII1,MRT,1998-03-31,1998-03-31,1998-03-31,2020-06-30,-12413000.0,1487925000.0,,921216000.0,566709000.0,,2.613,-116680000.0,26980000.0,26980000.0,1565873000.0,130108000.0,2.587,1.993,454807000.0,81542000.0,373265000.0,454807000.0,0.0,66389000.0,0.0,0.0,0.0,231388000.0,297777000.0,0.132,297777000.0,231388000.0,196988000.0,0.682,0.675,0.682,497176000.0,,497176000.0,2589702694.0,11.0,8.697,-120378000.0,-0.633,1.0,690657000.0,0.306,210129000.0,34400000.0,1349596000.0,,391656000.0,0.0,0.0,0.0,990749000.0,356027000.0,634722000.0,2220871694.0,-11318000.0,-83076000.0,-1153000.0,175549000.0,0.0,193507000.0,-199756000.0,0.0,-3698000.0,-1371000.0,130108000.0,130108000.0,130108000.0,0.0,0.0,0.058,419559000.0,271098000.0,120365000.0,0.0,4.467,17.069,20.184,282936000.0,0.0,13.766,0.984,1.161,439270000.0,193594000.0,2256530000.0,2256530000.0,0.0,,,,0.103,0.0,419559000.0,1.0,161334548.0,190288000,192212000.0,11.858,1277796000.0,25108000.0,66880000.0,54097000.0,6.715,565189000.0
50,SII1,MRT,1997-12-31,1997-12-31,1997-12-31,2020-06-30,-11500000.0,1672499000.0,1373540500.0,1073353000.0,599146000.0,1.578,3.011,-98679000.0,37109000.0,37109000.0,1515353000.0,121329000.0,2.267,1.924,463102000.0,91523000.0,371579000.0,463102000.0,0.0,58553000.0,0.0,0.0,0.0,211613000.0,270166000.0,0.125,270166000.0,211613000.0,180438000.0,0.637,0.63,0.637,572045000.0,470290500.0,572045000.0,,,,-59788000.0,-0.315,1.0,652599000.0,0.301,209585000.0,31175000.0,1415535000.0,1153352500.0,467963000.0,0.0,0.0,0.0,1100454000.0,473372000.0,627082000.0,2475476971.0,1791000.0,-80656000.0,-901000.0,126399000.0,0.0,143009000.0,-179335000.0,0.0,38891000.0,-774000.0,121329000.0,121329000.0,121329000.0,0.0,0.0,0.056,403653000.0,248946000.0,204771000.0,0.0,4.327,20.403,24.088,312663000.0,0.0,15.344,1.142,1.345,510984000.0,246809000.0,2167952000.0,2167952000.0,0.0,0.088,0.258,0.183,0.098,0.0,403653000.0,1.0,161334548.0,190016000,192332000.0,11.409,1462914000.0,27329000.0,59109000.0,43581000.0,7.699,599981000.0
51,SII1,MRT,1997-09-30,1997-09-30,1997-09-30,2020-06-30,,,,,,,,,,,,,,,,,,,,,,0.0,0.0,,,,,,,,,,,,,,,,,,1.0,,,,,,,,,,,,,,,,,,,,,,,,,,,,,,,,,,,,,,,,19.422,,,,,,,,,,,,,,1.0,,190148000,,,,,,,,
52,SII1,MRT,1997-06-30,1997-06-30,1997-06-30,2020-06-30,,,,,,,,,,,,,,,,,,,,,,0.0,0.0,,,,,,,,,,,,,,,,,,1.0,,,,,,,,,,,,,,,,,,,,,,,,,,,,,,,,,,,,,,,,15.188,,,,,,,,,,,,,,1.0,,189924000,,,,,,,,
53,SII1,MRT,1997-03-31,1997-03-31,1997-03-31,2020-06-30,,,,,,,,,,,,,,,,,,,,,,0.0,0.0,,,,,,,,,,,,,,,,,,1.0,,,,,,,,,,,,,,,,,,,,,,,,,,,,,,,,,,,,,,,,11.406,,,,,,,,,,,,,,1.0,,158156000,,,,,,,,
54,SII1,MRT,1996-12-31,1996-12-31,1996-12-31,2020-06-30,-5356000.0,1074582000.0,,665277000.0,409305000.0,,1.95,-69534000.0,25540000.0,25540000.0,1179178000.0,73297000.0,2.214,1.916,303426000.0,74983000.0,228443000.0,303426000.0,0.0,40948000.0,0.0,0.0,0.0,126554000.0,167502000.0,0.101,167502000.0,126554000.0,104912000.0,0.388,0.383,0.388,368536000.0,,368536000.0,,,,-35595000.0,-0.188,1.0,472728000.0,0.286,160797000.0,21642000.0,891170000.0,,295041000.0,0.0,0.0,0.0,706046000.0,300501000.0,405545000.0,,13731000.0,-104683000.0,-1661000.0,152152000.0,0.0,153984000.0,-174217000.0,0.0,33939000.0,25000.0,73297000.0,73297000.0,73297000.0,0.0,0.0,0.044,323943000.0,148785000.0,106962000.0,0.0,,,28.914,205251000.0,0.0,11.219,,1.284,309062000.0,62482000.0,1651906000.0,1651906000.0,0.0,,,,0.077,0.0,323943000.0,1.0,,189008000,191120000.0,8.74,913785000.0,8979000.0,31615000.0,21765000.0,4.835,364776000.0
55,SII1,MRT,1995-12-31,1995-12-31,1995-12-31,2020-06-30,,,,,,,,-25084000.0,,,582004000.0,45592000.0,,,,,,,,25540000.0,,0.0,0.0,72302000.0,97842000.0,0.112,97842000.0,72302000.0,58201000.0,0.292,0.29,0.292,,,,,,,2104000.0,0.013,1.0,292540000.0,0.335,,14101000.0,,,,,,,,,,,6700000.0,-6131000.0,0.0,9875000.0,0.0,10678000.0,-31215000.0,0.0,27188000.0,49000.0,45592000.0,45592000.0,45592000.0,0.0,0.0,0.052,206292000.0,86248000.0,,0.0,,,20.12,,0.0,5.875,,1.049,,,874544000.0,874544000.0,0.0,,,,0.083,0.0,206292000.0,1.0,,156172000,157532000.0,5.6,,,12609000.0,,,
