None,ticker,dimension,calendardate,datekey,reportperiod,lastupdated,accoci,assets,assetsavg,assetsc,assetsnc,assetturnover,bvps,capex,cashneq,cashnequsd,cor,consolinc,currentratio,de,debt,debtc,debtnc,debtusd,deferredrev,depamor,deposits,divyield,dps,ebit,ebitda,ebitdamargin,ebitdausd,ebitusd,ebt,eps,epsdil,epsusd,equity,equityavg,equityusd,ev,evebit,evebitda,fcf,fcfps,fxusd,gp,grossmargin,intangibles,intexp,invcap,invcapavg,inventory,investments,investmentsc,investmentsnc,liabilities,liabilitiesc,liabilitiesnc,marketcap,ncf,ncfbus,ncfcommon,ncfdebt,ncfdiv,ncff,ncfi,ncfinv,ncfo,ncfx,netinc,netinccmn,netinccmnusd,netincdis,netincnci,netmargin,opex,opinc,payables,payoutratio,pb,pe,pe1,ppnenet,prefdivis,price,ps,ps1,receivables,retearn,revenue,revenueusd,rnd,roa,roe,roic,ros,sbcomp,sgna,sharefactor,sharesbas,shareswa,shareswadil,sps,tangibles,taxassets,taxexp,taxliabilities,tbvps,workingcapital
0,ODFL,MRY,2020-12-31,2020-12-31,2020-12-31,2021-08-05,0.0,4369410000.0,4164528000.0,1243339000.0,3126071000.0,0.964,28.252,-221391000.0,401430000.0,401430000.0,588321000.0,672682000.0,3.332,0.314,99931000.0,0.0,99931000.0,99931000.0,0.0,273230000.0,0.0,0.003,0.603,904146000.0,1177376000.0,0.293,1177376000.0,904146000.0,901364000.0,5.71,5.68,5.71,3326288000.0,3123909500.0,3326288000.0,22625282825.0,25.0,19.217,711633000.0,6.044,1.0,3426808000.0,0.853,0.0,2782000.0,3694781000.0,3398048750.0,0.0,330274000.0,330274000.0,0.0,1043122000.0,373130000.0,669992000.0,22900751825.0,-2141000.0,0.0,-364057000.0,54923000.0,-71023000.0,-383502000.0,-551663000.0,-330172000.0,933024000.0,0.0,672682000.0,672682000.0,672682000.0,0.0,0.0,0.168,2519926000.0,906882000.0,68511000.0,0.106,6.885,34.044,34.182,2914031000.0,0.0,195.18,5.704,5.723,454222000.0,3088131000.0,4015129000.0,4015129000.0,0.0,0.162,0.215,0.266,0.225,11337000.0,2195715000.0,1.0,117331447.0,117737180,118493203.0,34.102,4369410000.0,0.0,228682000.0,228921000.0,37.112,870209000.0
1,ODFL,MRY,2019-12-31,2019-12-31,2019-12-31,2021-08-05,0.0,3995568000.0,3837682750.0,866834000.0,3128734000.0,1.071,25.584,-473639000.0,403571000.0,403571000.0,679589000.0,615518000.0,2.368,0.297,45000000.0,0.0,45000000.0,45000000.0,0.0,264747000.0,0.0,0.004,0.453,824326000.0,1089073000.0,0.265,1089073000.0,824326000.0,823949000.0,5.11,5.1,5.11,3080717000.0,2889775250.0,3080717000.0,14871621815.0,18.0,13.655,510249000.0,4.237,1.0,3429522000.0,0.835,0.0,377000.0,3270912000.0,3182422750.0,0.0,0.0,0.0,0.0,914851000.0,366085000.0,548766000.0,15148907815.0,213289000.0,0.0,-240960000.0,0.0,-54552000.0,-296960000.0,-473639000.0,0.0,983888000.0,0.0,615518000.0,615518000.0,615518000.0,0.0,0.0,0.15,2610816000.0,818706000.0,70254000.0,0.089,4.917,24.612,24.759,2968835000.0,0.0,126.52,3.687,3.708,408165000.0,2850302000.0,4109111000.0,4109111000.0,0.0,0.16,0.213,0.259,0.201,16717000.0,2276040000.0,1.0,119735282.0,120414218,120609599.0,34.125,3995568000.0,0.0,208431000.0,264811000.0,33.182,500749000.0
2,ODFL,MRY,2018-12-31,2018-12-31,2018-12-31,2021-08-05,0.0,3545283000.0,3374920250.0,706229000.0,2839054000.0,1.198,21.813,-581309000.0,190282000.0,190282000.0,705703000.0,605668000.0,1.98,0.323,45000000.0,0.0,45000000.0,45000000.0,0.0,230357000.0,0.0,0.004,0.347,815702000.0,1046059000.0,0.259,1046059000.0,815702000.0,815513000.0,4.93,4.92,4.93,2680483000.0,2534554250.0,2680483000.0,9962857406.0,12.0,9.524,318807000.0,2.594,1.0,3337992000.0,0.825,19463000.0,189000.0,3023806000.0,2875683750.0,0.0,0.0,0.0,0.0,864800000.0,356732000.0,508068000.0,10095325406.0,62820000.0,0.0,-163265000.0,-50000000.0,-42566000.0,-256905000.0,-580391000.0,0.0,900116000.0,0.0,605668000.0,605668000.0,605668000.0,0.0,0.0,0.15,2520941000.0,817051000.0,78518000.0,0.07,3.766,16.668,16.699,2754943000.0,0.0,82.327,2.497,2.502,468260000.0,2530184000.0,4043695000.0,4043695000.0,0.0,0.179,0.239,0.284,0.202,4894000.0,2225852000.0,1.0,122625218.0,122885346,123029672.0,32.906,3525820000.0,0.0,209845000.0,247669000.0,28.692,349497000.0
3,ODFL,MRY,2017-12-31,2017-12-31,2017-12-31,2021-08-05,0.0,3068424000.0,2902450500.0,584653000.0,2483771000.0,1.157,18.442,-369885000.0,127462000.0,127462000.0,574307000.0,463774000.0,1.665,0.348,95000000.0,50000000.0,45000000.0,95000000.0,0.0,205763000.0,0.0,0.003,0.267,577986000.0,783749000.0,0.233,783749000.0,577986000.0,575832000.0,3.753,3.753,3.753,2276854000.0,2066556000.0,2276854000.0,10853464565.0,19.0,13.848,166409000.0,1.348,1.0,2783805000.0,0.829,19463000.0,2154000.0,2665450000.0,2559780000.0,0.0,0.0,0.0,0.0,791570000.0,351049000.0,440521000.0,10836555565.0,117291000.0,0.0,-8013000.0,-9975000.0,-32925000.0,-51257000.0,-367746000.0,0.0,536294000.0,0.0,463774000.0,463774000.0,463774000.0,0.0,0.0,0.138,2207919000.0,575886000.0,73729000.0,0.071,4.759,23.366,23.368,2404459000.0,0.0,87.7,3.227,3.224,415781000.0,2130257000.0,3358112000.0,3358112000.0,0.0,0.16,0.224,0.226,0.172,3242000.0,1937927000.0,1.0,123563918.0,123462626,123610602.0,27.199,3048961000.0,0.0,112058000.0,189960000.0,24.695,233604000.0
4,ODFL,MRY,2016-12-31,2016-12-31,2016-12-31,2021-08-05,0.0,2696247000.0,2638959250.0,382622000.0,2313625000.0,1.134,14.849,-407400000.0,10171000.0,10171000.0,489474000.0,295765000.0,1.326,0.457,104975000.0,0.0,104975000.0,104975000.0,0.0,189867000.0,0.0,0.0,0.0,481919000.0,671786000.0,0.225,671786000.0,481919000.0,477587000.0,2.373,2.373,2.373,1851158000.0,1771669500.0,1851158000.0,7250604166.0,15.0,10.793,158183000.0,1.269,1.0,2502043000.0,0.836,19463000.0,4332000.0,2482952000.0,2476142000.0,0.0,0.0,0.0,0.0,845089000.0,288636000.0,556453000.0,7072489166.0,-1301000.0,0.0,-130316000.0,-28830000.0,0.0,-159484000.0,-407400000.0,0.0,565583000.0,0.0,295765000.0,295765000.0,295765000.0,0.0,0.0,0.099,2018208000.0,483835000.0,89216000.0,0.0,3.821,23.913,24.102,2241402000.0,0.0,57.193,2.364,2.383,334489000.0,1707450000.0,2991517000.0,2991517000.0,0.0,0.112,0.167,0.195,0.161,1410000.0,1766585000.0,1.0,123659328.0,124668018,124730488.0,23.996,2676784000.0,0.0,181822000.0,272599000.0,21.471,93986000.0
5,ODFL,MRY,2015-12-31,2015-12-31,2015-12-31,2021-08-05,0.0,2466504000.0,2414860000.0,381730000.0,2084774000.0,1.231,13.154,-437617000.0,11472000.0,11472000.0,563481000.0,304690000.0,1.338,0.464,133805000.0,26488000.0,107317000.0,133805000.0,0.0,165343000.0,0.0,0.0,0.0,495227000.0,660570000.0,0.222,660570000.0,495227000.0,490017000.0,2.38,2.38,2.38,1684637000.0,1618768500.0,1684637000.0,5170361255.0,10.0,7.827,116263000.0,0.908,1.0,2408961000.0,0.81,19463000.0,5210000.0,2283972000.0,2194209250.0,0.0,0.0,0.0,0.0,781867000.0,285402000.0,496465000.0,4996396255.0,-23315000.0,0.0,-114117000.0,-25461000.0,0.0,-139578000.0,-437617000.0,0.0,553880000.0,0.0,304690000.0,304690000.0,304690000.0,0.0,0.0,0.103,1910721000.0,498240000.0,66774000.0,0.0,2.966,16.398,16.546,2023448000.0,0.0,39.38,1.681,1.697,345048000.0,1541795000.0,2972442000.0,2972442000.0,0.0,0.126,0.188,0.226,0.167,0.0,1686012000.0,1.0,126876492.0,128067720,128067720.0,23.21,2447041000.0,0.0,185327000.0,235054000.0,19.107,96328000.0
6,ODFL,MRY,2014-12-31,2014-12-31,2014-12-31,2021-08-05,0.0,2206866000.0,2137809000.0,403772000.0,1803094000.0,1.304,11.56,-345814000.0,34787000.0,34787000.0,645404000.0,267514000.0,1.579,0.477,155714000.0,35714000.0,120000000.0,155714000.0,0.0,146466000.0,0.0,0.0,0.0,439124000.0,585590000.0,0.21,585590000.0,439124000.0,432514000.0,2.067,2.067,2.067,1494064000.0,1388394500.0,1494064000.0,6865592156.0,16.0,11.724,45860000.0,0.355,1.0,2142493000.0,0.768,19463000.0,6610000.0,2052692000.0,1989036750.0,0.0,0.0,0.0,0.0,712802000.0,255638000.0,457164000.0,6689844156.0,4613000.0,0.0,-5532000.0,-35715000.0,0.0,-41247000.0,-345814000.0,0.0,391674000.0,0.0,267514000.0,267514000.0,267514000.0,0.0,0.0,0.096,1701186000.0,441307000.0,45314000.0,0.0,4.478,25.007,25.041,1743245000.0,0.0,51.76,2.4,2.4,347900000.0,1351054000.0,2787897000.0,2787897000.0,0.0,0.125,0.193,0.221,0.158,0.0,1489949000.0,1.0,129247376.0,129243206,129243206.0,21.571,2187403000.0,0.0,165000000.0,191412000.0,16.925,148134000.0
7,ODFL,MRY,2013-12-31,2013-12-31,2013-12-31,2021-08-05,0.0,1932089000.0,1863172500.0,332979000.0,1599110000.0,1.255,9.533,-284371000.0,30174000.0,30174000.0,563235000.0,206113000.0,1.434,0.568,191429000.0,35715000.0,155714000.0,191429000.0,0.0,127072000.0,0.0,0.0,0.0,338306000.0,465378000.0,0.199,465378000.0,338306000.0,328686000.0,1.593,1.593,1.593,1232082000.0,1152076750.0,1232082000.0,4762472899.0,14.0,10.234,66295000.0,0.513,1.0,1774413000.0,0.759,19463000.0,9620000.0,1841759000.0,1783372000.0,0.0,0.0,0.0,0.0,700007000.0,232122000.0,467885000.0,4568463899.0,17317000.0,0.0,0.0,-48978000.0,0.0,-48978000.0,-284371000.0,0.0,350666000.0,0.0,206113000.0,206113000.0,206113000.0,0.0,0.0,0.088,1435975000.0,338438000.0,36788000.0,0.0,3.708,22.165,22.189,1543059000.0,0.0,35.347,1.954,1.954,258294000.0,1089065000.0,2337648000.0,2337648000.0,0.0,0.111,0.179,0.19,0.145,0.0,1263680000.0,1.0,129247376.0,129247376,129247376.0,18.087,1912626000.0,23249000.0,122573000.0,191285000.0,14.798,100857000.0
8,ODFL,MRY,2012-12-31,2012-12-31,2012-12-31,2021-08-05,0.0,1712514000.0,1660243000.0,275028000.0,1437486000.0,1.286,7.938,-361175000.0,12857000.0,12857000.0,540582000.0,169452000.0,1.222,0.669,240407000.0,38978000.0,201429000.0,240407000.0,0.0,110743000.0,0.0,0.0,0.0,284639000.0,395382000.0,0.185,395382000.0,284639000.0,273098000.0,1.313,1.313,1.313,1025969000.0,958879250.0,1025969000.0,3229642355.0,11.0,8.168,-33119000.0,-0.256,1.0,1593997000.0,0.747,19463000.0,11541000.0,1695462000.0,1642250500.0,0.0,0.0,0.0,0.0,686545000.0,225139000.0,461406000.0,2953733355.0,-62993000.0,0.0,0.0,-29872000.0,0.0,-29874000.0,-361175000.0,0.0,328056000.0,0.0,169452000.0,169452000.0,169452000.0,0.0,0.0,0.079,1308743000.0,285254000.0,44891000.0,0.0,2.879,17.431,17.405,1379305000.0,0.0,22.853,1.384,1.384,220363000.0,882952000.0,2134579000.0,2134579000.0,0.0,0.102,0.177,0.173,0.133,0.0,1145439000.0,1.0,129247376.0,129247446,129247446.0,16.515,1693051000.0,20054000.0,103646000.0,159513000.0,13.099,49889000.0
9,ODFL,MRY,2011-12-31,2011-12-31,2011-12-31,2021-08-05,0.0,1513074000.0,1444919500.0,331852000.0,1181222000.0,1.318,6.661,-245332000.0,75850000.0,75850000.0,502986000.0,139470000.0,1.62,0.767,269185000.0,39354000.0,229831000.0,269185000.0,0.0,90820000.0,0.0,0.0,0.0,234151000.0,324971000.0,0.171,324971000.0,234151000.0,220084000.0,1.087,1.087,1.087,856519000.0,797445500.0,856519000.0,2550389922.0,11.0,7.848,32602000.0,0.254,1.0,1400814000.0,0.736,19463000.0,14067000.0,1482136000.0,1422594000.0,0.0,0.0,0.0,0.0,656555000.0,204810000.0,451745000.0,2328177922.0,70400000.0,0.0,48400000.0,-10602000.0,0.0,37798000.0,-245332000.0,0.0,277934000.0,0.0,139470000.0,139470000.0,139470000.0,0.0,0.0,0.073,1166742000.0,234072000.0,42096000.0,0.0,2.718,16.693,16.572,1126950000.0,0.0,18.013,1.223,1.217,217922000.0,713500000.0,1903800000.0,1903800000.0,0.0,0.097,0.175,0.165,0.123,0.0,1024083000.0,1.0,129247479.0,128579592,128579592.0,14.806,1493611000.0,19466000.0,80614000.0,134948000.0,11.616,127042000.0
10,ODFL,MRY,2010-12-31,2010-12-31,2010-12-31,2021-08-05,0.0,1239881000.0,1213703000.0,222582000.0,1017299000.0,1.22,5.314,-103743000.0,5450000.0,5450000.0,350200000.0,75651000.0,1.309,0.854,271217000.0,37130000.0,234087000.0,271217000.0,0.0,80362000.0,0.0,0.0,0.0,137039000.0,217401000.0,0.147,217401000.0,137039000.0,124426000.0,0.6,0.6,0.6,668649000.0,634539250.0,668649000.0,2049383971.0,15.0,9.427,36779000.0,0.292,1.0,1130798000.0,0.764,19463000.0,12613000.0,1316139000.0,1277875250.0,0.0,0.0,0.0,0.0,571232000.0,170046000.0,401186000.0,1789102971.0,1279000.0,0.0,0.0,-35498000.0,0.0,-35500000.0,-103743000.0,0.0,140522000.0,0.0,75651000.0,75651000.0,75651000.0,0.0,0.0,0.051,993059000.0,137739000.0,29221000.0,0.0,2.676,23.649,23.696,964216000.0,0.0,14.218,1.208,1.208,180700000.0,574030000.0,1480998000.0,1480998000.0,0.0,0.062,0.119,0.107,0.093,0.0,865617000.0,1.0,125835626.0,125835724,125835724.0,11.769,1220418000.0,18666000.0,48775000.0,90768000.0,9.699,52536000.0
11,ODFL,MRY,2009-12-31,2009-12-31,2009-12-31,2021-08-05,0.0,1159278000.0,1146921250.0,174175000.0,985103000.0,1.086,4.712,-208585000.0,4171000.0,4171000.0,265290000.0,34871000.0,1.176,0.955,305532000.0,36676000.0,268856000.0,305532000.0,0.0,94784000.0,0.0,0.0,0.0,70206000.0,164990000.0,0.133,164990000.0,70206000.0,57165000.0,0.276,0.276,0.276,593000000.0,577811250.0,593000000.0,1454915522.0,21.0,8.818,-77869000.0,-0.619,1.0,979715000.0,0.787,19463000.0,13041000.0,1293051000.0,1260996250.0,0.0,0.0,0.0,0.0,566278000.0,148125000.0,418153000.0,1144639522.0,-19933000.0,0.0,0.0,53075000.0,0.0,53075000.0,-203724000.0,4861000.0,130716000.0,0.0,34871000.0,34871000.0,34871000.0,0.0,0.0,0.028,909324000.0,70391000.0,28140000.0,0.0,1.93,32.825,32.958,939495000.0,0.0,9.096,0.919,0.919,140918000.0,498379000.0,1245005000.0,1245005000.0,0.0,0.03,0.06,0.056,0.056,0.0,768371000.0,1.0,125835778.0,125835779,125835779.0,9.894,1139815000.0,16244000.0,22294000.0,80722000.0,9.058,26050000.0
12,ODFL,MRY,2008-12-31,2008-12-31,2008-12-31,2021-08-05,0.0,1074905000.0,1053300250.0,209230000.0,865675000.0,1.46,4.435,-178016000.0,24104000.0,24104000.0,400841000.0,68677000.0,1.471,0.926,251989000.0,11972000.0,240017000.0,251989000.0,0.0,87113000.0,0.0,0.0,0.0,126674000.0,213787000.0,0.139,213787000.0,126674000.0,112666000.0,0.547,0.547,0.547,558129000.0,532193250.0,558129000.0,1282645851.0,10.0,6.0,18490000.0,0.147,1.0,1136883000.0,0.739,25550000.0,14008000.0,1135050000.0,1098335250.0,0.0,4861000.0,4861000.0,0.0,516776000.0,142190000.0,374586000.0,1061121851.0,17776000.0,-7267000.0,0.0,-12931000.0,0.0,-12931000.0,-165799000.0,19484000.0,196506000.0,0.0,68677000.0,68677000.0,68677000.0,0.0,0.0,0.045,1007813000.0,129070000.0,40999000.0,0.0,1.901,15.451,15.416,824485000.0,0.0,8.433,0.69,0.69,146536000.0,463508000.0,1537724000.0,1537724000.0,0.0,0.065,0.129,0.115,0.082,0.0,863541000.0,1.0,125835778.0,125835779,125835779.0,12.22,1049355000.0,20268000.0,43989000.0,73968000.0,8.339,67040000.0
13,ODFL,MRY,2007-12-31,2007-12-31,2007-12-31,2021-08-05,0.0,981048000.0,963332000.0,216277000.0,764771000.0,1.455,3.89,-181600000.0,6328000.0,6328000.0,333642000.0,71832000.0,1.693,1.004,263754000.0,12193000.0,251561000.0,263754000.0,0.0,79863000.0,0.0,0.0,0.0,130261000.0,210124000.0,0.15,210124000.0,130261000.0,115795000.0,0.572,0.572,0.572,489452000.0,462028250.0,489452000.0,1127102839.0,9.0,5.364,-23864000.0,-0.19,1.0,1067900000.0,0.762,23518000.0,14466000.0,1087233000.0,1066114500.0,0.0,24375000.0,24375000.0,0.0,491596000.0,127723000.0,363873000.0,861648839.0,3764000.0,-20431000.0,0.0,-12726000.0,0.0,-12726000.0,-141246000.0,60785000.0,157736000.0,0.0,71832000.0,71832000.0,71832000.0,0.0,0.0,0.051,937963000.0,129937000.0,33341000.0,0.0,1.76,11.995,11.971,721450000.0,0.0,6.847,0.615,0.615,158161000.0,394831000.0,1401542000.0,1401542000.0,0.0,0.075,0.155,0.122,0.093,0.0,806469000.0,1.0,125835778.0,125835778,125835778.0,11.138,957530000.0,13964000.0,43963000.0,62312000.0,7.609,88554000.0
14,ODFL,MRY,2006-12-31,2006-12-31,2006-12-31,2021-08-05,0.0,892193000.0,839401250.0,256367000.0,635826000.0,1.524,3.319,-193472000.0,2564000.0,2564000.0,295012000.0,72569000.0,2.109,1.136,274582000.0,12697000.0,261885000.0,274582000.0,0.0,67634000.0,0.0,0.0,0.0,131786000.0,199420000.0,0.156,199420000.0,131786000.0,119343000.0,0.578,0.578,0.578,417620000.0,388786500.0,417620000.0,1168721127.0,9.0,5.861,-38862000.0,-0.309,1.0,984419000.0,0.769,16772000.0,12443000.0,1025893000.0,943641750.0,0.0,85160000.0,85160000.0,0.0,474573000.0,121546000.0,353027000.0,897442127.0,1578000.0,-19414000.0,0.0,145626000.0,0.0,145014000.0,-298046000.0,-85160000.0,154610000.0,0.0,72569000.0,72569000.0,72569000.0,0.0,0.0,0.057,853934000.0,130485000.0,37686000.0,0.0,2.149,12.367,12.339,607588000.0,0.0,7.132,0.701,0.701,144991000.0,322999000.0,1279431000.0,1279431000.0,0.0,0.086,0.187,0.14,0.103,0.0,734671000.0,1.0,125835778.0,125835778,125835778.0,10.167,875421000.0,12320000.0,46774000.0,52115000.0,6.957,134821000.0
15,ODFL,MRY,2005-12-31,2005-12-31,2005-12-31,2021-08-05,0.0,641648000.0,614635250.0,150213000.0,491435000.0,1.727,2.743,-137375000.0,986000.0,986000.0,231995000.0,53475000.0,1.353,0.86,128956000.0,17930000.0,111026000.0,128956000.0,0.0,55897000.0,0.0,0.0,0.0,96546000.0,152443000.0,0.144,152443000.0,96546000.0,89863000.0,0.424,0.424,0.424,345051000.0,322870250.0,345051000.0,1138422253.0,12.0,7.468,-23753000.0,-0.189,1.0,829408000.0,0.781,0.0,6683000.0,658590000.0,618764000.0,0.0,0.0,0.0,0.0,296597000.0,111028000.0,185569000.0,1005196253.0,244000.0,-23113000.0,0.0,47513000.0,0.0,47110000.0,-160488000.0,0.0,113622000.0,0.0,53475000.0,53475000.0,53475000.0,0.0,0.0,0.05,731823000.0,97585000.0,30967000.0,0.0,2.913,18.797,18.84,466071000.0,0.0,7.988,0.947,0.947,127199000.0,250430000.0,1061403000.0,1061403000.0,0.0,0.087,0.166,0.156,0.091,0.0,630392000.0,1.0,125835955.0,125796010,125807587.0,8.437,641648000.0,10681000.0,36388000.0,46851000.0,5.101,39185000.0
16,ODFL,MRY,2004-12-31,2004-12-31,2004-12-31,2021-08-05,0.0,504733000.0,489292000.0,122537000.0,382196000.0,1.684,2.359,-92106000.0,742000.0,742000.0,161389000.0,38992000.0,1.306,0.731,79454000.0,22030000.0,57424000.0,79454000.0,0.0,44823000.0,0.0,0.0,0.0,69924000.0,114747000.0,0.139,114747000.0,69924000.0,64587000.0,0.317,0.314,0.317,291528000.0,264841000.0,291528000.0,942523178.0,13.0,8.214,-2261000.0,-0.018,1.0,662662000.0,0.804,0.0,5337000.0,489625000.0,477124750.0,0.0,0.0,0.0,0.0,213205000.0,93820000.0,119385000.0,864614178.0,-309000.0,0.0,19753000.0,-17972000.0,0.0,1952000.0,-92106000.0,0.0,89845000.0,0.0,38992000.0,38992000.0,38992000.0,0.0,0.0,0.047,592054000.0,70608000.0,25305000.0,0.0,2.966,22.174,21.685,363268000.0,0.0,6.874,1.049,1.031,97253000.0,196955000.0,824051000.0,824051000.0,0.0,0.08,0.147,0.147,0.085,0.0,507766000.0,1.0,125779002.0,123559584,123643446.0,6.669,504733000.0,4602000.0,25595000.0,40689000.0,4.085,28717000.0
17,ODFL,MRY,2003-12-31,2003-12-31,2003-12-31,2021-08-05,0.0,434559000.0,420458750.0,101370000.0,333189000.0,1.588,1.909,-98441000.0,1051000.0,1051000.0,120100000.0,27600000.0,1.294,0.869,97426000.0,22440000.0,74986000.0,97426000.0,0.0,38210000.0,0.0,0.0,0.0,51408000.0,89618000.0,0.134,89618000.0,51408000.0,45297000.0,0.225,0.225,0.225,232541000.0,220181250.0,232541000.0,638046716.0,12.0,7.12,-23377000.0,-0.192,1.0,547431000.0,0.82,0.0,6111000.0,452602000.0,434802750.0,0.0,0.0,0.0,0.0,202018000.0,78332000.0,123686000.0,547302716.0,-18208000.0,0.0,0.0,4203000.0,0.0,5169000.0,-98441000.0,0.0,75064000.0,0.0,27600000.0,27600000.0,27600000.0,0.0,0.0,0.041,496215000.0,51216000.0,12185000.0,0.0,2.354,19.83,19.946,315768000.0,0.0,4.488,0.82,0.819,75578000.0,157963000.0,667531000.0,667531000.0,0.0,0.066,0.125,0.118,0.077,0.0,430023000.0,1.0,121950704.0,121838887,121979267.0,5.479,434559000.0,4539000.0,17697000.0,32999000.0,3.567,23038000.0
18,ODFL,MRY,2002-12-31,2002-12-31,2002-12-31,2021-08-05,0.0,389478000.0,348481000.0,114545000.0,274933000.0,1.626,2.072,-69105000.0,19259000.0,19259000.0,97863000.0,18462000.0,1.814,0.913,93223000.0,11139000.0,82084000.0,93223000.0,0.0,31081000.0,0.0,0.0,0.0,36001000.0,67082000.0,0.118,67082000.0,36001000.0,30265000.0,0.188,0.188,0.188,203563000.0,158859750.0,203563000.0,399425938.0,11.0,5.954,-24765000.0,-0.252,1.0,468596000.0,0.827,0.0,5736000.0,400312000.0,371913500.0,0.0,0.0,0.0,0.0,185915000.0,63130000.0,122785000.0,292430938.0,18498000.0,0.0,48462000.0,-5199000.0,0.0,43263000.0,-69105000.0,0.0,44340000.0,0.0,18462000.0,18462000.0,18462000.0,0.0,0.0,0.033,432310000.0,36286000.0,16841000.0,0.0,1.437,15.84,13.262,255827000.0,0.0,2.493,0.516,0.432,68005000.0,130363000.0,566459000.0,566459000.0,0.0,0.053,0.116,0.097,0.064,0.0,371857000.0,1.0,117287716.0,98254028,98351881.0,5.765,389478000.0,3670000.0,11803000.0,25855000.0,3.964,51415000.0
19,ODFL,MRY,2001-12-31,2001-12-31,2001-12-31,2021-08-05,0.0,310840000.0,307634000.0,73866000.0,236974000.0,1.633,1.443,-36908000.0,761000.0,761000.0,89866000.0,11905000.0,1.461,1.275,98422000.0,8408000.0,90014000.0,98422000.0,0.0,29888000.0,0.0,0.0,0.0,25416000.0,55304000.0,0.11,55304000.0,25416000.0,19517000.0,0.125,0.125,0.125,136639000.0,130924250.0,136639000.0,188327811.0,7.0,3.405,-4649000.0,-0.049,1.0,412373000.0,0.821,0.0,5899000.0,357935000.0,339859250.0,0.0,0.0,0.0,0.0,174201000.0,50566000.0,123635000.0,105406811.0,176000.0,-10055000.0,0.0,14880000.0,0.0,14880000.0,-46963000.0,0.0,32259000.0,0.0,11905000.0,11905000.0,11905000.0,0.0,0.0,0.024,387648000.0,24725000.0,13799000.0,0.0,0.771,8.854,8.906,218183000.0,0.0,1.113,0.21,0.21,52158000.0,111901000.0,502239000.0,502239000.0,0.0,0.039,0.091,0.075,0.051,0.0,333494000.0,1.0,94688443.0,94688443,94703896.0,5.304,310840000.0,873000.0,7612000.0,21206000.0,3.283,23300000.0
20,ODFL,MRY,2000-12-31,2000-12-31,2000-12-31,2021-08-05,0.0,296591000.0,279666000.0,80196000.0,216395000.0,1.701,1.317,-61030000.0,585000.0,585000.0,88410000.0,13696000.0,1.265,1.378,83542000.0,9035000.0,74507000.0,83542000.0,0.0,27037000.0,0.0,0.0,0.0,26850000.0,53887000.0,0.113,53887000.0,26850000.0,22453000.0,0.145,0.145,0.145,124734000.0,119568500.0,124734000.0,163287980.0,6.0,3.03,-18868000.0,-0.199,1.0,387393000.0,0.814,0.0,4397000.0,316138000.0,290854250.0,0.0,0.0,0.0,0.0,171857000.0,63410000.0,108447000.0,78971980.0,-196000.0,0.0,0.0,18672000.0,0.0,18672000.0,-61030000.0,0.0,42162000.0,0.0,13696000.0,13696000.0,13696000.0,0.0,0.0,0.029,360640000.0,26753000.0,26515000.0,0.0,0.633,5.766,5.752,201350000.0,0.0,0.834,0.166,0.166,58723000.0,99996000.0,475803000.0,475803000.0,0.0,0.049,0.115,0.092,0.056,0.0,310136000.0,1.0,94688443.0,94688443,94700130.0,5.025,296591000.0,1477000.0,8757000.0,21645000.0,3.132,16786000.0
21,ODFL,MRY,1999-12-31,1999-12-31,1999-12-31,2021-08-05,0.0,257579000.0,244754500.0,76254000.0,181325000.0,1.742,1.173,-33049000.0,781000.0,781000.0,68952000.0,14401000.0,1.065,1.32,64870000.0,21811000.0,43059000.0,64870000.0,0.0,25295000.0,0.0,0.0,0.0,27534000.0,52829000.0,0.124,52829000.0,27534000.0,23457000.0,0.152,0.152,0.152,111038000.0,105275750.0,111038000.0,150663030.0,5.0,2.852,6940000.0,0.073,1.0,357433000.0,0.838,0.0,4077000.0,250086000.0,246388000.0,0.0,0.0,0.0,0.0,146541000.0,71582000.0,74959000.0,89363030.0,122000.0,-1100000.0,0.0,-5719000.0,0.0,-5719000.0,-34149000.0,0.0,39989000.0,0.0,14401000.0,14401000.0,14401000.0,0.0,0.0,0.034,329377000.0,28056000.0,22944000.0,0.0,0.805,6.205,6.209,166962000.0,0.0,0.944,0.21,0.21,56144000.0,86300000.0,426385000.0,426385000.0,0.0,0.059,0.137,0.112,0.065,0.0,282284000.0,1.0,94688443.0,94684081,94728185.0,4.503,257579000.0,2270000.0,9056000.0,20798000.0,2.72,4672000.0
22,ODFL,MRY,1998-12-31,1998-12-31,1998-12-31,2021-08-05,0.0,241799000.0,228101750.0,69789000.0,172010000.0,1.679,1.021,-42899000.0,659000.0,659000.0,63972000.0,11120000.0,1.281,1.502,70589000.0,9093000.0,61496000.0,70589000.0,0.0,21887000.0,0.0,0.0,0.0,22266000.0,44153000.0,0.115,44153000.0,22266000.0,17935000.0,0.118,0.118,0.118,96637000.0,92360250.0,96637000.0,170269790.0,8.0,3.856,1372000.0,0.014,1.0,319106000.0,0.833,0.0,4331000.0,257248000.0,242263500.0,0.0,0.0,0.0,0.0,145162000.0,54481000.0,90681000.0,94592790.0,-15000.0,-16790000.0,16000.0,15387000.0,0.0,15403000.0,-59689000.0,0.0,44271000.0,0.0,11120000.0,11120000.0,11120000.0,0.0,0.0,0.029,296529000.0,22577000.0,21350000.0,0.0,0.979,8.507,8.467,158998000.0,0.0,0.999,0.247,0.247,51179000.0,71899000.0,383078000.0,383078000.0,0.0,0.049,0.12,0.092,0.058,0.0,251199000.0,1.0,94681108.0,94676301,94806906.0,4.046,241799000.0,2213000.0,6815000.0,20048000.0,2.554,15308000.0
23,ODFL,MRY,1997-12-31,1997-12-31,1997-12-31,2021-08-05,0.0,191061000.0,180893500.0,59860000.0,131201000.0,1.818,0.903,-32650000.0,674000.0,674000.0,59773000.0,10038000.0,1.532,1.235,47301000.0,5146000.0,42155000.0,47301000.0,0.0,17173000.0,0.0,0.0,0.0,19738000.0,36911000.0,0.112,36911000.0,19738000.0,16191000.0,0.106,0.106,0.106,85501000.0,80214500.0,85501000.0,,,,-4863000.0,-0.051,1.0,269071000.0,0.818,0.0,3547000.0,198604000.0,187626500.0,0.0,0.0,0.0,0.0,105560000.0,39084000.0,66476000.0,126736589.0,-679000.0,0.0,24000.0,4160000.0,0.0,4184000.0,-32650000.0,0.0,27787000.0,0.0,10038000.0,10038000.0,10038000.0,0.0,0.0,0.031,249060000.0,20011000.0,14161000.0,0.0,1.482,12.626,12.63,124830000.0,0.0,1.339,0.385,0.385,44891000.0,60779000.0,328844000.0,328844000.0,0.0,0.055,0.125,0.105,0.06,511000.0,211651000.0,1.0,94662883.0,94673419,94787621.0,3.473,191061000.0,1970000.0,6153000.0,16617000.0,2.018,20776000.0
24,ODFL,MRY,1996-12-31,1996-12-31,1996-12-31,2021-08-05,0.0,170726000.0,,56264000.0,114462000.0,,0.788,-37293000.0,1353000.0,1353000.0,64590000.0,6144000.0,1.569,1.279,43141000.0,3659000.0,39482000.0,43141000.0,0.0,16091000.0,0.0,0.0,0.0,12813000.0,28904000.0,0.099,28904000.0,12813000.0,9910000.0,0.065,0.065,0.065,74928000.0,,74928000.0,,,,-12558000.0,-0.132,1.0,228416000.0,0.78,0.0,2903000.0,176649000.0,,0.0,0.0,0.0,0.0,95798000.0,35865000.0,59933000.0,,367000.0,0.0,0.0,12925000.0,0.0,12925000.0,-37293000.0,0.0,24735000.0,0.0,6144000.0,6144000.0,6144000.0,0.0,0.0,0.021,215466000.0,12950000.0,14860000.0,0.0,,,14.357,109175000.0,0.0,0.933,,0.303,40873000.0,50741000.0,293006000.0,293006000.0,0.0,,,,0.044,0.0,179621000.0,1.0,,95061691,95072022.0,3.082,170726000.0,2625000.0,3766000.0,13377000.0,1.796,20399000.0
25,ODFL,MRY,1995-12-31,1995-12-31,1995-12-31,2021-08-05,,,,,,,,-26491000.0,,,52271000.0,4807000.0,,,,,,,,13630000.0,,0.0,0.0,9312000.0,22942000.0,0.092,22942000.0,9312000.0,7802000.0,0.051,0.051,0.051,,,,,,,-12998000.0,-0.137,1.0,195808000.0,0.789,,1510000.0,,,,,,,,,,,-1407000.0,0.0,0.0,11591000.0,0.0,11591000.0,-26491000.0,0.0,13493000.0,0.0,4807000.0,4807000.0,4807000.0,0.0,0.0,0.019,186167000.0,9641000.0,,0.0,,,13.771,,0.0,0.702,,0.269,,,248079000.0,248079000.0,0.0,,,,0.038,251000.0,156372000.0,1.0,,95157281,95191453.0,2.607,,,2995000.0,,,
0,ODFL,MRQ,2021-06-30,2021-06-30,2021-06-30,2021-08-05,0.0,4534446000.0,,1311115000.0,3223331000.0,,29.376,-147300000.0,484204000.0,484204000.0,214760000.0,269576000.0,2.72,0.333,99939000.0,0.0,99939000.0,99939000.0,0.0,63951000.0,0.0,0.003,0.2,364853000.0,428804000.0,0.325,428804000.0,364853000.0,364388000.0,2.33,2.31,2.33,3402378000.0,,3402378000.0,29179866469.0,25.0,20.431,50683000.0,0.438,1.0,1104649000.0,0.837,0.0,465000.0,3668163000.0,,0.0,165254000.0,165254000.0,0.0,1132068000.0,482018000.0,650050000.0,29431831469.0,132304000.0,0.0,-40000000.0,0.0,-23176000.0,-63261000.0,-2418000.0,144882000.0,197983000.0,0.0,269576000.0,269576000.0,269576000.0,0.0,0.0,0.204,738605000.0,366044000.0,90956000.0,0.086,8.65,34.198,34.39,2998727000.0,0.0,253.8,6.43,6.422,600056000.0,3230593000.0,1319409000.0,1319409000.0,0.0,,,,,0.0,654335000.0,1.0,115964663.0,115820522,116561242.0,11.392,4534446000.0,0.0,94812000.0,220210000.0,39.151,829097000.0
1,ODFL,MRQ,2021-03-31,2021-03-31,2021-03-31,2021-08-05,0.0,4351863000.0,,1223261000.0,3128602000.0,,27.399,-43297000.0,351900000.0,351900000.0,190136000.0,199359000.0,2.381,0.363,99935000.0,0.0,99935000.0,99935000.0,0.0,63991000.0,0.0,0.003,0.2,269815000.0,333806000.0,0.296,333806000.0,269815000.0,269308000.0,1.71,1.7,1.71,3191917000.0,,3191917000.0,27811351856.0,28.0,21.986,267011000.0,2.292,1.0,936379000.0,0.831,0.0,507000.0,3586036000.0,,0.0,310193000.0,310193000.0,0.0,1159946000.0,513862000.0,646084000.0,28112850856.0,-49530000.0,0.0,-308965000.0,0.0,-23232000.0,-336766000.0,-23072000.0,20225000.0,310308000.0,0.0,199359000.0,199359000.0,199359000.0,0.0,0.0,0.177,666722000.0,269657000.0,88452000.0,0.117,8.808,38.049,38.1,2907672000.0,0.0,240.41,6.767,6.742,505678000.0,3024195000.0,1126515000.0,1126515000.0,0.0,,,,,0.0,585023000.0,1.0,116937111.0,116497893,117255740.0,9.67,4351863000.0,0.0,69949000.0,295154000.0,37.356,709399000.0
2,ODFL,MRQ,2020-12-31,2020-12-31,2020-12-31,2021-08-05,0.0,4369410000.0,,1243339000.0,3126071000.0,,28.404,-58343000.0,401430000.0,401430000.0,163479000.0,189832000.0,3.332,0.314,99931000.0,0.0,99931000.0,99931000.0,0.0,77073000.0,0.0,0.003,0.15,254169000.0,331242000.0,0.309,331242000.0,254169000.0,253323000.0,1.62,1.61,1.62,3326288000.0,,3326288000.0,22625282825.0,25.0,19.217,188223000.0,1.607,1.0,909910000.0,0.848,0.0,846000.0,3694781000.0,,0.0,330274000.0,330274000.0,0.0,1043122000.0,373130000.0,669992000.0,22900751825.0,-18966000.0,0.0,-19766000.0,-45000000.0,-17552000.0,-82318000.0,-183214000.0,-124871000.0,246566000.0,0.0,189832000.0,189832000.0,189832000.0,0.0,0.0,0.177,655608000.0,254302000.0,68511000.0,0.093,6.885,34.044,34.182,2914031000.0,0.0,195.18,5.704,5.723,454222000.0,3088131000.0,1073389000.0,1073389000.0,0.0,,,,,2960000.0,575721000.0,1.0,117331447.0,117108305,117882304.0,9.166,4369410000.0,0.0,63491000.0,228921000.0,37.311,870209000.0
3,ODFL,MRQ,2020-09-30,2020-09-30,2020-09-30,2021-08-05,0.0,4273688000.0,,1138496000.0,3135192000.0,,27.058,-45490000.0,420396000.0,420396000.0,145597000.0,201868000.0,2.534,0.348,144927000.0,45000000.0,99927000.0,144927000.0,0.0,64987000.0,0.0,0.003,0.15,269406000.0,334393000.0,0.316,334393000.0,269406000.0,268335000.0,1.72,1.71,1.72,3170833000.0,,3170833000.0,20853904391.0,25.0,18.763,124752000.0,1.065,1.0,912569000.0,0.862,19463000.0,1071000.0,3529468000.0,,0.0,205294000.0,205294000.0,0.0,1102855000.0,449288000.0,653567000.0,21227605391.0,-98228000.0,0.0,0.0,0.0,-17579000.0,-17579000.0,-250891000.0,-205301000.0,170242000.0,0.0,201868000.0,201868000.0,201868000.0,0.0,0.0,0.191,642325000.0,270244000.0,59229000.0,0.087,6.695,33.863,34.136,2935475000.0,0.0,180.92,5.373,5.366,462924000.0,2973109000.0,1058166000.0,1058166000.0,0.0,,,,,4095000.0,559663000.0,1.0,117331447.0,117188398,117933440.0,9.03,4254225000.0,0.0,66467000.0,250080000.0,36.302,689208000.0
4,ODFL,MRQ,2020-06-30,2020-06-30,2020-06-30,2021-08-05,0.0,4080028000.0,,968570000.0,3111458000.0,,25.359,-66890000.0,518624000.0,518624000.0,121438000.0,147805000.0,1.96,0.368,144923000.0,45000000.0,99923000.0,144923000.0,0.0,65735000.0,0.0,0.003,0.15,199770000.0,265505000.0,0.296,265505000.0,199770000.0,199005000.0,1.26,1.25,1.26,2982468000.0,,2982468000.0,19690857811.0,25.0,18.595,245308000.0,2.086,1.0,774772000.0,0.864,19463000.0,765000.0,3192690000.0,,0.0,0.0,0.0,0.0,1097560000.0,494174000.0,603386000.0,20002829811.0,161652000.0,0.0,-165997000.0,99923000.0,-17582000.0,-83656000.0,-66890000.0,0.0,312198000.0,0.0,147805000.0,147805000.0,147805000.0,0.0,0.0,0.165,575606000.0,199166000.0,51257000.0,0.119,6.707,33.955,34.261,2955083000.0,0.0,169.59,5.075,5.061,395785000.0,2788839000.0,896210000.0,896210000.0,0.0,,,,,0.0,494049000.0,1.0,117948168.0,117610178,118359884.0,7.62,4060565000.0,0.0,51200000.0,351870000.0,34.526,474396000.0
5,ODFL,MRQ,2020-03-31,2020-03-31,2020-03-31,2021-08-05,0.0,3934986000.0,,831006000.0,3103980000.0,,25.334,-50668000.0,356972000.0,356972000.0,157807000.0,133177000.0,1.94,0.305,45000000.0,45000000.0,0.0,45000000.0,0.0,65435000.0,0.0,0.004,0.153,180801000.0,246236000.0,0.249,246236000.0,180801000.0,180701000.0,1.12,1.11,1.12,3016049000.0,,3016049000.0,15333027444.0,19.0,14.045,153350000.0,1.288,1.0,829557000.0,0.84,19463000.0,100000.0,3175256000.0,,0.0,0.0,0.0,0.0,918937000.0,428295000.0,490642000.0,15691598444.0,-46599000.0,0.0,-178294000.0,0.0,-18310000.0,-199949000.0,-50668000.0,0.0,204018000.0,0.0,133177000.0,133177000.0,133177000.0,0.0,0.0,0.135,646387000.0,183170000.0,55097000.0,0.137,5.203,25.499,25.587,2953990000.0,0.0,131.26,3.822,3.806,427613000.0,2787049000.0,987364000.0,987364000.0,0.0,,,,,0.0,566282000.0,1.0,119545928.0,119050174,119805572.0,8.294,3915523000.0,0.0,47524000.0,315647000.0,32.89,402711000.0
6,ODFL,MRQ,2019-12-31,2019-12-31,2019-12-31,2021-08-05,0.0,3995568000.0,,866834000.0,3128734000.0,,25.775,-105927000.0,403571000.0,403571000.0,162689000.0,144024000.0,2.368,0.297,45000000.0,0.0,45000000.0,45000000.0,0.0,75610000.0,0.0,0.004,0.113,189686000.0,265296000.0,0.263,265296000.0,189686000.0,189594000.0,1.2,1.2,1.2,3080717000.0,,3080717000.0,14871621815.0,18.0,13.655,130446000.0,1.091,1.0,846517000.0,0.839,0.0,92000.0,3270912000.0,,0.0,0.0,0.0,0.0,914851000.0,366085000.0,548766000.0,15148907815.0,81285000.0,0.0,-35614000.0,0.0,-13547000.0,-49161000.0,-105927000.0,0.0,236373000.0,0.0,144024000.0,144024000.0,144024000.0,0.0,0.0,0.143,658253000.0,188264000.0,70254000.0,0.094,4.917,24.612,24.759,2968835000.0,0.0,126.52,3.687,3.708,408165000.0,2850302000.0,1009206000.0,1009206000.0,0.0,,,,,11354000.0,568007000.0,1.0,119735282.0,119522333,119789888.0,8.444,3995568000.0,0.0,45570000.0,264811000.0,33.429,500749000.0
7,ODFL,MRQ,2019-09-30,2019-09-30,2019-09-30,2021-08-05,0.0,3892418000.0,,806978000.0,3085440000.0,,24.282,-138122000.0,322286000.0,322286000.0,169523000.0,164099000.0,2.033,0.338,45000000.0,0.0,45000000.0,45000000.0,0.0,63493000.0,0.0,0.004,0.113,218397000.0,281890000.0,0.269,281890000.0,218397000.0,218394000.0,1.37,1.37,1.37,2909528000.0,,2909528000.0,13414708091.0,16.0,12.153,147510000.0,1.231,1.0,878934000.0,0.838,19463000.0,3000.0,3198807000.0,,0.0,0.0,0.0,0.0,982890000.0,396862000.0,586028000.0,13598668091.0,93326000.0,0.0,-40614000.0,0.0,-13570000.0,-54184000.0,-138122000.0,0.0,285632000.0,0.0,164099000.0,164099000.0,164099000.0,0.0,0.0,0.157,661407000.0,217527000.0,81269000.0,0.082,4.674,21.553,21.737,2927894000.0,0.0,113.313,3.295,3.29,438075000.0,2755455000.0,1048457000.0,1048457000.0,0.0,,,,,1147000.0,575182000.0,1.0,120009426.0,119820422,119984153.0,8.75,3872955000.0,0.0,54295000.0,256799000.0,32.323,410116000.0
8,ODFL,MRQ,2019-06-30,2019-06-30,2019-06-30,2021-08-05,0.0,3758703000.0,,741420000.0,3017283000.0,,23.169,-159126000.0,228960000.0,228960000.0,176262000.0,174072000.0,1.92,0.343,45000000.0,0.0,45000000.0,45000000.0,0.0,62571000.0,0.0,0.004,0.113,235734000.0,298305000.0,0.281,298305000.0,235734000.0,235574000.0,1.44,1.44,1.44,2798485000.0,,2798485000.0,11846465501.0,14.0,10.68,96582000.0,0.8,1.0,884404000.0,0.834,19463000.0,160000.0,3169175000.0,,0.0,0.0,0.0,0.0,960218000.0,386105000.0,574113000.0,12082092501.0,-51667000.0,0.0,-134136000.0,0.0,-13645000.0,-148249000.0,-159126000.0,0.0,255708000.0,0.0,174072000.0,174072000.0,174072000.0,0.0,0.0,0.164,649915000.0,234489000.0,85125000.0,0.078,4.317,18.87,18.928,2858171000.0,0.0,99.507,2.921,2.905,458145000.0,2645533000.0,1060666000.0,1060666000.0,0.0,,,,,2283000.0,571108000.0,1.0,121419930.0,120783414,120968046.0,8.782,3739240000.0,0.0,61502000.0,260817000.0,30.958,355315000.0
9,ODFL,MRQ,2019-03-31,2019-03-31,2019-03-31,2021-08-05,0.0,3704042000.0,,783878000.0,2920164000.0,,22.792,-70464000.0,280627000.0,280627000.0,171115000.0,133323000.0,2.189,0.337,45000000.0,0.0,45000000.0,45000000.0,0.0,63073000.0,0.0,0.004,0.113,180509000.0,243582000.0,0.246,243582000.0,180509000.0,180387000.0,1.1,1.1,1.1,2770371000.0,,2770371000.0,11571531742.0,14.0,10.629,135711000.0,1.117,1.0,819667000.0,0.827,19463000.0,122000.0,3090797000.0,,0.0,0.0,0.0,0.0,933671000.0,358155000.0,575516000.0,11716813742.0,90345000.0,0.0,-30596000.0,0.0,-13790000.0,-45366000.0,-70464000.0,0.0,206175000.0,0.0,133323000.0,133323000.0,133323000.0,0.0,0.0,0.135,641241000.0,178426000.0,79397000.0,0.103,4.229,18.608,18.717,2761857000.0,0.0,96.26,2.851,2.847,455333000.0,2619141000.0,990782000.0,990782000.0,0.0,,,,,1933000.0,561743000.0,1.0,121720484.0,121549706,121715331.0,8.151,3684579000.0,0.0,47064000.0,247669000.0,30.313,425723000.0
10,ODFL,MRQ,2018-12-31,2018-12-31,2018-12-31,2021-08-05,0.0,3545283000.0,,706229000.0,2839054000.0,,21.928,-114772000.0,190282000.0,190282000.0,179582000.0,159459000.0,1.98,0.323,45000000.0,0.0,45000000.0,45000000.0,0.0,62555000.0,0.0,0.004,0.087,217489000.0,280044000.0,0.273,280044000.0,217489000.0,217351000.0,1.303,1.3,1.303,2680483000.0,,2680483000.0,9962857406.0,12.0,9.524,109926000.0,0.899,1.0,847362000.0,0.825,19463000.0,138000.0,3023806000.0,,0.0,0.0,0.0,0.0,864800000.0,356732000.0,508068000.0,10095325406.0,12814000.0,0.0,-86676000.0,0.0,-10555000.0,-97231000.0,-114653000.0,0.0,224698000.0,0.0,159459000.0,159459000.0,159459000.0,0.0,0.0,0.155,628517000.0,218845000.0,78518000.0,0.067,3.766,16.668,16.699,2754943000.0,0.0,82.327,2.497,2.502,468260000.0,2530184000.0,1026944000.0,1026944000.0,0.0,,,,,1335000.0,552003000.0,1.0,122625218.0,122237548,122372898.0,8.401,3525820000.0,0.0,57892000.0,247669000.0,28.844,349497000.0
11,ODFL,MRQ,2018-09-30,2018-09-30,2018-09-30,2021-08-05,0.0,3489312000.0,,696315000.0,2792997000.0,,21.306,-174796000.0,177468000.0,177468000.0,180882000.0,173442000.0,1.921,0.333,45000000.0,0.0,45000000.0,45000000.0,0.0,58086000.0,0.0,0.003,0.087,229233000.0,287319000.0,0.272,287319000.0,229233000.0,229204000.0,1.413,1.413,1.413,2616932000.0,,2616932000.0,13127162175.0,18.0,13.627,75931000.0,0.618,1.0,877351000.0,0.829,19463000.0,29000.0,2974924000.0,,0.0,0.0,0.0,0.0,872380000.0,362457000.0,509923000.0,13222733175.0,36897000.0,0.0,-29195000.0,0.0,-10638000.0,-39833000.0,-173997000.0,0.0,250727000.0,0.0,173442000.0,173442000.0,173442000.0,0.0,0.0,0.164,648966000.0,228385000.0,88150000.0,0.062,5.053,20.549,20.595,2703275000.0,0.0,107.507,3.384,3.379,482207000.0,2467902000.0,1058233000.0,1058233000.0,0.0,,,,,1284000.0,575937000.0,1.0,122994542.0,122827893,122963661.0,8.616,3469849000.0,0.0,55762000.0,227531000.0,28.25,333858000.0
12,ODFL,MRQ,2018-06-30,2018-06-30,2018-06-30,2021-08-05,0.0,3321082000.0,,647585000.0,2673497000.0,,20.163,-191530000.0,140571000.0,140571000.0,180775000.0,163434000.0,1.768,0.338,45000000.0,0.0,45000000.0,45000000.0,0.0,56235000.0,0.0,0.003,0.087,221483000.0,277718000.0,0.269,277718000.0,221483000.0,221472000.0,1.327,1.327,1.327,2482051000.0,,2482051000.0,12129483688.0,18.0,13.582,21914000.0,0.178,1.0,852723000.0,0.825,19463000.0,11000.0,2839686000.0,,0.0,0.0,0.0,0.0,839031000.0,366362000.0,472669000.0,12244420688.0,-19366000.0,0.0,-30095000.0,0.0,-10678000.0,-41280000.0,-191530000.0,0.0,213444000.0,0.0,163434000.0,163434000.0,163434000.0,0.0,0.0,0.158,632242000.0,220481000.0,81668000.0,0.066,4.933,21.394,21.435,2585708000.0,0.0,99.307,3.289,3.284,464279000.0,2334286000.0,1033498000.0,1033498000.0,0.0,,,,,1143000.0,559579000.0,1.0,123299080.0,123101808,123254328.0,8.395,3301619000.0,0.0,58038000.0,224840000.0,26.82,281223000.0
13,ODFL,MRQ,2018-03-31,2018-03-31,2018-03-31,2021-08-05,0.0,3144004000.0,,615450000.0,2528554000.0,,19.118,-100211000.0,159937000.0,159937000.0,164464000.0,109333000.0,1.782,0.333,45000000.0,0.0,45000000.0,45000000.0,0.0,53481000.0,0.0,0.003,0.087,147497000.0,200978000.0,0.217,200978000.0,147497000.0,147486000.0,0.887,0.887,0.887,2358751000.0,,2358751000.0,12074111063.0,20.0,14.605,111036000.0,0.9,1.0,760556000.0,0.822,19463000.0,11000.0,2664319000.0,,0.0,0.0,0.0,0.0,785253000.0,345285000.0,439968000.0,12106573063.0,32475000.0,0.0,-17299000.0,-50000000.0,-10695000.0,-78561000.0,-100211000.0,0.0,211247000.0,0.0,109333000.0,109333000.0,109333000.0,0.0,0.0,0.118,611216000.0,149340000.0,78498000.0,0.098,5.133,23.864,23.857,2450834000.0,0.0,97.98,3.431,3.426,418474000.0,2211601000.0,925020000.0,925020000.0,0.0,,,,,1132000.0,538333000.0,1.0,123561676.0,123380205,123534072.0,7.497,3124541000.0,0.0,38153000.0,210659000.0,25.324,270165000.0
14,ODFL,MRQ,2017-12-31,2017-12-31,2017-12-31,2021-08-05,0.0,3068424000.0,,584653000.0,2483771000.0,,18.448,-90682000.0,127462000.0,127462000.0,164071000.0,197250000.0,1.665,0.348,95000000.0,50000000.0,45000000.0,95000000.0,0.0,53093000.0,0.0,0.003,0.067,144226000.0,197319000.0,0.221,197319000.0,144226000.0,143864000.0,1.593,1.6,1.593,2276854000.0,,2276854000.0,10853464565.0,19.0,13.848,57599000.0,0.467,1.0,727046000.0,0.816,19463000.0,362000.0,2665450000.0,,0.0,0.0,0.0,0.0,791570000.0,351049000.0,440521000.0,10836555565.0,49371000.0,0.0,0.0,0.0,-8228000.0,-8228000.0,-90682000.0,0.0,148281000.0,0.0,197250000.0,197250000.0,197250000.0,0.0,0.0,0.221,583589000.0,143457000.0,73729000.0,0.042,4.759,23.366,23.368,2404459000.0,0.0,87.7,3.227,3.224,415781000.0,2130257000.0,891117000.0,891117000.0,0.0,,,,,826000.0,516835000.0,1.0,123563918.0,123422904,123563402.0,7.22,3048961000.0,0.0,-53386000.0,189960000.0,24.703,233604000.0
15,ODFL,MRQ,2017-09-30,2017-09-30,2017-09-30,2021-08-05,0.0,2956170000.0,,513095000.0,2443075000.0,,16.909,-98274000.0,78091000.0,78091000.0,142829000.0,102314000.0,1.443,0.416,95000000.0,50000000.0,45000000.0,95000000.0,0.0,51934000.0,0.0,0.003,0.067,165080000.0,217014000.0,0.249,217014000.0,165080000.0,164525000.0,0.827,0.827,0.827,2087016000.0,,2087016000.0,9132708399.0,17.0,12.205,51225000.0,0.415,1.0,730158000.0,0.836,19463000.0,555000.0,2597967000.0,,0.0,0.0,0.0,0.0,869154000.0,355649000.0,513505000.0,9071541399.0,44258000.0,0.0,-878000.0,0.0,-8228000.0,-9106000.0,-96135000.0,0.0,149499000.0,0.0,102314000.0,102314000.0,102314000.0,0.0,0.0,0.117,566283000.0,163875000.0,59702000.0,0.081,4.347,27.076,27.057,2367403000.0,0.0,73.407,2.824,2.82,399387000.0,1941245000.0,872987000.0,872987000.0,0.0,,,,,826000.0,497074000.0,1.0,123579258.0,123429442,123571404.0,7.073,2936707000.0,0.0,62211000.0,294121000.0,23.793,157446000.0
16,ODFL,MRQ,2017-06-30,2017-06-30,2017-06-30,2021-08-05,0.0,2840198000.0,,444612000.0,2395586000.0,,16.14,-125760000.0,33833000.0,33833000.0,134401000.0,98418000.0,1.291,0.425,95000000.0,50000000.0,45000000.0,95000000.0,0.0,50449000.0,0.0,0.002,0.067,160932000.0,211381000.0,0.252,211381000.0,160932000.0,160290000.0,0.8,0.793,0.8,1992991000.0,,1992991000.0,7899213175.0,15.0,11.006,1945000.0,0.016,1.0,705511000.0,0.84,19463000.0,642000.0,2537492000.0,,0.0,0.0,0.0,0.0,847207000.0,344410000.0,502797000.0,7851764175.0,-13718000.0,0.0,-7085000.0,0.0,-8234000.0,-15663000.0,-125760000.0,0.0,127705000.0,0.0,98418000.0,98418000.0,98418000.0,0.0,0.0,0.117,545079000.0,160432000.0,54234000.0,0.084,3.94,24.668,24.677,2321243000.0,0.0,63.493,2.515,2.511,370200000.0,1848045000.0,839912000.0,839912000.0,0.0,,,,,880000.0,477209000.0,1.0,123662812.0,123477934,123641962.0,6.802,2820735000.0,0.0,61872000.0,293277000.0,22.844,100202000.0
17,ODFL,MRQ,2017-03-31,2017-03-31,2017-03-31,2021-08-05,0.0,2745010000.0,,425074000.0,2319936000.0,,15.457,-55169000.0,47551000.0,47551000.0,133006000.0,65792000.0,1.27,0.438,95000000.0,50000000.0,45000000.0,95000000.0,0.0,50287000.0,0.0,0.001,0.067,107748000.0,158035000.0,0.21,158035000.0,107748000.0,107153000.0,0.533,0.533,0.533,1909363000.0,,1909363000.0,7151439815.0,15.0,10.425,55640000.0,0.45,1.0,621090000.0,0.824,19463000.0,595000.0,2438211000.0,,0.0,0.0,0.0,0.0,835647000.0,334785000.0,500862000.0,7056635815.0,37380000.0,0.0,-50000.0,-9975000.0,-8235000.0,-18260000.0,-55169000.0,0.0,110809000.0,0.0,65792000.0,65792000.0,65792000.0,0.0,0.0,0.087,512968000.0,108122000.0,56843000.0,0.126,3.696,23.423,23.505,2246286000.0,0.0,57.047,2.323,2.32,337891000.0,1764945000.0,754096000.0,754096000.0,0.0,,,,,710000.0,446809000.0,1.0,123699354.0,123523536,123666687.0,6.105,2725547000.0,0.0,41361000.0,304022000.0,22.065,90289000.0
18,ODFL,MRQ,2016-12-31,2016-12-31,2016-12-31,2021-08-05,0.0,2696247000.0,,382622000.0,2313625000.0,,14.981,-60850000.0,10171000.0,10171000.0,125623000.0,68511000.0,1.326,0.457,104975000.0,0.0,104975000.0,104975000.0,0.0,49574000.0,0.0,0.0,0.0,112275000.0,161849000.0,0.217,161849000.0,112275000.0,111321000.0,0.553,0.553,0.553,1851158000.0,,1851158000.0,7250604166.0,15.0,10.793,94605000.0,0.766,1.0,620115000.0,0.832,19463000.0,954000.0,2482952000.0,,0.0,0.0,0.0,0.0,845089000.0,288636000.0,556453000.0,7072489166.0,-4843000.0,0.0,-11294000.0,-88154000.0,0.0,-99448000.0,-60850000.0,0.0,155455000.0,0.0,68511000.0,68511000.0,68511000.0,0.0,0.0,0.092,506668000.0,113447000.0,89216000.0,0.0,3.821,23.913,24.102,2241402000.0,0.0,57.193,2.364,2.383,334489000.0,1707450000.0,745738000.0,745738000.0,0.0,,,,,466000.0,444929000.0,1.0,123659328.0,123563552,123667746.0,6.035,2676784000.0,0.0,42810000.0,272599000.0,21.663,93986000.0
19,ODFL,MRQ,2016-09-30,2016-09-30,2016-09-30,2021-08-05,0.0,2684348000.0,,389155000.0,2295193000.0,,14.45,-54014000.0,15014000.0,15014000.0,124818000.0,85581000.0,1.447,0.497,193129000.0,0.0,193129000.0,193129000.0,0.0,49041000.0,0.0,0.0,0.0,137408000.0,186449000.0,0.238,186449000.0,137408000.0,136277000.0,0.687,0.687,0.687,1793475000.0,,1793475000.0,5892151186.0,12.0,8.828,63883000.0,0.515,1.0,657793000.0,0.841,19463000.0,1131000.0,2574026000.0,,0.0,0.0,0.0,0.0,890873000.0,268974000.0,621899000.0,5684492186.0,4341000.0,0.0,-34339000.0,-25203000.0,0.0,-59542000.0,-54014000.0,0.0,117897000.0,0.0,85581000.0,85581000.0,85581000.0,0.0,0.0,0.109,520389000.0,137404000.0,55145000.0,0.0,3.17,18.981,19.114,2229673000.0,0.0,45.74,1.907,1.905,342825000.0,1650217000.0,782611000.0,782611000.0,0.0,,,,,464000.0,454111000.0,1.0,124278360.0,124113105,124217056.0,6.306,2664885000.0,0.0,50696000.0,266348000.0,21.471,120181000.0
20,ODFL,MRQ,2016-06-30,2016-06-30,2016-06-30,2021-08-05,0.0,2659802000.0,,371859000.0,2287943000.0,,13.931,-172933000.0,10673000.0,10673000.0,121977000.0,81388000.0,1.276,0.527,218332000.0,0.0,218332000.0,218332000.0,0.0,46480000.0,0.0,0.0,0.0,133188000.0,179668000.0,0.238,179668000.0,133188000.0,132124000.0,0.653,0.653,0.653,1741769000.0,,1741769000.0,5150487847.0,11.0,7.785,-49095000.0,-0.393,1.0,633458000.0,0.839,19463000.0,1064000.0,2556647000.0,,0.0,0.0,0.0,0.0,918033000.0,291351000.0,626682000.0,5032298847.0,3540000.0,0.0,-40037000.0,93010000.0,0.0,52635000.0,-172933000.0,0.0,123838000.0,0.0,81388000.0,81388000.0,81388000.0,0.0,0.0,0.108,500022000.0,133436000.0,79230000.0,0.0,2.889,16.872,16.986,2224883000.0,0.0,40.207,1.69,1.689,327499000.0,1598923000.0,755435000.0,755435000.0,0.0,,,,,480000.0,438529000.0,1.0,125160807.0,125031020,125072144.0,6.042,2640339000.0,0.0,50736000.0,252501000.0,21.117,80508000.0
21,ODFL,MRQ,2016-03-31,2016-03-31,2016-03-31,2021-08-05,0.0,2515440000.0,,355624000.0,2159816000.0,,13.497,-119603000.0,7133000.0,7133000.0,117056000.0,60285000.0,1.1,0.479,125322000.0,25596000.0,99726000.0,125322000.0,0.0,44772000.0,0.0,0.0,0.0,99048000.0,143820000.0,0.203,143820000.0,99048000.0,97865000.0,0.48,0.48,0.48,1700276000.0,,1700276000.0,5957784559.0,12.0,8.997,48790000.0,0.387,1.0,590677000.0,0.835,19463000.0,1183000.0,2290943000.0,,0.0,0.0,0.0,0.0,815164000.0,323223000.0,491941000.0,5835451559.0,-4339000.0,0.0,-44646000.0,-8483000.0,0.0,-53129000.0,-119603000.0,0.0,168393000.0,0.0,60285000.0,60285000.0,60285000.0,0.0,0.0,0.085,491129000.0,99548000.0,81079000.0,0.0,3.432,19.294,19.501,2098158000.0,0.0,46.413,1.956,1.959,316204000.0,1557510000.0,707733000.0,707733000.0,0.0,,,,,0.0,429016000.0,1.0,125727914.0,125974542,125974542.0,5.618,2495977000.0,0.0,37580000.0,263935000.0,19.813,32401000.0
22,ODFL,MRQ,2015-12-31,2015-12-31,2015-12-31,2021-08-05,0.0,2466504000.0,,381730000.0,2084774000.0,,13.279,-94974000.0,11472000.0,11472000.0,130559000.0,72224000.0,1.338,0.464,133805000.0,26488000.0,107317000.0,133805000.0,0.0,44223000.0,0.0,0.0,0.0,113266000.0,157489000.0,0.214,157489000.0,113266000.0,111957000.0,0.573,0.573,0.573,1684637000.0,,1684637000.0,5170361255.0,10.0,7.827,86632000.0,0.683,1.0,604013000.0,0.822,19463000.0,1309000.0,2283972000.0,,0.0,0.0,0.0,0.0,781867000.0,285402000.0,496465000.0,4996396255.0,60000.0,0.0,-35000000.0,-51572000.0,0.0,-86572000.0,-94974000.0,0.0,181606000.0,0.0,72224000.0,72224000.0,72224000.0,0.0,0.0,0.098,490091000.0,113922000.0,66774000.0,0.0,2.966,16.398,16.546,2023448000.0,0.0,39.38,1.681,1.697,345048000.0,1541795000.0,734572000.0,734572000.0,0.0,,,,,0.0,434237000.0,1.0,126876492.0,126864960,126864960.0,5.79,2447041000.0,0.0,39733000.0,235054000.0,19.289,96328000.0
23,ODFL,MRQ,2015-09-30,2015-09-30,2015-09-30,2021-08-05,0.0,2474485000.0,,436206000.0,2038279000.0,,12.883,-121741000.0,11412000.0,11412000.0,142821000.0,84368000.0,1.198,0.502,185377000.0,90377000.0,95000000.0,185377000.0,0.0,42561000.0,0.0,0.0,0.0,138021000.0,180582000.0,0.232,180582000.0,138021000.0,136858000.0,0.66,0.66,0.66,1647413000.0,,1647413000.0,5336859758.0,11.0,8.155,-3692000.0,-0.029,1.0,636653000.0,0.817,19463000.0,1163000.0,2264815000.0,,0.0,0.0,0.0,0.0,827072000.0,364172000.0,462900000.0,5203304758.0,-1377000.0,0.0,-36718000.0,39033000.0,0.0,2315000.0,-121741000.0,0.0,118049000.0,0.0,84368000.0,84368000.0,84368000.0,0.0,0.0,0.108,496799000.0,139854000.0,58258000.0,0.0,3.158,17.21,17.283,1971210000.0,0.0,40.667,1.759,1.757,357796000.0,1504516000.0,779474000.0,779474000.0,0.0,,,,,0.0,437809000.0,1.0,127950117.0,127871200,127871200.0,6.096,2455022000.0,36646000.0,52490000.0,218770000.0,19.199,72034000.0
24,ODFL,MRQ,2015-06-30,2015-06-30,2015-06-30,2021-08-05,0.0,2378067000.0,,421665000.0,1956402000.0,,12.441,-150600000.0,12789000.0,12789000.0,149630000.0,85574000.0,1.411,0.487,146344000.0,28344000.0,118000000.0,146344000.0,0.0,39771000.0,0.0,0.0,0.0,140541000.0,180312000.0,0.237,180312000.0,140541000.0,139372000.0,0.667,0.667,0.667,1599763000.0,,1599763000.0,5919426696.0,12.0,9.294,-68969000.0,-0.536,1.0,612521000.0,0.804,19463000.0,1169000.0,2193297000.0,,0.0,0.0,0.0,0.0,778304000.0,298862000.0,479442000.0,5883912696.0,-100249000.0,0.0,-29072000.0,-2208000.0,0.0,-31280000.0,-150600000.0,0.0,81631000.0,0.0,85574000.0,85574000.0,85574000.0,0.0,0.0,0.112,471622000.0,140899000.0,61042000.0,0.0,3.678,19.886,19.946,1891465000.0,0.0,45.737,2.013,2.012,339779000.0,1456812000.0,762151000.0,762151000.0,0.0,,,,,0.0,417457000.0,1.0,128647606.0,128590400,128590400.0,5.927,2358604000.0,34648000.0,53798000.0,218110000.0,18.342,122803000.0
25,ODFL,MRQ,2015-03-31,2015-03-31,2015-03-31,2021-08-05,0.0,2340384000.0,,499893000.0,1840491000.0,,11.967,-70302000.0,113038000.0,113038000.0,140471000.0,62524000.0,1.554,0.517,148552000.0,27956000.0,120596000.0,148552000.0,0.0,38788000.0,0.0,0.0,0.0,103399000.0,142187000.0,0.204,142187000.0,103399000.0,101830000.0,0.487,0.487,0.487,1543261000.0,,1543261000.0,6762974875.0,15.0,11.008,102292000.0,0.793,1.0,555774000.0,0.798,19463000.0,1569000.0,2034753000.0,,0.0,0.0,0.0,0.0,797123000.0,321682000.0,475441000.0,6642047875.0,78251000.0,0.0,-13327000.0,-10714000.0,0.0,-24041000.0,-70302000.0,0.0,172594000.0,0.0,62524000.0,62524000.0,62524000.0,0.0,0.0,0.09,452209000.0,103565000.0,48955000.0,0.0,4.304,23.375,23.424,1778471000.0,0.0,51.533,2.319,2.32,325150000.0,1400269000.0,696245000.0,696245000.0,0.0,,,,,0.0,396509000.0,1.0,128888380.0,128956244,128956244.0,5.399,2320921000.0,32994000.0,39306000.0,253555000.0,17.998,178211000.0
26,ODFL,MRQ,2014-12-31,2014-12-31,2014-12-31,2021-08-05,0.0,2206866000.0,,403772000.0,1803094000.0,,11.561,-53306000.0,34787000.0,34787000.0,159634000.0,69869000.0,1.579,0.477,155714000.0,35714000.0,120000000.0,155714000.0,0.0,39546000.0,0.0,0.0,0.0,111798000.0,151344000.0,0.21,151344000.0,111798000.0,110349000.0,0.54,0.54,0.54,1494064000.0,,1494064000.0,6865592156.0,16.0,11.724,60353000.0,0.467,1.0,561414000.0,0.779,19463000.0,1449000.0,2052692000.0,,0.0,0.0,0.0,0.0,712802000.0,255638000.0,457164000.0,6689844156.0,26618000.0,0.0,-5532000.0,-28203000.0,0.0,-33735000.0,-53306000.0,0.0,113659000.0,0.0,69869000.0,69869000.0,69869000.0,0.0,0.0,0.097,449116000.0,112298000.0,45314000.0,0.0,4.478,25.007,25.041,1743245000.0,0.0,51.76,2.4,2.4,347900000.0,1351054000.0,721048000.0,721048000.0,0.0,,,,,0.0,393928000.0,1.0,129247376.0,129230696,129230696.0,5.58,2187403000.0,0.0,40480000.0,191412000.0,16.926,148134000.0
27,ODFL,MRQ,2014-09-30,2014-09-30,2014-09-30,2021-08-05,0.0,2188539000.0,,394601000.0,1793938000.0,,11.062,-92165000.0,8169000.0,8169000.0,167598000.0,77909000.0,1.377,0.531,183917000.0,35714000.0,148203000.0,183917000.0,0.0,37707000.0,0.0,0.0,0.0,125330000.0,163037000.0,0.219,163037000.0,125330000.0,123867000.0,0.6,0.6,0.6,1429727000.0,,1429727000.0,6266614737.0,15.0,11.489,4177000.0,0.032,1.0,575988000.0,0.775,19463000.0,1463000.0,2058223000.0,,0.0,0.0,0.0,0.0,758812000.0,286601000.0,472211000.0,6086689737.0,-11620000.0,0.0,0.0,-15797000.0,0.0,-15797000.0,-92165000.0,0.0,96342000.0,0.0,77909000.0,77909000.0,77909000.0,0.0,0.0,0.105,449726000.0,126262000.0,47285000.0,0.0,4.257,24.864,24.878,1730894000.0,0.0,47.093,2.289,2.289,329481000.0,1286710000.0,743586000.0,743586000.0,0.0,,,,,0.0,391671000.0,1.0,129247376.0,129247376,129247376.0,5.753,2169076000.0,27110000.0,45958000.0,198436000.0,16.782,108000000.0
28,ODFL,MRQ,2014-06-30,2014-06-30,2014-06-30,2021-08-05,0.0,2124063000.0,,382373000.0,1741690000.0,,10.459,-122560000.0,19789000.0,19789000.0,163692000.0,73849000.0,1.285,0.571,199714000.0,35714000.0,164000000.0,199714000.0,0.0,35121000.0,0.0,0.0,0.0,122686000.0,157807000.0,0.224,157807000.0,122686000.0,121064000.0,0.573,0.573,0.573,1351818000.0,,1351818000.0,5626451915.0,15.0,10.966,-40455000.0,-0.313,1.0,539295000.0,0.767,19463000.0,1622000.0,1986962000.0,,0.0,0.0,0.0,0.0,772245000.0,297563000.0,474682000.0,5486981915.0,-21455000.0,0.0,0.0,19000000.0,0.0,19000000.0,-122560000.0,0.0,82105000.0,0.0,73849000.0,73849000.0,73849000.0,0.0,0.0,0.105,416600000.0,122695000.0,63783000.0,0.0,4.059,24.167,24.121,1676357000.0,0.0,42.453,2.167,2.167,306205000.0,1208801000.0,702987000.0,702987000.0,0.0,,,,,0.0,367300000.0,1.0,129247376.0,129247376,129247376.0,5.439,2104600000.0,26722000.0,47215000.0,203616000.0,16.284,84810000.0
29,ODFL,MRQ,2014-03-31,2014-03-31,2014-03-31,2021-08-05,0.0,2031768000.0,,388974000.0,1642794000.0,,9.888,-77783000.0,41244000.0,41244000.0,154480000.0,45887000.0,1.325,0.59,180714000.0,35714000.0,145000000.0,180714000.0,0.0,34092000.0,0.0,0.0,0.0,79310000.0,113402000.0,0.183,113402000.0,79310000.0,77234000.0,0.353,0.353,0.353,1277969000.0,,1277969000.0,5050252391.0,14.0,10.455,21785000.0,0.169,1.0,465796000.0,0.751,19463000.0,2076000.0,1858270000.0,,0.0,0.0,0.0,0.0,753799000.0,293505000.0,460294000.0,4888997391.0,11070000.0,0.0,0.0,-10715000.0,0.0,-10715000.0,-77783000.0,0.0,99568000.0,0.0,45887000.0,45887000.0,45887000.0,0.0,0.0,0.074,385744000.0,80052000.0,71764000.0,0.0,3.826,23.122,23.065,1586076000.0,0.0,37.827,2.021,2.021,288572000.0,1134952000.0,620276000.0,620276000.0,0.0,,,,,0.0,337050000.0,1.0,129247376.0,129247376,129247376.0,4.799,2012305000.0,25726000.0,31347000.0,215907000.0,15.569,95469000.0
30,ODFL,MRQ,2013-12-31,2013-12-31,2013-12-31,2021-08-05,0.0,1932089000.0,,332979000.0,1599110000.0,,9.533,-64526000.0,30174000.0,30174000.0,143359000.0,47156000.0,1.434,0.568,191429000.0,35715000.0,155714000.0,191429000.0,0.0,33807000.0,0.0,0.0,0.0,77409000.0,111216000.0,0.188,111216000.0,77409000.0,75071000.0,0.367,0.367,0.367,1232082000.0,,1232082000.0,4762472899.0,14.0,10.234,32754000.0,0.253,1.0,449111000.0,0.758,19463000.0,2338000.0,1841759000.0,,0.0,0.0,0.0,0.0,700007000.0,232122000.0,467885000.0,4568463899.0,18070000.0,0.0,0.0,-14684000.0,0.0,-14684000.0,-64526000.0,0.0,97280000.0,0.0,47156000.0,47156000.0,47156000.0,0.0,0.0,0.08,372266000.0,76845000.0,36788000.0,0.0,3.708,22.165,22.189,1543059000.0,0.0,35.347,1.954,1.954,258294000.0,1089065000.0,592470000.0,592470000.0,0.0,,,,,0.0,330140000.0,1.0,129247376.0,129247376,129247376.0,4.584,1912626000.0,23249000.0,27915000.0,191285000.0,14.798,100857000.0
31,ODFL,MRQ,2013-09-30,2013-09-30,2013-09-30,2021-08-05,0.0,1904679000.0,,333276000.0,1571403000.0,,9.168,-72104000.0,12104000.0,12104000.0,143447000.0,60149000.0,1.339,0.607,206113000.0,38403000.0,167710000.0,206113000.0,0.0,32914000.0,0.0,0.0,0.0,97732000.0,130646000.0,0.212,130646000.0,97732000.0,95253000.0,0.467,0.467,0.467,1184926000.0,,1184926000.0,4184151533.0,13.0,9.275,27418000.0,0.212,1.0,473011000.0,0.767,19463000.0,2479000.0,1830414000.0,,0.0,0.0,0.0,0.0,719753000.0,248811000.0,470942000.0,3962724533.0,4734000.0,0.0,0.0,-22684000.0,0.0,-22684000.0,-72104000.0,0.0,99522000.0,0.0,60149000.0,60149000.0,60149000.0,0.0,0.0,0.098,374935000.0,98076000.0,54512000.0,0.0,3.344,19.97,19.909,1508617000.0,0.0,30.66,1.739,1.739,275484000.0,1041909000.0,616458000.0,616458000.0,0.0,,,,,0.0,327890000.0,1.0,129247376.0,129247376,129247376.0,4.77,1885216000.0,21975000.0,35104000.0,185633000.0,14.586,84465000.0
32,ODFL,MRQ,2013-06-30,2013-06-30,2013-06-30,2021-08-05,0.0,1854730000.0,,324082000.0,1530648000.0,,8.703,-121607000.0,7370000.0,7370000.0,140118000.0,58255000.0,1.187,0.649,228797000.0,38403000.0,190394000.0,228797000.0,0.0,30517000.0,0.0,0.0,0.0,97281000.0,127798000.0,0.216,127798000.0,97281000.0,94878000.0,0.453,0.453,0.453,1124777000.0,,1124777000.0,3776333846.0,12.0,8.773,-31277000.0,-0.242,1.0,450186000.0,0.763,19463000.0,2403000.0,1783566000.0,,0.0,0.0,0.0,0.0,729953000.0,273128000.0,456825000.0,3586183846.0,-21813000.0,0.0,0.0,9464000.0,0.0,9464000.0,-121607000.0,0.0,90330000.0,0.0,58255000.0,58255000.0,58255000.0,0.0,0.0,0.099,352613000.0,97573000.0,66718000.0,0.0,3.188,18.941,18.914,1469392000.0,0.0,27.747,1.62,1.62,270843000.0,981760000.0,590304000.0,590304000.0,0.0,,,,,0.0,311368000.0,1.0,129247376.0,129247376,129247376.0,4.567,1835267000.0,19605000.0,36623000.0,178150000.0,14.2,50954000.0
33,ODFL,MRQ,2013-03-31,2013-03-31,2013-03-31,2021-08-05,0.0,1761192000.0,,324964000.0,1436228000.0,,8.252,-26134000.0,29183000.0,29183000.0,136311000.0,40553000.0,1.279,0.651,219333000.0,38619000.0,180714000.0,219333000.0,0.0,29834000.0,0.0,0.0,0.0,65884000.0,95718000.0,0.178,95718000.0,65884000.0,63484000.0,0.313,0.313,0.313,1066522000.0,,1066522000.0,3519049829.0,12.0,8.563,37400000.0,0.289,1.0,402105000.0,0.747,19463000.0,2400000.0,1677749000.0,,0.0,0.0,0.0,0.0,694670000.0,254130000.0,440540000.0,3291499829.0,16326000.0,0.0,0.0,-21074000.0,0.0,-21074000.0,-26134000.0,0.0,63534000.0,0.0,40553000.0,40553000.0,40553000.0,0.0,0.0,0.075,336161000.0,65944000.0,41471000.0,0.0,3.086,18.398,18.361,1375749000.0,0.0,25.467,1.517,1.517,250317000.0,923505000.0,538416000.0,538416000.0,0.0,,,,,0.0,294282000.0,1.0,129247376.0,129247376,129247376.0,4.166,1741729000.0,19324000.0,22931000.0,186017000.0,13.476,70834000.0
34,ODFL,MRQ,2012-12-31,2012-12-31,2012-12-31,2021-08-05,0.0,1712514000.0,,275028000.0,1437486000.0,,7.938,-56959000.0,12857000.0,12857000.0,136506000.0,39481000.0,1.222,0.669,240407000.0,38978000.0,201429000.0,240407000.0,0.0,29948000.0,0.0,0.0,0.0,67034000.0,96982000.0,0.182,96982000.0,67034000.0,64279000.0,0.307,0.307,0.307,1025969000.0,,1025969000.0,3229642355.0,11.0,8.168,48359000.0,0.374,1.0,397291000.0,0.744,19463000.0,2755000.0,1695462000.0,,0.0,0.0,0.0,0.0,686545000.0,225139000.0,461406000.0,2953733355.0,5955000.0,0.0,0.0,-42404000.0,0.0,-42404000.0,-56959000.0,0.0,105318000.0,0.0,39481000.0,39481000.0,39481000.0,0.0,0.0,0.074,329775000.0,67516000.0,44891000.0,0.0,2.879,17.431,17.405,1379305000.0,0.0,22.853,1.384,1.384,220363000.0,882952000.0,533797000.0,533797000.0,0.0,,,,,0.0,288889000.0,1.0,129247376.0,129247374,129247374.0,4.13,1693051000.0,20054000.0,24798000.0,159513000.0,13.099,49889000.0
35,ODFL,MRQ,2012-09-30,2012-09-30,2012-09-30,2021-08-05,0.0,1714622000.0,,305739000.0,1408883000.0,,7.633,-97295000.0,6902000.0,6902000.0,136166000.0,51044000.0,1.287,0.738,282811000.0,39314000.0,243497000.0,282811000.0,0.0,28727000.0,0.0,0.0,0.0,81243000.0,109970000.0,0.2,109970000.0,81243000.0,78361000.0,0.393,0.393,0.393,986488000.0,,986488000.0,2854371503.0,10.0,7.382,-18979000.0,-0.147,1.0,414345000.0,0.753,19463000.0,2882000.0,1733440000.0,,0.0,0.0,0.0,0.0,728134000.0,237628000.0,490506000.0,2597443503.0,-4113000.0,0.0,0.0,14868000.0,0.0,14866000.0,-97295000.0,0.0,78316000.0,0.0,51044000.0,51044000.0,51044000.0,0.0,0.0,0.093,333413000.0,80932000.0,56930000.0,0.0,2.633,15.292,15.225,1351358000.0,0.0,20.097,1.236,1.236,253824000.0,843471000.0,550511000.0,550511000.0,0.0,,,,,0.0,290417000.0,1.0,129247479.0,129247452,129247452.0,4.259,1695159000.0,19518000.0,27317000.0,146843000.0,13.116,68111000.0
36,ODFL,MRQ,2012-06-30,2012-06-30,2012-06-30,2021-08-05,0.0,1639644000.0,,301158000.0,1338486000.0,,7.238,-118156000.0,11015000.0,11015000.0,135428000.0,47832000.0,1.232,0.753,267943000.0,39796000.0,228147000.0,267943000.0,0.0,26524000.0,0.0,0.0,0.0,81746000.0,108270000.0,0.198,108270000.0,81746000.0,79061000.0,0.373,0.373,0.373,935446000.0,,935446000.0,2690705496.0,10.0,7.339,-52061000.0,-0.403,1.0,412024000.0,0.753,19463000.0,2685000.0,1632655000.0,,0.0,0.0,0.0,0.0,704198000.0,244454000.0,459744000.0,2486721496.0,-43204000.0,0.0,0.0,8857000.0,0.0,8857000.0,-118156000.0,0.0,66095000.0,0.0,47832000.0,47832000.0,47832000.0,0.0,0.0,0.087,329436000.0,82588000.0,62540000.0,0.0,2.658,15.795,15.681,1282509000.0,0.0,19.24,1.216,1.216,244006000.0,792427000.0,547452000.0,547452000.0,0.0,,,,,0.0,289138000.0,1.0,129247479.0,129247479,129247479.0,4.236,1620181000.0,20768000.0,31229000.0,133880000.0,12.535,56704000.0
37,ODFL,MRQ,2012-03-31,2012-03-31,2012-03-31,2021-08-05,0.0,1574192000.0,,327900000.0,1246292000.0,,6.868,-88765000.0,54219000.0,54219000.0,126803000.0,31095000.0,1.305,0.774,258203000.0,39086000.0,219117000.0,258203000.0,0.0,25544000.0,0.0,0.0,0.0,54616000.0,80160000.0,0.161,80160000.0,54616000.0,51397000.0,0.24,0.24,0.24,887614000.0,,887614000.0,2931658255.0,12.0,8.506,-10438000.0,-0.081,1.0,370337000.0,0.745,19463000.0,3219000.0,1507445000.0,,0.0,0.0,0.0,0.0,686578000.0,251268000.0,435310000.0,2738323255.0,-21631000.0,0.0,0.0,-11193000.0,0.0,-11193000.0,-88765000.0,0.0,78327000.0,0.0,31095000.0,31095000.0,31095000.0,0.0,0.0,0.063,316119000.0,54218000.0,54677000.0,0.0,3.085,18.379,18.264,1190137000.0,0.0,21.187,1.384,1.384,230650000.0,744595000.0,497140000.0,497140000.0,0.0,,,,,0.0,276995000.0,1.0,129247479.0,129247479,129247479.0,3.846,1554729000.0,19650000.0,20302000.0,121357000.0,12.029,76632000.0
38,ODFL,MRQ,2011-12-31,2011-12-31,2011-12-31,2021-08-05,0.0,1513074000.0,,331852000.0,1181222000.0,,6.627,-40642000.0,75850000.0,75850000.0,142992000.0,39883000.0,1.62,0.767,269185000.0,39354000.0,229831000.0,269185000.0,0.0,24290000.0,0.0,0.0,0.0,63977000.0,88267000.0,0.174,88267000.0,63977000.0,60647000.0,0.313,0.313,0.313,856519000.0,,856519000.0,2550389922.0,11.0,7.848,36943000.0,0.286,1.0,363399000.0,0.718,19463000.0,3330000.0,1482136000.0,,0.0,0.0,0.0,0.0,656555000.0,204810000.0,451745000.0,2328177922.0,33588000.0,0.0,0.0,-3355000.0,0.0,-3355000.0,-40642000.0,0.0,77585000.0,0.0,39883000.0,39883000.0,39883000.0,0.0,0.0,0.079,300087000.0,63312000.0,42096000.0,0.0,2.718,16.693,16.572,1126950000.0,0.0,18.013,1.223,1.217,217922000.0,713500000.0,506391000.0,506391000.0,0.0,,,,,0.0,265136000.0,1.0,129247479.0,129247478,129247478.0,3.918,1493611000.0,19466000.0,20764000.0,134948000.0,11.556,127042000.0
39,ODFL,MRQ,2011-09-30,2011-09-30,2011-09-30,2021-08-05,0.0,1473198000.0,,318589000.0,1154609000.0,,6.318,-66299000.0,42262000.0,42262000.0,124177000.0,38631000.0,1.447,0.804,264474000.0,37331000.0,227143000.0,264474000.0,0.0,23396000.0,0.0,0.0,0.0,66519000.0,89915000.0,0.182,89915000.0,66519000.0,63122000.0,0.3,0.3,0.3,816636000.0,,816636000.0,1900711096.0,9.0,6.451,14870000.0,0.115,1.0,370298000.0,0.749,19463000.0,3397000.0,1455830000.0,,0.0,0.0,0.0,0.0,656562000.0,220117000.0,436445000.0,1664133096.0,13598000.0,0.0,0.0,-1272000.0,0.0,-1272000.0,-66299000.0,0.0,81169000.0,0.0,38631000.0,38631000.0,38631000.0,0.0,0.0,0.078,302104000.0,68194000.0,50707000.0,0.0,2.038,13.68,13.567,1103220000.0,0.0,12.876,0.926,0.926,235687000.0,673617000.0,494475000.0,494475000.0,0.0,,,,,0.0,264323000.0,1.0,129247479.0,129247479,129247479.0,3.826,1453735000.0,21833000.0,24491000.0,127614000.0,11.248,98472000.0
40,ODFL,MRQ,2011-06-30,2011-06-30,2011-06-30,2021-08-05,0.0,1409504000.0,,296136000.0,1113368000.0,,6.019,-81178000.0,28664000.0,28664000.0,123365000.0,39383000.0,1.394,0.812,265242000.0,38099000.0,227143000.0,265242000.0,0.0,22013000.0,0.0,0.0,0.0,64297000.0,86310000.0,0.18,86310000.0,64297000.0,60833000.0,0.307,0.307,0.307,778005000.0,,778005000.0,2343408985.0,13.0,8.754,-35805000.0,-0.277,1.0,356890000.0,0.743,19463000.0,3464000.0,1414236000.0,,0.0,0.0,0.0,0.0,631499000.0,212383000.0,419116000.0,2142635985.0,-59479000.0,0.0,0.0,-23674000.0,0.0,-23674000.0,-81178000.0,0.0,45373000.0,0.0,39383000.0,39383000.0,39383000.0,0.0,0.0,0.082,292245000.0,64645000.0,41157000.0,0.0,2.754,19.951,19.642,1059702000.0,0.0,16.578,1.262,1.262,222898000.0,634986000.0,480255000.0,480255000.0,0.0,,,,,0.0,257010000.0,1.0,129247479.0,129247479,129247479.0,3.716,1390041000.0,23262000.0,21450000.0,110490000.0,10.755,83753000.0
41,ODFL,MRQ,2011-03-31,2011-03-31,2011-03-31,2021-08-05,0.0,1383902000.0,,330337000.0,1053565000.0,,5.835,-57213000.0,88143000.0,88143000.0,112452000.0,21573000.0,1.455,0.874,288916000.0,36773000.0,252143000.0,288916000.0,0.0,21121000.0,0.0,0.0,0.0,39358000.0,60479000.0,0.143,60479000.0,39358000.0,35482000.0,0.169,0.169,0.169,738622000.0,,738622000.0,2228243500.0,14.0,9.285,16594000.0,0.131,1.0,310227000.0,0.734,19463000.0,3876000.0,1338174000.0,,0.0,0.0,0.0,0.0,645280000.0,227038000.0,418242000.0,1962476500.0,82693000.0,0.0,48400000.0,17699000.0,0.0,66099000.0,-57213000.0,0.0,73807000.0,0.0,21573000.0,21573000.0,21573000.0,0.0,0.0,0.051,272306000.0,37921000.0,48929000.0,0.0,2.657,21.921,22.059,1000574000.0,0.0,15.596,1.237,1.245,198601000.0,595603000.0,422679000.0,422679000.0,0.0,,,,,0.0,237614000.0,1.0,125835626.0,126575932,126575932.0,3.339,1364439000.0,21627000.0,13909000.0,104504000.0,10.78,103299000.0
42,ODFL,MRQ,2010-12-31,2010-12-31,2010-12-31,2021-08-05,0.0,1239881000.0,,222582000.0,1017299000.0,,5.314,-35382000.0,5450000.0,5450000.0,97284000.0,22056000.0,1.309,0.854,271217000.0,37130000.0,234087000.0,271217000.0,0.0,19862000.0,0.0,0.0,0.0,38051000.0,57913000.0,0.145,57913000.0,38051000.0,35101000.0,0.173,0.173,0.173,668649000.0,,668649000.0,2049383971.0,15.0,9.427,-5025000.0,-0.04,1.0,301688000.0,0.756,19463000.0,2950000.0,1316139000.0,,0.0,0.0,0.0,0.0,571232000.0,170046000.0,401186000.0,1789102971.0,393000.0,0.0,0.0,5418000.0,0.0,5418000.0,-35382000.0,0.0,30357000.0,0.0,22056000.0,22056000.0,22056000.0,0.0,0.0,0.055,263719000.0,37969000.0,29221000.0,0.0,2.676,23.649,23.696,964216000.0,0.0,14.218,1.208,1.208,180700000.0,574030000.0,398972000.0,398972000.0,0.0,,,,,0.0,232762000.0,1.0,125835626.0,125835628,125835628.0,3.171,1220418000.0,18666000.0,13045000.0,90768000.0,9.699,52536000.0
43,ODFL,MRQ,2010-09-30,2010-09-30,2010-09-30,2021-08-05,0.0,1219081000.0,,221063000.0,998018000.0,,5.138,-23352000.0,5057000.0,5057000.0,92132000.0,24381000.0,0.889,0.885,265338000.0,97359000.0,167979000.0,265338000.0,0.0,19396000.0,0.0,0.0,0.0,43599000.0,62995000.0,0.159,62995000.0,43599000.0,40635000.0,0.196,0.196,0.196,646593000.0,,646593000.0,1705304658.0,14.0,8.437,17633000.0,0.14,1.0,303849000.0,0.767,19463000.0,2964000.0,1211131000.0,,0.0,0.0,0.0,0.0,572488000.0,248768000.0,323720000.0,1421664658.0,274000.0,0.0,0.0,-23807000.0,0.0,-23809000.0,-16902000.0,0.0,40985000.0,0.0,24381000.0,24381000.0,24381000.0,0.0,0.0,0.062,260465000.0,43384000.0,31166000.0,0.0,2.199,22.468,22.506,947315000.0,0.0,11.298,1.021,1.021,178651000.0,551974000.0,395981000.0,395981000.0,0.0,,,,,0.0,228336000.0,1.0,125835778.0,125835714,125835714.0,3.147,1199618000.0,18212000.0,16254000.0,84751000.0,9.533,-27705000.0
44,ODFL,MRQ,2010-06-30,2010-06-30,2010-06-30,2021-08-05,0.0,1202881000.0,,206832000.0,996049000.0,,4.945,-17910000.0,4783000.0,4783000.0,85877000.0,21513000.0,1.151,0.933,288423000.0,36281000.0,252142000.0,288423000.0,0.0,19553000.0,0.0,0.0,0.0,39035000.0,58588000.0,0.159,58588000.0,39035000.0,35854000.0,0.169,0.169,0.169,622214000.0,,622214000.0,1610051480.0,17.0,8.773,16228000.0,0.129,1.0,282373000.0,0.767,19463000.0,3181000.0,1287396000.0,,0.0,0.0,0.0,0.0,580667000.0,179662000.0,401005000.0,1310183480.0,-4686000.0,0.0,0.0,-20914000.0,0.0,-20914000.0,-17910000.0,0.0,34138000.0,0.0,21513000.0,21513000.0,21513000.0,0.0,0.0,0.058,242362000.0,40011000.0,30639000.0,0.0,2.106,26.527,26.629,942540000.0,0.0,10.412,0.993,0.993,165695000.0,527593000.0,368250000.0,368250000.0,0.0,,,,,0.0,210371000.0,1.0,125835778.0,125835779,125835779.0,2.926,1183418000.0,18175000.0,14341000.0,83385000.0,9.404,27170000.0
45,ODFL,MRQ,2010-03-31,2010-03-31,2010-03-31,2021-08-05,0.0,1192969000.0,,194007000.0,998962000.0,,4.774,-27099000.0,9469000.0,9469000.0,74907000.0,7701000.0,1.131,0.986,309337000.0,36480000.0,272857000.0,309337000.0,0.0,21551000.0,0.0,0.0,0.0,16354000.0,37905000.0,0.119,37905000.0,16354000.0,12836000.0,0.062,0.062,0.062,600701000.0,,600701000.0,1546296298.0,20.0,9.091,7943000.0,0.063,1.0,242888000.0,0.764,24406000.0,3518000.0,1296835000.0,,0.0,0.0,0.0,0.0,592268000.0,171596000.0,420672000.0,1244935298.0,5298000.0,0.0,0.0,3805000.0,0.0,3805000.0,-33549000.0,0.0,35042000.0,0.0,7701000.0,7701000.0,7701000.0,0.0,0.0,0.024,226513000.0,16375000.0,31503000.0,0.0,2.072,32.253,32.121,944252000.0,0.0,9.893,0.982,0.982,150422000.0,506080000.0,317795000.0,317795000.0,0.0,,,,,0.0,194148000.0,1.0,125835778.0,125835779,125835779.0,2.525,1168563000.0,17895000.0,5135000.0,84636000.0,9.286,22411000.0
46,ODFL,MRQ,2009-12-31,2009-12-31,2009-12-31,2021-08-05,0.0,1159278000.0,,174175000.0,985103000.0,,4.712,-29122000.0,4171000.0,4171000.0,70058000.0,9681000.0,1.176,0.955,305532000.0,36676000.0,268856000.0,305532000.0,0.0,23801000.0,0.0,0.0,0.0,18844000.0,42645000.0,0.137,42645000.0,18844000.0,15496000.0,0.076,0.076,0.076,593000000.0,,593000000.0,1454915522.0,21.0,8.818,9383000.0,0.075,1.0,240866000.0,0.775,19463000.0,3348000.0,1293051000.0,,0.0,0.0,0.0,0.0,566278000.0,148125000.0,418153000.0,1144639522.0,530000.0,0.0,0.0,-8853000.0,0.0,-8853000.0,-29122000.0,0.0,38505000.0,0.0,9681000.0,9681000.0,9681000.0,0.0,0.0,0.031,221945000.0,18921000.0,28140000.0,0.0,1.93,32.825,32.958,939495000.0,0.0,9.096,0.919,0.919,140918000.0,498379000.0,310924000.0,310924000.0,0.0,,,,,0.0,188369000.0,1.0,125835778.0,125835779,125835779.0,2.471,1139815000.0,16244000.0,5815000.0,80722000.0,9.058,26050000.0
47,ODFL,MRQ,2009-09-30,2009-09-30,2009-09-30,2021-08-05,0.0,1174762000.0,,195843000.0,978919000.0,,4.636,-50045000.0,3641000.0,3641000.0,69692000.0,10495000.0,1.195,1.014,313917000.0,36505000.0,277412000.0,313917000.0,0.0,24036000.0,0.0,0.0,0.0,20344000.0,44380000.0,0.138,44380000.0,20344000.0,17235000.0,0.084,0.084,0.084,583319000.0,,583319000.0,1432072660.0,20.0,8.611,-12776000.0,-0.102,1.0,253071000.0,0.784,24864000.0,3109000.0,1296291000.0,,0.0,0.0,0.0,0.0,591443000.0,163883000.0,427560000.0,1134572660.0,-304000.0,0.0,0.0,12472000.0,0.0,12472000.0,-50045000.0,0.0,37269000.0,0.0,10495000.0,10495000.0,10495000.0,0.0,0.0,0.033,233116000.0,19955000.0,31404000.0,0.0,1.945,31.309,31.091,933641000.0,0.0,9.016,0.893,0.893,158625000.0,488698000.0,322763000.0,322763000.0,0.0,,,,,0.0,196702000.0,1.0,125835778.0,125835779,125835779.0,2.565,1149898000.0,17977000.0,6740000.0,83644000.0,9.138,31960000.0
48,ODFL,MRQ,2009-06-30,2009-06-30,2009-06-30,2021-08-05,0.0,1144592000.0,,193804000.0,950788000.0,,4.552,-52051000.0,3945000.0,3945000.0,65047000.0,10722000.0,1.188,0.998,301445000.0,36497000.0,264948000.0,301445000.0,0.0,23948000.0,0.0,0.0,0.0,21215000.0,45163000.0,0.143,45163000.0,21215000.0,17885000.0,0.086,0.086,0.086,572824000.0,,572824000.0,1519406540.0,16.0,8.175,-29740000.0,-0.236,1.0,251128000.0,0.794,25093000.0,3330000.0,1253878000.0,,0.0,0.0,0.0,0.0,571768000.0,163121000.0,408647000.0,1251646540.0,330000.0,0.0,0.0,30070000.0,0.0,30070000.0,-52051000.0,0.0,22311000.0,0.0,10722000.0,10722000.0,10722000.0,0.0,0.0,0.034,229674000.0,21454000.0,36258000.0,0.0,2.185,25.491,25.31,907682000.0,0.0,9.947,0.918,0.918,152585000.0,478203000.0,316175000.0,316175000.0,0.0,,,,,0.0,193947000.0,1.0,125835778.0,125835778,125835778.0,2.513,1119499000.0,19060000.0,7163000.0,80759000.0,8.897,30683000.0
49,ODFL,MRQ,2009-03-31,2009-03-31,2009-03-31,2021-08-05,0.0,1109053000.0,,188225000.0,920828000.0,,4.467,-77367000.0,3615000.0,3615000.0,60493000.0,3973000.0,1.249,0.973,271375000.0,11686000.0,259689000.0,271375000.0,0.0,22999000.0,0.0,0.0,0.0,9803000.0,32802000.0,0.111,32802000.0,9803000.0,6549000.0,0.033,0.033,0.033,562102000.0,,562102000.0,1103702016.0,10.0,5.385,-44736000.0,-0.356,1.0,234650000.0,0.795,25321000.0,3254000.0,1200765000.0,,0.0,0.0,0.0,0.0,546951000.0,150727000.0,396224000.0,875817016.0,-20489000.0,0.0,0.0,19386000.0,0.0,19386000.0,-72506000.0,4861000.0,32631000.0,0.0,3973000.0,3973000.0,3973000.0,0.0,0.0,0.013,224589000.0,10061000.0,49219000.0,0.0,1.558,14.067,14.032,879784000.0,0.0,6.96,0.598,0.598,145643000.0,467481000.0,295143000.0,295143000.0,0.0,,,,,0.0,190006000.0,1.0,125835778.0,125835778,125835778.0,2.345,1083732000.0,20656000.0,2576000.0,75603000.0,8.612,37498000.0
50,ODFL,MRQ,2008-12-31,2008-12-31,2008-12-31,2021-08-05,0.0,1074905000.0,,209230000.0,865675000.0,,4.435,-75518000.0,24104000.0,24104000.0,75392000.0,11048000.0,1.471,0.926,251989000.0,11972000.0,240017000.0,251989000.0,0.0,22364000.0,0.0,0.0,0.0,21608000.0,43972000.0,0.131,43972000.0,21608000.0,18192000.0,0.087,0.087,0.087,558129000.0,,558129000.0,1282645851.0,10.0,6.0,-10461000.0,-0.083,1.0,260444000.0,0.776,25550000.0,3416000.0,1135050000.0,,0.0,4861000.0,4861000.0,0.0,516776000.0,142190000.0,374586000.0,1061121851.0,-6839000.0,0.0,0.0,-478000.0,0.0,-478000.0,-71418000.0,4100000.0,65057000.0,0.0,11048000.0,11048000.0,11048000.0,0.0,0.0,0.033,237647000.0,22797000.0,40999000.0,0.0,1.901,15.451,15.416,824485000.0,0.0,8.433,0.69,0.69,146536000.0,463508000.0,335836000.0,335836000.0,0.0,,,,,0.0,197271000.0,1.0,125835778.0,125835783,125835783.0,2.669,1049355000.0,20268000.0,7144000.0,73968000.0,8.339,67040000.0
51,ODFL,MRQ,2008-09-30,2008-09-30,2008-09-30,2021-08-05,0.0,1076458000.0,,262510000.0,813948000.0,,4.348,-41789000.0,30943000.0,30943000.0,111112000.0,23359000.0,1.655,0.968,252467000.0,12255000.0,240212000.0,252467000.0,0.0,22054000.0,0.0,0.0,0.0,41877000.0,63931000.0,0.154,63931000.0,41877000.0,38293000.0,0.187,0.187,0.187,547081000.0,,547081000.0,1278344690.0,10.0,5.821,8235000.0,0.065,1.0,304762000.0,0.733,25779000.0,3584000.0,1113605000.0,,0.0,8969000.0,8969000.0,0.0,529377000.0,158598000.0,370779000.0,1056647690.0,-4288000.0,0.0,0.0,-5627000.0,0.0,-5627000.0,-48685000.0,-6896000.0,50024000.0,0.0,23359000.0,23359000.0,23359000.0,0.0,0.0,0.056,262325000.0,42437000.0,40308000.0,0.0,1.931,14.407,14.378,771282000.0,0.0,8.397,0.677,0.677,184164000.0,452460000.0,415874000.0,415874000.0,0.0,,,,,0.0,225870000.0,1.0,125835778.0,125835778,125835778.0,3.305,1050679000.0,20416000.0,14934000.0,74352000.0,8.35,103912000.0
52,ODFL,MRQ,2008-06-30,2008-06-30,2008-06-30,2021-08-05,0.0,1054106000.0,,260966000.0,793140000.0,,4.162,-43602000.0,35231000.0,35231000.0,116865000.0,23881000.0,1.604,1.013,256928000.0,16452000.0,240476000.0,256928000.0,0.0,21522000.0,0.0,0.0,0.0,42734000.0,64256000.0,0.154,64256000.0,42734000.0,39150000.0,0.19,0.19,0.19,523722000.0,,523722000.0,1341532943.0,11.0,6.356,-807000.0,-0.006,1.0,300975000.0,0.72,25999000.0,3584000.0,1087130000.0,,0.0,2082000.0,2082000.0,0.0,530384000.0,162674000.0,367710000.0,1119285943.0,391000.0,-138000.0,0.0,-159000.0,0.0,-159000.0,-42245000.0,1495000.0,42795000.0,0.0,23881000.0,23881000.0,23881000.0,0.0,0.0,0.057,257985000.0,42990000.0,47805000.0,0.0,2.137,15.992,15.969,747274000.0,0.0,8.895,0.742,0.742,190056000.0,429101000.0,417840000.0,417840000.0,0.0,,,,,0.0,223773000.0,1.0,125835778.0,125835778,125835778.0,3.321,1028107000.0,16183000.0,15269000.0,71590000.0,8.17,98292000.0
53,ODFL,MRQ,2008-03-31,2008-03-31,2008-03-31,2021-08-05,0.0,1007732000.0,,238504000.0,769228000.0,,3.972,-17107000.0,34840000.0,34840000.0,97472000.0,10389000.0,1.632,1.016,257087000.0,16428000.0,240659000.0,257087000.0,0.0,21173000.0,0.0,0.0,0.0,20455000.0,41628000.0,0.113,41628000.0,20455000.0,17031000.0,0.083,0.083,0.083,499841000.0,,499841000.0,1444197205.0,12.0,6.95,21523000.0,0.171,1.0,270702000.0,0.735,26264000.0,3424000.0,1057556000.0,,0.0,3586000.0,3586000.0,0.0,507891000.0,146159000.0,361732000.0,1186771205.0,28512000.0,-7129000.0,0.0,-6667000.0,0.0,-6667000.0,-3451000.0,20785000.0,38630000.0,0.0,10389000.0,10389000.0,10389000.0,0.0,0.0,0.028,249856000.0,20846000.0,39359000.0,0.0,2.374,17.287,17.305,725105000.0,0.0,9.431,0.819,0.819,168596000.0,405220000.0,368174000.0,368174000.0,0.0,,,,,0.0,216627000.0,1.0,125835778.0,125835778,125835778.0,2.926,981468000.0,15799000.0,6642000.0,67585000.0,7.8,92345000.0
54,ODFL,MRQ,2007-12-31,2007-12-31,2007-12-31,2021-08-05,0.0,981048000.0,,216277000.0,764771000.0,,3.89,-17551000.0,6328000.0,6328000.0,92492000.0,15712000.0,1.693,1.004,263754000.0,12193000.0,251561000.0,263754000.0,0.0,20813000.0,0.0,0.0,0.0,28987000.0,49800000.0,0.139,49800000.0,28987000.0,25481000.0,0.124,0.124,0.124,489452000.0,,489452000.0,1127102839.0,9.0,5.364,20569000.0,0.163,1.0,266193000.0,0.742,23518000.0,3506000.0,1087233000.0,,0.0,24375000.0,24375000.0,0.0,491596000.0,127723000.0,363873000.0,861648839.0,5351000.0,-1828000.0,0.0,-4575000.0,0.0,-4575000.0,-28194000.0,-8815000.0,38120000.0,0.0,15712000.0,15712000.0,15712000.0,0.0,0.0,0.044,235967000.0,30226000.0,33341000.0,0.0,1.76,11.995,11.971,721450000.0,0.0,6.847,0.615,0.615,158161000.0,394831000.0,358685000.0,358685000.0,0.0,,,,,0.0,204937000.0,1.0,125835778.0,125835778,125835778.0,2.85,957530000.0,13964000.0,9769000.0,62312000.0,7.609,88554000.0
55,ODFL,MRQ,2007-09-30,2007-09-30,2007-09-30,2021-08-05,0.0,981939000.0,,219098000.0,762841000.0,,3.765,-28930000.0,977000.0,977000.0,86582000.0,20010000.0,1.496,1.073,266431000.0,12109000.0,254322000.0,266431000.0,0.0,20556000.0,0.0,0.0,0.0,34833000.0,55389000.0,0.152,55389000.0,34833000.0,31289000.0,0.16,0.16,0.16,473740000.0,,473740000.0,1159794660.0,9.0,5.509,7282000.0,0.058,1.0,276716000.0,0.762,22984000.0,3544000.0,1077989000.0,,0.0,15560000.0,15560000.0,0.0,508199000.0,146420000.0,361779000.0,893713660.0,-312000.0,-6620000.0,0.0,-939000.0,0.0,-939000.0,-35585000.0,-35000.0,36212000.0,0.0,20010000.0,20010000.0,20010000.0,0.0,0.0,0.055,242699000.0,34017000.0,43901000.0,0.0,1.887,12.084,12.099,723568000.0,0.0,7.102,0.656,0.656,173064000.0,379119000.0,363298000.0,363298000.0,0.0,,,,,0.0,211040000.0,1.0,125835778.0,125835778,125835778.0,2.887,958955000.0,13365000.0,11279000.0,59674000.0,7.621,72678000.0
56,ODFL,MRQ,2007-06-30,2007-06-30,2007-06-30,2021-08-05,0.0,956704000.0,,211304000.0,745400000.0,,3.606,-53939000.0,1289000.0,1289000.0,83065000.0,22539000.0,1.435,1.109,267370000.0,12348000.0,255022000.0,267370000.0,0.0,20062000.0,0.0,0.0,0.0,40921000.0,60983000.0,0.17,60983000.0,40921000.0,37255000.0,0.178,0.178,0.178,453730000.0,,453730000.0,1389851951.0,10.0,6.623,-27124000.0,-0.216,1.0,276552000.0,0.769,23124000.0,3666000.0,1052379000.0,,0.0,15525000.0,15525000.0,0.0,502974000.0,147282000.0,355692000.0,1124132951.0,-701000.0,-11983000.0,0.0,-339000.0,0.0,-339000.0,-27177000.0,38745000.0,26815000.0,0.0,22539000.0,22539000.0,22539000.0,0.0,0.0,0.063,235902000.0,40650000.0,45452000.0,0.0,2.478,15.18,15.219,708279000.0,0.0,8.933,0.841,0.841,163104000.0,359109000.0,359617000.0,359617000.0,0.0,,,,,0.0,201056000.0,1.0,125835778.0,125835778,125835778.0,2.858,933580000.0,13675000.0,14716000.0,58925000.0,7.419,64022000.0
57,ODFL,MRQ,2007-03-31,2007-03-31,2007-03-31,2021-08-05,0.0,933637000.0,,234170000.0,699467000.0,,3.427,-81180000.0,1990000.0,1990000.0,71503000.0,13571000.0,1.536,1.165,267709000.0,12528000.0,255181000.0,267709000.0,0.0,18432000.0,0.0,0.0,0.0,25520000.0,43952000.0,0.137,43952000.0,25520000.0,21770000.0,0.107,0.107,0.107,431191000.0,,431191000.0,1346189487.0,10.0,6.583,-24591000.0,-0.195,1.0,248439000.0,0.777,0.0,3750000.0,1046857000.0,,0.0,54270000.0,54270000.0,0.0,502446000.0,152499000.0,349947000.0,1074171487.0,-574000.0,0.0,0.0,-6873000.0,0.0,-6873000.0,-50290000.0,30890000.0,56589000.0,0.0,13571000.0,13571000.0,13571000.0,0.0,0.0,0.042,223395000.0,25044000.0,51136000.0,0.0,2.491,14.691,14.692,670365000.0,0.0,8.536,0.821,0.821,149946000.0,336570000.0,319942000.0,319942000.0,0.0,,,,,0.0,189436000.0,1.0,125835778.0,125835778,125835778.0,2.543,933637000.0,12614000.0,8199000.0,58452000.0,7.419,81671000.0
58,ODFL,MRQ,2006-12-31,2006-12-31,2006-12-31,2021-08-05,0.0,892193000.0,,256367000.0,635826000.0,,3.319,-27445000.0,2564000.0,2564000.0,71362000.0,17841000.0,2.109,1.136,274582000.0,12697000.0,261885000.0,274582000.0,0.0,17865000.0,0.0,0.0,0.0,32354000.0,50219000.0,0.157,50219000.0,32354000.0,28433000.0,0.142,0.142,0.142,417620000.0,,417620000.0,1168721127.0,9.0,5.861,8496000.0,0.068,1.0,248057000.0,0.777,16772000.0,3921000.0,1025893000.0,,0.0,85160000.0,85160000.0,0.0,474573000.0,121546000.0,353027000.0,897442127.0,-1040000.0,-3616000.0,0.0,-301000.0,0.0,-301000.0,-36680000.0,-5619000.0,35941000.0,0.0,17841000.0,17841000.0,17841000.0,0.0,0.0,0.056,216432000.0,31625000.0,37686000.0,0.0,2.149,12.367,12.339,607588000.0,0.0,7.132,0.701,0.701,144991000.0,322999000.0,319419000.0,319419000.0,0.0,,,,,0.0,184896000.0,1.0,125835778.0,125835778,125835778.0,2.538,875421000.0,12320000.0,10592000.0,52115000.0,6.957,134821000.0
59,ODFL,MRQ,2006-09-30,2006-09-30,2006-09-30,2021-08-05,0.0,889887000.0,,267454000.0,622433000.0,,3.177,-39398000.0,3604000.0,3604000.0,79890000.0,20103000.0,1.9,1.226,274883000.0,12774000.0,262109000.0,274883000.0,0.0,17476000.0,0.0,0.0,0.0,37215000.0,54691000.0,0.162,54691000.0,37215000.0,33201000.0,0.16,0.16,0.16,399779000.0,,399779000.0,1395364790.0,11.0,6.03,3079000.0,0.024,1.0,257679000.0,0.763,0.0,4014000.0,1020427000.0,,0.0,79541000.0,79541000.0,0.0,490108000.0,140739000.0,349369000.0,1119658790.0,-1309000.0,-6949000.0,0.0,-5736000.0,0.0,-6348000.0,-37438000.0,8909000.0,42477000.0,0.0,20103000.0,20103000.0,20103000.0,0.0,0.0,0.06,221003000.0,36676000.0,40414000.0,0.0,2.801,16.129,16.148,594109000.0,0.0,8.898,0.899,0.899,157455000.0,305158000.0,337569000.0,337569000.0,0.0,,,,,0.0,192370000.0,1.0,125835778.0,125835778,125835778.0,2.683,889887000.0,11298000.0,13098000.0,51434000.0,7.072,126715000.0
60,ODFL,MRQ,2006-06-30,2006-06-30,2006-06-30,2021-08-05,0.0,865805000.0,,273690000.0,592115000.0,,3.017,-62235000.0,4913000.0,4913000.0,77165000.0,21605000.0,2.001,1.28,280619000.0,13249000.0,267370000.0,280619000.0,0.0,16756000.0,0.0,0.0,0.0,38887000.0,55643000.0,0.168,55643000.0,38887000.0,36009000.0,0.172,0.172,0.172,379676000.0,,379676000.0,1553459933.0,13.0,7.57,-33850000.0,-0.269,1.0,253647000.0,0.767,0.0,2878000.0,1004735000.0,,0.0,88450000.0,88450000.0,0.0,486129000.0,136776000.0,349353000.0,1401530933.0,3844000.0,-1477000.0,0.0,127621000.0,0.0,127621000.0,-152162000.0,-88450000.0,28385000.0,0.0,21605000.0,21605000.0,21605000.0,0.0,0.0,0.065,215045000.0,38602000.0,38440000.0,0.0,3.691,21.48,21.46,564753000.0,0.0,11.138,1.185,1.185,152537000.0,285055000.0,330812000.0,330812000.0,0.0,,,,,0.0,184235000.0,1.0,125835778.0,125835778,125835778.0,2.629,865805000.0,11802000.0,14404000.0,51467000.0,6.88,136914000.0
61,ODFL,MRQ,2006-03-31,2006-03-31,2006-03-31,2021-08-05,0.0,709720000.0,,164202000.0,545518000.0,,2.846,-64394000.0,1069000.0,1069000.0,66595000.0,13020000.0,1.189,0.982,152998000.0,17116000.0,135882000.0,152998000.0,0.0,15537000.0,0.0,0.0,0.0,23331000.0,38868000.0,0.133,38868000.0,23331000.0,21700000.0,0.104,0.104,0.104,358071000.0,,358071000.0,1132791991.0,11.0,6.489,-16587000.0,-0.132,1.0,225036000.0,0.772,0.0,1631000.0,723512000.0,,0.0,0.0,0.0,0.0,351649000.0,138137000.0,213512000.0,1004821991.0,83000.0,-7372000.0,0.0,24042000.0,0.0,24042000.0,-71766000.0,0.0,47807000.0,0.0,13020000.0,13020000.0,13020000.0,0.0,0.0,0.045,201454000.0,23582000.0,42112000.0,0.0,2.806,17.457,17.511,517642000.0,0.0,7.985,0.9,0.9,136413000.0,263450000.0,291631000.0,291631000.0,0.0,,,,,0.0,173170000.0,1.0,125835778.0,125835778,125835778.0,2.318,709720000.0,11817000.0,8680000.0,51932000.0,5.64,26065000.0
62,ODFL,MRQ,2005-12-31,2005-12-31,2005-12-31,2021-08-05,0.0,641648000.0,,150213000.0,491435000.0,,2.742,-18608000.0,986000.0,986000.0,64894000.0,14689000.0,1.353,0.86,128956000.0,17930000.0,111026000.0,128956000.0,0.0,55897000.0,0.0,0.0,0.0,26307000.0,82204000.0,0.288,82204000.0,26307000.0,24620000.0,0.116,0.116,0.116,345051000.0,,345051000.0,1138422253.0,12.0,7.468,5072000.0,0.04,1.0,220317000.0,0.772,0.0,1687000.0,658590000.0,,0.0,0.0,0.0,0.0,296597000.0,111028000.0,185569000.0,1005196253.0,-5417000.0,0.0,0.0,-10487000.0,0.0,-10489000.0,-18608000.0,0.0,23680000.0,0.0,14689000.0,14689000.0,14689000.0,0.0,0.0,0.052,194002000.0,26315000.0,30967000.0,0.0,2.913,18.797,18.84,466071000.0,0.0,7.988,0.947,0.947,127199000.0,250430000.0,285211000.0,285211000.0,0.0,,,,,0.0,170295000.0,1.0,125835955.0,125835893,125778002.0,2.267,641648000.0,10681000.0,9931000.0,46851000.0,5.099,39185000.0
63,ODFL,MRQ,2005-09-30,2005-09-30,2005-09-30,2021-08-05,0.0,640088000.0,,165786000.0,474302000.0,,2.63,-33577000.0,6403000.0,6403000.0,60299000.0,15935000.0,1.354,0.935,139629000.0,19124000.0,120505000.0,139629000.0,0.0,0.0,0.0,0.0,0.0,28487000.0,28487000.0,0.104,28487000.0,28487000.0,26691000.0,0.127,0.127,0.127,330772000.0,,330772000.0,962037920.0,11.0,9.521,-1120000.0,-0.009,1.0,214777000.0,0.781,0.0,1796000.0,650844000.0,,0.0,0.0,0.0,0.0,309316000.0,122470000.0,186846000.0,832066920.0,5366000.0,-648000.0,0.0,7535000.0,0.0,7134000.0,-34225000.0,0.0,32457000.0,0.0,15935000.0,15935000.0,15935000.0,0.0,0.0,0.058,186008000.0,28769000.0,35679000.0,0.0,2.516,16.847,16.79,450179000.0,0.0,6.615,0.832,0.832,126579000.0,236149000.0,275076000.0,275076000.0,0.0,,,,,0.0,159828000.0,1.0,125779002.0,125790145,125796530.0,2.187,640088000.0,5612000.0,10756000.0,43612000.0,5.089,43316000.0
64,ODFL,MRQ,2005-06-30,2005-06-30,2005-06-30,2021-08-05,0.0,610669000.0,,155704000.0,454965000.0,,2.503,-46490000.0,1037000.0,1037000.0,55900000.0,13916000.0,1.298,0.94,131008000.0,19451000.0,111557000.0,131008000.0,0.0,0.0,0.0,0.0,0.0,25015000.0,25015000.0,0.095,25015000.0,25015000.0,23310000.0,0.11,0.11,0.11,314787000.0,,314787000.0,766133655.0,9.0,7.261,-29346000.0,-0.233,1.0,208446000.0,0.789,0.0,1705000.0,620681000.0,,0.0,0.0,0.0,0.0,295882000.0,119959000.0,175923000.0,666597655.0,-1502000.0,0.0,0.0,27844000.0,0.0,27844000.0,-46490000.0,0.0,17144000.0,0.0,13916000.0,13916000.0,13916000.0,0.0,0.0,0.053,183181000.0,25265000.0,29949000.0,0.0,2.118,14.596,14.52,431201000.0,0.0,5.3,0.709,0.709,121901000.0,220214000.0,264346000.0,264346000.0,0.0,,,,,0.0,155163000.0,1.0,125779002.0,125779004,125827172.0,2.102,610669000.0,6601000.0,9394000.0,42577000.0,4.855,35745000.0
65,ODFL,MRQ,2005-03-31,2005-03-31,2005-03-31,2021-08-05,0.0,566136000.0,,145001000.0,421135000.0,,2.392,-38700000.0,2539000.0,2539000.0,50902000.0,8935000.0,1.201,0.882,102075000.0,19380000.0,82695000.0,102075000.0,0.0,0.0,0.0,0.0,0.0,16675000.0,16675000.0,0.07,16675000.0,16675000.0,15242000.0,0.071,0.071,0.071,300871000.0,,300871000.0,852641070.0,11.0,7.745,1641000.0,0.013,1.0,185868000.0,0.785,0.0,1433000.0,544941000.0,,0.0,0.0,0.0,0.0,265265000.0,120731000.0,144534000.0,773929070.0,1797000.0,-22465000.0,0.0,22621000.0,0.0,22621000.0,-61165000.0,0.0,40341000.0,0.0,8935000.0,8935000.0,8935000.0,0.0,0.0,0.038,168632000.0,17236000.0,32292000.0,0.0,2.572,18.333,18.044,399217000.0,0.0,6.153,0.881,0.881,112617000.0,206298000.0,236770000.0,236770000.0,0.0,,,,,0.0,145106000.0,1.0,125779002.0,125779004,125828637.0,1.882,566136000.0,5638000.0,6307000.0,45837000.0,4.501,24270000.0
66,ODFL,MRQ,2004-12-31,2004-12-31,2004-12-31,2021-08-05,0.0,504733000.0,,122537000.0,382196000.0,,2.318,-13690000.0,742000.0,742000.0,47246000.0,10604000.0,1.306,0.731,79454000.0,22030000.0,57424000.0,79454000.0,0.0,11785000.0,0.0,0.0,0.0,19080000.0,30865000.0,0.138,30865000.0,19080000.0,17796000.0,0.086,0.083,0.086,291528000.0,,291528000.0,942523178.0,13.0,8.214,-880000.0,-0.007,1.0,176790000.0,0.789,0.0,1284000.0,489625000.0,,0.0,0.0,0.0,0.0,213205000.0,93820000.0,119385000.0,864614178.0,-2352000.0,0.0,-1000.0,-1549000.0,0.0,-1472000.0,-13690000.0,0.0,12810000.0,0.0,10604000.0,10604000.0,10604000.0,0.0,0.0,0.047,157501000.0,19289000.0,25305000.0,0.0,2.966,22.174,21.685,363268000.0,0.0,6.874,1.049,1.031,97253000.0,196955000.0,224036000.0,224036000.0,0.0,,,,,0.0,134435000.0,1.0,125779002.0,125774063,125826355.0,1.781,504733000.0,4602000.0,7192000.0,40689000.0,4.013,28717000.0
67,ODFL,MRQ,2004-09-30,2004-09-30,2004-09-30,2021-08-05,0.0,502174000.0,,122652000.0,379522000.0,,2.255,-9880000.0,3094000.0,3094000.0,42110000.0,12215000.0,1.196,0.789,81003000.0,22046000.0,58957000.0,81003000.0,0.0,11536000.0,0.0,0.0,0.0,21420000.0,32956000.0,0.153,32956000.0,21420000.0,20130000.0,0.099,0.099,0.099,280776000.0,,280776000.0,821661930.0,13.0,7.605,8467000.0,0.068,1.0,173007000.0,0.804,0.0,1290000.0,477530000.0,,0.0,0.0,0.0,0.0,221398000.0,102553000.0,118845000.0,715531930.0,1914000.0,0.0,19661000.0,-26307000.0,0.0,-6553000.0,-9880000.0,0.0,18347000.0,0.0,12215000.0,12215000.0,12215000.0,0.0,0.0,0.057,151490000.0,21517000.0,26873000.0,0.0,2.548,19.812,19.489,361532000.0,0.0,5.691,0.924,0.916,96152000.0,186351000.0,215117000.0,215117000.0,0.0,,,,,0.0,130724000.0,1.0,125733440.0,124539682,124619669.0,1.727,502174000.0,4599000.0,7915000.0,38926000.0,4.032,20099000.0
68,ODFL,MRQ,2004-06-30,2004-06-30,2004-06-30,2021-08-05,0.0,496440000.0,,115616000.0,380824000.0,,2.04,-45278000.0,1180000.0,1180000.0,37617000.0,10461000.0,1.071,0.995,107310000.0,22094000.0,85216000.0,107310000.0,0.0,10906000.0,0.0,0.0,0.0,18690000.0,29596000.0,0.146,29596000.0,18690000.0,17297000.0,0.085,0.085,0.085,248807000.0,,248807000.0,799871545.0,13.0,7.87,-16496000.0,-0.135,1.0,164512000.0,0.814,0.0,1393000.0,494607000.0,,0.0,0.0,0.0,0.0,247633000.0,107963000.0,139670000.0,710144545.0,126000.0,0.0,93000.0,16529000.0,0.0,16622000.0,-45278000.0,0.0,28782000.0,0.0,10461000.0,10461000.0,10461000.0,0.0,0.0,0.052,145611000.0,18901000.0,31311000.0,0.0,2.854,21.508,21.648,363093000.0,0.0,5.823,0.965,0.965,89489000.0,174136000.0,202129000.0,202129000.0,0.0,,,,,0.0,124921000.0,1.0,121950704.0,121973885,122068185.0,1.657,496440000.0,5451000.0,6836000.0,37213000.0,4.07,7653000.0
69,ODFL,MRQ,2004-03-31,2004-03-31,2004-03-31,2021-08-05,0.0,453821000.0,,107869000.0,345952000.0,,1.954,-23258000.0,1054000.0,1054000.0,34416000.0,5712000.0,1.114,0.905,90781000.0,21897000.0,68884000.0,90781000.0,0.0,10596000.0,0.0,0.0,0.0,10734000.0,21330000.0,0.117,21330000.0,10734000.0,9364000.0,0.047,0.047,0.047,238253000.0,,238253000.0,639181098.0,12.0,6.813,6648000.0,0.055,1.0,148353000.0,0.812,0.0,1370000.0,446737000.0,,0.0,0.0,0.0,0.0,215568000.0,96811000.0,118757000.0,542806098.0,3000.0,0.0,0.0,-6645000.0,0.0,-6645000.0,-23258000.0,0.0,29906000.0,0.0,5712000.0,5712000.0,5712000.0,0.0,0.0,0.031,137452000.0,10901000.0,22771000.0,0.0,2.278,18.676,18.781,328387000.0,0.0,4.451,0.778,0.778,82854000.0,163675000.0,182769000.0,182769000.0,0.0,,,,,0.0,117686000.0,1.0,121950704.0,121950704,122059568.0,1.499,453821000.0,5384000.0,3652000.0,35598000.0,3.721,11058000.0
70,ODFL,MRQ,2003-12-31,2003-12-31,2003-12-31,2021-08-05,0.0,434559000.0,,101370000.0,333189000.0,,1.907,-18695000.0,1051000.0,1051000.0,31289000.0,7728000.0,1.294,0.869,97426000.0,22440000.0,74986000.0,97426000.0,0.0,10129000.0,0.0,0.0,0.0,14034000.0,24163000.0,0.139,24163000.0,14034000.0,12451000.0,0.061,0.063,0.061,232541000.0,,232541000.0,638046716.0,12.0,7.12,-5576000.0,-0.046,1.0,142687000.0,0.82,0.0,1583000.0,452602000.0,,0.0,0.0,0.0,0.0,202018000.0,78332000.0,123686000.0,547302716.0,-7541000.0,0.0,-1021000.0,-1910000.0,0.0,-1965000.0,-18695000.0,0.0,13119000.0,0.0,7728000.0,7728000.0,7728000.0,0.0,0.0,0.044,129106000.0,13581000.0,12185000.0,0.0,2.354,19.83,19.946,315768000.0,0.0,4.488,0.82,0.819,75578000.0,157963000.0,173976000.0,173976000.0,0.0,,,,,0.0,113569000.0,1.0,121950704.0,121950692,122058394.0,1.427,434559000.0,4539000.0,4723000.0,32999000.0,3.563,23038000.0
71,ODFL,MRQ,2003-09-30,2003-09-30,2003-09-30,2021-08-05,0.0,435816000.0,,107791000.0,328025000.0,,1.841,-18426000.0,8592000.0,8592000.0,30728000.0,9116000.0,1.248,0.942,99336000.0,22671000.0,76665000.0,99336000.0,0.0,9949000.0,0.0,0.0,0.0,16599000.0,26548000.0,0.15,26548000.0,16599000.0,15068000.0,0.075,0.075,0.075,224456000.0,,224456000.0,570998771.0,12.0,6.796,8460000.0,0.069,1.0,146145000.0,0.826,0.0,1531000.0,440220000.0,,0.0,0.0,0.0,0.0,211360000.0,86340000.0,125020000.0,471611771.0,7643000.0,0.0,183000.0,-1000000.0,0.0,-817000.0,-18426000.0,0.0,26886000.0,0.0,9116000.0,9116000.0,9116000.0,0.0,0.0,0.052,129367000.0,16778000.0,19237000.0,0.0,2.101,18.615,17.989,307288000.0,0.0,3.868,0.733,0.733,78681000.0,150235000.0,176873000.0,176873000.0,0.0,,,,,0.0,111448000.0,1.0,121937415.0,121905866,122038022.0,1.451,435816000.0,4567000.0,5952000.0,31690000.0,3.575,21451000.0
72,ODFL,MRQ,2003-06-30,2003-06-30,2003-06-30,2021-08-05,0.0,414236000.0,,93870000.0,320366000.0,,1.766,-32837000.0,949000.0,949000.0,28732000.0,6509000.0,1.257,0.925,100336000.0,17747000.0,82589000.0,100336000.0,0.0,9447000.0,0.0,0.0,0.0,12323000.0,21770000.0,0.133,21770000.0,12323000.0,10759000.0,0.053,0.053,0.053,215157000.0,,215157000.0,427513290.0,10.0,5.539,-15012000.0,-0.123,1.0,135085000.0,0.825,0.0,1564000.0,438952000.0,,0.0,0.0,0.0,0.0,199079000.0,74671000.0,124408000.0,343061290.0,-5600000.0,0.0,77000.0,9335000.0,0.0,9412000.0,-32837000.0,0.0,17825000.0,0.0,6509000.0,6509000.0,6509000.0,0.0,0.0,0.04,122894000.0,12191000.0,15867000.0,0.0,1.594,15.17,13.608,299210000.0,0.0,2.817,0.557,0.557,71917000.0,141119000.0,163817000.0,163817000.0,0.0,,,,,0.0,105404000.0,1.0,121791570.0,121817429,121963659.0,1.345,414236000.0,3670000.0,4250000.0,25855000.0,3.4,19199000.0
73,ODFL,MRQ,2003-03-31,2003-03-31,2003-03-31,2021-08-05,0.0,397224000.0,,101674000.0,295550000.0,,1.714,-28483000.0,6549000.0,6549000.0,29351000.0,4247000.0,1.37,0.905,91001000.0,17798000.0,73203000.0,91001000.0,0.0,8685000.0,0.0,0.0,0.0,8452000.0,17137000.0,0.112,17137000.0,8452000.0,7019000.0,0.036,0.036,0.036,208571000.0,,208571000.0,410770316.0,10.0,5.724,-11249000.0,-0.092,1.0,123514000.0,0.808,0.0,1433000.0,407437000.0,,0.0,0.0,0.0,0.0,188653000.0,74239000.0,114414000.0,336806316.0,-12710000.0,0.0,761000.0,-2222000.0,0.0,-1461000.0,-28483000.0,0.0,17234000.0,0.0,4247000.0,4247000.0,4247000.0,0.0,0.0,0.028,114848000.0,8666000.0,17764000.0,0.0,1.615,16.456,13.827,275638000.0,0.0,2.765,0.569,0.568,72786000.0,134610000.0,152865000.0,152865000.0,0.0,,,,,0.0,99602000.0,1.0,121791570.0,121681562,121856997.0,1.256,397224000.0,3670000.0,2772000.0,25855000.0,3.264,27435000.0
74,ODFL,MRQ,2002-12-31,2002-12-31,2002-12-31,2021-08-05,0.0,389478000.0,,114545000.0,274933000.0,,1.87,-15834000.0,19259000.0,19259000.0,26320000.0,5463000.0,1.814,0.913,93223000.0,11139000.0,82084000.0,93223000.0,0.0,8151000.0,0.0,0.0,0.0,10413000.0,18564000.0,0.124,18564000.0,10413000.0,8956000.0,0.051,0.051,0.051,203563000.0,,203563000.0,399425938.0,11.0,5.954,-15380000.0,-0.141,1.0,123392000.0,0.824,0.0,1457000.0,400312000.0,,0.0,0.0,0.0,0.0,185915000.0,63130000.0,122785000.0,292430938.0,18430000.0,0.0,48411000.0,-14601000.0,0.0,33810000.0,-15834000.0,0.0,454000.0,0.0,5463000.0,5463000.0,5463000.0,0.0,0.0,0.036,112969000.0,10423000.0,16841000.0,0.0,1.437,15.84,13.262,255827000.0,0.0,2.493,0.516,0.432,68005000.0,130363000.0,149712000.0,149712000.0,0.0,,,,,0.0,98041000.0,1.0,117287716.0,108850134,109078523.0,1.375,389478000.0,3670000.0,3493000.0,25855000.0,3.578,51415000.0
75,ODFL,MRQ,2002-09-30,2002-09-30,2002-09-30,2021-08-05,0.0,351998000.0,,84401000.0,267597000.0,,1.58,-20389000.0,829000.0,829000.0,25990000.0,6396000.0,1.018,1.352,107824000.0,24009000.0,83815000.0,107824000.0,0.0,7735000.0,0.0,0.0,0.0,11983000.0,19718000.0,0.132,19718000.0,11983000.0,10484000.0,0.067,0.067,0.067,149689000.0,,149689000.0,251080352.0,7.0,3.903,-9558000.0,-0.101,1.0,123941000.0,0.827,0.0,1499000.0,376122000.0,,0.0,0.0,0.0,0.0,202309000.0,82871000.0,119438000.0,153632352.0,-246000.0,0.0,11000.0,9301000.0,0.0,9312000.0,-20389000.0,0.0,10831000.0,0.0,6396000.0,6396000.0,6396000.0,0.0,0.0,0.043,111836000.0,12105000.0,19231000.0,0.0,1.026,8.96,9.008,248291000.0,0.0,1.622,0.284,0.284,68163000.0,124900000.0,149931000.0,149931000.0,0.0,,,,,0.0,96102000.0,1.0,94746535.0,94742085,94798097.0,1.583,351998000.0,873000.0,4088000.0,21781000.0,3.715,1530000.0
76,ODFL,MRQ,2002-06-30,2002-06-30,2002-06-30,2021-08-05,0.0,334966000.0,,80266000.0,254700000.0,,1.512,-21370000.0,1075000.0,1075000.0,23907000.0,4361000.0,1.063,1.338,98523000.0,17195000.0,81328000.0,98523000.0,0.0,7741000.0,0.0,0.0,0.0,8608000.0,16349000.0,0.117,16349000.0,8608000.0,7149000.0,0.046,0.046,0.046,143282000.0,,143282000.0,220206937.0,8.0,3.698,-2424000.0,-0.026,1.0,115762000.0,0.829,0.0,1459000.0,356939000.0,,0.0,0.0,0.0,0.0,191684000.0,75475000.0,116209000.0,125166937.0,117000.0,0.0,16000.0,2525000.0,0.0,2541000.0,-21370000.0,0.0,18946000.0,0.0,4361000.0,4361000.0,4361000.0,0.0,0.0,0.031,107084000.0,8678000.0,22973000.0,0.0,0.874,8.686,8.693,235703000.0,0.0,1.321,0.241,0.241,64360000.0,118504000.0,139669000.0,139669000.0,0.0,,,,,0.0,91794000.0,1.0,94732867.0,94732115,94785689.0,1.474,334966000.0,873000.0,2788000.0,21003000.0,3.536,4791000.0
77,ODFL,MRQ,2002-03-31,2002-03-31,2002-03-31,2021-08-05,0.0,317482000.0,,76555000.0,240927000.0,,1.467,-11512000.0,958000.0,958000.0,21646000.0,2242000.0,1.314,1.286,95998000.0,10042000.0,85956000.0,95998000.0,0.0,7454000.0,0.0,0.0,0.0,4997000.0,12451000.0,0.098,12451000.0,4997000.0,3676000.0,0.024,0.024,0.024,138905000.0,,138905000.0,214739579.0,8.0,3.746,2597000.0,0.027,1.0,105501000.0,0.83,0.0,1321000.0,354281000.0,,0.0,0.0,0.0,0.0,178577000.0,58241000.0,120336000.0,117078579.0,197000.0,0.0,24000.0,-2424000.0,0.0,-2400000.0,-11512000.0,0.0,14109000.0,0.0,2242000.0,2242000.0,2242000.0,0.0,0.0,0.018,100421000.0,5080000.0,15408000.0,0.0,0.843,8.906,8.957,222134000.0,0.0,1.236,0.23,0.23,59608000.0,114143000.0,127147000.0,127147000.0,0.0,,,,,0.0,85920000.0,1.0,94715781.0,94691781,94745225.0,1.343,317482000.0,873000.0,1434000.0,22030000.0,3.353,18314000.0
78,ODFL,MRQ,2001-12-31,2001-12-31,2001-12-31,2021-08-05,0.0,310840000.0,,73866000.0,236974000.0,,1.443,-16173000.0,761000.0,761000.0,21404000.0,4148000.0,1.461,1.275,98422000.0,8408000.0,90014000.0,98422000.0,0.0,7562000.0,0.0,0.0,0.0,8258000.0,15820000.0,0.127,15820000.0,8258000.0,6800000.0,0.043,0.043,0.043,136639000.0,,136639000.0,188327811.0,7.0,3.405,-14072000.0,-0.149,1.0,103000000.0,0.828,0.0,1458000.0,357935000.0,,0.0,0.0,0.0,0.0,174201000.0,50566000.0,123635000.0,105406811.0,-5256000.0,-668000.0,0.0,9484000.0,0.0,9484000.0,-16841000.0,0.0,2101000.0,0.0,4148000.0,4148000.0,4148000.0,0.0,0.0,0.033,95198000.0,7802000.0,13799000.0,0.0,0.771,8.854,8.906,218183000.0,0.0,1.113,0.21,0.21,52158000.0,111901000.0,124404000.0,124404000.0,0.0,,,,,0.0,83344000.0,1.0,94688443.0,94688443,94719126.0,1.314,310840000.0,873000.0,2652000.0,21206000.0,3.283,23300000.0
79,ODFL,MRQ,2001-09-30,2001-09-30,2001-09-30,2021-08-05,0.0,310635000.0,,86120000.0,224515000.0,,1.399,-7457000.0,6017000.0,6017000.0,22202000.0,3659000.0,1.375,1.345,88938000.0,7934000.0,81004000.0,88938000.0,0.0,7517000.0,0.0,0.0,0.0,7414000.0,14931000.0,0.116,14931000.0,7414000.0,5999000.0,0.039,0.039,0.039,132491000.0,,132491000.0,187632823.0,8.0,3.623,5126000.0,0.054,1.0,106758000.0,0.828,0.0,1415000.0,330924000.0,,0.0,0.0,0.0,0.0,178144000.0,62632000.0,115512000.0,99587823.0,3121000.0,-2000.0,0.0,-2003000.0,0.0,-2003000.0,-7459000.0,0.0,12583000.0,0.0,3659000.0,3659000.0,3659000.0,0.0,0.0,0.028,99077000.0,7681000.0,22228000.0,0.0,0.752,9.709,9.738,206499000.0,0.0,1.052,0.2,0.2,65014000.0,107753000.0,128960000.0,128960000.0,0.0,,,,,0.0,84490000.0,1.0,94688443.0,94688443,94712158.0,1.362,310635000.0,1477000.0,2340000.0,22643000.0,3.281,23488000.0
80,ODFL,MRQ,2001-06-30,2001-06-30,2001-06-30,2021-08-05,0.0,305949000.0,,81308000.0,224641000.0,,1.361,-7713000.0,2896000.0,2896000.0,23723000.0,3097000.0,1.353,1.375,90941000.0,8196000.0,82745000.0,90941000.0,0.0,7521000.0,0.0,0.0,0.0,6609000.0,14130000.0,0.11,14130000.0,6609000.0,5077000.0,0.032,0.032,0.032,128832000.0,,128832000.0,173561190.0,7.0,3.331,7417000.0,0.078,1.0,104882000.0,0.816,0.0,1532000.0,333918000.0,,0.0,0.0,0.0,0.0,177117000.0,60076000.0,117041000.0,81050190.0,1807000.0,-2951000.0,0.0,-2659000.0,0.0,-2659000.0,-10664000.0,0.0,15130000.0,0.0,3097000.0,3097000.0,3097000.0,0.0,0.0,0.024,98845000.0,6037000.0,19672000.0,0.0,0.629,7.442,7.443,206393000.0,0.0,0.856,0.165,0.165,63645000.0,104094000.0,128605000.0,128605000.0,0.0,,,,,0.0,84827000.0,1.0,94688443.0,94688443,94695858.0,1.358,305949000.0,1477000.0,1980000.0,22384000.0,3.231,21232000.0
81,ODFL,MRQ,2001-03-31,2001-03-31,2001-03-31,2021-08-05,0.0,303112000.0,,81617000.0,221495000.0,,1.328,-5565000.0,1089000.0,1089000.0,22537000.0,1001000.0,1.384,1.411,93600000.0,9051000.0,84549000.0,93600000.0,0.0,7288000.0,0.0,0.0,0.0,3135000.0,10423000.0,0.087,10423000.0,3135000.0,1641000.0,0.011,0.011,0.011,125735000.0,,125735000.0,166085400.0,7.0,3.125,-3120000.0,-0.033,1.0,97733000.0,0.813,0.0,1494000.0,336660000.0,,0.0,0.0,0.0,0.0,177377000.0,58963000.0,118414000.0,83128400.0,504000.0,-6434000.0,0.0,10058000.0,0.0,10058000.0,-11999000.0,0.0,2445000.0,0.0,1001000.0,1001000.0,1001000.0,0.0,0.0,0.008,94528000.0,3205000.0,18756000.0,0.0,0.661,6.72,6.702,203090000.0,0.0,0.878,0.172,0.172,62464000.0,100997000.0,120270000.0,120270000.0,0.0,,,,,0.0,80833000.0,1.0,94688443.0,94688443,94688443.0,1.27,303112000.0,1477000.0,640000.0,21754000.0,3.201,22654000.0
82,ODFL,MRQ,2000-12-31,2000-12-31,2000-12-31,2021-08-05,0.0,296591000.0,,80196000.0,216395000.0,,1.317,-9607000.0,585000.0,585000.0,22515000.0,2500000.0,1.265,1.378,83542000.0,9035000.0,74507000.0,83542000.0,0.0,7011000.0,0.0,0.0,0.0,5291000.0,12302000.0,0.102,12302000.0,5291000.0,4099000.0,0.026,0.026,0.026,124734000.0,,124734000.0,163287980.0,6.0,3.03,1359000.0,0.014,1.0,97960000.0,0.813,0.0,1192000.0,316138000.0,,0.0,0.0,0.0,0.0,171857000.0,63410000.0,108447000.0,78971980.0,-286000.0,0.0,0.0,-1645000.0,0.0,-1645000.0,-9607000.0,0.0,10966000.0,0.0,2500000.0,2500000.0,2500000.0,0.0,0.0,0.021,92805000.0,5155000.0,26515000.0,0.0,0.633,5.766,5.752,201350000.0,0.0,0.834,0.166,0.166,58723000.0,99996000.0,120475000.0,120475000.0,0.0,,,,,0.0,79480000.0,1.0,94688443.0,94688443,94688477.0,1.272,296591000.0,1477000.0,1599000.0,21645000.0,3.132,16786000.0
83,ODFL,MRQ,2000-09-30,2000-09-30,2000-09-30,2021-08-05,0.0,291966000.0,,78055000.0,213911000.0,,1.291,-23477000.0,871000.0,871000.0,22784000.0,4293000.0,1.264,1.389,85187000.0,9510000.0,75677000.0,85187000.0,0.0,6936000.0,0.0,0.0,0.0,8310000.0,15246000.0,0.125,15246000.0,8310000.0,7037000.0,0.046,0.046,0.046,122234000.0,,122234000.0,155163069.0,5.0,2.84,-13362000.0,-0.141,1.0,99601000.0,0.814,0.0,1273000.0,314541000.0,,0.0,0.0,0.0,0.0,169732000.0,61741000.0,107991000.0,84209069.0,-2000.0,0.0,0.0,13360000.0,0.0,13360000.0,-23477000.0,0.0,10115000.0,0.0,4293000.0,4293000.0,4293000.0,0.0,0.0,0.035,91341000.0,8260000.0,19993000.0,0.0,0.689,5.75,5.738,198789000.0,0.0,0.889,0.18,0.18,62037000.0,97496000.0,122385000.0,122385000.0,0.0,,,,,0.0,78907000.0,1.0,94688443.0,94688443,94688443.0,1.293,291966000.0,2270000.0,2744000.0,20864000.0,3.083,16314000.0
84,ODFL,MRQ,2000-06-30,2000-06-30,2000-06-30,2021-08-05,0.0,271386000.0,,74615000.0,196771000.0,,1.246,-19538000.0,873000.0,873000.0,21238000.0,4576000.0,1.259,1.301,71827000.0,10018000.0,61809000.0,71827000.0,0.0,6635000.0,0.0,0.0,0.0,8535000.0,15170000.0,0.126,15170000.0,8535000.0,7502000.0,0.048,0.048,0.048,117941000.0,,117941000.0,144914190.0,5.0,2.704,-7090000.0,-0.075,1.0,98906000.0,0.823,0.0,1033000.0,283054000.0,,0.0,0.0,0.0,0.0,153445000.0,59286000.0,94159000.0,81050190.0,-77000.0,0.0,0.0,7013000.0,0.0,7013000.0,-19538000.0,0.0,12448000.0,0.0,4576000.0,4576000.0,4576000.0,0.0,0.0,0.038,90291000.0,8615000.0,18456000.0,0.0,0.687,5.562,5.558,182060000.0,0.0,0.856,0.179,0.179,59271000.0,93203000.0,120144000.0,120144000.0,0.0,,,,,0.0,77699000.0,1.0,94688443.0,94688443,94692863.0,1.269,271386000.0,2270000.0,2926000.0,21407000.0,2.866,15329000.0
85,ODFL,MRQ,2000-03-31,2000-03-31,2000-03-31,2021-08-05,0.0,258721000.0,,75016000.0,183705000.0,,1.197,-8408000.0,950000.0,950000.0,21873000.0,2327000.0,1.029,1.282,64814000.0,24083000.0,40731000.0,64814000.0,0.0,6455000.0,0.0,0.0,0.0,4714000.0,11169000.0,0.099,11169000.0,4714000.0,3815000.0,0.025,0.025,0.025,113365000.0,,113365000.0,163344310.0,6.0,3.115,225000.0,0.002,1.0,90926000.0,0.806,0.0,899000.0,249684000.0,,0.0,0.0,0.0,0.0,145356000.0,72901000.0,72455000.0,99255310.0,169000.0,0.0,0.0,-56000.0,0.0,-56000.0,-8408000.0,0.0,8633000.0,0.0,2327000.0,2327000.0,2327000.0,0.0,0.0,0.021,86203000.0,4723000.0,19164000.0,0.0,0.876,6.961,6.988,169014000.0,0.0,1.048,0.226,0.226,58932000.0,88627000.0,112799000.0,112799000.0,0.0,,,,,0.0,74050000.0,1.0,94688443.0,94688443,94730759.0,1.191,258721000.0,2270000.0,1488000.0,22000000.0,2.732,2115000.0
86,ODFL,MRQ,1999-12-31,1999-12-31,1999-12-31,2021-08-05,0.0,257579000.0,,76254000.0,181325000.0,,1.173,-9938000.0,781000.0,781000.0,19278000.0,3449000.0,1.065,1.32,64870000.0,21811000.0,43059000.0,64870000.0,0.0,6361000.0,0.0,0.0,0.0,6692000.0,13053000.0,0.116,13053000.0,6692000.0,5792000.0,0.036,0.036,0.036,111038000.0,,111038000.0,150663030.0,5.0,2.852,-2790000.0,-0.029,1.0,93039000.0,0.828,0.0,900000.0,250086000.0,,0.0,0.0,0.0,0.0,146541000.0,71582000.0,74959000.0,89363030.0,163000.0,0.0,0.0,2952000.0,0.0,2952000.0,-9938000.0,0.0,7148000.0,0.0,3449000.0,3449000.0,3449000.0,0.0,0.0,0.031,86031000.0,7008000.0,22944000.0,0.0,0.805,6.205,6.209,166962000.0,0.0,0.944,0.21,0.21,56144000.0,86300000.0,112317000.0,112317000.0,0.0,,,,,0.0,74198000.0,1.0,94688443.0,94688455,94730270.0,1.186,257579000.0,2270000.0,2343000.0,20798000.0,2.72,4672000.0
87,ODFL,MRQ,1999-09-30,1999-09-30,1999-09-30,2021-08-05,0.0,247760000.0,,69867000.0,177893000.0,,1.136,-10478000.0,618000.0,618000.0,17543000.0,4219000.0,1.102,1.303,61918000.0,16213000.0,45705000.0,61918000.0,0.0,6317000.0,0.0,0.0,0.0,7892000.0,14209000.0,0.131,14209000.0,7892000.0,6805000.0,0.045,0.045,0.045,107589000.0,,107589000.0,180097891.0,7.0,3.529,-3807000.0,-0.04,1.0,90984000.0,0.838,0.0,1087000.0,245687000.0,,0.0,0.0,0.0,0.0,140171000.0,63373000.0,76798000.0,122604891.0,-27000.0,0.0,0.0,3780000.0,0.0,3780000.0,-10478000.0,0.0,6671000.0,0.0,4219000.0,4219000.0,4219000.0,0.0,0.0,0.039,83127000.0,7857000.0,15838000.0,0.0,1.14,9.3,9.249,163278000.0,0.0,1.295,0.296,0.296,55998000.0,82851000.0,108527000.0,108527000.0,0.0,,,,,0.0,71065000.0,1.0,94681108.0,94685652,94752812.0,1.146,247760000.0,2213000.0,2586000.0,20834000.0,2.617,6494000.0
88,ODFL,MRQ,1999-06-30,1999-06-30,1999-06-30,2021-08-05,0.0,237746000.0,,64184000.0,173562000.0,,1.092,-11452000.0,645000.0,645000.0,16375000.0,4264000.0,1.122,1.3,58138000.0,11753000.0,46385000.0,58138000.0,0.0,6303000.0,0.0,0.0,0.0,7707000.0,14010000.0,0.132,14010000.0,7707000.0,6878000.0,0.045,0.045,0.045,103370000.0,,103370000.0,163302888.0,7.0,3.318,7061000.0,0.075,1.0,89820000.0,0.846,0.0,829000.0,238054000.0,,0.0,0.0,0.0,0.0,134376000.0,57185000.0,77191000.0,98748888.0,-18000.0,0.0,0.0,-7079000.0,0.0,-7079000.0,-11452000.0,0.0,18513000.0,0.0,4264000.0,4264000.0,4264000.0,0.0,0.0,0.04,82117000.0,7703000.0,15316000.0,0.0,0.955,7.973,7.962,159092000.0,0.0,1.043,0.244,0.244,50799000.0,78632000.0,106195000.0,106195000.0,0.0,,,,,0.0,70463000.0,1.0,94681108.0,94681108,94715940.0,1.122,237746000.0,2213000.0,2614000.0,20547000.0,2.511,6999000.0
89,ODFL,MRQ,1999-03-31,1999-03-31,1999-03-31,2021-08-05,0.0,235933000.0,,67487000.0,168446000.0,,1.047,-1181000.0,663000.0,663000.0,15756000.0,2469000.0,1.384,1.381,65217000.0,7550000.0,57667000.0,65217000.0,0.0,6314000.0,0.0,0.0,0.0,5243000.0,11557000.0,0.116,11557000.0,5243000.0,3982000.0,0.026,0.026,0.026,99106000.0,,99106000.0,164522790.0,7.0,3.497,6476000.0,0.068,1.0,83590000.0,0.841,0.0,1261000.0,251725000.0,,0.0,0.0,0.0,0.0,136827000.0,48762000.0,88065000.0,94592790.0,4000.0,-1100000.0,0.0,-5372000.0,0.0,-5372000.0,-2281000.0,0.0,7657000.0,0.0,2469000.0,2469000.0,2469000.0,0.0,0.0,0.025,78102000.0,5488000.0,10723000.0,0.0,0.954,8.101,8.057,154030000.0,0.0,0.999,0.24,0.24,52782000.0,74368000.0,99346000.0,99346000.0,0.0,,,,,0.0,66558000.0,1.0,94681108.0,94681108,94713696.0,1.049,235933000.0,2213000.0,1513000.0,21147000.0,2.492,18725000.0
90,ODFL,MRQ,1998-12-31,1998-12-31,1998-12-31,2021-08-05,0.0,241799000.0,,69789000.0,172010000.0,,1.021,-5252000.0,659000.0,659000.0,16437000.0,2231000.0,1.281,1.502,70589000.0,9093000.0,61496000.0,70589000.0,0.0,6336000.0,0.0,0.0,0.0,4927000.0,11263000.0,0.113,11263000.0,4927000.0,3598000.0,0.024,0.024,0.024,96637000.0,,96637000.0,170269790.0,8.0,3.856,4124000.0,0.044,1.0,83041000.0,0.835,0.0,1329000.0,257248000.0,,0.0,0.0,0.0,0.0,145162000.0,54481000.0,90681000.0,94592790.0,-85000.0,2509000.0,0.0,-6718000.0,0.0,-6718000.0,-2743000.0,0.0,9376000.0,0.0,2231000.0,2231000.0,2231000.0,0.0,0.0,0.022,78066000.0,4975000.0,21350000.0,0.0,0.979,8.507,8.467,158998000.0,0.0,0.999,0.247,0.247,51179000.0,71899000.0,99478000.0,99478000.0,0.0,,,,,0.0,65516000.0,1.0,94681108.0,94681119,94730497.0,1.051,241799000.0,2213000.0,1367000.0,20048000.0,2.554,15308000.0
91,ODFL,MRQ,1998-09-30,1998-09-30,1998-09-30,2021-08-05,0.0,242842000.0,,68628000.0,174214000.0,,0.997,-10608000.0,744000.0,744000.0,15525000.0,3422000.0,1.329,1.572,76421000.0,8326000.0,68095000.0,76421000.0,0.0,5734000.0,0.0,0.0,0.0,6648000.0,12382000.0,0.125,12382000.0,6648000.0,5519000.0,0.036,0.036,0.036,94406000.0,,94406000.0,170313744.0,8.0,4.076,2910000.0,0.031,1.0,83741000.0,0.844,0.0,1129000.0,266895000.0,,0.0,0.0,0.0,0.0,148436000.0,51624000.0,96812000.0,116370744.0,-4663000.0,-17629000.0,0.0,10056000.0,0.0,10056000.0,-28237000.0,0.0,13518000.0,0.0,3422000.0,3422000.0,3422000.0,0.0,0.0,0.034,77006000.0,6735000.0,14648000.0,0.0,1.233,10.558,10.505,161120000.0,0.0,1.229,0.318,0.318,54747000.0,69669000.0,99266000.0,99266000.0,0.0,,,,,0.0,65202000.0,1.0,94681108.0,94681108,94782404.0,1.048,242842000.0,1970000.0,2097000.0,19385000.0,2.565,17004000.0
92,ODFL,MRQ,1998-06-30,1998-06-30,1998-06-30,2021-08-05,0.0,216607000.0,,66599000.0,150008000.0,,0.961,-13546000.0,5407000.0,5407000.0,16374000.0,3554000.0,1.487,1.381,59350000.0,5445000.0,53905000.0,59350000.0,0.0,5152000.0,0.0,0.0,0.0,6693000.0,11845000.0,0.124,11845000.0,6693000.0,5733000.0,0.038,0.038,0.038,90984000.0,,90984000.0,180554450.0,8.0,4.494,-2385000.0,-0.025,1.0,79266000.0,0.829,0.0,960000.0,225755000.0,,0.0,0.0,0.0,0.0,125623000.0,44795000.0,80828000.0,128980450.0,-3478000.0,0.0,16000.0,-1109000.0,0.0,-1093000.0,-13546000.0,0.0,11161000.0,0.0,3554000.0,3554000.0,3554000.0,0.0,0.0,0.037,72488000.0,6778000.0,14155000.0,0.0,1.418,11.776,11.746,143728000.0,0.0,1.363,0.363,0.363,48966000.0,66246000.0,95640000.0,95640000.0,0.0,,,,,0.0,61793000.0,1.0,94662883.0,94680105,94877755.0,1.01,216607000.0,1970000.0,2179000.0,18338000.0,2.288,21804000.0
93,ODFL,MRQ,1998-03-31,1998-03-31,1998-03-31,2021-08-05,0.0,211159000.0,,68942000.0,142217000.0,,0.923,-13493000.0,8885000.0,8885000.0,15636000.0,1913000.0,1.582,1.416,60459000.0,5445000.0,55014000.0,60459000.0,0.0,4665000.0,0.0,0.0,0.0,3998000.0,8663000.0,0.098,8663000.0,3998000.0,3085000.0,0.02,0.02,0.02,87414000.0,,87414000.0,188987509.0,9.0,4.916,-3277000.0,-0.035,1.0,73058000.0,0.824,0.0,913000.0,219156000.0,,0.0,0.0,0.0,0.0,123745000.0,43577000.0,80168000.0,142360509.0,8211000.0,-1670000.0,0.0,13158000.0,0.0,13158000.0,-15163000.0,0.0,10216000.0,0.0,1913000.0,1913000.0,1913000.0,0.0,0.0,0.022,68969000.0,4089000.0,14770000.0,0.0,1.629,13.491,13.548,135277000.0,0.0,1.504,0.414,0.414,47685000.0,62692000.0,88694000.0,88694000.0,0.0,,,,,0.0,58688000.0,1.0,94662883.0,94662883,94836965.0,0.937,211159000.0,1970000.0,1172000.0,18012000.0,2.231,25365000.0
94,ODFL,MRQ,1997-12-31,1997-12-31,1997-12-31,2021-08-05,0.0,191061000.0,,59860000.0,131201000.0,,0.903,-3063000.0,674000.0,674000.0,15130000.0,2133000.0,1.532,1.235,47301000.0,5146000.0,42155000.0,47301000.0,0.0,4660000.0,0.0,0.0,0.0,4230000.0,8890000.0,0.108,8890000.0,4230000.0,3337000.0,0.023,0.023,0.023,85501000.0,,85501000.0,,,,2615000.0,0.028,1.0,67358000.0,0.817,0.0,893000.0,198604000.0,,0.0,0.0,0.0,0.0,105560000.0,39084000.0,66476000.0,126736589.0,-124000.0,0.0,20000.0,-2759000.0,0.0,-2739000.0,-3063000.0,0.0,5678000.0,0.0,2133000.0,2133000.0,2133000.0,0.0,0.0,0.026,63124000.0,4234000.0,14161000.0,0.0,1.482,12.626,12.63,124830000.0,0.0,1.339,0.385,0.385,44891000.0,60779000.0,82488000.0,82488000.0,0.0,,,,,0.0,53704000.0,1.0,94662883.0,94658144,94835564.0,0.871,191061000.0,1970000.0,1204000.0,16617000.0,2.018,20776000.0
95,ODFL,MRQ,1997-09-30,1997-09-30,1997-09-30,2021-08-05,,,,,,,,-10928000.0,,,15621000.0,3353000.0,,,,,,,,4396000.0,,0.0,0.0,6384000.0,10780000.0,0.122,10780000.0,6384000.0,5452000.0,0.035,0.035,0.035,,,,,,,-1053000.0,-0.011,1.0,72654000.0,0.823,,932000.0,,,,,,,,,,,150000.0,0.0,4000.0,1199000.0,0.0,1203000.0,-10928000.0,0.0,9875000.0,0.0,3353000.0,3353000.0,3353000.0,0.0,0.0,0.038,66152000.0,6502000.0,,0.0,,,,,0.0,1.69,,,,,88275000.0,88275000.0,0.0,,,,,0.0,56605000.0,1.0,,94636582,94815061.0,0.933,,,2099000.0,,,
96,ODFL,MRQ,1997-06-30,1997-06-30,1997-06-30,2021-08-05,,,,,,,,-13633000.0,,,14780000.0,3153000.0,,,,,,,,4126000.0,,0.0,0.0,5982000.0,10108000.0,0.12,10108000.0,5982000.0,5128000.0,0.033,0.033,0.033,,,,,,,-4112000.0,-0.043,1.0,69710000.0,0.825,,854000.0,,,,,,,,,,,-203000.0,0.0,0.0,3909000.0,0.0,3909000.0,-13633000.0,0.0,9521000.0,0.0,3153000.0,3153000.0,3153000.0,0.0,0.0,0.037,63649000.0,6061000.0,,0.0,,,,,0.0,1.219,,,,,84490000.0,84490000.0,0.0,,,,,511000.0,53790000.0,1.0,,94635545,94703593.0,0.893,,,1975000.0,,,
97,ODFL,MRQ,1997-03-31,1997-03-31,1997-03-31,2021-08-05,,,,,,,,-5026000.0,,,14242000.0,1399000.0,,,,,,,,3991000.0,,0.0,0.0,3142000.0,7133000.0,0.097,7133000.0,3142000.0,2274000.0,0.015,0.015,0.015,,,,,,,-2313000.0,-0.024,1.0,59349000.0,0.806,,868000.0,,,,,,,,,,,-502000.0,0.0,0.0,1811000.0,0.0,1811000.0,-5026000.0,0.0,2713000.0,0.0,1399000.0,1399000.0,1399000.0,0.0,0.0,0.019,56135000.0,3214000.0,,0.0,,,,,0.0,1.087,,,,,73591000.0,73591000.0,0.0,,,,,0.0,47552000.0,1.0,,94763393,94796244.0,0.777,,,875000.0,,,
98,ODFL,MRQ,1996-12-31,1996-12-31,1996-12-31,2021-08-05,0.0,170726000.0,,56264000.0,114462000.0,,0.788,,1353000.0,1353000.0,,,1.569,1.279,43141000.0,3659000.0,39482000.0,43141000.0,0.0,,0.0,0.0,0.0,,,,,,,,,,74928000.0,,74928000.0,,,,,,1.0,,,0.0,,176649000.0,,0.0,0.0,0.0,0.0,95798000.0,35865000.0,59933000.0,,,,,,,,,,,,,,,,,,,,14860000.0,,,,14.357,109175000.0,,0.933,,0.303,40873000.0,50741000.0,,,,,,,,,,1.0,,95061691,,,170726000.0,2625000.0,,13377000.0,1.796,20399000.0
0,ODFL,MRT,2021-06-30,2021-06-30,2021-06-30,2021-08-05,0.0,4534446000.0,4382351750.0,1311115000.0,3223331000.0,1.045,29.376,-294430000.0,484204000.0,484204000.0,713972000.0,860635000.0,2.72,0.333,99939000.0,0.0,99939000.0,99939000.0,0.0,270002000.0,0.0,0.003,0.7,1158243000.0,1428245000.0,0.312,1428245000.0,1158243000.0,1155354000.0,7.38,7.33,7.38,3402378000.0,3272854000.0,3402378000.0,29179866469.0,25.0,20.431,630669000.0,5.445,1.0,3863507000.0,0.844,0.0,2889000.0,3668163000.0,3619612000.0,0.0,165254000.0,165254000.0,0.0,1132068000.0,482018000.0,650050000.0,29431831469.0,-34420000.0,0.0,-368731000.0,-45000000.0,-81539000.0,-499924000.0,-459595000.0,-165065000.0,925099000.0,0.0,860635000.0,860635000.0,860635000.0,0.0,0.0,0.188,2703260000.0,1160247000.0,90956000.0,0.095,8.65,34.198,34.39,2998727000.0,0.0,253.8,6.43,6.422,600056000.0,3230593000.0,4577479000.0,4577479000.0,0.0,0.196,0.263,0.32,0.253,7055000.0,2374742000.0,1.0,115964663.0,115820522,116561242.0,39.522,4534446000.0,0.0,294719000.0,220210000.0,39.151,829097000.0
1,ODFL,MRT,2021-03-31,2021-03-31,2021-03-31,2021-08-05,0.0,4351863000.0,4268747250.0,1223261000.0,3128602000.0,0.973,27.399,-214020000.0,351900000.0,351900000.0,620650000.0,738864000.0,2.381,0.363,99935000.0,0.0,99935000.0,99935000.0,0.0,271786000.0,0.0,0.003,0.65,993160000.0,1264946000.0,0.304,1264946000.0,993160000.0,989971000.0,6.31,6.27,6.31,3191917000.0,3167876500.0,3191917000.0,27811351856.0,28.0,21.986,825294000.0,7.084,1.0,3533630000.0,0.851,0.0,3189000.0,3586036000.0,3500743750.0,0.0,310193000.0,310193000.0,0.0,1159946000.0,513862000.0,646084000.0,28112850856.0,-5072000.0,0.0,-494728000.0,54923000.0,-75945000.0,-520319000.0,-524067000.0,-309947000.0,1039314000.0,0.0,738864000.0,738864000.0,738864000.0,0.0,0.0,0.178,2540261000.0,993369000.0,88452000.0,0.103,8.808,38.049,38.1,2907672000.0,0.0,240.41,6.767,6.742,505678000.0,3024195000.0,4154280000.0,4154280000.0,0.0,0.173,0.233,0.284,0.239,7055000.0,2214456000.0,1.0,116937111.0,116497893,117255740.0,35.66,4351863000.0,0.0,251107000.0,295154000.0,37.356,709399000.0
2,ODFL,MRT,2020-12-31,2020-12-31,2020-12-31,2021-08-05,0.0,4369410000.0,4164528000.0,1243339000.0,3126071000.0,0.964,28.252,-221391000.0,401430000.0,401430000.0,588321000.0,672682000.0,3.332,0.314,99931000.0,0.0,99931000.0,99931000.0,0.0,273230000.0,0.0,0.003,0.603,904146000.0,1177376000.0,0.293,1177376000.0,904146000.0,901364000.0,5.71,5.68,5.71,3326288000.0,3123909500.0,3326288000.0,22625282825.0,25.0,19.217,711633000.0,6.044,1.0,3426808000.0,0.853,0.0,2782000.0,3694781000.0,3398048750.0,0.0,330274000.0,330274000.0,0.0,1043122000.0,373130000.0,669992000.0,22900751825.0,-2141000.0,0.0,-364057000.0,54923000.0,-71023000.0,-383502000.0,-551663000.0,-330172000.0,933024000.0,0.0,672682000.0,672682000.0,672682000.0,0.0,0.0,0.168,2519926000.0,906882000.0,68511000.0,0.106,6.885,34.044,34.182,2914031000.0,0.0,195.18,5.704,5.723,454222000.0,3088131000.0,4015129000.0,4015129000.0,0.0,0.162,0.215,0.266,0.225,11337000.0,2195715000.0,1.0,117331447.0,117737180,118493203.0,34.102,4369410000.0,0.0,228682000.0,228921000.0,37.112,870209000.0
3,ODFL,MRT,2020-09-30,2020-09-30,2020-09-30,2021-08-05,0.0,4273688000.0,4071067500.0,1138496000.0,3135192000.0,0.97,27.058,-268975000.0,420396000.0,420396000.0,587531000.0,626874000.0,2.534,0.348,144927000.0,45000000.0,99927000.0,144927000.0,0.0,271767000.0,0.0,0.003,0.567,839663000.0,1111430000.0,0.281,1111430000.0,839663000.0,837635000.0,5.3,5.27,5.3,3170833000.0,3062516750.0,3170833000.0,20853904391.0,25.0,18.763,653856000.0,5.58,1.0,3363415000.0,0.851,19463000.0,2028000.0,3529468000.0,3292081500.0,0.0,205294000.0,205294000.0,0.0,1102855000.0,449288000.0,653567000.0,21227605391.0,98110000.0,0.0,-379905000.0,99923000.0,-67018000.0,-350345000.0,-474376000.0,-205301000.0,922831000.0,0.0,626874000.0,626874000.0,626874000.0,0.0,0.0,0.159,2522571000.0,840844000.0,59229000.0,0.107,6.695,33.863,34.136,2935475000.0,0.0,180.92,5.373,5.366,462924000.0,2973109000.0,3950946000.0,3950946000.0,0.0,0.154,0.205,0.255,0.213,15449000.0,2188001000.0,1.0,117331447.0,117188398,117933440.0,33.714,4254225000.0,0.0,210761000.0,250080000.0,36.302,689208000.0
4,ODFL,MRT,2020-06-30,2020-06-30,2020-06-30,2021-08-05,0.0,4080028000.0,3975750000.0,968570000.0,3111458000.0,0.991,25.359,-361607000.0,518624000.0,518624000.0,611457000.0,589105000.0,1.96,0.368,144923000.0,45000000.0,99923000.0,144923000.0,0.0,270273000.0,0.0,0.003,0.53,788654000.0,1058927000.0,0.269,1058927000.0,788654000.0,787694000.0,4.95,4.93,4.95,2982468000.0,2997190500.0,2982468000.0,19690857811.0,25.0,18.595,676614000.0,5.753,1.0,3329780000.0,0.845,19463000.0,960000.0,3192690000.0,3209416250.0,0.0,0.0,0.0,0.0,1097560000.0,494174000.0,603386000.0,20002829811.0,289664000.0,0.0,-420519000.0,99923000.0,-63009000.0,-386950000.0,-361607000.0,0.0,1038221000.0,0.0,589105000.0,589105000.0,589105000.0,0.0,0.0,0.149,2541653000.0,788127000.0,51257000.0,0.107,6.707,33.955,34.261,2955083000.0,0.0,169.59,5.075,5.061,395785000.0,2788839000.0,3941237000.0,3941237000.0,0.0,0.148,0.197,0.246,0.2,12501000.0,2203520000.0,1.0,117948168.0,117610178,118359884.0,33.511,4060565000.0,0.0,198589000.0,351870000.0,34.526,474396000.0
5,ODFL,MRT,2020-03-31,2020-03-31,2020-03-31,2021-08-05,0.0,3934986000.0,3895418750.0,831006000.0,3103980000.0,1.054,25.334,-453843000.0,356972000.0,356972000.0,666281000.0,615372000.0,1.94,0.305,45000000.0,45000000.0,0.0,45000000.0,0.0,267109000.0,0.0,0.004,0.493,824618000.0,1091727000.0,0.266,1091727000.0,824618000.0,824263000.0,5.13,5.12,5.13,3016049000.0,2951194750.0,3016049000.0,15333027444.0,19.0,14.045,527888000.0,4.434,1.0,3439412000.0,0.838,19463000.0,355000.0,3175256000.0,3203537500.0,0.0,0.0,0.0,0.0,918937000.0,428295000.0,490642000.0,15691598444.0,76345000.0,0.0,-388658000.0,0.0,-59072000.0,-451543000.0,-453843000.0,0.0,981731000.0,0.0,615372000.0,615372000.0,615372000.0,0.0,0.0,0.15,2615962000.0,823450000.0,55097000.0,0.096,5.203,25.499,25.587,2953990000.0,0.0,131.26,3.822,3.806,427613000.0,2787049000.0,4105693000.0,4105693000.0,0.0,0.158,0.209,0.257,0.201,14784000.0,2280579000.0,1.0,119545928.0,119050174,119805572.0,34.487,3915523000.0,0.0,208891000.0,315647000.0,32.89,402711000.0
6,ODFL,MRT,2019-12-31,2019-12-31,2019-12-31,2021-08-05,0.0,3995568000.0,3837682750.0,866834000.0,3128734000.0,1.071,25.584,-473639000.0,403571000.0,403571000.0,679589000.0,615518000.0,2.368,0.297,45000000.0,0.0,45000000.0,45000000.0,0.0,264747000.0,0.0,0.004,0.453,824326000.0,1089073000.0,0.265,1089073000.0,824326000.0,823949000.0,5.11,5.1,5.11,3080717000.0,2889775250.0,3080717000.0,14871621815.0,18.0,13.655,510249000.0,4.237,1.0,3429522000.0,0.835,0.0,377000.0,3270912000.0,3182422750.0,0.0,0.0,0.0,0.0,914851000.0,366085000.0,548766000.0,15148907815.0,213289000.0,0.0,-240960000.0,0.0,-54552000.0,-296960000.0,-473639000.0,0.0,983888000.0,0.0,615518000.0,615518000.0,615518000.0,0.0,0.0,0.15,2610816000.0,818706000.0,70254000.0,0.089,4.917,24.612,24.759,2968835000.0,0.0,126.52,3.687,3.708,408165000.0,2850302000.0,4109111000.0,4109111000.0,0.0,0.16,0.213,0.259,0.201,16717000.0,2276040000.0,1.0,119735282.0,120414218,120609599.0,34.125,3995568000.0,0.0,208431000.0,264811000.0,33.182,500749000.0
7,ODFL,MRT,2019-09-30,2019-09-30,2019-09-30,2021-08-05,0.0,3892418000.0,3725111500.0,806978000.0,3085440000.0,1.108,24.282,-482484000.0,322286000.0,322286000.0,696482000.0,630953000.0,2.033,0.338,45000000.0,0.0,45000000.0,45000000.0,0.0,251692000.0,0.0,0.004,0.427,852129000.0,1103821000.0,0.267,1103821000.0,852129000.0,851706000.0,5.213,5.21,5.213,2909528000.0,2789716750.0,2909528000.0,13414708091.0,16.0,12.153,489729000.0,4.087,1.0,3430367000.0,0.831,19463000.0,423000.0,3198807000.0,3120646250.0,0.0,0.0,0.0,0.0,982890000.0,396862000.0,586028000.0,13598668091.0,144818000.0,0.0,-292022000.0,0.0,-51560000.0,-345030000.0,-482365000.0,0.0,972213000.0,0.0,630953000.0,630953000.0,630953000.0,0.0,0.0,0.153,2581080000.0,849287000.0,81269000.0,0.082,4.674,21.553,21.737,2927894000.0,0.0,113.313,3.295,3.29,438075000.0,2755455000.0,4126849000.0,4126849000.0,0.0,0.169,0.226,0.273,0.206,6698000.0,2260036000.0,1.0,120009426.0,119820422,119984153.0,34.442,3872955000.0,0.0,220753000.0,256799000.0,32.323,410116000.0
8,ODFL,MRT,2019-06-30,2019-06-30,2019-06-30,2021-08-05,0.0,3758703000.0,3624335000.0,741420000.0,3017283000.0,1.141,23.169,-519158000.0,228960000.0,228960000.0,707841000.0,640296000.0,1.92,0.343,45000000.0,0.0,45000000.0,45000000.0,0.0,246285000.0,0.0,0.004,0.4,862965000.0,1109250000.0,0.268,1109250000.0,862965000.0,862516000.0,5.257,5.253,5.257,2798485000.0,2716567750.0,2798485000.0,11846465501.0,14.0,10.68,418150000.0,3.462,1.0,3428784000.0,0.829,19463000.0,449000.0,3169175000.0,3064675500.0,0.0,0.0,0.0,0.0,960218000.0,386105000.0,574113000.0,12082092501.0,88389000.0,0.0,-280603000.0,0.0,-48628000.0,-330679000.0,-518240000.0,0.0,937308000.0,0.0,640296000.0,640296000.0,640296000.0,0.0,0.0,0.155,2568639000.0,860145000.0,85125000.0,0.076,4.317,18.87,18.928,2858171000.0,0.0,99.507,2.921,2.905,458145000.0,2645533000.0,4136625000.0,4136625000.0,0.0,0.177,0.236,0.282,0.209,6835000.0,2260791000.0,1.0,121419930.0,120783414,120968046.0,34.248,3739240000.0,0.0,222220000.0,260817000.0,30.958,355315000.0
9,ODFL,MRT,2019-03-31,2019-03-31,2019-03-31,2021-08-05,0.0,3704042000.0,3514929750.0,783878000.0,2920164000.0,1.169,22.792,-551562000.0,280627000.0,280627000.0,712354000.0,629658000.0,2.189,0.337,45000000.0,0.0,45000000.0,45000000.0,0.0,239949000.0,0.0,0.004,0.373,848714000.0,1088663000.0,0.265,1088663000.0,848714000.0,848414000.0,5.143,5.14,5.143,2770371000.0,2637459250.0,2770371000.0,11571531742.0,14.0,10.629,343482000.0,2.826,1.0,3397103000.0,0.827,19463000.0,300000.0,3090797000.0,2982303250.0,0.0,0.0,0.0,0.0,933671000.0,358155000.0,575516000.0,11716813742.0,120690000.0,0.0,-176562000.0,0.0,-45661000.0,-223710000.0,-550644000.0,0.0,895044000.0,0.0,629658000.0,629658000.0,629658000.0,0.0,0.0,0.153,2550966000.0,846137000.0,79397000.0,0.073,4.229,18.608,18.717,2761857000.0,0.0,96.26,2.851,2.847,455333000.0,2619141000.0,4109457000.0,4109457000.0,0.0,0.179,0.239,0.285,0.207,5695000.0,2249262000.0,1.0,121720484.0,121549706,121715331.0,33.809,3684579000.0,0.0,218756000.0,247669000.0,30.313,425723000.0
10,ODFL,MRT,2018-12-31,2018-12-31,2018-12-31,2021-08-05,0.0,3545283000.0,3374920250.0,706229000.0,2839054000.0,1.198,21.813,-581309000.0,190282000.0,190282000.0,705703000.0,605668000.0,1.98,0.323,45000000.0,0.0,45000000.0,45000000.0,0.0,230357000.0,0.0,0.004,0.347,815702000.0,1046059000.0,0.259,1046059000.0,815702000.0,815513000.0,4.93,4.92,4.93,2680483000.0,2534554250.0,2680483000.0,9962857406.0,12.0,9.524,318807000.0,2.594,1.0,3337992000.0,0.825,19463000.0,189000.0,3023806000.0,2875683750.0,0.0,0.0,0.0,0.0,864800000.0,356732000.0,508068000.0,10095325406.0,62820000.0,0.0,-163265000.0,-50000000.0,-42566000.0,-256905000.0,-580391000.0,0.0,900116000.0,0.0,605668000.0,605668000.0,605668000.0,0.0,0.0,0.15,2520941000.0,817051000.0,78518000.0,0.07,3.766,16.668,16.699,2754943000.0,0.0,82.327,2.497,2.502,468260000.0,2530184000.0,4043695000.0,4043695000.0,0.0,0.179,0.239,0.284,0.202,4894000.0,2225852000.0,1.0,122625218.0,122885346,123029672.0,32.906,3525820000.0,0.0,209845000.0,247669000.0,28.692,349497000.0
11,ODFL,MRT,2018-09-30,2018-09-30,2018-09-30,2021-08-05,0.0,3489312000.0,3255705500.0,696315000.0,2792997000.0,1.2,21.306,-557219000.0,177468000.0,177468000.0,690192000.0,643459000.0,1.921,0.333,45000000.0,0.0,45000000.0,45000000.0,0.0,220895000.0,0.0,0.003,0.327,742439000.0,963334000.0,0.247,963334000.0,742439000.0,742026000.0,5.22,5.227,5.22,2616932000.0,2433647000.0,2616932000.0,13127162175.0,18.0,13.627,266480000.0,2.17,1.0,3217676000.0,0.823,19463000.0,413000.0,2974924000.0,2786094750.0,0.0,0.0,0.0,0.0,872380000.0,362457000.0,509923000.0,13222733175.0,99377000.0,0.0,-76589000.0,-50000000.0,-40239000.0,-167902000.0,-556420000.0,0.0,823699000.0,0.0,643459000.0,643459000.0,643459000.0,0.0,0.0,0.165,2476013000.0,741663000.0,88150000.0,0.063,5.053,20.549,20.595,2703275000.0,0.0,107.507,3.384,3.379,482207000.0,2467902000.0,3907868000.0,3907868000.0,0.0,0.198,0.264,0.266,0.19,4385000.0,2190684000.0,1.0,122994542.0,122827893,122963661.0,31.816,3469849000.0,0.0,98567000.0,227531000.0,28.25,333858000.0
12,ODFL,MRT,2018-06-30,2018-06-30,2018-06-30,2021-08-05,0.0,3321082000.0,3122420000.0,647585000.0,2673497000.0,1.192,20.163,-480697000.0,140571000.0,140571000.0,652139000.0,572331000.0,1.768,0.338,45000000.0,0.0,45000000.0,45000000.0,0.0,214743000.0,0.0,0.003,0.307,678286000.0,893029000.0,0.24,893029000.0,678286000.0,677347000.0,4.633,4.64,4.633,2482051000.0,2301168000.0,2482051000.0,12129483688.0,18.0,13.582,241774000.0,1.964,1.0,3070483000.0,0.825,19463000.0,939000.0,2839686000.0,2691855500.0,0.0,0.0,0.0,0.0,839031000.0,366362000.0,472669000.0,12244420688.0,106738000.0,0.0,-48272000.0,-50000000.0,-37829000.0,-137175000.0,-478558000.0,0.0,722471000.0,0.0,572331000.0,572331000.0,572331000.0,0.0,0.0,0.154,2393330000.0,677153000.0,81668000.0,0.066,4.933,21.394,21.435,2585708000.0,0.0,99.307,3.289,3.284,464279000.0,2334286000.0,3722622000.0,3722622000.0,0.0,0.183,0.249,0.252,0.182,3927000.0,2111821000.0,1.0,123299080.0,123101808,123254328.0,30.24,3301619000.0,0.0,105016000.0,224840000.0,26.82,281223000.0
13,ODFL,MRT,2018-03-31,2018-03-31,2018-03-31,2021-08-05,0.0,3144004000.0,3002199000.0,615450000.0,2528554000.0,1.175,19.118,-414927000.0,159937000.0,159937000.0,605765000.0,507315000.0,1.782,0.333,45000000.0,0.0,45000000.0,45000000.0,0.0,208957000.0,0.0,0.003,0.287,617735000.0,826692000.0,0.234,826692000.0,617735000.0,616165000.0,4.107,4.107,4.107,2358751000.0,2178903000.0,2358751000.0,12074111063.0,20.0,14.605,221805000.0,1.798,1.0,2923271000.0,0.828,19463000.0,1570000.0,2664319000.0,2616307000.0,0.0,0.0,0.0,0.0,785253000.0,345285000.0,439968000.0,12106573063.0,112386000.0,0.0,-25262000.0,-50000000.0,-35385000.0,-111558000.0,-412788000.0,0.0,636732000.0,0.0,507315000.0,507315000.0,507315000.0,0.0,0.0,0.144,2306167000.0,617104000.0,78498000.0,0.07,5.133,23.864,23.857,2450834000.0,0.0,97.98,3.431,3.426,418474000.0,2211601000.0,3529036000.0,3529036000.0,0.0,0.169,0.233,0.236,0.175,3664000.0,2029451000.0,1.0,123561676.0,123380205,123534072.0,28.603,3124541000.0,0.0,108850000.0,210659000.0,25.324,270165000.0
14,ODFL,MRT,2017-12-31,2017-12-31,2017-12-31,2021-08-05,0.0,3068424000.0,2902450500.0,584653000.0,2483771000.0,1.157,18.442,-369885000.0,127462000.0,127462000.0,574307000.0,463774000.0,1.665,0.348,95000000.0,50000000.0,45000000.0,95000000.0,0.0,205763000.0,0.0,0.003,0.267,577986000.0,783749000.0,0.233,783749000.0,577986000.0,575832000.0,3.753,3.753,3.753,2276854000.0,2066556000.0,2276854000.0,10853464565.0,19.0,13.848,166409000.0,1.348,1.0,2783805000.0,0.829,19463000.0,2154000.0,2665450000.0,2559780000.0,0.0,0.0,0.0,0.0,791570000.0,351049000.0,440521000.0,10836555565.0,117291000.0,0.0,-8013000.0,-9975000.0,-32925000.0,-51257000.0,-367746000.0,0.0,536294000.0,0.0,463774000.0,463774000.0,463774000.0,0.0,0.0,0.138,2207919000.0,575886000.0,73729000.0,0.071,4.759,23.366,23.368,2404459000.0,0.0,87.7,3.227,3.224,415781000.0,2130257000.0,3358112000.0,3358112000.0,0.0,0.16,0.224,0.226,0.172,3242000.0,1937927000.0,1.0,123563918.0,123462626,123610602.0,27.199,3048961000.0,0.0,112058000.0,189960000.0,24.695,233604000.0
15,ODFL,MRT,2017-09-30,2017-09-30,2017-09-30,2021-08-05,0.0,2956170000.0,2809406250.0,513095000.0,2443075000.0,1.144,16.909,-340053000.0,78091000.0,78091000.0,535859000.0,335035000.0,1.443,0.416,95000000.0,50000000.0,45000000.0,95000000.0,0.0,202244000.0,0.0,0.003,0.2,546035000.0,748279000.0,0.233,748279000.0,546035000.0,543289000.0,2.713,2.707,2.713,2087016000.0,1960132000.0,2087016000.0,9132708399.0,17.0,12.205,203415000.0,1.648,1.0,2676874000.0,0.833,19463000.0,2746000.0,2597967000.0,2514155500.0,0.0,0.0,0.0,0.0,869154000.0,355649000.0,513505000.0,9071541399.0,63077000.0,0.0,-19307000.0,-98129000.0,-24697000.0,-142477000.0,-337914000.0,0.0,543468000.0,0.0,335035000.0,335035000.0,335035000.0,0.0,0.0,0.104,2130998000.0,545876000.0,59702000.0,0.074,4.347,27.076,27.057,2367403000.0,0.0,73.407,2.824,2.82,399387000.0,1941245000.0,3212733000.0,3212733000.0,0.0,0.119,0.171,0.217,0.17,2882000.0,1866021000.0,1.0,123579258.0,123429442,123571404.0,26.029,2936707000.0,0.0,208254000.0,294121000.0,23.793,157446000.0
16,ODFL,MRT,2017-06-30,2017-06-30,2017-06-30,2021-08-05,0.0,2840198000.0,2741450750.0,444612000.0,2395586000.0,1.139,16.14,-295793000.0,33833000.0,33833000.0,517848000.0,318302000.0,1.291,0.425,95000000.0,50000000.0,45000000.0,95000000.0,0.0,199351000.0,0.0,0.002,0.133,518363000.0,717714000.0,0.23,717714000.0,518363000.0,515041000.0,2.573,2.567,2.573,1992991000.0,1886746750.0,1992991000.0,7899213175.0,15.0,11.006,216073000.0,1.75,1.0,2604509000.0,0.834,19463000.0,3322000.0,2537492000.0,2508170250.0,0.0,0.0,0.0,0.0,847207000.0,344410000.0,502797000.0,7851764175.0,23160000.0,0.0,-52768000.0,-123332000.0,-16469000.0,-192913000.0,-295793000.0,0.0,511866000.0,0.0,318302000.0,318302000.0,318302000.0,0.0,0.0,0.102,2085104000.0,519405000.0,54234000.0,0.052,3.94,24.668,24.677,2321243000.0,0.0,63.493,2.515,2.511,370200000.0,1848045000.0,3122357000.0,3122357000.0,0.0,0.116,0.169,0.207,0.166,2520000.0,1823058000.0,1.0,123662812.0,123477934,123641962.0,25.287,2820735000.0,0.0,196739000.0,293277000.0,22.844,100202000.0
17,ODFL,MRT,2017-03-31,2017-03-31,2017-03-31,2021-08-05,0.0,2745010000.0,2696351750.0,425074000.0,2319936000.0,1.127,15.457,-342966000.0,47551000.0,47551000.0,505424000.0,301272000.0,1.27,0.438,95000000.0,50000000.0,45000000.0,95000000.0,0.0,195382000.0,0.0,0.001,0.067,490619000.0,686001000.0,0.226,686001000.0,490619000.0,486875000.0,2.427,2.427,2.427,1909363000.0,1823941250.0,1909363000.0,7151439815.0,15.0,10.425,165033000.0,1.336,1.0,2532456000.0,0.834,19463000.0,3744000.0,2438211000.0,2512959000.0,0.0,0.0,0.0,0.0,835647000.0,334785000.0,500862000.0,7056635815.0,40418000.0,0.0,-85720000.0,-30322000.0,-8235000.0,-124615000.0,-342966000.0,0.0,507999000.0,0.0,301272000.0,301272000.0,301272000.0,0.0,0.0,0.099,2040047000.0,492409000.0,56843000.0,0.028,3.696,23.423,23.505,2246286000.0,0.0,57.047,2.323,2.32,337891000.0,1764945000.0,3037880000.0,3037880000.0,0.0,0.112,0.165,0.195,0.162,2120000.0,1784378000.0,1.0,123699354.0,123523536,123666687.0,24.594,2725547000.0,0.0,185603000.0,304022000.0,22.065,90289000.0
18,ODFL,MRT,2016-12-31,2016-12-31,2016-12-31,2021-08-05,0.0,2696247000.0,2638959250.0,382622000.0,2313625000.0,1.134,14.849,-407400000.0,10171000.0,10171000.0,489474000.0,295765000.0,1.326,0.457,104975000.0,0.0,104975000.0,104975000.0,0.0,189867000.0,0.0,0.0,0.0,481919000.0,671786000.0,0.225,671786000.0,481919000.0,477587000.0,2.373,2.373,2.373,1851158000.0,1771669500.0,1851158000.0,7250604166.0,15.0,10.793,158183000.0,1.269,1.0,2502043000.0,0.836,19463000.0,4332000.0,2482952000.0,2476142000.0,0.0,0.0,0.0,0.0,845089000.0,288636000.0,556453000.0,7072489166.0,-1301000.0,0.0,-130316000.0,-28830000.0,0.0,-159484000.0,-407400000.0,0.0,565583000.0,0.0,295765000.0,295765000.0,295765000.0,0.0,0.0,0.099,2018208000.0,483835000.0,89216000.0,0.0,3.821,23.913,24.102,2241402000.0,0.0,57.193,2.364,2.383,334489000.0,1707450000.0,2991517000.0,2991517000.0,0.0,0.112,0.167,0.195,0.161,1410000.0,1766585000.0,1.0,123659328.0,124668018,124730488.0,23.996,2676784000.0,0.0,181822000.0,272599000.0,21.471,93986000.0
19,ODFL,MRT,2016-09-30,2016-09-30,2016-09-30,2021-08-05,0.0,2684348000.0,2581523500.0,389155000.0,2295193000.0,1.154,14.45,-441524000.0,15014000.0,15014000.0,494410000.0,299478000.0,1.447,0.497,193129000.0,0.0,193129000.0,193129000.0,0.0,184516000.0,0.0,0.0,0.0,482910000.0,667426000.0,0.224,667426000.0,482910000.0,478223000.0,2.393,2.393,2.393,1793475000.0,1730039250.0,1793475000.0,5892151186.0,12.0,8.828,150210000.0,1.21,1.0,2485941000.0,0.834,19463000.0,4687000.0,2574026000.0,2426397000.0,0.0,0.0,0.0,0.0,890873000.0,268974000.0,621899000.0,5684492186.0,3602000.0,0.0,-154022000.0,7752000.0,0.0,-146608000.0,-441524000.0,0.0,591734000.0,0.0,299478000.0,299478000.0,299478000.0,0.0,0.0,0.1,2001631000.0,484310000.0,55145000.0,0.0,3.17,18.981,19.114,2229673000.0,0.0,45.74,1.907,1.905,342825000.0,1650217000.0,2980351000.0,2980351000.0,0.0,0.116,0.173,0.199,0.162,944000.0,1755893000.0,1.0,124278360.0,124113105,124217056.0,24.013,2664885000.0,0.0,178745000.0,266348000.0,21.471,120181000.0
20,ODFL,MRT,2016-06-30,2016-06-30,2016-06-30,2021-08-05,0.0,2659802000.0,2529057750.0,371859000.0,2287943000.0,1.177,13.931,-509251000.0,10673000.0,10673000.0,512413000.0,298265000.0,1.276,0.527,218332000.0,0.0,218332000.0,218332000.0,0.0,178036000.0,0.0,0.0,0.0,483523000.0,661559000.0,0.222,661559000.0,483523000.0,478804000.0,2.367,2.367,2.367,1741769000.0,1693523750.0,1741769000.0,5150487847.0,11.0,7.785,82635000.0,0.661,1.0,2464801000.0,0.828,19463000.0,4719000.0,2556647000.0,2349094250.0,0.0,0.0,0.0,0.0,918033000.0,291351000.0,626682000.0,5032298847.0,-2116000.0,0.0,-156401000.0,71988000.0,0.0,-84751000.0,-509251000.0,0.0,591886000.0,0.0,298265000.0,298265000.0,298265000.0,0.0,0.0,0.1,1978041000.0,486760000.0,79230000.0,0.0,2.889,16.872,16.986,2224883000.0,0.0,40.207,1.69,1.689,327499000.0,1598923000.0,2977214000.0,2977214000.0,0.0,0.118,0.176,0.206,0.162,480000.0,1739591000.0,1.0,125160807.0,125031020,125072144.0,23.812,2640339000.0,0.0,180539000.0,252501000.0,21.117,80508000.0
21,ODFL,MRT,2016-03-31,2016-03-31,2016-03-31,2021-08-05,0.0,2515440000.0,2458624000.0,355624000.0,2159816000.0,1.214,13.497,-486918000.0,7133000.0,7133000.0,540066000.0,302451000.0,1.1,0.479,125322000.0,25596000.0,99726000.0,125322000.0,0.0,171327000.0,0.0,0.0,0.0,490876000.0,662203000.0,0.222,662203000.0,490876000.0,486052000.0,2.38,2.38,2.38,1700276000.0,1658022250.0,1700276000.0,5957784559.0,12.0,8.997,62761000.0,0.498,1.0,2443864000.0,0.819,19463000.0,4824000.0,2290943000.0,2258256750.0,0.0,0.0,0.0,0.0,815164000.0,323223000.0,491941000.0,5835451559.0,-105905000.0,0.0,-145436000.0,-23230000.0,0.0,-168666000.0,-486918000.0,0.0,549679000.0,0.0,302451000.0,302451000.0,302451000.0,0.0,0.0,0.101,1949641000.0,494223000.0,81079000.0,0.0,3.432,19.294,19.501,2098158000.0,0.0,46.413,1.956,1.959,316204000.0,1557510000.0,2983930000.0,2983930000.0,0.0,0.123,0.182,0.217,0.165,0.0,1718519000.0,1.0,125727914.0,125974542,125974542.0,23.687,2495977000.0,0.0,183601000.0,263935000.0,19.813,32401000.0
22,ODFL,MRT,2015-12-31,2015-12-31,2015-12-31,2021-08-05,0.0,2466504000.0,2414860000.0,381730000.0,2084774000.0,1.231,13.154,-437617000.0,11472000.0,11472000.0,563481000.0,304690000.0,1.338,0.464,133805000.0,26488000.0,107317000.0,133805000.0,0.0,165343000.0,0.0,0.0,0.0,495227000.0,660570000.0,0.222,660570000.0,495227000.0,490017000.0,2.38,2.38,2.38,1684637000.0,1618768500.0,1684637000.0,5170361255.0,10.0,7.827,116263000.0,0.908,1.0,2408961000.0,0.81,19463000.0,5210000.0,2283972000.0,2194209250.0,0.0,0.0,0.0,0.0,781867000.0,285402000.0,496465000.0,4996396255.0,-23315000.0,0.0,-114117000.0,-25461000.0,0.0,-139578000.0,-437617000.0,0.0,553880000.0,0.0,304690000.0,304690000.0,304690000.0,0.0,0.0,0.103,1910721000.0,498240000.0,66774000.0,0.0,2.966,16.398,16.546,2023448000.0,0.0,39.38,1.681,1.697,345048000.0,1541795000.0,2972442000.0,2972442000.0,0.0,0.126,0.188,0.226,0.167,0.0,1686012000.0,1.0,126876492.0,128067720,128067720.0,23.21,2447041000.0,0.0,185327000.0,235054000.0,19.107,96328000.0
23,ODFL,MRT,2015-09-30,2015-09-30,2015-09-30,2021-08-05,0.0,2474485000.0,2349950500.0,436206000.0,2038279000.0,1.259,12.883,-395949000.0,11412000.0,11412000.0,592556000.0,302335000.0,1.198,0.502,185377000.0,90377000.0,95000000.0,185377000.0,0.0,160666000.0,0.0,0.0,0.0,493759000.0,654425000.0,0.221,654425000.0,493759000.0,488409000.0,2.353,2.353,2.353,1647413000.0,1571125250.0,1647413000.0,5336859758.0,11.0,8.155,89984000.0,0.704,1.0,2366362000.0,0.8,19463000.0,5350000.0,2264815000.0,2136389250.0,0.0,0.0,0.0,0.0,827072000.0,364172000.0,462900000.0,5203304758.0,3243000.0,0.0,-84649000.0,-2092000.0,0.0,-86741000.0,-395949000.0,0.0,485933000.0,0.0,302335000.0,302335000.0,302335000.0,0.0,0.0,0.102,1869746000.0,496616000.0,58258000.0,0.0,3.158,17.21,17.283,1971210000.0,0.0,40.667,1.759,1.757,357796000.0,1504516000.0,2958918000.0,2958918000.0,0.0,0.129,0.192,0.231,0.167,0.0,1645703000.0,1.0,127950117.0,127871200,127871200.0,23.14,2455022000.0,36646000.0,186074000.0,218770000.0,19.199,72034000.0
24,ODFL,MRT,2015-06-30,2015-06-30,2015-06-30,2021-08-05,0.0,2378067000.0,2278464000.0,421665000.0,1956402000.0,1.283,12.441,-366373000.0,12789000.0,12789000.0,617333000.0,295876000.0,1.411,0.487,146344000.0,28344000.0,118000000.0,146344000.0,0.0,155812000.0,0.0,0.0,0.0,481068000.0,636880000.0,0.218,636880000.0,481068000.0,475418000.0,2.293,2.293,2.293,1599763000.0,1516703750.0,1599763000.0,5919426696.0,12.0,9.294,97853000.0,0.761,1.0,2305697000.0,0.789,19463000.0,5650000.0,2193297000.0,2084741250.0,0.0,0.0,0.0,0.0,778304000.0,298862000.0,479442000.0,5883912696.0,-7000000.0,0.0,-47931000.0,-56922000.0,0.0,-104853000.0,-366373000.0,0.0,464226000.0,0.0,295876000.0,295876000.0,295876000.0,0.0,0.0,0.101,1822673000.0,483024000.0,61042000.0,0.0,3.678,19.886,19.946,1891465000.0,0.0,45.737,2.013,2.012,339779000.0,1456812000.0,2923030000.0,2923030000.0,0.0,0.13,0.195,0.231,0.165,0.0,1599565000.0,1.0,128647606.0,128590400,128590400.0,22.731,2358604000.0,34648000.0,179542000.0,218110000.0,18.342,122803000.0
25,ODFL,MRT,2015-03-31,2015-03-31,2015-03-31,2021-08-05,0.0,2340384000.0,2214963000.0,499893000.0,1840491000.0,1.293,11.967,-338333000.0,113038000.0,113038000.0,631395000.0,284151000.0,1.554,0.517,148552000.0,27956000.0,120596000.0,148552000.0,0.0,151162000.0,0.0,0.0,0.0,463213000.0,614375000.0,0.215,614375000.0,463213000.0,457110000.0,2.2,2.2,2.2,1543261000.0,1454717500.0,1543261000.0,6762974875.0,15.0,11.008,126367000.0,0.98,1.0,2232471000.0,0.78,19463000.0,6103000.0,2034753000.0,2033157500.0,0.0,0.0,0.0,0.0,797123000.0,321682000.0,475441000.0,6642047875.0,71794000.0,0.0,-18859000.0,-35714000.0,0.0,-54573000.0,-338333000.0,0.0,464700000.0,0.0,284151000.0,284151000.0,284151000.0,0.0,0.0,0.099,1767651000.0,464820000.0,48955000.0,0.0,4.304,23.375,23.424,1778471000.0,0.0,51.533,2.319,2.32,325150000.0,1400269000.0,2863866000.0,2863866000.0,0.0,0.128,0.195,0.228,0.162,0.0,1549408000.0,1.0,128888380.0,128956244,128956244.0,22.208,2320921000.0,32994000.0,172959000.0,253555000.0,17.998,178211000.0
26,ODFL,MRT,2014-12-31,2014-12-31,2014-12-31,2021-08-05,0.0,2206866000.0,2137809000.0,403772000.0,1803094000.0,1.304,11.56,-345814000.0,34787000.0,34787000.0,645404000.0,267514000.0,1.579,0.477,155714000.0,35714000.0,120000000.0,155714000.0,0.0,146466000.0,0.0,0.0,0.0,439124000.0,585590000.0,0.21,585590000.0,439124000.0,432514000.0,2.067,2.067,2.067,1494064000.0,1388394500.0,1494064000.0,6865592156.0,16.0,11.724,45860000.0,0.355,1.0,2142493000.0,0.768,19463000.0,6610000.0,2052692000.0,1989036750.0,0.0,0.0,0.0,0.0,712802000.0,255638000.0,457164000.0,6689844156.0,4613000.0,0.0,-5532000.0,-35715000.0,0.0,-41247000.0,-345814000.0,0.0,391674000.0,0.0,267514000.0,267514000.0,267514000.0,0.0,0.0,0.096,1701186000.0,441307000.0,45314000.0,0.0,4.478,25.007,25.041,1743245000.0,0.0,51.76,2.4,2.4,347900000.0,1351054000.0,2787897000.0,2787897000.0,0.0,0.125,0.193,0.221,0.158,0.0,1489949000.0,1.0,129247376.0,129243206,129243206.0,21.571,2187403000.0,0.0,165000000.0,191412000.0,16.925,148134000.0
27,ODFL,MRT,2014-09-30,2014-09-30,2014-09-30,2021-08-05,0.0,2188539000.0,2069114750.0,394601000.0,1793938000.0,1.285,11.062,-357034000.0,8169000.0,8169000.0,629129000.0,244801000.0,1.377,0.531,183917000.0,35714000.0,148203000.0,183917000.0,0.0,140727000.0,0.0,0.0,0.0,404735000.0,545462000.0,0.205,545462000.0,404735000.0,397236000.0,1.893,1.893,1.893,1429727000.0,1322899000.0,1429727000.0,6266614737.0,15.0,11.489,18261000.0,0.141,1.0,2030190000.0,0.763,19463000.0,7499000.0,2058223000.0,1936303500.0,0.0,0.0,0.0,0.0,758812000.0,286601000.0,472211000.0,6086689737.0,-3935000.0,0.0,0.0,-22196000.0,0.0,-22196000.0,-357034000.0,0.0,375295000.0,0.0,244801000.0,244801000.0,244801000.0,0.0,0.0,0.092,1624336000.0,405854000.0,47285000.0,0.0,4.257,24.864,24.878,1730894000.0,0.0,47.093,2.289,2.289,329481000.0,1286710000.0,2659319000.0,2659319000.0,0.0,0.118,0.185,0.209,0.152,0.0,1426161000.0,1.0,129247376.0,129247376,129247376.0,20.575,2169076000.0,27110000.0,152435000.0,198436000.0,16.782,108000000.0
28,ODFL,MRT,2014-06-30,2014-06-30,2014-06-30,2021-08-05,0.0,2124063000.0,1998149750.0,382373000.0,1741690000.0,1.267,10.459,-336973000.0,19789000.0,19789000.0,604978000.0,227041000.0,1.285,0.571,199714000.0,35714000.0,164000000.0,199714000.0,0.0,135934000.0,0.0,0.0,0.0,377137000.0,513071000.0,0.203,513071000.0,377137000.0,368622000.0,1.76,1.76,1.76,1351818000.0,1261698750.0,1351818000.0,5626451915.0,15.0,10.966,41502000.0,0.321,1.0,1927213000.0,0.761,19463000.0,8515000.0,1986962000.0,1879351250.0,0.0,0.0,0.0,0.0,772245000.0,297563000.0,474682000.0,5486981915.0,12419000.0,0.0,0.0,-29083000.0,0.0,-29083000.0,-336973000.0,0.0,378475000.0,0.0,227041000.0,227041000.0,227041000.0,0.0,0.0,0.09,1549545000.0,377668000.0,63783000.0,0.0,4.059,24.167,24.121,1676357000.0,0.0,42.453,2.167,2.167,306205000.0,1208801000.0,2532191000.0,2532191000.0,0.0,0.114,0.18,0.201,0.149,0.0,1362380000.0,1.0,129247376.0,129247376,129247376.0,19.592,2104600000.0,26722000.0,141581000.0,203616000.0,16.284,84810000.0
29,ODFL,MRT,2014-03-31,2014-03-31,2014-03-31,2021-08-05,0.0,2031768000.0,1930816500.0,388974000.0,1642794000.0,1.253,9.888,-336020000.0,41244000.0,41244000.0,581404000.0,211447000.0,1.325,0.59,180714000.0,35714000.0,145000000.0,180714000.0,0.0,131330000.0,0.0,0.0,0.0,351732000.0,483062000.0,0.2,483062000.0,351732000.0,342436000.0,1.64,1.64,1.64,1277969000.0,1204938500.0,1277969000.0,5050252391.0,14.0,10.455,50680000.0,0.392,1.0,1838104000.0,0.76,19463000.0,9296000.0,1858270000.0,1828502250.0,0.0,0.0,0.0,0.0,753799000.0,293505000.0,460294000.0,4888997391.0,12061000.0,0.0,0.0,-38619000.0,0.0,-38619000.0,-336020000.0,0.0,386700000.0,0.0,211447000.0,211447000.0,211447000.0,0.0,0.0,0.087,1485558000.0,352546000.0,71764000.0,0.0,3.826,23.122,23.065,1586076000.0,0.0,37.827,2.021,2.021,288572000.0,1134952000.0,2419508000.0,2419508000.0,0.0,0.11,0.175,0.192,0.145,0.0,1306448000.0,1.0,129247376.0,129247376,129247376.0,18.72,2012305000.0,25726000.0,130989000.0,215907000.0,15.569,95469000.0
30,ODFL,MRT,2013-12-31,2013-12-31,2013-12-31,2021-08-05,0.0,1932089000.0,1863172500.0,332979000.0,1599110000.0,1.255,9.533,-284371000.0,30174000.0,30174000.0,563235000.0,206113000.0,1.434,0.568,191429000.0,35715000.0,155714000.0,191429000.0,0.0,127072000.0,0.0,0.0,0.0,338306000.0,465378000.0,0.199,465378000.0,338306000.0,328686000.0,1.593,1.593,1.593,1232082000.0,1152076750.0,1232082000.0,4762472899.0,14.0,10.234,66295000.0,0.513,1.0,1774413000.0,0.759,19463000.0,9620000.0,1841759000.0,1783372000.0,0.0,0.0,0.0,0.0,700007000.0,232122000.0,467885000.0,4568463899.0,17317000.0,0.0,0.0,-48978000.0,0.0,-48978000.0,-284371000.0,0.0,350666000.0,0.0,206113000.0,206113000.0,206113000.0,0.0,0.0,0.088,1435975000.0,338438000.0,36788000.0,0.0,3.708,22.165,22.189,1543059000.0,0.0,35.347,1.954,1.954,258294000.0,1089065000.0,2337648000.0,2337648000.0,0.0,0.111,0.179,0.19,0.145,0.0,1263680000.0,1.0,129247376.0,129247376,129247376.0,18.087,1912626000.0,23249000.0,122573000.0,191285000.0,14.798,100857000.0
31,ODFL,MRT,2013-09-30,2013-09-30,2013-09-30,2021-08-05,0.0,1904679000.0,1808278750.0,333276000.0,1571403000.0,1.26,9.168,-276804000.0,12104000.0,12104000.0,556382000.0,198438000.0,1.339,0.607,206113000.0,38403000.0,167710000.0,206113000.0,0.0,123213000.0,0.0,0.0,0.0,327931000.0,451144000.0,0.198,451144000.0,327931000.0,317894000.0,1.54,1.54,1.54,1184926000.0,1100548500.0,1184926000.0,4184151533.0,13.0,9.275,81900000.0,0.634,1.0,1722593000.0,0.756,19463000.0,10037000.0,1830414000.0,1746797750.0,0.0,0.0,0.0,0.0,719753000.0,248811000.0,470942000.0,3962724533.0,5202000.0,0.0,0.0,-76698000.0,0.0,-76698000.0,-276804000.0,0.0,358704000.0,0.0,198438000.0,198438000.0,198438000.0,0.0,0.0,0.087,1393484000.0,329109000.0,54512000.0,0.0,3.344,19.97,19.909,1508617000.0,0.0,30.66,1.739,1.739,275484000.0,1041909000.0,2278975000.0,2278975000.0,0.0,0.11,0.18,0.188,0.144,0.0,1222429000.0,1.0,129247376.0,129247376,129247376.0,17.633,1885216000.0,21975000.0,119456000.0,185633000.0,14.586,84465000.0
32,ODFL,MRT,2013-06-30,2013-06-30,2013-06-30,2021-08-05,0.0,1854730000.0,1760764500.0,324082000.0,1530648000.0,1.257,8.703,-301995000.0,7370000.0,7370000.0,549101000.0,189333000.0,1.187,0.649,228797000.0,38403000.0,190394000.0,228797000.0,0.0,119026000.0,0.0,0.0,0.0,311442000.0,430468000.0,0.195,430468000.0,311442000.0,301002000.0,1.467,1.467,1.467,1124777000.0,1050939000.0,1124777000.0,3776333846.0,12.0,8.773,35503000.0,0.275,1.0,1663927000.0,0.752,19463000.0,10440000.0,1783566000.0,1722554250.0,0.0,0.0,0.0,0.0,729953000.0,273128000.0,456825000.0,3586183846.0,-3645000.0,0.0,0.0,-39146000.0,0.0,-39148000.0,-301995000.0,0.0,337498000.0,0.0,189333000.0,189333000.0,189333000.0,0.0,0.0,0.086,1351962000.0,311965000.0,66718000.0,0.0,3.188,18.941,18.914,1469392000.0,0.0,27.747,1.62,1.62,270843000.0,981760000.0,2213028000.0,2213028000.0,0.0,0.108,0.18,0.181,0.141,0.0,1184956000.0,1.0,129247376.0,129247376,129247376.0,17.122,1835267000.0,19605000.0,111669000.0,178150000.0,14.2,50954000.0
33,ODFL,MRT,2013-03-31,2013-03-31,2013-03-31,2021-08-05,0.0,1761192000.0,1706993000.0,324964000.0,1436228000.0,1.271,8.252,-298544000.0,29183000.0,29183000.0,544411000.0,178910000.0,1.279,0.651,219333000.0,38619000.0,180714000.0,219333000.0,0.0,115033000.0,0.0,0.0,0.0,295907000.0,410940000.0,0.189,410940000.0,295907000.0,285185000.0,1.387,1.387,1.387,1066522000.0,1003606250.0,1066522000.0,3519049829.0,12.0,8.563,14719000.0,0.114,1.0,1625765000.0,0.749,19463000.0,10722000.0,1677749000.0,1684826500.0,0.0,0.0,0.0,0.0,694670000.0,254130000.0,440540000.0,3291499829.0,-25036000.0,0.0,0.0,-39753000.0,0.0,-39755000.0,-298544000.0,0.0,313263000.0,0.0,178910000.0,178910000.0,178910000.0,0.0,0.0,0.082,1328785000.0,296980000.0,41471000.0,0.0,3.086,18.398,18.361,1375749000.0,0.0,25.467,1.517,1.517,250317000.0,923505000.0,2170176000.0,2170176000.0,0.0,0.105,0.178,0.176,0.136,0.0,1162726000.0,1.0,129247376.0,129247376,129247376.0,16.791,1741729000.0,19324000.0,106275000.0,186017000.0,13.476,70834000.0
34,ODFL,MRT,2012-12-31,2012-12-31,2012-12-31,2021-08-05,0.0,1712514000.0,1660243000.0,275028000.0,1437486000.0,1.286,7.938,-361175000.0,12857000.0,12857000.0,540582000.0,169452000.0,1.222,0.669,240407000.0,38978000.0,201429000.0,240407000.0,0.0,110743000.0,0.0,0.0,0.0,284639000.0,395382000.0,0.185,395382000.0,284639000.0,273098000.0,1.313,1.313,1.313,1025969000.0,958879250.0,1025969000.0,3229642355.0,11.0,8.168,-33119000.0,-0.256,1.0,1593997000.0,0.747,19463000.0,11541000.0,1695462000.0,1642250500.0,0.0,0.0,0.0,0.0,686545000.0,225139000.0,461406000.0,2953733355.0,-62993000.0,0.0,0.0,-29872000.0,0.0,-29874000.0,-361175000.0,0.0,328056000.0,0.0,169452000.0,169452000.0,169452000.0,0.0,0.0,0.079,1308743000.0,285254000.0,44891000.0,0.0,2.879,17.431,17.405,1379305000.0,0.0,22.853,1.384,1.384,220363000.0,882952000.0,2134579000.0,2134579000.0,0.0,0.102,0.177,0.173,0.133,0.0,1145439000.0,1.0,129247376.0,129247446,129247446.0,16.515,1693051000.0,20054000.0,103646000.0,159513000.0,13.099,49889000.0
35,ODFL,MRT,2012-09-30,2012-09-30,2012-09-30,2021-08-05,0.0,1714622000.0,1610383000.0,305739000.0,1408883000.0,1.305,7.633,-344858000.0,6902000.0,6902000.0,541389000.0,169854000.0,1.287,0.738,282811000.0,39314000.0,243497000.0,282811000.0,0.0,105085000.0,0.0,0.0,0.0,281582000.0,386667000.0,0.184,386667000.0,281582000.0,269466000.0,1.32,1.32,1.32,986488000.0,916516750.0,986488000.0,2854371503.0,10.0,7.382,-44535000.0,-0.345,1.0,1560105000.0,0.742,19463000.0,12116000.0,1733440000.0,1588919000.0,0.0,0.0,0.0,0.0,728134000.0,237628000.0,490506000.0,2597443503.0,-35360000.0,0.0,0.0,9177000.0,0.0,9175000.0,-344858000.0,0.0,300323000.0,0.0,169854000.0,169854000.0,169854000.0,0.0,0.0,0.081,1279055000.0,281050000.0,56930000.0,0.0,2.633,15.292,15.225,1351358000.0,0.0,20.097,1.236,1.236,253824000.0,843471000.0,2101494000.0,2101494000.0,0.0,0.105,0.185,0.177,0.134,0.0,1121686000.0,1.0,129247479.0,129247452,129247452.0,16.259,1695159000.0,19518000.0,99612000.0,146843000.0,13.116,68111000.0
36,ODFL,MRT,2012-06-30,2012-06-30,2012-06-30,2021-08-05,0.0,1639644000.0,1550027000.0,301158000.0,1338486000.0,1.32,7.238,-313862000.0,11015000.0,11015000.0,529400000.0,157441000.0,1.232,0.753,267943000.0,39796000.0,228147000.0,267943000.0,0.0,99754000.0,0.0,0.0,0.0,266858000.0,366612000.0,0.179,366612000.0,266858000.0,254227000.0,1.227,1.227,1.227,935446000.0,874053750.0,935446000.0,2690705496.0,10.0,7.339,-10686000.0,-0.083,1.0,1516058000.0,0.741,19463000.0,12631000.0,1632655000.0,1519516500.0,0.0,0.0,0.0,0.0,704198000.0,244454000.0,459744000.0,2486721496.0,-17649000.0,0.0,0.0,-6963000.0,0.0,-6963000.0,-313862000.0,0.0,303176000.0,0.0,157441000.0,157441000.0,157441000.0,0.0,0.0,0.077,1247746000.0,268312000.0,62540000.0,0.0,2.658,15.795,15.681,1282509000.0,0.0,19.24,1.216,1.216,244006000.0,792427000.0,2045458000.0,2045458000.0,0.0,0.102,0.18,0.176,0.13,0.0,1095592000.0,1.0,129247479.0,129247479,129247479.0,15.826,1620181000.0,20768000.0,96786000.0,133880000.0,12.535,56704000.0
37,ODFL,MRT,2012-03-31,2012-03-31,2012-03-31,2021-08-05,0.0,1574192000.0,1492492000.0,327900000.0,1246292000.0,1.325,6.868,-276884000.0,54219000.0,54219000.0,517337000.0,148992000.0,1.305,0.774,258203000.0,39086000.0,219117000.0,258203000.0,0.0,95243000.0,0.0,0.0,0.0,249409000.0,344652000.0,0.174,344652000.0,249409000.0,235999000.0,1.16,1.16,1.16,887614000.0,834693500.0,887614000.0,2931658255.0,12.0,8.506,5570000.0,0.043,1.0,1460924000.0,0.738,19463000.0,13410000.0,1507445000.0,1464911750.0,0.0,0.0,0.0,0.0,686578000.0,251268000.0,435310000.0,2738323255.0,-33924000.0,0.0,0.0,-39494000.0,0.0,-39494000.0,-276884000.0,0.0,282454000.0,0.0,148992000.0,148992000.0,148992000.0,0.0,0.0,0.075,1210555000.0,250369000.0,54677000.0,0.0,3.085,18.379,18.264,1190137000.0,0.0,21.187,1.384,1.384,230650000.0,744595000.0,1978261000.0,1978261000.0,0.0,0.1,0.178,0.17,0.126,0.0,1063464000.0,1.0,129247479.0,129247479,129247479.0,15.306,1554729000.0,19650000.0,87007000.0,121357000.0,12.029,76632000.0
38,ODFL,MRT,2011-12-31,2011-12-31,2011-12-31,2021-08-05,0.0,1513074000.0,1444919500.0,331852000.0,1181222000.0,1.318,6.661,-245332000.0,75850000.0,75850000.0,502986000.0,139470000.0,1.62,0.767,269185000.0,39354000.0,229831000.0,269185000.0,0.0,90820000.0,0.0,0.0,0.0,234151000.0,324971000.0,0.171,324971000.0,234151000.0,220084000.0,1.087,1.087,1.087,856519000.0,797445500.0,856519000.0,2550389922.0,11.0,7.848,32602000.0,0.254,1.0,1400814000.0,0.736,19463000.0,14067000.0,1482136000.0,1422594000.0,0.0,0.0,0.0,0.0,656555000.0,204810000.0,451745000.0,2328177922.0,70400000.0,0.0,48400000.0,-10602000.0,0.0,37798000.0,-245332000.0,0.0,277934000.0,0.0,139470000.0,139470000.0,139470000.0,0.0,0.0,0.073,1166742000.0,234072000.0,42096000.0,0.0,2.718,16.693,16.572,1126950000.0,0.0,18.013,1.223,1.217,217922000.0,713500000.0,1903800000.0,1903800000.0,0.0,0.097,0.175,0.165,0.123,0.0,1024083000.0,1.0,129247479.0,128579592,128579592.0,14.806,1493611000.0,19466000.0,80614000.0,134948000.0,11.616,127042000.0
39,ODFL,MRT,2011-09-30,2011-09-30,2011-09-30,2021-08-05,0.0,1473198000.0,1376621250.0,318589000.0,1154609000.0,1.305,6.318,-240072000.0,42262000.0,42262000.0,457278000.0,121643000.0,1.447,0.804,264474000.0,37331000.0,227143000.0,264474000.0,0.0,86392000.0,0.0,0.0,0.0,208225000.0,294617000.0,0.164,294617000.0,208225000.0,194538000.0,0.949,0.949,0.949,816636000.0,750478000.0,816636000.0,1900711096.0,9.0,6.451,-9366000.0,-0.072,1.0,1339103000.0,0.745,19463000.0,13687000.0,1455830000.0,1381094750.0,0.0,0.0,0.0,0.0,656562000.0,220117000.0,436445000.0,1664133096.0,37205000.0,0.0,48400000.0,-1829000.0,0.0,46571000.0,-240072000.0,0.0,230706000.0,0.0,121643000.0,121643000.0,121643000.0,0.0,0.0,0.068,1130374000.0,208729000.0,50707000.0,0.0,2.038,13.68,13.567,1103220000.0,0.0,12.876,0.926,0.926,235687000.0,673617000.0,1796381000.0,1796381000.0,0.0,0.088,0.162,0.151,0.116,0.0,991709000.0,1.0,129247479.0,129247479,129247479.0,13.899,1453735000.0,21833000.0,72895000.0,127614000.0,11.248,98472000.0
40,ODFL,MRT,2011-06-30,2011-06-30,2011-06-30,2021-08-05,0.0,1409504000.0,1313092000.0,296136000.0,1113368000.0,1.293,6.019,-197125000.0,28664000.0,28664000.0,425233000.0,107393000.0,1.394,0.812,265242000.0,38099000.0,227143000.0,265242000.0,0.0,82392000.0,0.0,0.0,0.0,185305000.0,267697000.0,0.158,267697000.0,185305000.0,172051000.0,0.844,0.844,0.844,778005000.0,707967250.0,778005000.0,2343408985.0,13.0,8.754,-6603000.0,-0.051,1.0,1272654000.0,0.75,19463000.0,13254000.0,1414236000.0,1319920000.0,0.0,0.0,0.0,0.0,631499000.0,212383000.0,419116000.0,2142635985.0,23881000.0,0.0,48400000.0,-24364000.0,0.0,24034000.0,-190675000.0,0.0,190522000.0,0.0,107393000.0,107393000.0,107393000.0,0.0,0.0,0.063,1088735000.0,183919000.0,41157000.0,0.0,2.754,19.951,19.642,1059702000.0,0.0,16.578,1.262,1.262,222898000.0,634986000.0,1697887000.0,1697887000.0,0.0,0.082,0.152,0.14,0.109,0.0,955722000.0,1.0,129247479.0,129247479,129247479.0,13.137,1390041000.0,23262000.0,64658000.0,110490000.0,10.755,83753000.0
41,ODFL,MRT,2011-03-31,2011-03-31,2011-03-31,2021-08-05,0.0,1383902000.0,1261436250.0,330337000.0,1053565000.0,1.257,5.835,-133857000.0,88143000.0,88143000.0,387745000.0,89523000.0,1.455,0.874,288916000.0,36773000.0,252143000.0,288916000.0,0.0,79932000.0,0.0,0.0,0.0,160043000.0,239975000.0,0.151,239975000.0,160043000.0,147072000.0,0.707,0.707,0.707,738622000.0,669019500.0,738622000.0,2228243500.0,14.0,9.285,45430000.0,0.359,1.0,1198137000.0,0.756,19463000.0,12971000.0,1338174000.0,1288210000.0,0.0,0.0,0.0,0.0,645280000.0,227038000.0,418242000.0,1962476500.0,78674000.0,0.0,48400000.0,-21604000.0,0.0,26794000.0,-127407000.0,0.0,179287000.0,0.0,89523000.0,89523000.0,89523000.0,0.0,0.0,0.056,1038852000.0,159285000.0,48929000.0,0.0,2.657,21.921,22.059,1000574000.0,0.0,15.596,1.237,1.245,198601000.0,595603000.0,1585882000.0,1585882000.0,0.0,0.071,0.134,0.124,0.101,0.0,909083000.0,1.0,125835626.0,126575932,126575932.0,12.529,1364439000.0,21627000.0,57549000.0,104504000.0,10.78,103299000.0
42,ODFL,MRT,2010-12-31,2010-12-31,2010-12-31,2021-08-05,0.0,1239881000.0,1213703000.0,222582000.0,1017299000.0,1.22,5.314,-103743000.0,5450000.0,5450000.0,350200000.0,75651000.0,1.309,0.854,271217000.0,37130000.0,234087000.0,271217000.0,0.0,80362000.0,0.0,0.0,0.0,137039000.0,217401000.0,0.147,217401000.0,137039000.0,124426000.0,0.6,0.6,0.6,668649000.0,634539250.0,668649000.0,2049383971.0,15.0,9.427,36779000.0,0.292,1.0,1130798000.0,0.764,19463000.0,12613000.0,1316139000.0,1277875250.0,0.0,0.0,0.0,0.0,571232000.0,170046000.0,401186000.0,1789102971.0,1279000.0,0.0,0.0,-35498000.0,0.0,-35500000.0,-103743000.0,0.0,140522000.0,0.0,75651000.0,75651000.0,75651000.0,0.0,0.0,0.051,993059000.0,137739000.0,29221000.0,0.0,2.676,23.649,23.696,964216000.0,0.0,14.218,1.208,1.208,180700000.0,574030000.0,1480998000.0,1480998000.0,0.0,0.062,0.119,0.107,0.093,0.0,865617000.0,1.0,125835626.0,125835724,125835724.0,11.769,1220418000.0,18666000.0,48775000.0,90768000.0,9.699,52536000.0
43,ODFL,MRT,2010-09-30,2010-09-30,2010-09-30,2021-08-05,0.0,1219081000.0,1193552250.0,221063000.0,998018000.0,1.167,5.138,-97483000.0,5057000.0,5057000.0,322974000.0,63276000.0,0.889,0.885,265338000.0,97359000.0,167979000.0,265338000.0,0.0,84301000.0,0.0,0.0,0.0,117832000.0,202133000.0,0.145,202133000.0,117832000.0,104821000.0,0.502,0.502,0.502,646593000.0,615627000.0,646593000.0,1705304658.0,14.0,8.437,51187000.0,0.407,1.0,1069976000.0,0.768,19463000.0,13011000.0,1211131000.0,1272103250.0,0.0,0.0,0.0,0.0,572488000.0,248768000.0,323720000.0,1421664658.0,1416000.0,0.0,0.0,-49769000.0,0.0,-49771000.0,-97483000.0,0.0,148670000.0,0.0,63276000.0,63276000.0,63276000.0,0.0,0.0,0.045,951285000.0,118691000.0,31166000.0,0.0,2.199,22.468,22.506,947315000.0,0.0,11.298,1.021,1.021,178651000.0,551974000.0,1392950000.0,1392950000.0,0.0,0.053,0.103,0.093,0.085,0.0,821224000.0,1.0,125835778.0,125835714,125835714.0,11.07,1199618000.0,18212000.0,41545000.0,84751000.0,9.533,-27705000.0
44,ODFL,MRT,2010-06-30,2010-06-30,2010-06-30,2021-08-05,0.0,1202881000.0,1182472500.0,206832000.0,996049000.0,1.116,4.945,-124176000.0,4783000.0,4783000.0,300534000.0,49390000.0,1.151,0.933,288423000.0,36281000.0,252142000.0,288423000.0,0.0,88941000.0,0.0,0.0,0.0,94577000.0,183518000.0,0.139,183518000.0,94577000.0,81421000.0,0.391,0.391,0.391,622214000.0,599808500.0,622214000.0,1610051480.0,17.0,8.773,20778000.0,0.165,1.0,1019198000.0,0.772,19463000.0,13156000.0,1287396000.0,1293393250.0,0.0,0.0,0.0,0.0,580667000.0,179662000.0,401005000.0,1310183480.0,838000.0,0.0,0.0,-13490000.0,0.0,-13490000.0,-130626000.0,0.0,144954000.0,0.0,49390000.0,49390000.0,49390000.0,0.0,0.0,0.037,923936000.0,95262000.0,30639000.0,0.0,2.106,26.527,26.629,942540000.0,0.0,10.412,0.993,0.993,165695000.0,527593000.0,1319732000.0,1319732000.0,0.0,0.042,0.082,0.073,0.072,0.0,789590000.0,1.0,125835778.0,125835779,125835779.0,10.488,1183418000.0,18175000.0,32031000.0,83385000.0,9.404,27170000.0
45,ODFL,MRT,2010-03-31,2010-03-31,2010-03-31,2021-08-05,0.0,1192969000.0,1167900250.0,194007000.0,998962000.0,1.085,4.774,-158317000.0,9469000.0,9469000.0,279704000.0,38599000.0,1.131,0.986,309337000.0,36480000.0,272857000.0,309337000.0,0.0,93336000.0,0.0,0.0,0.0,76757000.0,170093000.0,0.134,170093000.0,76757000.0,63452000.0,0.308,0.308,0.308,600701000.0,587461000.0,600701000.0,1546296298.0,20.0,9.091,-25190000.0,-0.2,1.0,987953000.0,0.779,24406000.0,13305000.0,1296835000.0,1285013750.0,0.0,0.0,0.0,0.0,592268000.0,171596000.0,420672000.0,1244935298.0,5854000.0,0.0,0.0,37494000.0,0.0,37494000.0,-164767000.0,0.0,133127000.0,0.0,38599000.0,38599000.0,38599000.0,0.0,0.0,0.03,911248000.0,76705000.0,31503000.0,0.0,2.072,32.253,32.121,944252000.0,0.0,9.893,0.982,0.982,150422000.0,506080000.0,1267657000.0,1267657000.0,0.0,0.033,0.066,0.06,0.061,0.0,773166000.0,1.0,125835778.0,125835779,125835779.0,10.074,1168563000.0,17895000.0,24853000.0,84636000.0,9.286,22411000.0
46,ODFL,MRT,2009-12-31,2009-12-31,2009-12-31,2021-08-05,0.0,1159278000.0,1146921250.0,174175000.0,985103000.0,1.086,4.712,-208585000.0,4171000.0,4171000.0,265290000.0,34871000.0,1.176,0.955,305532000.0,36676000.0,268856000.0,305532000.0,0.0,94784000.0,0.0,0.0,0.0,70206000.0,164990000.0,0.133,164990000.0,70206000.0,57165000.0,0.276,0.276,0.276,593000000.0,577811250.0,593000000.0,1454915522.0,21.0,8.818,-77869000.0,-0.619,1.0,979715000.0,0.787,19463000.0,13041000.0,1293051000.0,1260996250.0,0.0,0.0,0.0,0.0,566278000.0,148125000.0,418153000.0,1144639522.0,-19933000.0,0.0,0.0,53075000.0,0.0,53075000.0,-203724000.0,4861000.0,130716000.0,0.0,34871000.0,34871000.0,34871000.0,0.0,0.0,0.028,909324000.0,70391000.0,28140000.0,0.0,1.93,32.825,32.958,939495000.0,0.0,9.096,0.919,0.919,140918000.0,498379000.0,1245005000.0,1245005000.0,0.0,0.03,0.06,0.056,0.056,0.0,768371000.0,1.0,125835778.0,125835779,125835779.0,9.894,1139815000.0,16244000.0,22294000.0,80722000.0,9.058,26050000.0
47,ODFL,MRT,2009-09-30,2009-09-30,2009-09-30,2021-08-05,0.0,1174762000.0,1125828000.0,195843000.0,978919000.0,1.128,4.636,-254981000.0,3641000.0,3641000.0,270624000.0,36238000.0,1.195,1.014,313917000.0,36505000.0,277412000.0,313917000.0,0.0,93347000.0,0.0,0.0,0.0,72970000.0,166317000.0,0.131,166317000.0,72970000.0,59861000.0,0.29,0.29,0.29,583319000.0,569093500.0,583319000.0,1432072660.0,20.0,8.611,-97713000.0,-0.777,1.0,999293000.0,0.787,24864000.0,13109000.0,1296291000.0,1221496000.0,0.0,0.0,0.0,0.0,591443000.0,163883000.0,427560000.0,1134572660.0,-27302000.0,0.0,0.0,61450000.0,0.0,61450000.0,-246020000.0,8961000.0,157268000.0,0.0,36238000.0,36238000.0,36238000.0,0.0,0.0,0.029,925026000.0,74267000.0,31404000.0,0.0,1.945,31.309,31.091,933641000.0,0.0,9.016,0.893,0.893,158625000.0,488698000.0,1269917000.0,1269917000.0,0.0,0.032,0.064,0.06,0.057,0.0,777926000.0,1.0,125835778.0,125835779,125835779.0,10.092,1149898000.0,17977000.0,23623000.0,83644000.0,9.138,31960000.0
48,ODFL,MRT,2009-06-30,2009-06-30,2009-06-30,2021-08-05,0.0,1144592000.0,1101252000.0,193804000.0,950788000.0,1.238,4.552,-246725000.0,3945000.0,3945000.0,312044000.0,49102000.0,1.188,0.998,301445000.0,36497000.0,264948000.0,301445000.0,0.0,91365000.0,0.0,0.0,0.0,94503000.0,185868000.0,0.136,185868000.0,94503000.0,80919000.0,0.393,0.393,0.393,572824000.0,560034000.0,572824000.0,1519406540.0,16.0,8.175,-76702000.0,-0.61,1.0,1050984000.0,0.771,25093000.0,13584000.0,1253878000.0,1175824500.0,0.0,0.0,0.0,0.0,571768000.0,163121000.0,408647000.0,1251646540.0,-31286000.0,0.0,0.0,43351000.0,0.0,43351000.0,-244660000.0,2065000.0,170023000.0,0.0,49102000.0,49102000.0,49102000.0,0.0,0.0,0.036,954235000.0,96749000.0,36258000.0,0.0,2.185,25.491,25.31,907682000.0,0.0,9.947,0.918,0.918,152585000.0,478203000.0,1363028000.0,1363028000.0,0.0,0.045,0.088,0.08,0.069,0.0,807094000.0,1.0,125835778.0,125835778,125835778.0,10.832,1119499000.0,19060000.0,31817000.0,80759000.0,8.897,30683000.0
49,ODFL,MRT,2009-03-31,2009-03-31,2009-03-31,2021-08-05,0.0,1109053000.0,1078630500.0,188225000.0,920828000.0,1.358,4.467,-238276000.0,3615000.0,3615000.0,363862000.0,62261000.0,1.249,0.973,271375000.0,11686000.0,259689000.0,271375000.0,0.0,88939000.0,0.0,0.0,0.0,116022000.0,204961000.0,0.14,204961000.0,116022000.0,102184000.0,0.496,0.496,0.496,562102000.0,547758500.0,562102000.0,1103702016.0,10.0,5.385,-47769000.0,-0.38,1.0,1100831000.0,0.752,25321000.0,13838000.0,1200765000.0,1134137500.0,0.0,0.0,0.0,0.0,546951000.0,150727000.0,396224000.0,875817016.0,-31225000.0,-138000.0,0.0,13122000.0,0.0,13122000.0,-234854000.0,3560000.0,190507000.0,0.0,62261000.0,62261000.0,62261000.0,0.0,0.0,0.043,982546000.0,118285000.0,49219000.0,0.0,1.558,14.067,14.032,879784000.0,0.0,6.96,0.598,0.598,145643000.0,467481000.0,1464693000.0,1464693000.0,0.0,0.058,0.114,0.102,0.079,0.0,836920000.0,1.0,125835778.0,125835778,125835778.0,11.64,1083732000.0,20656000.0,39923000.0,75603000.0,8.612,37498000.0
50,ODFL,MRT,2008-12-31,2008-12-31,2008-12-31,2021-08-05,0.0,1074905000.0,1053300250.0,209230000.0,865675000.0,1.46,4.435,-178016000.0,24104000.0,24104000.0,400841000.0,68677000.0,1.471,0.926,251989000.0,11972000.0,240017000.0,251989000.0,0.0,87113000.0,0.0,0.0,0.0,126674000.0,213787000.0,0.139,213787000.0,126674000.0,112666000.0,0.547,0.547,0.547,558129000.0,532193250.0,558129000.0,1282645851.0,10.0,6.0,18490000.0,0.147,1.0,1136883000.0,0.739,25550000.0,14008000.0,1135050000.0,1098335250.0,0.0,4861000.0,4861000.0,0.0,516776000.0,142190000.0,374586000.0,1061121851.0,17776000.0,-7267000.0,0.0,-12931000.0,0.0,-12931000.0,-165799000.0,19484000.0,196506000.0,0.0,68677000.0,68677000.0,68677000.0,0.0,0.0,0.045,1007813000.0,129070000.0,40999000.0,0.0,1.901,15.451,15.416,824485000.0,0.0,8.433,0.69,0.69,146536000.0,463508000.0,1537724000.0,1537724000.0,0.0,0.065,0.129,0.115,0.082,0.0,863541000.0,1.0,125835778.0,125835779,125835779.0,12.22,1049355000.0,20268000.0,43989000.0,73968000.0,8.339,67040000.0
51,ODFL,MRT,2008-09-30,2008-09-30,2008-09-30,2021-08-05,0.0,1076458000.0,1029836000.0,262510000.0,813948000.0,1.515,4.348,-120049000.0,30943000.0,30943000.0,417941000.0,73341000.0,1.655,0.968,252467000.0,12255000.0,240212000.0,252467000.0,0.0,85562000.0,0.0,0.0,0.0,134053000.0,219615000.0,0.141,219615000.0,134053000.0,119955000.0,0.584,0.584,0.584,547081000.0,515024000.0,547081000.0,1278344690.0,10.0,5.821,49520000.0,0.394,1.0,1142632000.0,0.732,25779000.0,14098000.0,1113605000.0,1086381000.0,0.0,8969000.0,8969000.0,0.0,529377000.0,158598000.0,370779000.0,1056647690.0,29966000.0,-9095000.0,0.0,-17028000.0,0.0,-17028000.0,-122575000.0,6569000.0,169569000.0,0.0,73341000.0,73341000.0,73341000.0,0.0,0.0,0.047,1006133000.0,136499000.0,40308000.0,0.0,1.931,14.407,14.378,771282000.0,0.0,8.397,0.677,0.677,184164000.0,452460000.0,1560573000.0,1560573000.0,0.0,0.071,0.142,0.123,0.086,0.0,871207000.0,1.0,125835778.0,125835778,125835778.0,12.402,1050679000.0,20416000.0,46614000.0,74352000.0,8.35,103912000.0
52,ODFL,MRT,2008-06-30,2008-06-30,2008-06-30,2021-08-05,0.0,1054106000.0,1006206250.0,260966000.0,793140000.0,1.499,4.162,-107190000.0,35231000.0,35231000.0,393411000.0,69992000.0,1.604,1.013,256928000.0,16452000.0,240476000.0,256928000.0,0.0,84064000.0,0.0,0.0,0.0,127009000.0,211073000.0,0.14,211073000.0,127009000.0,112951000.0,0.557,0.557,0.557,523722000.0,496688750.0,523722000.0,1341532943.0,11.0,6.356,48567000.0,0.386,1.0,1114586000.0,0.739,25999000.0,14058000.0,1087130000.0,1077477000.0,0.0,2082000.0,2082000.0,0.0,530384000.0,162674000.0,367710000.0,1119285943.0,33942000.0,-15715000.0,0.0,-12340000.0,0.0,-12340000.0,-109475000.0,13430000.0,155757000.0,0.0,69992000.0,69992000.0,69992000.0,0.0,0.0,0.046,986507000.0,128079000.0,47805000.0,0.0,2.137,15.992,15.969,747274000.0,0.0,8.895,0.742,0.742,190056000.0,429101000.0,1507997000.0,1507997000.0,0.0,0.07,0.141,0.118,0.084,0.0,856377000.0,1.0,125835778.0,125835778,125835778.0,11.984,1028107000.0,16183000.0,42959000.0,71590000.0,8.17,98292000.0
53,ODFL,MRT,2008-03-31,2008-03-31,2008-03-31,2021-08-05,0.0,1007732000.0,981855750.0,238504000.0,769228000.0,1.477,3.972,-117527000.0,34840000.0,34840000.0,359611000.0,68650000.0,1.632,1.016,257087000.0,16428000.0,240659000.0,257087000.0,0.0,82604000.0,0.0,0.0,0.0,125196000.0,207800000.0,0.143,207800000.0,125196000.0,111056000.0,0.545,0.545,0.545,499841000.0,479190750.0,499841000.0,1444197205.0,12.0,6.95,22250000.0,0.177,1.0,1090163000.0,0.752,26264000.0,14140000.0,1057556000.0,1068789250.0,0.0,3586000.0,3586000.0,0.0,507891000.0,146159000.0,361732000.0,1186771205.0,32850000.0,-27560000.0,0.0,-12520000.0,0.0,-12520000.0,-94407000.0,50680000.0,139777000.0,0.0,68650000.0,68650000.0,68650000.0,0.0,0.0,0.047,964424000.0,125739000.0,39359000.0,0.0,2.374,17.287,17.305,725105000.0,0.0,9.431,0.819,0.819,168596000.0,405220000.0,1449774000.0,1449774000.0,0.0,0.07,0.143,0.117,0.086,0.0,833660000.0,1.0,125835778.0,125835778,125835778.0,11.521,981468000.0,15799000.0,42406000.0,67585000.0,7.8,92345000.0
54,ODFL,MRT,2007-12-31,2007-12-31,2007-12-31,2021-08-05,0.0,981048000.0,963332000.0,216277000.0,764771000.0,1.455,3.89,-181600000.0,6328000.0,6328000.0,333642000.0,71832000.0,1.693,1.004,263754000.0,12193000.0,251561000.0,263754000.0,0.0,79863000.0,0.0,0.0,0.0,130261000.0,210124000.0,0.15,210124000.0,130261000.0,115795000.0,0.572,0.572,0.572,489452000.0,462028250.0,489452000.0,1127102839.0,9.0,5.364,-23864000.0,-0.19,1.0,1067900000.0,0.762,23518000.0,14466000.0,1087233000.0,1066114500.0,0.0,24375000.0,24375000.0,0.0,491596000.0,127723000.0,363873000.0,861648839.0,3764000.0,-20431000.0,0.0,-12726000.0,0.0,-12726000.0,-141246000.0,60785000.0,157736000.0,0.0,71832000.0,71832000.0,71832000.0,0.0,0.0,0.051,937963000.0,129937000.0,33341000.0,0.0,1.76,11.995,11.971,721450000.0,0.0,6.847,0.615,0.615,158161000.0,394831000.0,1401542000.0,1401542000.0,0.0,0.075,0.155,0.122,0.093,0.0,806469000.0,1.0,125835778.0,125835778,125835778.0,11.138,957530000.0,13964000.0,43963000.0,62312000.0,7.609,88554000.0
55,ODFL,MRT,2007-09-30,2007-09-30,2007-09-30,2021-08-05,0.0,981939000.0,941118250.0,219098000.0,762841000.0,1.448,3.765,-191494000.0,977000.0,977000.0,312512000.0,73961000.0,1.496,1.073,266431000.0,12109000.0,254322000.0,266431000.0,0.0,76915000.0,0.0,0.0,0.0,133628000.0,210543000.0,0.155,210543000.0,133628000.0,118747000.0,0.587,0.587,0.587,473740000.0,444070250.0,473740000.0,1159794660.0,9.0,5.509,-35937000.0,-0.286,1.0,1049764000.0,0.771,22984000.0,14881000.0,1077989000.0,1050779500.0,0.0,15560000.0,15560000.0,0.0,508199000.0,146420000.0,361779000.0,893713660.0,-2627000.0,-22219000.0,0.0,-8452000.0,0.0,-8452000.0,-149732000.0,63981000.0,155557000.0,0.0,73961000.0,73961000.0,73961000.0,0.0,0.0,0.054,918428000.0,131336000.0,43901000.0,0.0,1.887,12.084,12.099,723568000.0,0.0,7.102,0.656,0.656,173064000.0,379119000.0,1362276000.0,1362276000.0,0.0,0.079,0.167,0.127,0.098,0.0,786428000.0,1.0,125835778.0,125835778,125835778.0,10.826,958955000.0,13365000.0,44786000.0,59674000.0,7.621,72678000.0
56,ODFL,MRT,2007-06-30,2007-06-30,2007-06-30,2021-08-05,0.0,956704000.0,918105250.0,211304000.0,745400000.0,1.456,3.606,-201962000.0,1289000.0,1289000.0,305820000.0,74054000.0,1.435,1.109,267370000.0,12348000.0,255022000.0,267370000.0,0.0,73835000.0,0.0,0.0,0.0,136010000.0,209845000.0,0.157,209845000.0,136010000.0,120659000.0,0.587,0.587,0.587,453730000.0,425580000.0,453730000.0,1389851951.0,10.0,6.623,-40140000.0,-0.319,1.0,1030727000.0,0.771,23124000.0,15351000.0,1052379000.0,1036389000.0,0.0,15525000.0,15525000.0,0.0,502974000.0,147282000.0,355692000.0,1124132951.0,-3624000.0,-22548000.0,0.0,-13249000.0,0.0,-13861000.0,-151585000.0,72925000.0,161822000.0,0.0,74054000.0,74054000.0,74054000.0,0.0,0.0,0.055,896732000.0,133995000.0,45452000.0,0.0,2.478,15.18,15.219,708279000.0,0.0,8.933,0.841,0.841,163104000.0,359109000.0,1336547000.0,1336547000.0,0.0,0.081,0.174,0.131,0.102,0.0,767758000.0,1.0,125835778.0,125835778,125835778.0,10.621,933580000.0,13675000.0,46605000.0,58925000.0,7.419,64022000.0
57,ODFL,MRT,2007-03-31,2007-03-31,2007-03-31,2021-08-05,0.0,933637000.0,895380500.0,234170000.0,699467000.0,1.461,3.427,-210258000.0,1990000.0,1990000.0,299920000.0,73120000.0,1.536,1.165,267709000.0,12528000.0,255181000.0,267709000.0,0.0,70529000.0,0.0,0.0,0.0,133976000.0,204505000.0,0.156,204505000.0,133976000.0,119413000.0,0.581,0.581,0.581,431191000.0,407066500.0,431191000.0,1346189487.0,10.0,6.583,-46866000.0,-0.372,1.0,1007822000.0,0.771,0.0,14563000.0,1046857000.0,1024478000.0,0.0,54270000.0,54270000.0,0.0,502446000.0,152499000.0,349947000.0,1074171487.0,921000.0,-12042000.0,0.0,114711000.0,0.0,114099000.0,-276570000.0,-54270000.0,163392000.0,0.0,73120000.0,73120000.0,73120000.0,0.0,0.0,0.056,875875000.0,131947000.0,51136000.0,0.0,2.491,14.691,14.692,670365000.0,0.0,8.536,0.821,0.821,149946000.0,336570000.0,1307742000.0,1307742000.0,0.0,0.082,0.18,0.131,0.102,0.0,750937000.0,1.0,125835778.0,125835778,125835778.0,10.392,933637000.0,12614000.0,46293000.0,58452000.0,7.419,81671000.0
58,ODFL,MRT,2006-12-31,2006-12-31,2006-12-31,2021-08-05,0.0,892193000.0,839401250.0,256367000.0,635826000.0,1.524,3.319,-193472000.0,2564000.0,2564000.0,295012000.0,72569000.0,2.109,1.136,274582000.0,12697000.0,261885000.0,274582000.0,0.0,67634000.0,0.0,0.0,0.0,131786000.0,199420000.0,0.156,199420000.0,131786000.0,119343000.0,0.578,0.578,0.578,417620000.0,388786500.0,417620000.0,1168721127.0,9.0,5.861,-38862000.0,-0.309,1.0,984419000.0,0.769,16772000.0,12443000.0,1025893000.0,943641750.0,0.0,85160000.0,85160000.0,0.0,474573000.0,121546000.0,353027000.0,897442127.0,1578000.0,-19414000.0,0.0,145626000.0,0.0,145014000.0,-298046000.0,-85160000.0,154610000.0,0.0,72569000.0,72569000.0,72569000.0,0.0,0.0,0.057,853934000.0,130485000.0,37686000.0,0.0,2.149,12.367,12.339,607588000.0,0.0,7.132,0.701,0.701,144991000.0,322999000.0,1279431000.0,1279431000.0,0.0,0.086,0.187,0.14,0.103,0.0,734671000.0,1.0,125835778.0,125835778,125835778.0,10.167,875421000.0,12320000.0,46774000.0,52115000.0,6.957,134821000.0
59,ODFL,MRT,2006-09-30,2006-09-30,2006-09-30,2021-08-05,0.0,889887000.0,776765000.0,267454000.0,622433000.0,1.603,3.177,-184635000.0,3604000.0,3604000.0,288544000.0,69417000.0,1.9,1.226,274883000.0,12774000.0,262109000.0,274883000.0,0.0,105666000.0,0.0,0.0,0.0,125740000.0,231406000.0,0.186,231406000.0,125740000.0,115530000.0,0.551,0.551,0.551,399779000.0,370644250.0,399779000.0,1395364790.0,11.0,6.03,-42286000.0,-0.336,1.0,956679000.0,0.768,0.0,10210000.0,1020427000.0,851816000.0,0.0,79541000.0,79541000.0,0.0,490108000.0,140739000.0,349369000.0,1119658790.0,-2799000.0,-15798000.0,0.0,135440000.0,0.0,134826000.0,-279974000.0,-79541000.0,142349000.0,0.0,69417000.0,69417000.0,69417000.0,0.0,0.0,0.056,831504000.0,125175000.0,40414000.0,0.0,2.801,16.129,16.148,594109000.0,0.0,8.898,0.899,0.899,157455000.0,305158000.0,1245223000.0,1245223000.0,0.0,0.089,0.187,0.148,0.101,0.0,720070000.0,1.0,125835778.0,125835778,125835778.0,9.896,889887000.0,11298000.0,46113000.0,51434000.0,7.072,126715000.0
60,ODFL,MRT,2006-06-30,2006-06-30,2006-06-30,2021-08-05,0.0,865805000.0,714315250.0,273690000.0,592115000.0,1.656,3.017,-178814000.0,4913000.0,4913000.0,268953000.0,65249000.0,2.001,1.28,280619000.0,13249000.0,267370000.0,280619000.0,0.0,88190000.0,0.0,0.0,0.0,117012000.0,205202000.0,0.173,205202000.0,117012000.0,109020000.0,0.519,0.519,0.519,379676000.0,353392500.0,379676000.0,1553459933.0,13.0,7.57,-46485000.0,-0.369,1.0,913777000.0,0.773,0.0,7992000.0,1004735000.0,759420250.0,0.0,88450000.0,88450000.0,0.0,486129000.0,136776000.0,349353000.0,1401530933.0,3876000.0,-9497000.0,0.0,148711000.0,0.0,148308000.0,-276761000.0,-88450000.0,132329000.0,0.0,65249000.0,65249000.0,65249000.0,0.0,0.0,0.055,796509000.0,117268000.0,38440000.0,0.0,3.691,21.48,21.46,564753000.0,0.0,11.138,1.185,1.185,152537000.0,285055000.0,1182730000.0,1182730000.0,0.0,0.091,0.185,0.154,0.099,0.0,687528000.0,1.0,125835778.0,125835778,125835778.0,9.399,865805000.0,11802000.0,43771000.0,51467000.0,6.88,136914000.0
61,ODFL,MRT,2006-03-31,2006-03-31,2006-03-31,2021-08-05,0.0,709720000.0,650531250.0,164202000.0,545518000.0,1.716,2.846,-163069000.0,1069000.0,1069000.0,247688000.0,57560000.0,1.189,0.982,152998000.0,17116000.0,135882000.0,152998000.0,0.0,71434000.0,0.0,0.0,0.0,103140000.0,174574000.0,0.156,174574000.0,103140000.0,96321000.0,0.456,0.456,0.456,358071000.0,337170250.0,358071000.0,1132791991.0,11.0,6.489,-41981000.0,-0.334,1.0,868576000.0,0.778,0.0,6819000.0,723512000.0,663406750.0,0.0,0.0,0.0,0.0,351649000.0,138137000.0,213512000.0,1004821991.0,-1470000.0,-8020000.0,0.0,48934000.0,0.0,48531000.0,-171089000.0,0.0,121088000.0,0.0,57560000.0,57560000.0,57560000.0,0.0,0.0,0.052,764645000.0,103931000.0,42112000.0,0.0,2.806,17.457,17.511,517642000.0,0.0,7.985,0.9,0.9,136413000.0,263450000.0,1116264000.0,1116264000.0,0.0,0.088,0.171,0.155,0.092,0.0,658456000.0,1.0,125835778.0,125835778,125835778.0,8.871,709720000.0,11817000.0,38761000.0,51932000.0,5.64,26065000.0
62,ODFL,MRT,2005-12-31,2005-12-31,2005-12-31,2021-08-05,0.0,641648000.0,614635250.0,150213000.0,491435000.0,1.727,2.743,-137375000.0,986000.0,986000.0,231995000.0,53475000.0,1.353,0.86,128956000.0,17930000.0,111026000.0,128956000.0,0.0,55897000.0,0.0,0.0,0.0,96546000.0,152443000.0,0.144,152443000.0,96546000.0,89863000.0,0.424,0.424,0.424,345051000.0,322870250.0,345051000.0,1138422253.0,12.0,7.468,-23753000.0,-0.189,1.0,829408000.0,0.781,0.0,6683000.0,658590000.0,618764000.0,0.0,0.0,0.0,0.0,296597000.0,111028000.0,185569000.0,1005196253.0,244000.0,-23113000.0,0.0,47513000.0,0.0,47110000.0,-160488000.0,0.0,113622000.0,0.0,53475000.0,53475000.0,53475000.0,0.0,0.0,0.05,731823000.0,97585000.0,30967000.0,0.0,2.913,18.797,18.84,466071000.0,0.0,7.988,0.947,0.947,127199000.0,250430000.0,1061403000.0,1061403000.0,0.0,0.087,0.166,0.156,0.091,0.0,630392000.0,1.0,125835955.0,125796010,125807587.0,8.437,641648000.0,10681000.0,36388000.0,46851000.0,5.101,39185000.0
63,ODFL,MRT,2005-09-30,2005-09-30,2005-09-30,2021-08-05,0.0,640088000.0,580406500.0,165786000.0,474302000.0,1.723,2.63,-132457000.0,6403000.0,6403000.0,214347000.0,49390000.0,1.354,0.935,139629000.0,19124000.0,120505000.0,139629000.0,0.0,11785000.0,0.0,0.0,0.0,89257000.0,101042000.0,0.101,101042000.0,89257000.0,83039000.0,0.394,0.391,0.394,330772000.0,309489500.0,330772000.0,962037920.0,11.0,9.521,-29705000.0,-0.236,1.0,785881000.0,0.786,0.0,6218000.0,650844000.0,576522750.0,0.0,0.0,0.0,0.0,309316000.0,122470000.0,186846000.0,832066920.0,3309000.0,-23113000.0,-1000.0,56451000.0,0.0,56127000.0,-155570000.0,0.0,102752000.0,0.0,49390000.0,49390000.0,49390000.0,0.0,0.0,0.049,695322000.0,90559000.0,35679000.0,0.0,2.516,16.847,16.79,450179000.0,0.0,6.615,0.832,0.832,126579000.0,236149000.0,1000228000.0,1000228000.0,0.0,0.085,0.16,0.155,0.089,0.0,594532000.0,1.0,125779002.0,125790145,125796530.0,7.952,640088000.0,5612000.0,33649000.0,43612000.0,5.089,43316000.0
64,ODFL,MRT,2005-06-30,2005-06-30,2005-06-30,2021-08-05,0.0,610669000.0,545928000.0,155704000.0,454965000.0,1.722,2.503,-108760000.0,1037000.0,1037000.0,196158000.0,45670000.0,1.298,0.94,131008000.0,19451000.0,111557000.0,131008000.0,0.0,23321000.0,0.0,0.0,0.0,82190000.0,105511000.0,0.112,105511000.0,82190000.0,76478000.0,0.365,0.362,0.365,314787000.0,296990500.0,314787000.0,766133655.0,9.0,7.261,-20118000.0,-0.16,1.0,744111000.0,0.791,0.0,5712000.0,620681000.0,533194250.0,0.0,0.0,0.0,0.0,295882000.0,119959000.0,175923000.0,666597655.0,-143000.0,-22465000.0,19660000.0,22609000.0,0.0,42440000.0,-131225000.0,0.0,88642000.0,0.0,45670000.0,45670000.0,45670000.0,0.0,0.0,0.049,660804000.0,83307000.0,29949000.0,0.0,2.118,14.596,14.52,431201000.0,0.0,5.3,0.709,0.709,121901000.0,220214000.0,940269000.0,940269000.0,0.0,0.084,0.154,0.154,0.087,0.0,565428000.0,1.0,125779002.0,125779004,125827172.0,7.476,610669000.0,6601000.0,30808000.0,42577000.0,4.855,35745000.0
65,ODFL,MRT,2005-03-31,2005-03-31,2005-03-31,2021-08-05,0.0,566136000.0,517370750.0,145001000.0,421135000.0,1.697,2.392,-107548000.0,2539000.0,2539000.0,177875000.0,42215000.0,1.201,0.882,102075000.0,19380000.0,82695000.0,102075000.0,0.0,34227000.0,0.0,0.0,0.0,75865000.0,110092000.0,0.125,110092000.0,75865000.0,70465000.0,0.341,0.338,0.341,300871000.0,280495500.0,300871000.0,852641070.0,11.0,7.745,-7268000.0,-0.058,1.0,700177000.0,0.797,0.0,5400000.0,544941000.0,501675750.0,0.0,0.0,0.0,0.0,265265000.0,120731000.0,144534000.0,773929070.0,1485000.0,-22465000.0,19753000.0,11294000.0,0.0,31218000.0,-130013000.0,0.0,100280000.0,0.0,42215000.0,42215000.0,42215000.0,0.0,0.0,0.048,623234000.0,76943000.0,32292000.0,0.0,2.572,18.333,18.044,399217000.0,0.0,6.153,0.881,0.881,112617000.0,206298000.0,878052000.0,878052000.0,0.0,0.082,0.151,0.151,0.086,0.0,535186000.0,1.0,125779002.0,125779004,125828637.0,6.981,566136000.0,5638000.0,28250000.0,45837000.0,4.501,24270000.0
66,ODFL,MRT,2004-12-31,2004-12-31,2004-12-31,2021-08-05,0.0,504733000.0,489292000.0,122537000.0,382196000.0,1.684,2.359,-92106000.0,742000.0,742000.0,161389000.0,38992000.0,1.306,0.731,79454000.0,22030000.0,57424000.0,79454000.0,0.0,44823000.0,0.0,0.0,0.0,69924000.0,114747000.0,0.139,114747000.0,69924000.0,64587000.0,0.317,0.314,0.317,291528000.0,264841000.0,291528000.0,942523178.0,13.0,8.214,-2261000.0,-0.018,1.0,662662000.0,0.804,0.0,5337000.0,489625000.0,477124750.0,0.0,0.0,0.0,0.0,213205000.0,93820000.0,119385000.0,864614178.0,-309000.0,0.0,19753000.0,-17972000.0,0.0,1952000.0,-92106000.0,0.0,89845000.0,0.0,38992000.0,38992000.0,38992000.0,0.0,0.0,0.047,592054000.0,70608000.0,25305000.0,0.0,2.966,22.174,21.685,363268000.0,0.0,6.874,1.049,1.031,97253000.0,196955000.0,824051000.0,824051000.0,0.0,0.08,0.147,0.147,0.085,0.0,507766000.0,1.0,125779002.0,123559584,123643446.0,6.669,504733000.0,4602000.0,25595000.0,40689000.0,4.085,28717000.0
67,ODFL,MRT,2004-09-30,2004-09-30,2004-09-30,2021-08-05,0.0,502174000.0,471748500.0,122652000.0,379522000.0,1.641,2.255,-97111000.0,3094000.0,3094000.0,145432000.0,36116000.0,1.196,0.789,81003000.0,22046000.0,58957000.0,81003000.0,0.0,43167000.0,0.0,0.0,0.0,64878000.0,108045000.0,0.14,108045000.0,64878000.0,59242000.0,0.292,0.294,0.292,280776000.0,250094250.0,280776000.0,821661930.0,13.0,7.605,-6957000.0,-0.056,1.0,628559000.0,0.812,0.0,5636000.0,477530000.0,467869000.0,0.0,0.0,0.0,0.0,221398000.0,102553000.0,118845000.0,715531930.0,-5498000.0,0.0,18733000.0,-18333000.0,0.0,1459000.0,-97111000.0,0.0,90154000.0,0.0,36116000.0,36116000.0,36116000.0,0.0,0.0,0.047,563659000.0,64900000.0,26873000.0,0.0,2.548,19.812,19.489,361532000.0,0.0,5.691,0.924,0.916,96152000.0,186351000.0,773991000.0,773991000.0,0.0,0.077,0.144,0.139,0.084,0.0,486900000.0,1.0,125733440.0,124539682,124619669.0,6.215,502174000.0,4599000.0,23126000.0,38926000.0,4.032,20099000.0
68,ODFL,MRT,2004-06-30,2004-06-30,2004-06-30,2021-08-05,0.0,496440000.0,455159000.0,115616000.0,380824000.0,1.616,2.04,-105657000.0,1180000.0,1180000.0,134050000.0,33017000.0,1.071,0.995,107310000.0,22094000.0,85216000.0,107310000.0,0.0,41580000.0,0.0,0.0,0.0,60057000.0,101637000.0,0.138,101637000.0,60057000.0,54180000.0,0.269,0.271,0.269,248807000.0,236014250.0,248807000.0,799871545.0,13.0,7.87,-6964000.0,-0.057,1.0,601697000.0,0.818,0.0,5877000.0,494607000.0,458541500.0,0.0,0.0,0.0,0.0,247633000.0,107963000.0,139670000.0,710144545.0,231000.0,0.0,-745000.0,6974000.0,0.0,7195000.0,-105657000.0,0.0,98693000.0,0.0,33017000.0,33017000.0,33017000.0,0.0,0.0,0.045,541536000.0,60161000.0,31311000.0,0.0,2.854,21.508,21.648,363093000.0,0.0,5.823,0.965,0.965,89489000.0,174136000.0,735747000.0,735747000.0,0.0,0.073,0.14,0.131,0.082,0.0,467624000.0,1.0,121950704.0,121973885,122068185.0,6.032,496440000.0,5451000.0,21163000.0,37213000.0,4.07,7653000.0
69,ODFL,MRT,2004-03-31,2004-03-31,2004-03-31,2021-08-05,0.0,453821000.0,434608000.0,107869000.0,345952000.0,1.605,1.954,-93216000.0,1054000.0,1054000.0,125165000.0,29065000.0,1.114,0.905,90781000.0,21897000.0,68884000.0,90781000.0,0.0,40121000.0,0.0,0.0,0.0,53690000.0,93811000.0,0.135,93811000.0,53690000.0,47642000.0,0.237,0.239,0.237,238253000.0,227601750.0,238253000.0,639181098.0,12.0,6.813,-5480000.0,-0.045,1.0,572270000.0,0.821,0.0,6048000.0,446737000.0,444627750.0,0.0,0.0,0.0,0.0,215568000.0,96811000.0,118757000.0,542806098.0,-5495000.0,0.0,-761000.0,-220000.0,0.0,-15000.0,-93216000.0,0.0,87736000.0,0.0,29065000.0,29065000.0,29065000.0,0.0,0.0,0.042,518819000.0,53451000.0,22771000.0,0.0,2.278,18.676,18.781,328387000.0,0.0,4.451,0.778,0.778,82854000.0,163675000.0,697435000.0,697435000.0,0.0,0.067,0.128,0.121,0.077,0.0,448107000.0,1.0,121950704.0,121950704,122059568.0,5.719,453821000.0,5384000.0,18577000.0,35598000.0,3.721,11058000.0
70,ODFL,MRT,2003-12-31,2003-12-31,2003-12-31,2021-08-05,0.0,434559000.0,420458750.0,101370000.0,333189000.0,1.588,1.909,-98441000.0,1051000.0,1051000.0,120100000.0,27600000.0,1.294,0.869,97426000.0,22440000.0,74986000.0,97426000.0,0.0,38210000.0,0.0,0.0,0.0,51408000.0,89618000.0,0.134,89618000.0,51408000.0,45297000.0,0.225,0.225,0.225,232541000.0,220181250.0,232541000.0,638046716.0,12.0,7.12,-23377000.0,-0.192,1.0,547431000.0,0.82,0.0,6111000.0,452602000.0,434802750.0,0.0,0.0,0.0,0.0,202018000.0,78332000.0,123686000.0,547302716.0,-18208000.0,0.0,0.0,4203000.0,0.0,5169000.0,-98441000.0,0.0,75064000.0,0.0,27600000.0,27600000.0,27600000.0,0.0,0.0,0.041,496215000.0,51216000.0,12185000.0,0.0,2.354,19.83,19.946,315768000.0,0.0,4.488,0.82,0.819,75578000.0,157963000.0,667531000.0,667531000.0,0.0,0.066,0.125,0.118,0.077,0.0,430023000.0,1.0,121950704.0,121838887,121979267.0,5.479,434559000.0,4539000.0,17697000.0,32999000.0,3.567,23038000.0
71,ODFL,MRT,2003-09-30,2003-09-30,2003-09-30,2021-08-05,0.0,435816000.0,409188500.0,107791000.0,328025000.0,1.572,1.841,-95580000.0,8592000.0,8592000.0,115131000.0,25335000.0,1.248,0.942,99336000.0,22671000.0,76665000.0,99336000.0,0.0,36232000.0,0.0,0.0,0.0,47787000.0,84019000.0,0.131,84019000.0,47787000.0,41802000.0,0.215,0.215,0.215,224456000.0,212936750.0,224456000.0,570998771.0,12.0,6.796,-33181000.0,-0.272,1.0,528136000.0,0.821,0.0,5985000.0,440220000.0,421730250.0,0.0,0.0,0.0,0.0,211360000.0,86340000.0,125020000.0,471611771.0,7763000.0,0.0,49432000.0,-8488000.0,0.0,40944000.0,-95580000.0,0.0,62399000.0,0.0,25335000.0,25335000.0,25335000.0,0.0,0.0,0.039,480078000.0,48058000.0,19237000.0,0.0,2.101,18.615,17.989,307288000.0,0.0,3.868,0.733,0.733,78681000.0,150235000.0,643267000.0,643267000.0,0.0,0.062,0.119,0.113,0.074,0.0,414495000.0,1.0,121937415.0,121905866,122038022.0,5.277,435816000.0,4567000.0,16467000.0,31690000.0,3.575,21451000.0
72,ODFL,MRT,2003-06-30,2003-06-30,2003-06-30,2021-08-05,0.0,414236000.0,388234000.0,93870000.0,320366000.0,1.588,1.766,-97543000.0,949000.0,949000.0,110393000.0,22615000.0,1.257,0.925,100336000.0,17747000.0,82589000.0,100336000.0,0.0,34018000.0,0.0,0.0,0.0,43171000.0,77189000.0,0.125,77189000.0,43171000.0,37218000.0,0.207,0.207,0.207,215157000.0,194245000.0,215157000.0,427513290.0,10.0,5.539,-51199000.0,-0.42,1.0,505932000.0,0.821,0.0,5953000.0,438952000.0,405705750.0,0.0,0.0,0.0,0.0,199079000.0,74671000.0,124408000.0,343061290.0,-126000.0,0.0,49260000.0,1813000.0,0.0,51073000.0,-97543000.0,0.0,46344000.0,0.0,22615000.0,22615000.0,22615000.0,0.0,0.0,0.037,462547000.0,43385000.0,15867000.0,0.0,1.594,15.17,13.608,299210000.0,0.0,2.817,0.557,0.557,71917000.0,141119000.0,616325000.0,616325000.0,0.0,0.058,0.116,0.106,0.07,0.0,399149000.0,1.0,121791570.0,121817429,121963659.0,5.059,414236000.0,3670000.0,14603000.0,25855000.0,3.4,19199000.0
73,ODFL,MRT,2003-03-31,2003-03-31,2003-03-31,2021-08-05,0.0,397224000.0,368416500.0,101674000.0,295550000.0,1.607,1.714,-86076000.0,6549000.0,6549000.0,105568000.0,20467000.0,1.37,0.905,91001000.0,17798000.0,73203000.0,91001000.0,0.0,32312000.0,0.0,0.0,0.0,39456000.0,71768000.0,0.121,71768000.0,39456000.0,33608000.0,0.2,0.2,0.2,208571000.0,176276250.0,208571000.0,410770316.0,10.0,5.724,-38611000.0,-0.317,1.0,486609000.0,0.822,0.0,5848000.0,407437000.0,385202500.0,0.0,0.0,0.0,0.0,188653000.0,74239000.0,114414000.0,336806316.0,5591000.0,0.0,49199000.0,-4997000.0,0.0,44202000.0,-86076000.0,0.0,47465000.0,0.0,20467000.0,20467000.0,20467000.0,0.0,0.0,0.035,446737000.0,39872000.0,17764000.0,0.0,1.615,16.456,13.827,275638000.0,0.0,2.765,0.569,0.568,72786000.0,134610000.0,592177000.0,592177000.0,0.0,0.056,0.116,0.102,0.067,0.0,385539000.0,1.0,121791570.0,121681562,121856997.0,4.867,397224000.0,3670000.0,13141000.0,25855000.0,3.264,27435000.0
74,ODFL,MRT,2002-12-31,2002-12-31,2002-12-31,2021-08-05,0.0,389478000.0,348481000.0,114545000.0,274933000.0,1.626,2.072,-69105000.0,19259000.0,19259000.0,97863000.0,18462000.0,1.814,0.913,93223000.0,11139000.0,82084000.0,93223000.0,0.0,31081000.0,0.0,0.0,0.0,36001000.0,67082000.0,0.118,67082000.0,36001000.0,30265000.0,0.188,0.188,0.188,203563000.0,158859750.0,203563000.0,399425938.0,11.0,5.954,-24765000.0,-0.252,1.0,468596000.0,0.827,0.0,5736000.0,400312000.0,371913500.0,0.0,0.0,0.0,0.0,185915000.0,63130000.0,122785000.0,292430938.0,18498000.0,0.0,48462000.0,-5199000.0,0.0,43263000.0,-69105000.0,0.0,44340000.0,0.0,18462000.0,18462000.0,18462000.0,0.0,0.0,0.033,432310000.0,36286000.0,16841000.0,0.0,1.437,15.84,13.262,255827000.0,0.0,2.493,0.516,0.432,68005000.0,130363000.0,566459000.0,566459000.0,0.0,0.053,0.116,0.097,0.064,0.0,371857000.0,1.0,117287716.0,98254028,98351881.0,5.765,389478000.0,3670000.0,11803000.0,25855000.0,3.964,51415000.0
75,ODFL,MRT,2002-09-30,2002-09-30,2002-09-30,2021-08-05,0.0,351998000.0,328821500.0,84401000.0,267597000.0,1.646,1.58,-69444000.0,829000.0,829000.0,92947000.0,17147000.0,1.018,1.352,107824000.0,24009000.0,83815000.0,107824000.0,0.0,30492000.0,0.0,0.0,0.0,33846000.0,64338000.0,0.119,64338000.0,33846000.0,28109000.0,0.18,0.18,0.18,149689000.0,142128750.0,149689000.0,251080352.0,7.0,3.903,-23457000.0,-0.248,1.0,448204000.0,0.828,0.0,5737000.0,376122000.0,361319250.0,0.0,0.0,0.0,0.0,202309000.0,82871000.0,119438000.0,153632352.0,-5188000.0,-668000.0,51000.0,18886000.0,0.0,18937000.0,-70112000.0,0.0,45987000.0,0.0,17147000.0,17147000.0,17147000.0,0.0,0.0,0.032,414539000.0,33665000.0,19231000.0,0.0,1.026,8.96,9.008,248291000.0,0.0,1.622,0.284,0.284,68163000.0,124900000.0,541151000.0,541151000.0,0.0,0.052,0.121,0.094,0.063,0.0,357160000.0,1.0,94746535.0,94742085,94798097.0,5.712,351998000.0,873000.0,10962000.0,21781000.0,3.715,1530000.0
76,ODFL,MRT,2002-06-30,2002-06-30,2002-06-30,2021-08-05,0.0,334966000.0,318480750.0,80266000.0,254700000.0,1.633,1.512,-56512000.0,1075000.0,1075000.0,89159000.0,14410000.0,1.063,1.338,98523000.0,17195000.0,81328000.0,98523000.0,0.0,30274000.0,0.0,0.0,0.0,29277000.0,59551000.0,0.114,59551000.0,29277000.0,23624000.0,0.152,0.152,0.152,143282000.0,137829250.0,143282000.0,220206937.0,8.0,3.698,-8773000.0,-0.093,1.0,431021000.0,0.829,0.0,5653000.0,356939000.0,350019750.0,0.0,0.0,0.0,0.0,191684000.0,75475000.0,116209000.0,125166937.0,-1821000.0,-670000.0,40000.0,7582000.0,0.0,7622000.0,-57182000.0,0.0,47739000.0,0.0,14410000.0,14410000.0,14410000.0,0.0,0.0,0.028,401780000.0,29241000.0,22973000.0,0.0,0.874,8.686,8.693,235703000.0,0.0,1.321,0.241,0.241,64360000.0,118504000.0,520180000.0,520180000.0,0.0,0.045,0.105,0.084,0.056,0.0,345548000.0,1.0,94732867.0,94732115,94785689.0,5.491,334966000.0,873000.0,9214000.0,21003000.0,3.536,4791000.0
77,ODFL,MRT,2002-03-31,2002-03-31,2002-03-31,2021-08-05,0.0,317482000.0,311226500.0,76555000.0,240927000.0,1.636,1.467,-42855000.0,958000.0,958000.0,88975000.0,13146000.0,1.314,1.286,95998000.0,10042000.0,85956000.0,95998000.0,0.0,30054000.0,0.0,0.0,0.0,27278000.0,57332000.0,0.113,57332000.0,27278000.0,21552000.0,0.138,0.138,0.138,138905000.0,134216750.0,138905000.0,214739579.0,8.0,3.746,1068000.0,0.011,1.0,420141000.0,0.825,0.0,5726000.0,354281000.0,344264500.0,0.0,0.0,0.0,0.0,178577000.0,58241000.0,120336000.0,117078579.0,-131000.0,-3621000.0,24000.0,2398000.0,0.0,2422000.0,-46476000.0,0.0,43923000.0,0.0,13146000.0,13146000.0,13146000.0,0.0,0.0,0.026,393541000.0,26600000.0,15408000.0,0.0,0.843,8.906,8.957,222134000.0,0.0,1.236,0.23,0.23,59608000.0,114143000.0,509116000.0,509116000.0,0.0,0.042,0.098,0.079,0.054,0.0,338581000.0,1.0,94715781.0,94691781,94745225.0,5.377,317482000.0,873000.0,8406000.0,22030000.0,3.353,18314000.0
78,ODFL,MRT,2001-12-31,2001-12-31,2001-12-31,2021-08-05,0.0,310840000.0,307634000.0,73866000.0,236974000.0,1.633,1.443,-36908000.0,761000.0,761000.0,89866000.0,11905000.0,1.461,1.275,98422000.0,8408000.0,90014000.0,98422000.0,0.0,29888000.0,0.0,0.0,0.0,25416000.0,55304000.0,0.11,55304000.0,25416000.0,19517000.0,0.125,0.125,0.125,136639000.0,130924250.0,136639000.0,188327811.0,7.0,3.405,-4649000.0,-0.049,1.0,412373000.0,0.821,0.0,5899000.0,357935000.0,339859250.0,0.0,0.0,0.0,0.0,174201000.0,50566000.0,123635000.0,105406811.0,176000.0,-10055000.0,0.0,14880000.0,0.0,14880000.0,-46963000.0,0.0,32259000.0,0.0,11905000.0,11905000.0,11905000.0,0.0,0.0,0.024,387648000.0,24725000.0,13799000.0,0.0,0.771,8.854,8.906,218183000.0,0.0,1.113,0.21,0.21,52158000.0,111901000.0,502239000.0,502239000.0,0.0,0.039,0.091,0.075,0.051,0.0,333494000.0,1.0,94688443.0,94688443,94703896.0,5.304,310840000.0,873000.0,7612000.0,21206000.0,3.283,23300000.0
79,ODFL,MRT,2001-09-30,2001-09-30,2001-09-30,2021-08-05,0.0,310635000.0,304071750.0,86120000.0,224515000.0,1.639,1.399,-30342000.0,6017000.0,6017000.0,90977000.0,10257000.0,1.375,1.345,88938000.0,7934000.0,81004000.0,88938000.0,0.0,29337000.0,0.0,0.0,0.0,22449000.0,51786000.0,0.104,51786000.0,22449000.0,16816000.0,0.108,0.108,0.108,132491000.0,127948000.0,132491000.0,187632823.0,8.0,3.623,10782000.0,0.114,1.0,407333000.0,0.817,0.0,5633000.0,330924000.0,329410000.0,0.0,0.0,0.0,0.0,178144000.0,62632000.0,115512000.0,99587823.0,5146000.0,-9387000.0,0.0,3751000.0,0.0,3751000.0,-39729000.0,0.0,41124000.0,0.0,10257000.0,10257000.0,10257000.0,0.0,0.0,0.021,385255000.0,22078000.0,22228000.0,0.0,0.752,9.709,9.738,206499000.0,0.0,1.052,0.2,0.2,65014000.0,107753000.0,498310000.0,498310000.0,0.0,0.034,0.08,0.068,0.045,0.0,329630000.0,1.0,94688443.0,94688443,94712158.0,5.263,310635000.0,1477000.0,6559000.0,22643000.0,3.281,23488000.0
80,ODFL,MRT,2001-06-30,2001-06-30,2001-06-30,2021-08-05,0.0,305949000.0,299404500.0,81308000.0,224641000.0,1.642,1.361,-46362000.0,2896000.0,2896000.0,91559000.0,10891000.0,1.353,1.375,90941000.0,8196000.0,82745000.0,90941000.0,0.0,28756000.0,0.0,0.0,0.0,23345000.0,52101000.0,0.106,52101000.0,23345000.0,17854000.0,0.115,0.115,0.115,128832000.0,125383750.0,128832000.0,173561190.0,7.0,3.331,-7706000.0,-0.081,1.0,400176000.0,0.814,0.0,5491000.0,333918000.0,325314250.0,0.0,0.0,0.0,0.0,177117000.0,60076000.0,117041000.0,81050190.0,2023000.0,-9385000.0,0.0,19114000.0,0.0,19114000.0,-55747000.0,0.0,38656000.0,0.0,10891000.0,10891000.0,10891000.0,0.0,0.0,0.022,377519000.0,22657000.0,19672000.0,0.0,0.629,7.442,7.443,206393000.0,0.0,0.856,0.165,0.165,63645000.0,104094000.0,491735000.0,491735000.0,0.0,0.036,0.087,0.072,0.047,0.0,324047000.0,1.0,94688443.0,94688443,94695858.0,5.193,305949000.0,1477000.0,6963000.0,22384000.0,3.231,21232000.0
81,ODFL,MRT,2001-03-31,2001-03-31,2001-03-31,2021-08-05,0.0,303112000.0,290763750.0,81617000.0,221495000.0,1.662,1.328,-58187000.0,1089000.0,1089000.0,89074000.0,12370000.0,1.384,1.411,93600000.0,9051000.0,84549000.0,93600000.0,0.0,27870000.0,0.0,0.0,0.0,25271000.0,53141000.0,0.11,53141000.0,25271000.0,20279000.0,0.131,0.131,0.131,125735000.0,122661000.0,125735000.0,166085400.0,7.0,3.125,-22213000.0,-0.235,1.0,394200000.0,0.816,0.0,4992000.0,336660000.0,312598250.0,0.0,0.0,0.0,0.0,177377000.0,58963000.0,118414000.0,83128400.0,139000.0,-6434000.0,0.0,28786000.0,0.0,28786000.0,-64621000.0,0.0,35974000.0,0.0,12370000.0,12370000.0,12370000.0,0.0,0.0,0.026,368965000.0,25235000.0,18756000.0,0.0,0.661,6.72,6.702,203090000.0,0.0,0.878,0.172,0.172,62464000.0,100997000.0,483274000.0,483274000.0,0.0,0.043,0.101,0.081,0.052,0.0,316919000.0,1.0,94688443.0,94688443,94688443.0,5.104,303112000.0,1477000.0,7909000.0,21754000.0,3.201,22654000.0
82,ODFL,MRT,2000-12-31,2000-12-31,2000-12-31,2021-08-05,0.0,296591000.0,279666000.0,80196000.0,216395000.0,1.701,1.317,-61030000.0,585000.0,585000.0,88410000.0,13696000.0,1.265,1.378,83542000.0,9035000.0,74507000.0,83542000.0,0.0,27037000.0,0.0,0.0,0.0,26850000.0,53887000.0,0.113,53887000.0,26850000.0,22453000.0,0.145,0.145,0.145,124734000.0,119568500.0,124734000.0,163287980.0,6.0,3.03,-18868000.0,-0.199,1.0,387393000.0,0.814,0.0,4397000.0,316138000.0,290854250.0,0.0,0.0,0.0,0.0,171857000.0,63410000.0,108447000.0,78971980.0,-196000.0,0.0,0.0,18672000.0,0.0,18672000.0,-61030000.0,0.0,42162000.0,0.0,13696000.0,13696000.0,13696000.0,0.0,0.0,0.029,360640000.0,26753000.0,26515000.0,0.0,0.633,5.766,5.752,201350000.0,0.0,0.834,0.166,0.166,58723000.0,99996000.0,475803000.0,475803000.0,0.0,0.049,0.115,0.092,0.056,0.0,310136000.0,1.0,94688443.0,94688443,94700130.0,5.025,296591000.0,1477000.0,8757000.0,21645000.0,3.132,16786000.0
83,ODFL,MRT,2000-09-30,2000-09-30,2000-09-30,2021-08-05,0.0,291966000.0,269913000.0,78055000.0,213911000.0,1.733,1.291,-61361000.0,871000.0,871000.0,85173000.0,14645000.0,1.264,1.389,85187000.0,9510000.0,75677000.0,85187000.0,0.0,26387000.0,0.0,0.0,0.0,28251000.0,54638000.0,0.117,54638000.0,28251000.0,24146000.0,0.155,0.155,0.155,122234000.0,116144500.0,122234000.0,155163069.0,5.0,2.84,-23017000.0,-0.243,1.0,382472000.0,0.818,0.0,4105000.0,314541000.0,274341250.0,0.0,0.0,0.0,0.0,169732000.0,61741000.0,107991000.0,84209069.0,253000.0,0.0,0.0,23269000.0,0.0,23269000.0,-61361000.0,0.0,38344000.0,0.0,14645000.0,14645000.0,14645000.0,0.0,0.0,0.031,353866000.0,28606000.0,19993000.0,0.0,0.689,5.75,5.738,198789000.0,0.0,0.889,0.18,0.18,62037000.0,97496000.0,467645000.0,467645000.0,0.0,0.054,0.126,0.103,0.06,0.0,304854000.0,1.0,94688443.0,94688443,94688443.0,4.939,291966000.0,2270000.0,9501000.0,20864000.0,3.083,16314000.0
84,ODFL,MRT,2000-06-30,2000-06-30,2000-06-30,2021-08-05,0.0,271386000.0,258861500.0,74615000.0,196771000.0,1.753,1.246,-48362000.0,873000.0,873000.0,79932000.0,14571000.0,1.259,1.301,71827000.0,10018000.0,61809000.0,71827000.0,0.0,25768000.0,0.0,0.0,0.0,27833000.0,53601000.0,0.118,53601000.0,27833000.0,23914000.0,0.154,0.154,0.154,117941000.0,112483250.0,117941000.0,144914190.0,5.0,2.704,-13462000.0,-0.142,1.0,373855000.0,0.824,0.0,3919000.0,283054000.0,257127750.0,0.0,0.0,0.0,0.0,153445000.0,59286000.0,94159000.0,81050190.0,228000.0,0.0,0.0,13689000.0,0.0,13689000.0,-48362000.0,0.0,34900000.0,0.0,14571000.0,14571000.0,14571000.0,0.0,0.0,0.032,345652000.0,28203000.0,18456000.0,0.0,0.687,5.562,5.558,182060000.0,0.0,0.856,0.179,0.179,59271000.0,93203000.0,453787000.0,453787000.0,0.0,0.056,0.13,0.108,0.061,0.0,297012000.0,1.0,94688443.0,94688443,94692863.0,4.792,271386000.0,2270000.0,9343000.0,21407000.0,2.866,15329000.0
85,ODFL,MRT,2000-03-31,2000-03-31,2000-03-31,2021-08-05,0.0,258721000.0,250451500.0,75016000.0,183705000.0,1.756,1.197,-40276000.0,950000.0,950000.0,75069000.0,14259000.0,1.029,1.282,64814000.0,24083000.0,40731000.0,64814000.0,0.0,25436000.0,0.0,0.0,0.0,27005000.0,52441000.0,0.119,52441000.0,27005000.0,23290000.0,0.15,0.15,0.15,113365000.0,108840500.0,113365000.0,163344310.0,6.0,3.115,689000.0,0.007,1.0,364769000.0,0.829,0.0,3715000.0,249684000.0,245877750.0,0.0,0.0,0.0,0.0,145356000.0,72901000.0,72455000.0,99255310.0,287000.0,0.0,0.0,-403000.0,0.0,-403000.0,-40276000.0,0.0,40965000.0,0.0,14259000.0,14259000.0,14259000.0,0.0,0.0,0.032,337478000.0,27291000.0,19164000.0,0.0,0.876,6.961,6.988,169014000.0,0.0,1.048,0.226,0.226,58932000.0,88627000.0,439838000.0,439838000.0,0.0,0.057,0.131,0.11,0.061,0.0,289776000.0,1.0,94688443.0,94688443,94730759.0,4.645,258721000.0,2270000.0,9031000.0,22000000.0,2.732,2115000.0
86,ODFL,MRT,1999-12-31,1999-12-31,1999-12-31,2021-08-05,0.0,257579000.0,244754500.0,76254000.0,181325000.0,1.742,1.173,-33049000.0,781000.0,781000.0,68952000.0,14401000.0,1.065,1.32,64870000.0,21811000.0,43059000.0,64870000.0,0.0,25295000.0,0.0,0.0,0.0,27534000.0,52829000.0,0.124,52829000.0,27534000.0,23457000.0,0.152,0.152,0.152,111038000.0,105275750.0,111038000.0,150663030.0,5.0,2.852,6940000.0,0.073,1.0,357433000.0,0.838,0.0,4077000.0,250086000.0,246388000.0,0.0,0.0,0.0,0.0,146541000.0,71582000.0,74959000.0,89363030.0,122000.0,-1100000.0,0.0,-5719000.0,0.0,-5719000.0,-34149000.0,0.0,39989000.0,0.0,14401000.0,14401000.0,14401000.0,0.0,0.0,0.034,329377000.0,28056000.0,22944000.0,0.0,0.805,6.205,6.209,166962000.0,0.0,0.944,0.21,0.21,56144000.0,86300000.0,426385000.0,426385000.0,0.0,0.059,0.137,0.112,0.065,0.0,282284000.0,1.0,94688443.0,94684081,94728185.0,4.503,257579000.0,2270000.0,9056000.0,20798000.0,2.72,4672000.0
87,ODFL,MRT,1999-09-30,1999-09-30,1999-09-30,2021-08-05,0.0,247760000.0,240809500.0,69867000.0,177893000.0,1.717,1.136,-28363000.0,618000.0,618000.0,66111000.0,13183000.0,1.102,1.303,61918000.0,16213000.0,45705000.0,61918000.0,0.0,25270000.0,0.0,0.0,0.0,25769000.0,51039000.0,0.123,51039000.0,25769000.0,21263000.0,0.14,0.14,0.14,107589000.0,101675500.0,107589000.0,180097891.0,7.0,3.529,13854000.0,0.146,1.0,347435000.0,0.84,0.0,4506000.0,245687000.0,248178500.0,0.0,0.0,0.0,0.0,140171000.0,63373000.0,76798000.0,122604891.0,-126000.0,1409000.0,0.0,-15389000.0,0.0,-15389000.0,-26954000.0,0.0,42217000.0,0.0,13183000.0,13183000.0,13183000.0,0.0,0.0,0.032,321412000.0,26023000.0,15838000.0,0.0,1.14,9.3,9.249,163278000.0,0.0,1.295,0.296,0.296,55998000.0,82851000.0,413546000.0,413546000.0,0.0,0.055,0.13,0.104,0.062,0.0,273602000.0,1.0,94681108.0,94685652,94752812.0,4.368,247760000.0,2213000.0,8080000.0,20834000.0,2.617,6494000.0
88,ODFL,MRT,1999-06-30,1999-06-30,1999-06-30,2021-08-05,0.0,237746000.0,239580000.0,64184000.0,173562000.0,1.687,1.092,-28493000.0,645000.0,645000.0,64093000.0,12386000.0,1.122,1.3,58138000.0,11753000.0,46385000.0,58138000.0,0.0,24687000.0,0.0,0.0,0.0,24525000.0,49212000.0,0.122,49212000.0,24525000.0,19977000.0,0.131,0.131,0.131,103370000.0,98379750.0,103370000.0,163302888.0,7.0,3.318,20571000.0,0.217,1.0,340192000.0,0.841,0.0,4548000.0,238054000.0,253480500.0,0.0,0.0,0.0,0.0,134376000.0,57185000.0,77191000.0,98748888.0,-4762000.0,-16220000.0,0.0,-9113000.0,0.0,-9113000.0,-44713000.0,0.0,49064000.0,0.0,12386000.0,12386000.0,12386000.0,0.0,0.0,0.031,315291000.0,24901000.0,15316000.0,0.0,0.955,7.973,7.962,159092000.0,0.0,1.043,0.244,0.244,50799000.0,78632000.0,404285000.0,404285000.0,0.0,0.052,0.126,0.097,0.061,0.0,267739000.0,1.0,94681108.0,94681108,94715940.0,4.27,237746000.0,2213000.0,7591000.0,20547000.0,2.511,6999000.0
89,ODFL,MRT,1999-03-31,1999-03-31,1999-03-31,2021-08-05,0.0,235933000.0,234295250.0,67487000.0,168446000.0,1.68,1.047,-30587000.0,663000.0,663000.0,64092000.0,11676000.0,1.384,1.381,65217000.0,7550000.0,57667000.0,65217000.0,0.0,23536000.0,0.0,0.0,0.0,23511000.0,47047000.0,0.119,47047000.0,23511000.0,18832000.0,0.124,0.124,0.124,99106000.0,95283250.0,99106000.0,164522790.0,7.0,3.497,11125000.0,0.117,1.0,329638000.0,0.837,0.0,4679000.0,251725000.0,250405750.0,0.0,0.0,0.0,0.0,136827000.0,48762000.0,88065000.0,94592790.0,-8222000.0,-16220000.0,16000.0,-3143000.0,0.0,-3127000.0,-46807000.0,0.0,41712000.0,0.0,11676000.0,11676000.0,11676000.0,0.0,0.0,0.03,305662000.0,23976000.0,10723000.0,0.0,0.954,8.101,8.057,154030000.0,0.0,0.999,0.24,0.24,52782000.0,74368000.0,393730000.0,393730000.0,0.0,0.05,0.123,0.094,0.06,0.0,259069000.0,1.0,94681108.0,94681108,94713696.0,4.158,235933000.0,2213000.0,7156000.0,21147000.0,2.492,18725000.0
90,ODFL,MRT,1998-12-31,1998-12-31,1998-12-31,2021-08-05,0.0,241799000.0,228101750.0,69789000.0,172010000.0,1.679,1.021,-42899000.0,659000.0,659000.0,63972000.0,11120000.0,1.281,1.502,70589000.0,9093000.0,61496000.0,70589000.0,0.0,21887000.0,0.0,0.0,0.0,22266000.0,44153000.0,0.115,44153000.0,22266000.0,17935000.0,0.118,0.118,0.118,96637000.0,92360250.0,96637000.0,170269790.0,8.0,3.856,1372000.0,0.014,1.0,319106000.0,0.833,0.0,4331000.0,257248000.0,242263500.0,0.0,0.0,0.0,0.0,145162000.0,54481000.0,90681000.0,94592790.0,-15000.0,-16790000.0,16000.0,15387000.0,0.0,15403000.0,-59689000.0,0.0,44271000.0,0.0,11120000.0,11120000.0,11120000.0,0.0,0.0,0.029,296529000.0,22577000.0,21350000.0,0.0,0.979,8.507,8.467,158998000.0,0.0,0.999,0.247,0.247,51179000.0,71899000.0,383078000.0,383078000.0,0.0,0.049,0.12,0.092,0.058,0.0,251199000.0,1.0,94681108.0,94676301,94806906.0,4.046,241799000.0,2213000.0,6815000.0,20048000.0,2.554,15308000.0
91,ODFL,MRT,1998-09-30,1998-09-30,1998-09-30,2021-08-05,0.0,242842000.0,215417250.0,68628000.0,174214000.0,1.699,0.997,-40710000.0,744000.0,744000.0,62665000.0,11022000.0,1.329,1.572,76421000.0,8326000.0,68095000.0,76421000.0,0.0,20211000.0,0.0,0.0,0.0,21569000.0,41780000.0,0.114,41780000.0,21569000.0,17674000.0,0.117,0.117,0.117,94406000.0,89576250.0,94406000.0,170313744.0,8.0,4.076,-137000.0,-0.001,1.0,303423000.0,0.829,0.0,3895000.0,266895000.0,227602500.0,0.0,0.0,0.0,0.0,148436000.0,51624000.0,96812000.0,116370744.0,-54000.0,-19299000.0,36000.0,19346000.0,0.0,19382000.0,-60009000.0,0.0,40573000.0,0.0,11022000.0,11022000.0,11022000.0,0.0,0.0,0.03,281587000.0,21836000.0,14648000.0,0.0,1.233,10.558,10.505,161120000.0,0.0,1.229,0.318,0.318,54747000.0,69669000.0,366088000.0,366088000.0,0.0,0.051,0.123,0.095,0.059,0.0,239387000.0,1.0,94681108.0,94681108,94782404.0,3.867,242842000.0,1970000.0,6652000.0,19385000.0,2.565,17004000.0
92,ODFL,MRT,1998-06-30,1998-06-30,1998-06-30,2021-08-05,0.0,216607000.0,,66599000.0,150008000.0,,0.961,-41030000.0,5407000.0,5407000.0,62761000.0,10953000.0,1.487,1.381,59350000.0,5445000.0,53905000.0,59350000.0,0.0,18873000.0,0.0,0.0,0.0,21305000.0,40178000.0,0.113,40178000.0,21305000.0,17607000.0,0.116,0.116,0.116,90984000.0,,90984000.0,180554450.0,8.0,4.494,-4100000.0,-0.043,1.0,292336000.0,0.823,0.0,3698000.0,225755000.0,,0.0,0.0,0.0,0.0,125623000.0,44795000.0,80828000.0,128980450.0,4759000.0,-1670000.0,40000.0,10489000.0,0.0,10529000.0,-42700000.0,0.0,36930000.0,0.0,10953000.0,10953000.0,10953000.0,0.0,0.0,0.031,270733000.0,21603000.0,14155000.0,0.0,1.418,11.776,11.746,143728000.0,0.0,1.363,0.363,0.363,48966000.0,66246000.0,355097000.0,355097000.0,0.0,,,,0.06,0.0,230790000.0,1.0,94662883.0,94680105,94877755.0,3.75,216607000.0,1970000.0,6654000.0,18338000.0,2.288,21804000.0
93,ODFL,MRT,1998-03-31,1998-03-31,1998-03-31,2021-08-05,0.0,211159000.0,,68942000.0,142217000.0,,0.923,-41117000.0,8885000.0,8885000.0,61167000.0,10552000.0,1.582,1.416,60459000.0,5445000.0,55014000.0,60459000.0,0.0,17847000.0,0.0,0.0,0.0,20594000.0,38441000.0,0.112,38441000.0,20594000.0,17002000.0,0.111,0.111,0.111,87414000.0,,87414000.0,188987509.0,9.0,4.916,-5827000.0,-0.062,1.0,282780000.0,0.822,0.0,3592000.0,219156000.0,,0.0,0.0,0.0,0.0,123745000.0,43577000.0,80168000.0,142360509.0,8034000.0,-1670000.0,24000.0,15507000.0,0.0,15531000.0,-42787000.0,0.0,35290000.0,0.0,10552000.0,10552000.0,10552000.0,0.0,0.0,0.031,261894000.0,20886000.0,14770000.0,0.0,1.629,13.491,13.548,135277000.0,0.0,1.504,0.414,0.414,47685000.0,62692000.0,343947000.0,343947000.0,0.0,,,,0.06,511000.0,222787000.0,1.0,94662883.0,94662883,94836965.0,3.633,211159000.0,1970000.0,6450000.0,18012000.0,2.231,25365000.0
94,ODFL,MRT,1997-12-31,1997-12-31,1997-12-31,2021-08-05,0.0,191061000.0,180893500.0,59860000.0,131201000.0,1.818,0.903,-32650000.0,674000.0,674000.0,59773000.0,10038000.0,1.532,1.235,47301000.0,5146000.0,42155000.0,47301000.0,0.0,17173000.0,0.0,0.0,0.0,19738000.0,36911000.0,0.112,36911000.0,19738000.0,16191000.0,0.106,0.106,0.106,85501000.0,80214500.0,85501000.0,,,,-4863000.0,-0.051,1.0,269071000.0,0.818,0.0,3547000.0,198604000.0,187626500.0,0.0,0.0,0.0,0.0,105560000.0,39084000.0,66476000.0,126736589.0,-679000.0,0.0,24000.0,4160000.0,0.0,4184000.0,-32650000.0,0.0,27787000.0,0.0,10038000.0,10038000.0,10038000.0,0.0,0.0,0.031,249060000.0,20011000.0,14161000.0,0.0,1.482,12.626,12.63,124830000.0,0.0,1.339,0.385,0.385,44891000.0,60779000.0,328844000.0,328844000.0,0.0,0.055,0.125,0.105,0.06,511000.0,211651000.0,1.0,94662883.0,94673419,94787621.0,3.473,191061000.0,1970000.0,6153000.0,16617000.0,2.018,20776000.0
95,ODFL,MRT,1997-09-30,1997-09-30,1997-09-30,2021-08-05,,,,,,,,,,,,,,,,,,,,,,0.0,0.0,,,,,,,,,,,,,,,,,,1.0,,,,,,,,,,,,,,,,,,,,,,,,,,,,,,,,,,,,,,,,1.69,,,,,,,,,,,,,,1.0,,94636582,,,,,,,,
96,ODFL,MRT,1997-06-30,1997-06-30,1997-06-30,2021-08-05,,,,,,,,,,,,,,,,,,,,,,0.0,0.0,,,,,,,,,,,,,,,,,,1.0,,,,,,,,,,,,,,,,,,,,,,,,,,,,,,,,,,,,,,,,1.219,,,,,,,,,,,,,,1.0,,94635545,,,,,,,,
97,ODFL,MRT,1997-03-31,1997-03-31,1997-03-31,2021-08-05,,,,,,,,,,,,,,,,,,,,,,0.0,0.0,,,,,,,,,,,,,,,,,,1.0,,,,,,,,,,,,,,,,,,,,,,,,,,,,,,,,,,,,,,,,1.087,,,,,,,,,,,,,,1.0,,94763393,,,,,,,,
98,ODFL,MRT,1996-12-31,1996-12-31,1996-12-31,2021-08-05,0.0,170726000.0,,56264000.0,114462000.0,,0.788,-37293000.0,1353000.0,1353000.0,64590000.0,6144000.0,1.569,1.279,43141000.0,3659000.0,39482000.0,43141000.0,0.0,16091000.0,0.0,0.0,0.0,12813000.0,28904000.0,0.099,28904000.0,12813000.0,9910000.0,0.065,0.065,0.065,74928000.0,,74928000.0,,,,-12558000.0,-0.132,1.0,228416000.0,0.78,0.0,2903000.0,176649000.0,,0.0,0.0,0.0,0.0,95798000.0,35865000.0,59933000.0,,367000.0,0.0,0.0,12925000.0,0.0,12925000.0,-37293000.0,0.0,24735000.0,0.0,6144000.0,6144000.0,6144000.0,0.0,0.0,0.021,215466000.0,12950000.0,14860000.0,0.0,,,14.357,109175000.0,0.0,0.933,,0.303,40873000.0,50741000.0,293006000.0,293006000.0,0.0,,,,0.044,0.0,179621000.0,1.0,,95061691,95072022.0,3.082,170726000.0,2625000.0,3766000.0,13377000.0,1.796,20399000.0
99,ODFL,MRT,1995-12-31,1995-12-31,1995-12-31,2021-08-05,,,,,,,,-26491000.0,,,52271000.0,4807000.0,,,,,,,,13630000.0,,0.0,0.0,9312000.0,22942000.0,0.092,22942000.0,9312000.0,7802000.0,0.051,0.051,0.051,,,,,,,-12998000.0,-0.137,1.0,195808000.0,0.789,,1510000.0,,,,,,,,,,,-1407000.0,0.0,0.0,11591000.0,0.0,11591000.0,-26491000.0,0.0,13493000.0,0.0,4807000.0,4807000.0,4807000.0,0.0,0.0,0.019,186167000.0,9641000.0,,0.0,,,13.771,,0.0,0.702,,0.269,,,248079000.0,248079000.0,0.0,,,,0.038,251000.0,156372000.0,1.0,,95157281,95191453.0,2.607,,,2995000.0,,,
