None,ticker,dimension,calendardate,datekey,reportperiod,lastupdated,accoci,assets,assetsavg,assetsc,assetsnc,assetturnover,bvps,capex,cashneq,cashnequsd,cor,consolinc,currentratio,de,debt,debtc,debtnc,debtusd,deferredrev,depamor,deposits,divyield,dps,ebit,ebitda,ebitdamargin,ebitdausd,ebitusd,ebt,eps,epsdil,epsusd,equity,equityavg,equityusd,ev,evebit,evebitda,fcf,fcfps,fxusd,gp,grossmargin,intangibles,intexp,invcap,invcapavg,inventory,investments,investmentsc,investmentsnc,liabilities,liabilitiesc,liabilitiesnc,marketcap,ncf,ncfbus,ncfcommon,ncfdebt,ncfdiv,ncff,ncfi,ncfinv,ncfo,ncfx,netinc,netinccmn,netinccmnusd,netincdis,netincnci,netmargin,opex,opinc,payables,payoutratio,pb,pe,pe1,ppnenet,prefdivis,price,ps,ps1,receivables,retearn,revenue,revenueusd,rnd,roa,roe,roic,ros,sbcomp,sgna,sharefactor,sharesbas,shareswa,shareswadil,sps,tangibles,taxassets,taxexp,taxliabilities,tbvps,workingcapital
0,CA,MRY,2018-12-31,2018-03-31,2018-03-31,2019-04-19,-290000000.0,13060000000.0,12595500000.0,4408000000.0,8652000000.0,0.336,14.239,-48000000.0,3405000000.0,3405000000.0,600000000.0,476000000.0,1.327,1.215,2783000000.0,269000000.0,2514000000.0,2783000000.0,3109000000.0,378000000.0,0.0,0.03,1.02,1119000000.0,1497000000.0,0.353,1497000000.0,1119000000.0,1021000000.0,1.14,1.13,1.14,5895000000.0,5855500000.0,5895000000.0,13949730516.0,12.0,9.318,1150000000.0,2.778,1.0,3635000000.0,0.858,7915000000.0,98000000.0,1202000000.0,1311500000.0,0.0,0.0,0.0,0.0,7165000000.0,3321000000.0,3844000000.0,14133730516.0,635000000.0,-15000000.0,-147000000.0,-66000000.0,-428000000.0,-680000000.0,-65000000.0,0.0,1198000000.0,182000000.0,476000000.0,476000000.0,476000000.0,0.0,0.0,0.112,2516000000.0,1119000000.0,85000000.0,0.895,2.398,29.693,29.737,237000000.0,0.0,33.9,3.337,3.314,793000000.0,6971000000.0,4235000000.0,4235000000.0,642000000.0,0.038,0.081,0.853,0.264,120000000.0,1467000000.0,1.0,416924204.0,414000000,415000000.0,10.229,5145000000.0,346000000.0,545000000.0,518000000.0,12.428,1087000000.0
1,CA,MRY,2017-12-31,2017-03-31,2017-03-31,2019-04-19,-483000000.0,12610000000.0,11306500000.0,3733000000.0,8877000000.0,0.357,13.742,-47000000.0,2771000000.0,2771000000.0,573000000.0,775000000.0,1.242,1.217,2791000000.0,18000000.0,2773000000.0,2791000000.0,3016000000.0,320000000.0,0.0,0.032,1.02,1135000000.0,1455000000.0,0.361,1455000000.0,1135000000.0,1073000000.0,1.85,1.85,1.85,5689000000.0,5555250000.0,5689000000.0,12380134138.0,11.0,8.509,1031000000.0,2.49,1.0,3463000000.0,0.858,8164000000.0,62000000.0,1460000000.0,943250000.0,0.0,0.0,0.0,0.0,6921000000.0,3006000000.0,3915000000.0,13258134138.0,-41000000.0,-1288000000.0,-78000000.0,862000000.0,-428000000.0,321000000.0,-1337000000.0,0.0,1078000000.0,-103000000.0,775000000.0,775000000.0,775000000.0,0.0,0.0,0.192,2328000000.0,1135000000.0,91000000.0,0.551,2.33,17.107,17.146,237000000.0,0.0,31.72,3.285,3.254,764000000.0,6923000000.0,4036000000.0,4036000000.0,586000000.0,0.069,0.14,1.203,0.281,108000000.0,1403000000.0,1.0,417973964.0,414000000,415000000.0,9.749,4446000000.0,327000000.0,298000000.0,343000000.0,10.739,727000000.0
2,CA,MRY,2016-12-31,2016-03-31,2016-03-31,2019-04-19,-416000000.0,11204000000.0,10915250000.0,3561000000.0,7643000000.0,0.369,12.624,-48000000.0,2812000000.0,2812000000.0,583000000.0,783000000.0,1.23,1.083,1953000000.0,6000000.0,1947000000.0,1953000000.0,2934000000.0,362000000.0,0.0,0.032,1.0,1149000000.0,1511000000.0,0.375,1511000000.0,1149000000.0,1098000000.0,1.82,1.81,1.82,5378000000.0,5510000000.0,5378000000.0,12443126335.0,11.0,8.235,1006000000.0,2.362,1.0,3442000000.0,0.855,6881000000.0,51000000.0,570000000.0,438250000.0,0.0,0.0,0.0,0.0,5826000000.0,2894000000.0,2932000000.0,12832126335.0,8000000.0,-644000000.0,-703000000.0,709000000.0,-429000000.0,-475000000.0,-595000000.0,48000000.0,1054000000.0,24000000.0,783000000.0,783000000.0,783000000.0,-14000000.0,0.0,0.195,2307000000.0,1135000000.0,77000000.0,0.549,2.386,16.388,16.918,242000000.0,0.0,30.79,3.188,3.259,625000000.0,6575000000.0,4025000000.0,4025000000.0,560000000.0,0.072,0.142,2.622,0.285,97000000.0,1373000000.0,1.0,416762791.0,426000000,427000000.0,9.448,4323000000.0,407000000.0,315000000.0,208000000.0,10.148,667000000.0
3,CA,MRY,2015-12-31,2015-03-31,2015-03-31,2019-04-19,-418000000.0,10973000000.0,11231500000.0,3986000000.0,6987000000.0,0.379,12.813,-53000000.0,2804000000.0,2804000000.0,635000000.0,846000000.0,1.357,0.951,1257000000.0,10000000.0,1247000000.0,1257000000.0,2977000000.0,402000000.0,0.0,0.031,1.0,1198000000.0,1600000000.0,0.375,1600000000.0,1198000000.0,1151000000.0,1.91,1.9,1.91,5625000000.0,5693000000.0,5625000000.0,13016879300.0,11.0,8.136,929000000.0,2.116,1.0,3627000000.0,0.851,6537000000.0,47000000.0,-49000000.0,-88750000.0,0.0,0.0,0.0,0.0,5348000000.0,2938000000.0,2410000000.0,14439879300.0,-448000000.0,-38000000.0,-189000000.0,-344000000.0,-444000000.0,-977000000.0,79000000.0,0.0,982000000.0,-532000000.0,846000000.0,846000000.0,846000000.0,-36000000.0,0.0,0.198,2465000000.0,1162000000.0,105000000.0,0.524,2.567,17.068,17.073,252000000.0,0.0,32.61,3.388,3.359,652000000.0,6221000000.0,4262000000.0,4262000000.0,603000000.0,0.075,0.149,-13.499,0.281,87000000.0,1437000000.0,1.0,442805253.0,439000000,441000000.0,9.708,4436000000.0,410000000.0,305000000.0,257000000.0,10.105,1048000000.0
4,CA,MRY,2014-12-31,2014-03-31,2014-03-31,2019-04-19,-171000000.0,12016000000.0,11688500000.0,4559000000.0,7457000000.0,0.377,12.489,-105000000.0,3252000000.0,3252000000.0,649000000.0,914000000.0,1.162,1.157,1766000000.0,514000000.0,1252000000.0,1766000000.0,3291000000.0,415000000.0,0.0,0.032,1.0,1097000000.0,1512000000.0,0.343,1512000000.0,1097000000.0,1043000000.0,2.03,2.02,2.03,5570000000.0,5641250000.0,5570000000.0,12669854220.0,12.0,8.38,908000000.0,2.036,1.0,3763000000.0,0.853,6985000000.0,54000000.0,-377000000.0,26750000.0,0.0,0.0,0.0,0.0,6446000000.0,3922000000.0,2524000000.0,13871854220.0,659000000.0,-133000000.0,-414000000.0,446000000.0,-453000000.0,-421000000.0,5000000.0,182000000.0,1013000000.0,62000000.0,914000000.0,914000000.0,914000000.0,-27000000.0,0.0,0.207,2693000000.0,1070000000.0,129000000.0,0.493,2.49,15.177,15.261,295000000.0,0.0,30.98,3.144,3.132,800000000.0,5818000000.0,4412000000.0,4412000000.0,574000000.0,0.078,0.162,41.009,0.249,81000000.0,1499000000.0,1.0,447768051.0,446000000,448000000.0,9.892,5031000000.0,374000000.0,129000000.0,324000000.0,11.28,637000000.0
5,CA,MRY,2013-12-31,2013-03-31,2013-03-31,2019-04-19,-155000000.0,11815000000.0,11468000000.0,4126000000.0,7689000000.0,0.393,11.952,-206000000.0,2593000000.0,2593000000.0,629000000.0,955000000.0,1.165,1.168,1290000000.0,16000000.0,1274000000.0,1290000000.0,3434000000.0,463000000.0,0.0,0.04,1.0,1338000000.0,1801000000.0,0.4,1801000000.0,1338000000.0,1294000000.0,2.07,2.06,2.07,5450000000.0,5407500000.0,5450000000.0,10428158061.0,8.0,5.79,1202000000.0,2.636,1.0,3875000000.0,0.86,7106000000.0,44000000.0,-135000000.0,-79000000.0,0.0,183000000.0,183000000.0,0.0,6365000000.0,3541000000.0,2824000000.0,11480158061.0,-86000000.0,-76000000.0,-466000000.0,-9000000.0,-463000000.0,-938000000.0,-473000000.0,-183000000.0,1408000000.0,-83000000.0,955000000.0,955000000.0,955000000.0,-34000000.0,0.0,0.212,2571000000.0,1304000000.0,93000000.0,0.483,2.106,12.021,12.164,311000000.0,0.0,25.18,2.549,2.549,856000000.0,5357000000.0,4504000000.0,4504000000.0,483000000.0,0.083,0.177,-16.937,0.297,77000000.0,1630000000.0,1.0,455923672.0,456000000,457000000.0,9.877,4709000000.0,423000000.0,339000000.0,702000000.0,10.327,585000000.0
6,CA,MRY,2012-12-31,2012-03-31,2012-03-31,2019-04-19,-108000000.0,11997000000.0,11775500000.0,3965000000.0,8032000000.0,0.406,11.105,-252000000.0,2679000000.0,2679000000.0,641000000.0,951000000.0,1.057,1.223,1301000000.0,14000000.0,1287000000.0,1301000000.0,3630000000.0,399000000.0,0.0,0.015,0.4,1393000000.0,1792000000.0,0.375,1792000000.0,1393000000.0,1358000000.0,1.94,1.93,1.94,5397000000.0,5628750000.0,5397000000.0,12335363164.0,9.0,6.884,1226000000.0,2.523,1.0,4138000000.0,0.866,7245000000.0,35000000.0,-377000000.0,29000000.0,0.0,0.0,0.0,0.0,6600000000.0,3751000000.0,2849000000.0,13384363164.0,-370000000.0,-387000000.0,-1013000000.0,-125000000.0,-192000000.0,-1330000000.0,-451000000.0,179000000.0,1478000000.0,-67000000.0,951000000.0,951000000.0,951000000.0,-28000000.0,0.0,0.199,2773000000.0,1365000000.0,95000000.0,0.206,2.48,14.074,14.206,386000000.0,0.0,27.56,2.801,2.803,902000000.0,4865000000.0,4779000000.0,4779000000.0,509000000.0,0.081,0.169,48.034,0.291,89000000.0,1850000000.0,1.0,485644527.0,486000000,487000000.0,9.833,4752000000.0,382000000.0,407000000.0,664000000.0,9.778,214000000.0
7,CA,MRY,2011-12-31,2011-03-31,2011-03-31,2019-04-19,-65000000.0,12411000000.0,11773000000.0,4369000000.0,8042000000.0,0.376,11.107,-249000000.0,3049000000.0,3049000000.0,581000000.0,827000000.0,1.114,1.208,1551000000.0,269000000.0,1282000000.0,1551000000.0,3566000000.0,379000000.0,0.0,0.007,0.16,1258000000.0,1637000000.0,0.37,1637000000.0,1258000000.0,1213000000.0,1.61,1.61,1.61,5620000000.0,5369250000.0,5620000000.0,11370081927.0,9.0,6.946,1132000000.0,2.237,1.0,3848000000.0,0.869,6970000000.0,45000000.0,22000000.0,518000000.0,0.0,179000000.0,75000000.0,104000000.0,6791000000.0,3921000000.0,2870000000.0,12333081927.0,466000000.0,-252000000.0,-225000000.0,-13000000.0,-82000000.0,-320000000.0,-684000000.0,-181000000.0,1381000000.0,89000000.0,827000000.0,827000000.0,827000000.0,-4000000.0,0.0,0.187,2594000000.0,1254000000.0,100000000.0,0.099,2.194,14.913,15.019,437000000.0,0.0,24.18,2.785,2.762,849000000.0,4106000000.0,4429000000.0,4429000000.0,471000000.0,0.07,0.154,2.429,0.284,80000000.0,1737000000.0,1.0,510053016.0,506000000,507000000.0,8.753,5441000000.0,529000000.0,386000000.0,745000000.0,10.753,448000000.0
8,CA,MRY,2010-12-31,2010-03-31,2010-03-31,2019-04-19,-126000000.0,11888000000.0,11506250000.0,3990000000.0,7898000000.0,0.367,9.683,-267000000.0,2583000000.0,2583000000.0,513000000.0,771000000.0,1.114,1.384,1545000000.0,15000000.0,1530000000.0,1545000000.0,3556000000.0,292000000.0,0.0,0.007,0.16,1240000000.0,1532000000.0,0.362,1532000000.0,1240000000.0,1164000000.0,1.48,1.47,1.48,4987000000.0,4859250000.0,4987000000.0,11126023739.0,9.0,7.262,1093000000.0,2.122,1.0,3714000000.0,0.879,6820000000.0,76000000.0,449000000.0,998000000.0,0.0,0.0,0.0,0.0,6901000000.0,3581000000.0,3320000000.0,12205023739.0,-129000000.0,-617000000.0,-216000000.0,-467000000.0,-83000000.0,-705000000.0,-888000000.0,0.0,1360000000.0,104000000.0,771000000.0,771000000.0,771000000.0,-12000000.0,0.0,0.182,2486000000.0,1228000000.0,81000000.0,0.108,2.447,15.83,15.858,452000000.0,0.0,23.47,2.887,2.859,977000000.0,3361000000.0,4227000000.0,4227000000.0,487000000.0,0.067,0.159,1.242,0.293,102000000.0,1689000000.0,1.0,520026576.0,515000000,533000000.0,8.208,5068000000.0,708000000.0,393000000.0,751000000.0,9.841,409000000.0
9,CA,MRY,2009-12-31,2009-03-31,2009-03-31,2019-04-19,-183000000.0,11241000000.0,10983000000.0,4149000000.0,7092000000.0,0.377,8.503,-212000000.0,2712000000.0,2712000000.0,547000000.0,671000000.0,1.037,1.577,1908000000.0,621000000.0,1287000000.0,1908000000.0,3431000000.0,259000000.0,0.0,0.009,0.16,1121000000.0,1380000000.0,0.333,1380000000.0,1121000000.0,1059000000.0,1.29,1.29,1.29,4362000000.0,4161250000.0,4362000000.0,8886255354.0,8.0,6.439,1000000000.0,1.949,1.0,3591000000.0,0.868,6089000000.0,62000000.0,346000000.0,1383500000.0,0.0,0.0,0.0,0.0,6879000000.0,4002000000.0,2877000000.0,9137255354.0,-83000000.0,-70000000.0,3000000.0,-679000000.0,-83000000.0,-759000000.0,-284000000.0,0.0,1212000000.0,-252000000.0,671000000.0,671000000.0,671000000.0,-10000000.0,0.0,0.162,2480000000.0,1111000000.0,120000000.0,0.124,2.095,13.617,13.651,442000000.0,0.0,17.61,2.208,2.183,967000000.0,2673000000.0,4138000000.0,4138000000.0,479000000.0,0.061,0.161,0.81,0.271,92000000.0,1641000000.0,1.0,518867425.0,513000000,537000000.0,8.066,5152000000.0,781000000.0,388000000.0,629000000.0,10.043,147000000.0
10,CA,MRY,2008-12-31,2008-03-31,2008-03-31,2019-04-19,-101000000.0,11756000000.0,10472250000.0,4468000000.0,7288000000.0,0.408,7.216,-229000000.0,2796000000.0,2796000000.0,640000000.0,479000000.0,1.044,2.17,2582000000.0,361000000.0,2221000000.0,2582000000.0,3700000000.0,273000000.0,0.0,0.007,0.16,854000000.0,1127000000.0,0.264,1127000000.0,854000000.0,775000000.0,0.92,0.92,0.92,3709000000.0,3560000000.0,3709000000.0,12111317818.0,14.0,10.747,874000000.0,1.7,1.0,3637000000.0,0.85,5522000000.0,79000000.0,1742000000.0,1797750000.0,0.0,0.0,0.0,0.0,8047000000.0,4278000000.0,3769000000.0,11551317818.0,520000000.0,-8000000.0,-478000000.0,-12000000.0,-82000000.0,-572000000.0,-219000000.0,27000000.0,1103000000.0,208000000.0,479000000.0,479000000.0,479000000.0,0.0,0.0,0.112,2783000000.0,854000000.0,152000000.0,0.174,3.114,24.115,24.457,496000000.0,0.0,22.5,2.701,2.704,1204000000.0,2173000000.0,4277000000.0,4277000000.0,526000000.0,0.046,0.135,0.475,0.2,104000000.0,1857000000.0,1.0,513391903.0,514000000,515000000.0,8.321,6234000000.0,916000000.0,296000000.0,687000000.0,12.128,190000000.0
11,CA,MRY,2007-12-31,2007-03-31,2007-03-31,2019-04-19,-96000000.0,11517000000.0,10393500000.0,3956000000.0,7561000000.0,0.379,6.717,-235000000.0,2280000000.0,2280000000.0,583000000.0,118000000.0,0.987,2.152,2583000000.0,11000000.0,2572000000.0,2583000000.0,3276000000.0,502000000.0,0.0,0.006,0.16,211000000.0,713000000.0,0.181,713000000.0,211000000.0,151000000.0,0.22,0.22,0.22,3654000000.0,3860250000.0,3654000000.0,14535878219.0,69.0,20.387,833000000.0,1.531,1.0,3360000000.0,0.852,5548000000.0,60000000.0,2265000000.0,2040250000.0,0.0,0.0,0.0,0.0,7863000000.0,4007000000.0,3856000000.0,13663878219.0,444000000.0,-211000000.0,-1173000000.0,746000000.0,-88000000.0,-515000000.0,-202000000.0,201000000.0,1068000000.0,93000000.0,118000000.0,118000000.0,118000000.0,3000000.0,0.0,0.03,3146000000.0,214000000.0,227000000.0,0.727,3.739,115.796,117.773,469000000.0,0.0,25.91,3.465,3.575,1301000000.0,1744000000.0,3943000000.0,3943000000.0,557000000.0,0.011,0.031,0.103,0.054,116000000.0,1889000000.0,1.0,527359252.0,544000000,569000000.0,7.248,5969000000.0,1079000000.0,33000000.0,917000000.0,10.972,-51000000.0
12,CA,MRY,2006-12-31,2006-03-31,2006-03-31,2019-04-19,-107000000.0,10520000000.0,10120000000.0,2738000000.0,7782000000.0,0.373,8.182,-227000000.0,1831000000.0,1831000000.0,499000000.0,159000000.0,0.816,1.213,1866000000.0,28000000.0,1838000000.0,1866000000.0,2165000000.0,583000000.0,0.0,0.006,0.16,165000000.0,748000000.0,0.198,748000000.0,165000000.0,124000000.0,0.27,0.27,0.27,4754000000.0,4866250000.0,4754000000.0,15764219470.0,96.0,21.075,1153000000.0,1.985,1.0,3273000000.0,0.868,5769000000.0,41000000.0,1429000000.0,1773750000.0,0.0,34000000.0,34000000.0,0.0,5766000000.0,3357000000.0,2409000000.0,15715219470.0,-998000000.0,-1048000000.0,-463000000.0,-912000000.0,-93000000.0,-1468000000.0,-847000000.0,419000000.0,1380000000.0,-63000000.0,159000000.0,159000000.0,159000000.0,1000000.0,0.0,0.042,3107000000.0,166000000.0,277000000.0,0.593,3.306,98.838,100.778,634000000.0,0.0,27.21,4.166,4.191,1001000000.0,1750000000.0,3772000000.0,3772000000.0,559000000.0,0.016,0.033,0.093,0.044,99000000.0,1874000000.0,1.0,577553086.0,581000000,607000000.0,6.492,4751000000.0,451000000.0,-35000000.0,538000000.0,8.177,-619000000.0
13,CA,MRY,2005-12-31,2005-03-31,2005-03-31,2019-04-19,-76000000.0,11396000000.0,11097000000.0,4164000000.0,7232000000.0,0.323,8.575,-139000000.0,2829000000.0,2829000000.0,222000000.0,24000000.0,1.033,1.26,2636000000.0,826000000.0,1810000000.0,2636000000.0,1950000000.0,577000000.0,0.0,0.003,0.08,137000000.0,714000000.0,0.199,714000000.0,137000000.0,31000000.0,0.04,0.04,0.04,5042000000.0,4890000000.0,5042000000.0,16168778359.0,118.0,22.645,1388000000.0,2.361,1.0,3361000000.0,0.938,5270000000.0,106000000.0,1902000000.0,2366750000.0,0.0,296000000.0,296000000.0,0.0,6354000000.0,4031000000.0,2323000000.0,16025778359.0,1036000000.0,-476000000.0,-62000000.0,984000000.0,-47000000.0,202000000.0,-740000000.0,-116000000.0,1527000000.0,47000000.0,24000000.0,24000000.0,24000000.0,3000000.0,0.0,0.007,3221000000.0,140000000.0,177000000.0,2.0,3.178,667.741,677.5,622000000.0,0.0,27.1,4.473,4.447,1371000000.0,1684000000.0,3583000000.0,3583000000.0,708000000.0,0.002,0.005,0.058,0.038,116000000.0,1340000000.0,1.0,591357135.0,588000000,590000000.0,6.094,6126000000.0,370000000.0,7000000.0,757000000.0,10.418,133000000.0
14,CA,MRY,2004-12-31,2004-03-31,2004-03-31,2019-04-19,-103000000.0,10760000000.0,10351250000.0,3439000000.0,7321000000.0,0.322,8.331,37000000.0,1793000000.0,1793000000.0,225000000.0,-28000000.0,1.373,1.227,2300000000.0,2000000.0,2298000000.0,2300000000.0,1779000000.0,597000000.0,0.0,0.003,0.08,63000000.0,660000000.0,0.198,660000000.0,63000000.0,-54000000.0,-0.05,-0.05,-0.05,4832000000.0,4498000000.0,4832000000.0,17931702301.0,285.0,27.169,1316000000.0,2.269,1.0,3107000000.0,0.932,5411000000.0,117000000.0,3352000000.0,3677750000.0,0.0,109000000.0,109000000.0,0.0,5928000000.0,2504000000.0,3424000000.0,15631702301.0,388000000.0,-71000000.0,22000000.0,-826000000.0,-47000000.0,-851000000.0,-95000000.0,-5000000.0,1279000000.0,55000000.0,-28000000.0,-28000000.0,-28000000.0,-61000000.0,0.0,-0.008,3105000000.0,2000000.0,177000000.0,-1.6,3.235,-558.275,-537.2,641000000.0,0.0,26.86,4.691,4.676,1837000000.0,1888000000.0,3332000000.0,3332000000.0,703000000.0,-0.003,-0.006,0.017,0.019,149000000.0,1318000000.0,1.0,581969557.0,580000000,580000000.0,5.745,5349000000.0,426000000.0,-26000000.0,946000000.0,9.222,935000000.0
15,CA,MRY,2003-12-31,2003-03-31,2003-03-31,2019-04-19,-215000000.0,11261000000.0,11186750000.0,3045000000.0,8216000000.0,0.273,7.588,-44000000.0,1405000000.0,1405000000.0,242000000.0,-337000000.0,1.005,1.581,3126000000.0,828000000.0,2298000000.0,3126000000.0,1420000000.0,605000000.0,0.0,0.006,0.08,-276000000.0,329000000.0,0.108,329000000.0,-276000000.0,-445000000.0,-0.59,-0.59,-0.59,4363000000.0,4496500000.0,4363000000.0,8688522153.0,-31.0,26.409,1266000000.0,2.202,1.0,2815000000.0,0.921,5816000000.0,169000000.0,4137000000.0,3357750000.0,0.0,91000000.0,91000000.0,0.0,6898000000.0,3029000000.0,3869000000.0,7850522153.0,333000000.0,-68000000.0,-59000000.0,-730000000.0,-46000000.0,-908000000.0,-120000000.0,-8000000.0,1310000000.0,51000000.0,-337000000.0,-337000000.0,-337000000.0,-3000000.0,0.0,-0.11,3094000000.0,-279000000.0,203000000.0,-0.136,1.799,-23.295,-23.153,662000000.0,0.0,13.66,2.568,2.569,2378000000.0,2022000000.0,3057000000.0,3057000000.0,688000000.0,-0.03,-0.075,-0.082,-0.09,153000000.0,1384000000.0,1.0,574708796.0,575000000,575000000.0,5.317,5445000000.0,287000000.0,-108000000.0,1465000000.0,9.47,16000000.0
16,CA,MRY,2002-12-31,2002-03-31,2002-03-31,2019-04-19,0.0,12226000000.0,,,,,8.002,-78000000.0,0.0,0.0,283000000.0,-1102000000.0,,1.648,508000000.0,508000000.0,0.0,508000000.0,1241000000.0,1085000000.0,0.0,0.004,0.08,-1154000000.0,-69000000.0,-0.024,-69000000.0,-1154000000.0,-1381000000.0,-1.91,-1.91,-1.91,4617000000.0,,4617000000.0,,,,1166000000.0,2.021,1.0,2603000000.0,0.902,6671000000.0,227000000.0,2729000000.0,,0.0,0.0,,,7609000000.0,3334000000.0,4275000000.0,,322000000.0,-62000000.0,-55000000.0,-580000000.0,-46000000.0,-776000000.0,-142000000.0,-2000000.0,1244000000.0,-4000000.0,-1102000000.0,-1102000000.0,-1102000000.0,6000000.0,0.0,-0.382,3751000000.0,-1148000000.0,0.0,-0.042,,,-11.461,718000000.0,0.0,21.89,,4.376,1566000000.0,,2886000000.0,2886000000.0,656000000.0,,,,-0.4,26000000.0,1675000000.0,1.0,,577000000,577000000.0,5.002,5555000000.0,0.0,-279000000.0,1267000000.0,9.627,
17,CA,MRY,2001-12-31,2001-03-31,2001-03-31,2019-04-19,,,,,,,,0.0,,,463000000.0,,,,,,,,,1110000000.0,,0.003,0.08,,,,,,,-1.02,-1.02,-1.02,,,,,,,1383000000.0,2.376,1.0,3727000000.0,0.889,,,,,,,,,,,,,-544000000.0,0.0,0.0,0.0,0.0,0.0,0.0,0.0,1383000000.0,-25000000.0,,,,,,,4049000000.0,-322000000.0,,-0.078,,,-26.667,,,27.2,,3.778,,,4190000000.0,4190000000.0,695000000.0,,,,,-146000000.0,2120000000.0,,,582000000,582000000.0,7.199,,,,,,
0,CA,MRQ,2018-09-30,2018-09-30,2018-09-30,2019-04-19,-463000000.0,13103000000.0,,4362000000.0,8741000000.0,,19.133,-12000000.0,2931000000.0,2931000000.0,138000000.0,129000000.0,2.551,0.658,2526000000.0,20000000.0,2506000000.0,2526000000.0,1421000000.0,77000000.0,0.0,0.023,0.255,167000000.0,244000000.0,0.273,244000000.0,167000000.0,148000000.0,0.31,0.31,0.31,7902000000.0,,7902000000.0,17914612740.0,21.0,15.004,-23000000.0,-0.056,1.0,757000000.0,0.846,7771000000.0,19000000.0,3217000000.0,,0.0,0.0,0.0,0.0,5201000000.0,1710000000.0,3491000000.0,18462612740.0,-397000000.0,0.0,7000000.0,-256000000.0,-107000000.0,-359000000.0,-13000000.0,0.0,-11000000.0,-14000000.0,129000000.0,129000000.0,129000000.0,0.0,0.0,0.144,590000000.0,167000000.0,81000000.0,0.823,2.336,45.141,45.051,213000000.0,0.0,44.15,4.605,4.548,507000000.0,9156000000.0,895000000.0,895000000.0,158000000.0,,,,,35000000.0,351000000.0,1.0,418179224.0,413000000,416000000.0,2.167,5332000000.0,124000000.0,19000000.0,565000000.0,12.91,2652000000.0
1,CA,MRQ,2018-06-30,2018-06-30,2018-06-30,2019-04-19,-440000000.0,13594000000.0,,4762000000.0,8832000000.0,,19.034,-12000000.0,3328000000.0,3328000000.0,146000000.0,166000000.0,2.211,0.729,2780000000.0,270000000.0,2510000000.0,2780000000.0,1589000000.0,86000000.0,0.0,0.029,0.255,102000000.0,188000000.0,0.2,188000000.0,102000000.0,82000000.0,0.4,0.4,0.4,7861000000.0,,7861000000.0,14230404107.0,15.0,10.732,250000000.0,0.605,1.0,792000000.0,0.844,7836000000.0,20000000.0,3056000000.0,,0.0,0.0,0.0,0.0,5733000000.0,2154000000.0,3579000000.0,14852404107.0,-78000000.0,-25000000.0,-66000000.0,20000000.0,-107000000.0,-199000000.0,-37000000.0,0.0,262000000.0,-104000000.0,166000000.0,166000000.0,166000000.0,0.0,0.0,0.177,690000000.0,102000000.0,87000000.0,0.637,1.889,32.009,32.117,222000000.0,0.0,35.65,3.581,3.55,525000000.0,9134000000.0,938000000.0,938000000.0,162000000.0,,,,,33000000.0,339000000.0,1.0,416617226.0,413000000,415000000.0,2.271,5758000000.0,121000000.0,-84000000.0,652000000.0,13.942,2608000000.0
2,CA,MRQ,2018-03-31,2018-03-31,2018-03-31,2019-04-19,-290000000.0,13060000000.0,,4408000000.0,8652000000.0,,14.239,-14000000.0,3405000000.0,3405000000.0,154000000.0,207000000.0,1.327,1.215,2783000000.0,269000000.0,2514000000.0,2783000000.0,3109000000.0,94000000.0,0.0,0.03,0.255,267000000.0,361000000.0,0.333,361000000.0,267000000.0,243000000.0,0.5,0.49,0.5,5895000000.0,,5895000000.0,13949730516.0,12.0,9.318,534000000.0,1.29,1.0,929000000.0,0.858,7915000000.0,24000000.0,1202000000.0,,0.0,0.0,0.0,0.0,7165000000.0,3321000000.0,3844000000.0,14133730516.0,433000000.0,0.0,-9000000.0,-18000000.0,-107000000.0,-135000000.0,-14000000.0,0.0,548000000.0,34000000.0,207000000.0,207000000.0,207000000.0,0.0,0.0,0.191,662000000.0,267000000.0,85000000.0,0.51,2.398,29.693,29.737,237000000.0,0.0,33.9,3.337,3.314,793000000.0,6971000000.0,1083000000.0,1083000000.0,166000000.0,,,,,31000000.0,390000000.0,1.0,416924204.0,414000000,415000000.0,2.616,5145000000.0,346000000.0,36000000.0,518000000.0,12.428,1087000000.0
3,CA,MRQ,2017-12-31,2017-12-31,2017-12-31,2019-04-19,-342000000.0,12533000000.0,,3826000000.0,8707000000.0,,13.857,-12000000.0,2971000000.0,2971000000.0,155000000.0,-93000000.0,1.238,1.19,2787000000.0,269000000.0,2518000000.0,2787000000.0,2750000000.0,94000000.0,0.0,0.031,0.255,307000000.0,401000000.0,0.367,401000000.0,307000000.0,282000000.0,-0.23,-0.23,-0.23,5723000000.0,,5723000000.0,13892124152.0,13.0,9.694,303000000.0,0.734,1.0,938000000.0,0.858,7975000000.0,25000000.0,1284000000.0,,0.0,0.0,0.0,0.0,6810000000.0,3090000000.0,3720000000.0,13929124152.0,150000000.0,0.0,-53000000.0,-5000000.0,-106000000.0,-164000000.0,-13000000.0,0.0,315000000.0,12000000.0,-93000000.0,-93000000.0,-93000000.0,0.0,0.0,-0.085,631000000.0,307000000.0,69000000.0,-1.109,2.434,32.697,33.28,230000000.0,0.0,33.28,3.345,3.301,719000000.0,6871000000.0,1093000000.0,1093000000.0,157000000.0,,,,,28000000.0,383000000.0,1.0,418543394.0,413000000,413000000.0,2.646,4558000000.0,346000000.0,375000000.0,541000000.0,11.036,736000000.0
4,CA,MRQ,2017-09-30,2017-09-30,2017-09-30,2019-04-19,-351000000.0,12313000000.0,,3457000000.0,8856000000.0,,14.301,-10000000.0,2822000000.0,2822000000.0,147000000.0,184000000.0,1.235,1.075,2785000000.0,268000000.0,2517000000.0,2785000000.0,2617000000.0,94000000.0,0.0,0.031,0.255,282000000.0,376000000.0,0.364,376000000.0,282000000.0,258000000.0,0.44,0.44,0.44,5935000000.0,,5935000000.0,13878995938.0,13.0,9.808,27000000.0,0.065,1.0,887000000.0,0.858,8130000000.0,24000000.0,1347000000.0,,0.0,0.0,0.0,0.0,6378000000.0,2799000000.0,3579000000.0,14061995938.0,-150000000.0,-9000000.0,-86000000.0,-17000000.0,-108000000.0,-215000000.0,-20000000.0,0.0,37000000.0,48000000.0,184000000.0,184000000.0,184000000.0,0.0,0.0,0.178,605000000.0,282000000.0,80000000.0,0.58,2.369,19.342,19.295,230000000.0,0.0,33.38,3.448,3.397,457000000.0,7070000000.0,1034000000.0,1034000000.0,161000000.0,,,,,29000000.0,341000000.0,1.0,421270100.0,415000000,416000000.0,2.492,4183000000.0,336000000.0,74000000.0,298000000.0,10.08,658000000.0
5,CA,MRQ,2017-06-30,2017-06-30,2017-06-30,2019-04-19,-399000000.0,12476000000.0,,3612000000.0,8864000000.0,,14.142,-12000000.0,2971000000.0,2971000000.0,144000000.0,178000000.0,1.329,1.126,2788000000.0,18000000.0,2770000000.0,2788000000.0,2883000000.0,96000000.0,0.0,0.03,0.255,263000000.0,359000000.0,0.35,359000000.0,263000000.0,238000000.0,0.42,0.42,0.42,5869000000.0,,5869000000.0,14422029484.0,13.0,10.043,286000000.0,0.689,1.0,881000000.0,0.86,8163000000.0,25000000.0,1413000000.0,,0.0,0.0,0.0,0.0,6607000000.0,2717000000.0,3890000000.0,14402029484.0,202000000.0,-6000000.0,1000000.0,-26000000.0,-107000000.0,-166000000.0,-18000000.0,0.0,298000000.0,88000000.0,178000000.0,178000000.0,178000000.0,0.0,0.0,0.174,618000000.0,263000000.0,62000000.0,0.607,2.454,19.076,19.257,234000000.0,0.0,34.47,3.546,3.522,461000000.0,6994000000.0,1025000000.0,1025000000.0,158000000.0,,,,,32000000.0,353000000.0,1.0,417813446.0,415000000,417000000.0,2.47,4313000000.0,313000000.0,60000000.0,293000000.0,10.393,895000000.0
6,CA,MRQ,2017-03-31,2017-03-31,2017-03-31,2019-04-19,-483000000.0,12610000000.0,,3733000000.0,8877000000.0,,13.742,-17000000.0,2771000000.0,2771000000.0,149000000.0,157000000.0,1.242,1.217,2791000000.0,18000000.0,2773000000.0,2791000000.0,3016000000.0,82000000.0,0.0,0.032,0.255,215000000.0,297000000.0,0.293,297000000.0,215000000.0,198000000.0,0.37,0.38,0.37,5689000000.0,,5689000000.0,12380134138.0,11.0,8.509,403000000.0,0.973,1.0,863000000.0,0.853,8164000000.0,17000000.0,1460000000.0,,0.0,0.0,0.0,0.0,6921000000.0,3006000000.0,3915000000.0,13258134138.0,-57000000.0,-1240000000.0,0.0,841000000.0,-107000000.0,733000000.0,-1258000000.0,0.0,420000000.0,48000000.0,157000000.0,157000000.0,157000000.0,0.0,0.0,0.155,648000000.0,215000000.0,91000000.0,0.689,2.33,17.107,17.146,237000000.0,0.0,31.72,3.285,3.254,764000000.0,6923000000.0,1012000000.0,1012000000.0,158000000.0,,,,,28000000.0,399000000.0,1.0,417973964.0,414000000,415000000.0,2.444,4446000000.0,327000000.0,41000000.0,343000000.0,10.739,727000000.0
7,CA,MRQ,2016-12-31,2016-12-31,2016-12-31,2019-04-19,-518000000.0,11022000000.0,,3519000000.0,7503000000.0,,13.501,-14000000.0,2828000000.0,2828000000.0,142000000.0,208000000.0,1.344,0.977,1950000000.0,4000000.0,1946000000.0,1950000000.0,2568000000.0,75000000.0,0.0,0.032,0.255,308000000.0,383000000.0,0.38,383000000.0,308000000.0,292000000.0,0.5,0.5,0.5,5576000000.0,,5576000000.0,12639681998.0,11.0,8.277,503000000.0,1.218,1.0,865000000.0,0.859,6745000000.0,16000000.0,780000000.0,,0.0,0.0,0.0,0.0,5446000000.0,2619000000.0,2827000000.0,13274681998.0,243000000.0,-47000000.0,0.0,14000000.0,-107000000.0,-93000000.0,-62000000.0,0.0,517000000.0,-119000000.0,208000000.0,208000000.0,208000000.0,0.0,0.0,0.207,557000000.0,308000000.0,72000000.0,0.51,2.381,16.761,16.81,219000000.0,0.0,31.77,3.292,3.253,555000000.0,6872000000.0,1007000000.0,1007000000.0,144000000.0,,,,,26000000.0,355000000.0,1.0,417837016.0,413000000,414000000.0,2.438,4277000000.0,426000000.0,84000000.0,222000000.0,10.356,900000000.0
8,CA,MRQ,2016-09-30,2016-09-30,2016-09-30,2019-04-19,-435000000.0,10687000000.0,,3178000000.0,7509000000.0,,13.355,-8000000.0,2585000000.0,2585000000.0,139000000.0,212000000.0,1.32,0.933,1950000000.0,4000000.0,1946000000.0,1950000000.0,2370000000.0,77000000.0,0.0,0.031,0.255,320000000.0,397000000.0,0.39,397000000.0,320000000.0,306000000.0,0.5,0.5,0.5,5529000000.0,,5529000000.0,13032821640.0,11.0,8.502,-61000000.0,-0.147,1.0,879000000.0,0.863,6745000000.0,14000000.0,899000000.0,,0.0,0.0,0.0,0.0,5158000000.0,2408000000.0,2750000000.0,13858821640.0,-191000000.0,0.0,-38000000.0,7000000.0,-107000000.0,-142000000.0,-8000000.0,0.0,-53000000.0,12000000.0,212000000.0,212000000.0,212000000.0,0.0,0.0,0.208,559000000.0,320000000.0,76000000.0,0.51,2.507,17.173,17.229,222000000.0,0.0,33.08,3.414,3.373,445000000.0,6771000000.0,1018000000.0,1018000000.0,136000000.0,,,,,25000000.0,319000000.0,1.0,418948659.0,414000000,415000000.0,2.459,3942000000.0,422000000.0,94000000.0,165000000.0,9.522,770000000.0
9,CA,MRQ,2016-06-30,2016-06-30,2016-06-30,2019-04-19,-445000000.0,10907000000.0,,3350000000.0,7557000000.0,,13.109,-8000000.0,2776000000.0,2776000000.0,143000000.0,198000000.0,1.27,1.01,1950000000.0,4000000.0,1946000000.0,1950000000.0,2681000000.0,86000000.0,0.0,0.031,0.255,292000000.0,378000000.0,0.378,378000000.0,292000000.0,277000000.0,0.47,0.47,0.47,5427000000.0,,5427000000.0,12823655850.0,11.0,8.589,186000000.0,0.449,1.0,856000000.0,0.857,6809000000.0,15000000.0,634000000.0,,0.0,0.0,0.0,0.0,5480000000.0,2638000000.0,2842000000.0,13682655850.0,-36000000.0,-1000000.0,-40000000.0,0.0,-107000000.0,-177000000.0,-9000000.0,0.0,194000000.0,-44000000.0,198000000.0,198000000.0,198000000.0,0.0,0.0,0.198,564000000.0,292000000.0,78000000.0,0.543,2.521,17.793,18.138,229000000.0,0.0,32.83,3.381,3.358,430000000.0,6666000000.0,999000000.0,999000000.0,148000000.0,,,,,29000000.0,330000000.0,1.0,416772947.0,414000000,415000000.0,2.413,4098000000.0,405000000.0,79000000.0,198000000.0,9.899,712000000.0
10,CA,MRQ,2016-03-31,2016-03-31,2016-03-31,2019-04-19,-416000000.0,11204000000.0,,3561000000.0,7643000000.0,,13.085,-14000000.0,2812000000.0,2812000000.0,150000000.0,174000000.0,1.23,1.083,1953000000.0,6000000.0,1947000000.0,1953000000.0,2934000000.0,87000000.0,0.0,0.032,0.25,282000000.0,369000000.0,0.366,369000000.0,282000000.0,267000000.0,0.42,0.41,0.42,5378000000.0,,5378000000.0,12443126335.0,11.0,8.235,466000000.0,1.134,1.0,859000000.0,0.851,6881000000.0,15000000.0,570000000.0,,0.0,0.0,0.0,0.0,5826000000.0,2894000000.0,2932000000.0,12832126335.0,459000000.0,4000000.0,-3000000.0,14000000.0,-104000000.0,-122000000.0,39000000.0,0.0,480000000.0,62000000.0,174000000.0,174000000.0,174000000.0,-3000000.0,0.0,0.172,580000000.0,279000000.0,77000000.0,0.595,2.386,16.388,16.918,242000000.0,0.0,30.79,3.188,3.259,625000000.0,6575000000.0,1009000000.0,1009000000.0,140000000.0,,,,,27000000.0,343000000.0,1.0,416762791.0,411000000,412000000.0,2.455,4323000000.0,407000000.0,93000000.0,208000000.0,10.518,667000000.0
11,CA,MRQ,2015-12-31,2015-12-31,2015-12-31,2019-04-19,-469000000.0,10857000000.0,,3454000000.0,7403000000.0,,12.445,-11000000.0,2353000000.0,2353000000.0,148000000.0,223000000.0,1.28,1.077,1964000000.0,8000000.0,1956000000.0,1964000000.0,2650000000.0,92000000.0,0.0,0.035,0.25,297000000.0,389000000.0,0.376,389000000.0,297000000.0,282000000.0,0.53,0.53,0.53,5227000000.0,,5227000000.0,11729462952.0,11.0,8.045,325000000.0,0.774,1.0,886000000.0,0.857,6989000000.0,15000000.0,780000000.0,,0.0,0.0,0.0,0.0,5630000000.0,2699000000.0,2931000000.0,12530462952.0,-105000000.0,-1000000.0,-589000000.0,307000000.0,-105000000.0,-392000000.0,-12000000.0,0.0,336000000.0,-37000000.0,223000000.0,223000000.0,223000000.0,-4000000.0,0.0,0.216,593000000.0,293000000.0,84000000.0,0.472,2.397,16.487,16.414,249000000.0,0.0,28.56,3.102,2.97,618000000.0,6506000000.0,1034000000.0,1034000000.0,133000000.0,,,,,25000000.0,367000000.0,1.0,438741700.0,420000000,421000000.0,2.462,3868000000.0,396000000.0,59000000.0,281000000.0,9.21,755000000.0
12,CA,MRQ,2015-09-30,2015-09-30,2015-09-30,2019-04-19,-439000000.0,10893000000.0,,3422000000.0,7471000000.0,,13.078,-10000000.0,2458000000.0,2458000000.0,148000000.0,174000000.0,1.336,0.91,1657000000.0,8000000.0,1649000000.0,1657000000.0,2516000000.0,96000000.0,0.0,0.037,0.25,261000000.0,357000000.0,0.355,357000000.0,261000000.0,249000000.0,0.39,0.39,0.39,5702000000.0,,5702000000.0,10489623934.0,9.0,7.068,35000000.0,0.08,1.0,857000000.0,0.853,7073000000.0,12000000.0,457000000.0,,0.0,0.0,0.0,0.0,5191000000.0,2562000000.0,2629000000.0,12047623934.0,-358000000.0,-610000000.0,-65000000.0,409000000.0,-110000000.0,239000000.0,-572000000.0,48000000.0,45000000.0,-70000000.0,174000000.0,174000000.0,174000000.0,-2000000.0,0.0,0.173,598000000.0,259000000.0,92000000.0,0.641,2.113,15.873,15.965,246000000.0,0.0,27.3,2.941,2.906,439000000.0,6387000000.0,1005000000.0,1005000000.0,151000000.0,,,,,23000000.0,347000000.0,1.0,441304906.0,436000000,437000000.0,2.305,3820000000.0,381000000.0,75000000.0,265000000.0,8.761,860000000.0
13,CA,MRQ,2015-06-30,2015-06-30,2015-06-30,2019-04-19,-386000000.0,10707000000.0,,3745000000.0,6962000000.0,,13.149,-13000000.0,2816000000.0,2816000000.0,137000000.0,212000000.0,1.394,0.868,1258000000.0,8000000.0,1250000000.0,1258000000.0,2760000000.0,87000000.0,0.0,0.034,0.25,309000000.0,396000000.0,0.405,396000000.0,309000000.0,300000000.0,0.48,0.48,0.48,5733000000.0,,5733000000.0,11337154473.0,10.0,7.189,180000000.0,0.413,1.0,840000000.0,0.86,6517000000.0,9000000.0,-54000000.0,,0.0,0.0,0.0,0.0,4974000000.0,2686000000.0,2288000000.0,12878154473.0,12000000.0,-37000000.0,-46000000.0,-21000000.0,-110000000.0,-200000000.0,-50000000.0,0.0,193000000.0,69000000.0,212000000.0,212000000.0,212000000.0,-5000000.0,0.0,0.217,536000000.0,304000000.0,85000000.0,0.521,2.246,15.313,15.416,252000000.0,0.0,29.29,3.088,3.062,432000000.0,6323000000.0,977000000.0,977000000.0,136000000.0,,,,,22000000.0,316000000.0,1.0,439677517.0,436000000,438000000.0,2.241,4190000000.0,423000000.0,88000000.0,255000000.0,9.61,1059000000.0
14,CA,MRQ,2015-03-31,2015-03-31,2015-03-31,2019-04-19,-418000000.0,10973000000.0,,3986000000.0,6987000000.0,,12.901,-7000000.0,2804000000.0,2804000000.0,165000000.0,151000000.0,1.357,0.951,1257000000.0,10000000.0,1247000000.0,1257000000.0,2977000000.0,99000000.0,0.0,0.031,0.25,217000000.0,316000000.0,0.309,316000000.0,217000000.0,208000000.0,0.34,0.34,0.34,5625000000.0,,5625000000.0,13016879300.0,11.0,8.136,467000000.0,1.071,1.0,858000000.0,0.839,6537000000.0,9000000.0,-49000000.0,,0.0,0.0,0.0,0.0,5348000000.0,2938000000.0,2410000000.0,14439879300.0,121000000.0,-6000000.0,-89000000.0,82000000.0,-111000000.0,-118000000.0,-13000000.0,0.0,474000000.0,-222000000.0,151000000.0,151000000.0,151000000.0,-6000000.0,0.0,0.148,647000000.0,211000000.0,105000000.0,0.735,2.567,17.068,17.073,252000000.0,0.0,32.61,3.388,3.359,652000000.0,6221000000.0,1023000000.0,1023000000.0,160000000.0,,,,,22000000.0,386000000.0,1.0,442805253.0,436000000,441000000.0,2.346,4436000000.0,410000000.0,57000000.0,257000000.0,10.174,1048000000.0
15,CA,MRQ,2014-12-31,2014-12-31,2014-12-31,2019-04-19,-333000000.0,10915000000.0,,3840000000.0,7075000000.0,,13.036,-12000000.0,2683000000.0,2683000000.0,158000000.0,222000000.0,1.341,0.903,1260000000.0,8000000.0,1252000000.0,1260000000.0,2753000000.0,93000000.0,0.0,0.033,0.25,322000000.0,415000000.0,0.38,415000000.0,322000000.0,310000000.0,0.5,0.5,0.5,5736000000.0,,5736000000.0,12117392207.0,10.0,7.703,287000000.0,0.652,1.0,933000000.0,0.855,6624000000.0,12000000.0,4000000.0,,0.0,0.0,0.0,0.0,5179000000.0,2864000000.0,2315000000.0,13547392207.0,-510000000.0,-20000000.0,-64000000.0,-477000000.0,-111000000.0,-652000000.0,-32000000.0,0.0,299000000.0,-125000000.0,222000000.0,222000000.0,222000000.0,-4000000.0,0.0,0.203,615000000.0,318000000.0,87000000.0,0.5,2.362,16.892,16.731,264000000.0,0.0,30.45,3.134,3.099,669000000.0,6180000000.0,1091000000.0,1091000000.0,143000000.0,,,,,23000000.0,373000000.0,1.0,444906148.0,440000000,441000000.0,2.48,4291000000.0,400000000.0,88000000.0,343000000.0,9.752,976000000.0
16,CA,MRQ,2014-09-30,2014-09-30,2014-09-30,2019-04-19,-255000000.0,11372000000.0,,4231000000.0,7141000000.0,,13.052,-13000000.0,3193000000.0,3193000000.0,159000000.0,256000000.0,1.286,0.98,1763000000.0,510000000.0,1253000000.0,1763000000.0,2736000000.0,109000000.0,0.0,0.036,0.25,341000000.0,450000000.0,0.417,450000000.0,341000000.0,329000000.0,0.58,0.58,0.58,5743000000.0,,5743000000.0,10948999506.0,9.0,6.865,22000000.0,0.05,1.0,920000000.0,0.853,6680000000.0,12000000.0,-28000000.0,,0.0,0.0,0.0,0.0,5629000000.0,3290000000.0,2339000000.0,12434999506.0,-62000000.0,-1000000.0,2000000.0,42000000.0,-111000000.0,-67000000.0,156000000.0,0.0,35000000.0,-186000000.0,256000000.0,256000000.0,256000000.0,-21000000.0,0.0,0.237,600000000.0,320000000.0,111000000.0,0.431,2.165,15.314,15.268,278000000.0,0.0,27.94,2.852,2.82,511000000.0,6069000000.0,1079000000.0,1079000000.0,150000000.0,,,,,22000000.0,340000000.0,1.0,445060827.0,440000000,441000000.0,2.452,4692000000.0,395000000.0,73000000.0,293000000.0,10.664,941000000.0
17,CA,MRQ,2014-06-30,2014-06-30,2014-06-30,2019-04-19,-161000000.0,11666000000.0,,4298000000.0,7368000000.0,,12.882,-21000000.0,3255000000.0,3255000000.0,153000000.0,217000000.0,1.207,1.058,1769000000.0,515000000.0,1254000000.0,1769000000.0,3010000000.0,101000000.0,0.0,0.035,0.25,318000000.0,419000000.0,0.392,419000000.0,318000000.0,304000000.0,0.49,0.49,0.49,5668000000.0,,5668000000.0,11244113361.0,9.0,7.006,153000000.0,0.348,1.0,916000000.0,0.857,6900000000.0,14000000.0,-282000000.0,,0.0,0.0,0.0,0.0,5998000000.0,3562000000.0,2436000000.0,12730113361.0,3000000.0,-11000000.0,-38000000.0,9000000.0,-111000000.0,-140000000.0,-32000000.0,0.0,174000000.0,1000000.0,217000000.0,217000000.0,217000000.0,-5000000.0,0.0,0.203,603000000.0,313000000.0,115000000.0,0.51,2.246,15.993,16.146,291000000.0,0.0,28.74,2.902,2.883,553000000.0,5924000000.0,1069000000.0,1069000000.0,150000000.0,,,,,20000000.0,338000000.0,1.0,442940618.0,440000000,441000000.0,2.43,4766000000.0,394000000.0,87000000.0,327000000.0,10.832,736000000.0
18,CA,MRQ,2014-03-31,2014-03-31,2014-03-31,2019-04-19,-171000000.0,12016000000.0,,4559000000.0,7457000000.0,,12.659,-14000000.0,3252000000.0,3252000000.0,169000000.0,107000000.0,1.162,1.157,1766000000.0,514000000.0,1252000000.0,1766000000.0,3291000000.0,98000000.0,0.0,0.032,0.25,191000000.0,289000000.0,0.267,289000000.0,191000000.0,176000000.0,0.25,0.25,0.25,5570000000.0,,5570000000.0,12669854220.0,12.0,8.38,472000000.0,1.073,1.0,915000000.0,0.844,6985000000.0,15000000.0,-377000000.0,,0.0,0.0,0.0,0.0,6446000000.0,3922000000.0,2524000000.0,13871854220.0,278000000.0,-6000000.0,-148000000.0,-9000000.0,-112000000.0,-269000000.0,37000000.0,7000000.0,486000000.0,24000000.0,107000000.0,107000000.0,107000000.0,-6000000.0,0.0,0.099,730000000.0,185000000.0,129000000.0,1.0,2.49,15.177,15.261,295000000.0,0.0,30.98,3.144,3.132,800000000.0,5818000000.0,1084000000.0,1084000000.0,156000000.0,,,,,18000000.0,424000000.0,1.0,447768051.0,440000000,445000000.0,2.464,5031000000.0,374000000.0,69000000.0,324000000.0,11.434,637000000.0
19,CA,MRQ,2013-12-31,2013-12-31,2013-12-31,2019-04-19,-185000000.0,11777000000.0,,4190000000.0,7587000000.0,,12.758,-21000000.0,2974000000.0,2974000000.0,165000000.0,232000000.0,1.185,1.07,1772000000.0,519000000.0,1253000000.0,1772000000.0,3044000000.0,109000000.0,0.0,0.03,0.25,328000000.0,437000000.0,0.387,437000000.0,328000000.0,313000000.0,0.51,0.51,0.51,5690000000.0,,5690000000.0,14174386185.0,12.0,8.755,408000000.0,0.915,1.0,963000000.0,0.854,7051000000.0,15000000.0,-13000000.0,,0.0,8000000.0,8000000.0,0.0,6087000000.0,3537000000.0,2550000000.0,15185386185.0,184000000.0,-2000000.0,-121000000.0,-1000000.0,-113000000.0,-235000000.0,-12000000.0,0.0,429000000.0,2000000.0,232000000.0,232000000.0,232000000.0,-7000000.0,0.0,0.206,642000000.0,321000000.0,79000000.0,0.49,2.669,14.476,14.63,290000000.0,0.0,33.65,3.499,3.458,714000000.0,5823000000.0,1128000000.0,1128000000.0,144000000.0,,,,,23000000.0,376000000.0,1.0,451274478.0,446000000,448000000.0,2.529,4726000000.0,412000000.0,81000000.0,401000000.0,10.596,653000000.0
20,CA,MRQ,2013-09-30,2013-09-30,2013-09-30,2019-04-19,-175000000.0,11595000000.0,,3911000000.0,7684000000.0,,12.667,-32000000.0,2790000000.0,2790000000.0,159000000.0,240000000.0,1.37,1.043,1779000000.0,11000000.0,1768000000.0,1779000000.0,2894000000.0,106000000.0,0.0,0.034,0.25,354000000.0,460000000.0,0.416,460000000.0,354000000.0,341000000.0,0.53,0.53,0.53,5675000000.0,,5675000000.0,12342520530.0,10.0,7.449,55000000.0,0.123,1.0,946000000.0,0.856,7134000000.0,13000000.0,595000000.0,,0.0,9000000.0,9000000.0,0.0,5920000000.0,2855000000.0,3065000000.0,13518520530.0,329000000.0,-3000000.0,-124000000.0,459000000.0,-114000000.0,221000000.0,-44000000.0,-9000000.0,87000000.0,65000000.0,240000000.0,240000000.0,240000000.0,-9000000.0,0.0,0.217,601000000.0,345000000.0,80000000.0,0.472,2.382,12.658,12.679,306000000.0,0.0,29.67,3.068,3.016,588000000.0,5704000000.0,1105000000.0,1105000000.0,142000000.0,,,,,20000000.0,339000000.0,1.0,455629273.0,448000000,450000000.0,2.467,4461000000.0,434000000.0,101000000.0,410000000.0,9.958,1056000000.0
21,CA,MRQ,2013-06-30,2013-06-30,2013-06-30,2019-04-19,-198000000.0,11366000000.0,,3624000000.0,7742000000.0,,12.511,-38000000.0,2461000000.0,2461000000.0,156000000.0,335000000.0,1.177,1.019,1285000000.0,14000000.0,1271000000.0,1285000000.0,3129000000.0,102000000.0,0.0,0.035,0.25,224000000.0,326000000.0,0.298,326000000.0,224000000.0,213000000.0,0.73,0.73,0.73,5630000000.0,,5630000000.0,11667112858.0,10.0,7.11,-27000000.0,-0.06,1.0,939000000.0,0.858,7209000000.0,11000000.0,-98000000.0,,0.0,0.0,0.0,0.0,5736000000.0,3079000000.0,2657000000.0,12970112858.0,-132000000.0,-122000000.0,-21000000.0,-3000000.0,-114000000.0,-138000000.0,24000000.0,184000000.0,11000000.0,-29000000.0,335000000.0,335000000.0,335000000.0,-5000000.0,0.0,0.306,720000000.0,219000000.0,84000000.0,0.342,2.304,12.352,12.498,298000000.0,0.0,28.62,2.912,2.892,537000000.0,5578000000.0,1095000000.0,1095000000.0,132000000.0,,,,,20000000.0,360000000.0,1.0,453183538.0,450000000,451000000.0,2.433,4157000000.0,458000000.0,-122000000.0,443000000.0,9.238,545000000.0
22,CA,MRQ,2013-03-31,2013-03-31,2013-03-31,2019-04-19,-155000000.0,11815000000.0,,4126000000.0,7689000000.0,,12.111,-43000000.0,2593000000.0,2593000000.0,153000000.0,242000000.0,1.165,1.168,1290000000.0,16000000.0,1274000000.0,1290000000.0,3434000000.0,146000000.0,0.0,0.04,0.25,250000000.0,396000000.0,0.391,396000000.0,250000000.0,239000000.0,0.53,0.53,0.53,5450000000.0,,5450000000.0,10428158061.0,8.0,5.79,527000000.0,1.171,1.0,859000000.0,0.849,7106000000.0,11000000.0,-135000000.0,,0.0,183000000.0,183000000.0,0.0,6365000000.0,3541000000.0,2824000000.0,11480158061.0,240000000.0,-58000000.0,-67000000.0,-4000000.0,-114000000.0,-185000000.0,-111000000.0,0.0,570000000.0,-34000000.0,242000000.0,242000000.0,242000000.0,-34000000.0,0.0,0.239,643000000.0,216000000.0,93000000.0,0.472,2.106,12.021,12.164,311000000.0,0.0,25.18,2.549,2.549,856000000.0,5357000000.0,1012000000.0,1012000000.0,115000000.0,,,,,15000000.0,373000000.0,1.0,455923672.0,450000000,448000000.0,2.249,4709000000.0,423000000.0,-3000000.0,702000000.0,10.464,585000000.0
23,CA,MRQ,2012-12-31,2012-12-31,2012-12-31,2019-04-19,-119000000.0,11558000000.0,,3803000000.0,7755000000.0,,11.976,-53000000.0,2353000000.0,2353000000.0,164000000.0,251000000.0,1.138,1.135,1301000000.0,19000000.0,1282000000.0,1301000000.0,3191000000.0,105000000.0,0.0,0.045,0.25,370000000.0,475000000.0,0.397,475000000.0,370000000.0,358000000.0,0.55,0.55,0.55,5413000000.0,,5413000000.0,9303135755.0,7.0,5.174,513000000.0,1.135,1.0,1031000000.0,0.863,7152000000.0,12000000.0,13000000.0,,0.0,195000000.0,195000000.0,0.0,6145000000.0,3341000000.0,2804000000.0,10095135755.0,267000000.0,-6000000.0,-77000000.0,-31000000.0,-114000000.0,-222000000.0,-88000000.0,-29000000.0,566000000.0,11000000.0,251000000.0,251000000.0,251000000.0,0.0,0.0,0.21,661000000.0,370000000.0,76000000.0,0.455,1.865,10.925,11.045,339000000.0,0.0,21.98,2.173,2.139,786000000.0,5229000000.0,1195000000.0,1195000000.0,120000000.0,,,,,18000000.0,427000000.0,1.0,459287341.0,452000000,453000000.0,2.644,4406000000.0,347000000.0,107000000.0,781000000.0,9.748,462000000.0
24,CA,MRQ,2012-09-30,2012-09-30,2012-09-30,2019-04-19,-118000000.0,11140000000.0,,3204000000.0,7936000000.0,,11.638,-52000000.0,2086000000.0,2086000000.0,157000000.0,222000000.0,1.023,1.09,1294000000.0,14000000.0,1280000000.0,1294000000.0,2927000000.0,107000000.0,0.0,0.031,0.25,337000000.0,444000000.0,0.385,444000000.0,337000000.0,327000000.0,0.48,0.48,0.48,5330000000.0,,5330000000.0,10841830776.0,8.0,5.896,37000000.0,0.081,1.0,995000000.0,0.864,7168000000.0,10000000.0,47000000.0,,0.0,162000000.0,162000000.0,0.0,5810000000.0,3133000000.0,2677000000.0,12084830776.0,-455000000.0,-7000000.0,-253000000.0,21000000.0,-116000000.0,-348000000.0,-213000000.0,-154000000.0,89000000.0,17000000.0,222000000.0,222000000.0,222000000.0,0.0,0.0,0.193,658000000.0,337000000.0,90000000.0,0.521,2.267,12.911,13.013,350000000.0,0.0,25.765,2.564,2.504,584000000.0,5092000000.0,1152000000.0,1152000000.0,123000000.0,,,,,21000000.0,415000000.0,1.0,469040589.0,458000000,459000000.0,2.515,3972000000.0,397000000.0,105000000.0,718000000.0,8.672,71000000.0
25,CA,MRQ,2012-06-30,2012-06-30,2012-06-30,2019-04-19,-134000000.0,11359000000.0,,3419000000.0,7940000000.0,,11.692,-58000000.0,2541000000.0,2541000000.0,155000000.0,240000000.0,1.084,1.089,1298000000.0,15000000.0,1283000000.0,1298000000.0,3195000000.0,105000000.0,0.0,0.022,0.25,381000000.0,486000000.0,0.424,486000000.0,381000000.0,370000000.0,0.51,0.51,0.51,5437000000.0,,5437000000.0,11404390196.0,8.0,6.246,125000000.0,0.269,1.0,990000000.0,0.865,7203000000.0,11000000.0,-241000000.0,,0.0,0.0,0.0,0.0,5922000000.0,3154000000.0,2768000000.0,12782390196.0,-138000000.0,-5000000.0,-69000000.0,5000000.0,-119000000.0,-183000000.0,-61000000.0,0.0,183000000.0,-77000000.0,240000000.0,240000000.0,240000000.0,0.0,0.0,0.21,609000000.0,381000000.0,95000000.0,0.49,2.351,13.455,13.751,363000000.0,0.0,27.09,2.685,2.646,491000000.0,4986000000.0,1145000000.0,1145000000.0,125000000.0,,,,,23000000.0,415000000.0,1.0,471849029.0,465000000,467000000.0,2.462,4156000000.0,363000000.0,130000000.0,599000000.0,8.938,265000000.0
26,CA,MRQ,2012-03-31,2012-03-31,2012-03-31,2019-04-19,-108000000.0,11997000000.0,,3965000000.0,8032000000.0,,11.532,-69000000.0,2679000000.0,2679000000.0,164000000.0,211000000.0,1.057,1.223,1301000000.0,14000000.0,1287000000.0,1301000000.0,3630000000.0,101000000.0,0.0,0.015,0.25,292000000.0,393000000.0,0.341,393000000.0,292000000.0,281000000.0,0.45,0.45,0.45,5397000000.0,,5397000000.0,12335363164.0,9.0,6.884,701000000.0,1.498,1.0,989000000.0,0.858,7245000000.0,11000000.0,-377000000.0,,0.0,0.0,0.0,0.0,6600000000.0,3751000000.0,2849000000.0,13384363164.0,321000000.0,-14000000.0,-472000000.0,6000000.0,-117000000.0,-583000000.0,105000000.0,182000000.0,770000000.0,29000000.0,211000000.0,211000000.0,211000000.0,-15000000.0,0.0,0.183,712000000.0,277000000.0,95000000.0,0.556,2.48,14.074,14.206,386000000.0,0.0,27.56,2.801,2.803,902000000.0,4865000000.0,1153000000.0,1153000000.0,125000000.0,,,,,28000000.0,481000000.0,1.0,485644527.0,468000000,469000000.0,2.464,4752000000.0,382000000.0,70000000.0,664000000.0,10.154,214000000.0
27,CA,MRQ,2011-12-31,2011-12-31,2011-12-31,2019-04-19,-131000000.0,11791000000.0,,3604000000.0,8187000000.0,,11.859,-54000000.0,2358000000.0,2358000000.0,160000000.0,263000000.0,1.092,1.058,1309000000.0,18000000.0,1291000000.0,1309000000.0,3124000000.0,103000000.0,0.0,0.009,0.05,413000000.0,516000000.0,0.409,516000000.0,413000000.0,404000000.0,0.54,0.54,0.54,5728000000.0,,5728000000.0,9080914610.0,6.0,5.051,338000000.0,0.7,1.0,1103000000.0,0.873,7282000000.0,9000000.0,159000000.0,,0.0,181000000.0,102000000.0,79000000.0,6063000000.0,3301000000.0,2762000000.0,9973914610.0,155000000.0,-4000000.0,-199000000.0,58000000.0,-25000000.0,-166000000.0,-60000000.0,-2000000.0,392000000.0,-11000000.0,263000000.0,263000000.0,263000000.0,0.0,0.0,0.208,690000000.0,413000000.0,86000000.0,0.093,1.741,10.748,10.868,387000000.0,0.0,20.215,2.098,2.054,840000000.0,4771000000.0,1263000000.0,1263000000.0,126000000.0,,,,,20000000.0,455000000.0,1.0,493391769.0,483000000,484000000.0,2.615,4509000000.0,333000000.0,141000000.0,720000000.0,9.335,303000000.0
28,CA,MRQ,2011-09-30,2011-09-30,2011-09-30,2019-04-19,-133000000.0,11462000000.0,,3214000000.0,8248000000.0,,11.495,-60000000.0,2203000000.0,2203000000.0,162000000.0,236000000.0,1.056,1.023,1310000000.0,18000000.0,1292000000.0,1310000000.0,3038000000.0,98000000.0,0.0,0.009,0.05,333000000.0,431000000.0,0.359,431000000.0,333000000.0,327000000.0,0.47,0.47,0.47,5667000000.0,,5667000000.0,8342152485.0,6.0,4.859,125000000.0,0.254,1.0,1038000000.0,0.865,7292000000.0,6000000.0,232000000.0,,0.0,179000000.0,89000000.0,90000000.0,5795000000.0,3045000000.0,2750000000.0,9796152485.0,-558000000.0,-340000000.0,-198000000.0,-5000000.0,-25000000.0,-228000000.0,-393000000.0,7000000.0,185000000.0,-122000000.0,236000000.0,236000000.0,236000000.0,0.0,0.0,0.197,705000000.0,333000000.0,95000000.0,0.106,1.729,11.325,11.351,398000000.0,0.0,19.41,2.114,2.065,601000000.0,4532000000.0,1200000000.0,1200000000.0,140000000.0,,,,,16000000.0,474000000.0,1.0,504696161.0,493000000,494000000.0,2.434,4170000000.0,329000000.0,91000000.0,578000000.0,8.458,169000000.0
29,CA,MRQ,2011-06-30,2011-06-30,2011-06-30,2019-04-19,-48000000.0,11852000000.0,,3841000000.0,8011000000.0,,11.446,-69000000.0,2761000000.0,2761000000.0,155000000.0,241000000.0,1.155,1.071,1307000000.0,19000000.0,1288000000.0,1307000000.0,3384000000.0,97000000.0,0.0,0.007,0.05,355000000.0,452000000.0,0.389,452000000.0,355000000.0,346000000.0,0.48,0.47,0.48,5723000000.0,,5723000000.0,10061513024.0,8.0,5.978,62000000.0,0.124,1.0,1008000000.0,0.867,6970000000.0,9000000.0,102000000.0,,0.0,189000000.0,84000000.0,105000000.0,6129000000.0,3326000000.0,2803000000.0,11559513024.0,-288000000.0,-29000000.0,-144000000.0,-184000000.0,-25000000.0,-353000000.0,-103000000.0,-8000000.0,131000000.0,37000000.0,241000000.0,241000000.0,241000000.0,-13000000.0,0.0,0.207,666000000.0,342000000.0,104000000.0,0.104,2.02,13.583,13.677,426000000.0,0.0,22.84,2.556,2.525,597000000.0,4321000000.0,1163000000.0,1163000000.0,118000000.0,,,,,25000000.0,440000000.0,1.0,506108276.0,500000000,501000000.0,2.326,4882000000.0,456000000.0,105000000.0,578000000.0,9.764,515000000.0
30,CA,MRQ,2011-03-31,2011-03-31,2011-03-31,2019-04-19,-65000000.0,12411000000.0,,4369000000.0,8042000000.0,,11.173,-60000000.0,3049000000.0,3049000000.0,151000000.0,188000000.0,1.114,1.208,1551000000.0,269000000.0,1282000000.0,1551000000.0,3566000000.0,99000000.0,0.0,0.007,0.04,300000000.0,399000000.0,0.354,399000000.0,300000000.0,290000000.0,0.37,0.37,0.37,5620000000.0,,5620000000.0,11370081927.0,9.0,6.946,578000000.0,1.149,1.0,977000000.0,0.866,6970000000.0,10000000.0,22000000.0,,0.0,179000000.0,75000000.0,104000000.0,6791000000.0,3921000000.0,2870000000.0,12333081927.0,531000000.0,-13000000.0,-44000000.0,-4000000.0,-21000000.0,-69000000.0,-87000000.0,-13000000.0,638000000.0,49000000.0,188000000.0,188000000.0,188000000.0,-1000000.0,0.0,0.167,678000000.0,299000000.0,100000000.0,0.108,2.194,14.913,15.019,437000000.0,0.0,24.18,2.785,2.762,849000000.0,4106000000.0,1128000000.0,1128000000.0,108000000.0,,,,,19000000.0,462000000.0,1.0,510053016.0,503000000,504000000.0,2.243,5441000000.0,529000000.0,102000000.0,745000000.0,10.817,448000000.0
31,CA,MRQ,2010-12-31,2010-12-31,2010-12-31,2019-04-19,-79000000.0,11891000000.0,,3796000000.0,8095000000.0,,10.822,-69000000.0,2518000000.0,2518000000.0,151000000.0,200000000.0,1.181,1.176,1555000000.0,16000000.0,1539000000.0,1555000000.0,3337000000.0,99000000.0,0.0,0.007,0.04,336000000.0,435000000.0,0.38,435000000.0,336000000.0,326000000.0,0.39,0.39,0.39,5465000000.0,,5465000000.0,11545985908.0,10.0,7.522,427000000.0,0.846,1.0,993000000.0,0.868,7041000000.0,10000000.0,674000000.0,,0.0,167000000.0,59000000.0,108000000.0,6426000000.0,3213000000.0,3213000000.0,12503985908.0,-7000000.0,-221000000.0,-30000000.0,-2000000.0,-20000000.0,-52000000.0,-459000000.0,-168000000.0,496000000.0,8000000.0,200000000.0,200000000.0,200000000.0,-4000000.0,0.0,0.175,661000000.0,332000000.0,81000000.0,0.103,2.288,16.897,16.972,439000000.0,0.0,24.44,2.911,2.874,866000000.0,3938000000.0,1144000000.0,1144000000.0,110000000.0,,,,,21000000.0,455000000.0,1.0,511619718.0,505000000,506000000.0,2.265,4850000000.0,503000000.0,126000000.0,690000000.0,9.604,583000000.0
32,CA,MRQ,2010-09-30,2010-09-30,2010-09-30,2019-04-19,-88000000.0,11499000000.0,,3655000000.0,7844000000.0,,10.434,-53000000.0,2525000000.0,2525000000.0,141000000.0,222000000.0,1.222,1.174,1567000000.0,15000000.0,1552000000.0,1567000000.0,3125000000.0,92000000.0,0.0,0.008,0.04,305000000.0,397000000.0,0.365,397000000.0,305000000.0,293000000.0,0.43,0.43,0.43,5290000000.0,,5290000000.0,9979662949.0,8.0,6.544,77000000.0,0.152,1.0,947000000.0,0.87,6751000000.0,12000000.0,798000000.0,,0.0,0.0,0.0,0.0,6209000000.0,2992000000.0,3217000000.0,10897662949.0,49000000.0,-9000000.0,-100000000.0,-4000000.0,-20000000.0,-124000000.0,-62000000.0,0.0,130000000.0,105000000.0,222000000.0,222000000.0,222000000.0,-3000000.0,0.0,0.204,645000000.0,302000000.0,77000000.0,0.093,2.06,13.673,13.714,449000000.0,0.0,21.12,2.55,2.506,697000000.0,3759000000.0,1088000000.0,1088000000.0,125000000.0,,,,,21000000.0,413000000.0,1.0,515987829.0,507000000,508000000.0,2.146,4748000000.0,633000000.0,71000000.0,675000000.0,9.365,663000000.0
33,CA,MRQ,2010-06-30,2010-06-30,2010-06-30,2019-04-19,-163000000.0,11291000000.0,,3593000000.0,7698000000.0,,10.004,-67000000.0,2476000000.0,2476000000.0,138000000.0,217000000.0,1.183,1.213,1558000000.0,15000000.0,1543000000.0,1558000000.0,3238000000.0,89000000.0,0.0,0.009,0.04,317000000.0,406000000.0,0.38,406000000.0,317000000.0,304000000.0,0.42,0.42,0.42,5102000000.0,,5102000000.0,8417100176.0,7.0,5.466,50000000.0,0.098,1.0,931000000.0,0.871,6757000000.0,13000000.0,578000000.0,,0.0,0.0,0.0,0.0,6189000000.0,3038000000.0,3151000000.0,9455100176.0,-107000000.0,-9000000.0,-51000000.0,-3000000.0,-21000000.0,-75000000.0,-76000000.0,0.0,117000000.0,-73000000.0,217000000.0,217000000.0,217000000.0,4000000.0,0.0,0.203,610000000.0,321000000.0,91000000.0,0.095,1.853,11.923,12.026,438000000.0,0.0,18.4,2.224,2.207,638000000.0,3557000000.0,1069000000.0,1069000000.0,128000000.0,,,,,19000000.0,407000000.0,1.0,513864140.0,510000000,511000000.0,2.096,4534000000.0,573000000.0,87000000.0,585000000.0,8.89,555000000.0
34,CA,MRQ,2010-03-31,2010-03-31,2010-03-31,2019-04-19,-126000000.0,11888000000.0,,3990000000.0,7898000000.0,,9.74,-77000000.0,2583000000.0,2583000000.0,111000000.0,101000000.0,1.114,1.384,1545000000.0,15000000.0,1530000000.0,1545000000.0,3556000000.0,72000000.0,0.0,0.007,0.04,225000000.0,297000000.0,0.299,297000000.0,225000000.0,211000000.0,0.2,0.2,0.2,4987000000.0,,4987000000.0,11126023739.0,9.0,7.262,559000000.0,1.092,1.0,883000000.0,0.888,6820000000.0,14000000.0,449000000.0,,0.0,0.0,0.0,0.0,6901000000.0,3581000000.0,3320000000.0,12205023739.0,-41000000.0,-414000000.0,-132000000.0,-2000000.0,-20000000.0,-148000000.0,-492000000.0,0.0,636000000.0,-37000000.0,101000000.0,101000000.0,101000000.0,-11000000.0,0.0,0.102,669000000.0,214000000.0,81000000.0,0.2,2.447,15.83,15.858,452000000.0,0.0,23.47,2.887,2.859,977000000.0,3361000000.0,994000000.0,994000000.0,139000000.0,,,,,27000000.0,452000000.0,1.0,520026576.0,512000000,515000000.0,1.941,5068000000.0,708000000.0,110000000.0,751000000.0,9.898,409000000.0
35,CA,MRQ,2009-12-31,2009-12-31,2009-12-31,2019-04-19,-111000000.0,11394000000.0,,4218000000.0,7176000000.0,,9.748,-61000000.0,2624000000.0,2624000000.0,139000000.0,257000000.0,1.308,1.27,1545000000.0,15000000.0,1530000000.0,1545000000.0,3293000000.0,74000000.0,0.0,0.007,0.04,351000000.0,425000000.0,0.379,425000000.0,351000000.0,328000000.0,0.49,0.49,0.49,5020000000.0,,5020000000.0,10626860623.0,9.0,7.239,281000000.0,0.546,1.0,983000000.0,0.876,5663000000.0,23000000.0,1426000000.0,,0.0,0.0,0.0,0.0,6374000000.0,3226000000.0,3148000000.0,11717860623.0,-401000000.0,-198000000.0,-41000000.0,-461000000.0,-21000000.0,-468000000.0,-260000000.0,0.0,342000000.0,-15000000.0,257000000.0,257000000.0,257000000.0,-1000000.0,0.0,0.229,633000000.0,350000000.0,79000000.0,0.082,2.334,15.943,16.043,454000000.0,0.0,22.46,2.834,2.797,978000000.0,3280000000.0,1122000000.0,1122000000.0,117000000.0,,,,,22000000.0,444000000.0,1.0,521721310.0,515000000,535000000.0,2.179,5731000000.0,752000000.0,71000000.0,699000000.0,11.128,992000000.0
36,CA,MRQ,2009-09-30,2009-09-30,2009-09-30,2019-04-19,-109000000.0,11401000000.0,,4359000000.0,7042000000.0,,9.286,-67000000.0,3025000000.0,3025000000.0,131000000.0,218000000.0,1.181,1.37,1934000000.0,643000000.0,1291000000.0,1934000000.0,3251000000.0,73000000.0,0.0,0.007,0.04,339000000.0,412000000.0,0.386,412000000.0,339000000.0,317000000.0,0.42,0.41,0.42,4810000000.0,,4810000000.0,10458354413.0,9.0,7.37,53000000.0,0.102,1.0,936000000.0,0.877,5494000000.0,22000000.0,1125000000.0,,0.0,0.0,0.0,0.0,6591000000.0,3691000000.0,2900000000.0,11518354413.0,47000000.0,-2000000.0,-43000000.0,-3000000.0,-21000000.0,-67000000.0,-69000000.0,0.0,120000000.0,63000000.0,218000000.0,218000000.0,218000000.0,0.0,0.0,0.204,597000000.0,339000000.0,83000000.0,0.095,2.395,16.791,16.786,462000000.0,0.0,21.99,2.841,2.809,802000000.0,3044000000.0,1067000000.0,1067000000.0,114000000.0,,,,,26000000.0,403000000.0,1.0,523799655.0,518000000,542000000.0,2.06,5907000000.0,751000000.0,99000000.0,586000000.0,11.403,668000000.0
37,CA,MRQ,2009-06-30,2009-06-30,2009-06-30,2019-04-19,-140000000.0,11342000000.0,,4300000000.0,7042000000.0,,8.953,-62000000.0,2979000000.0,2979000000.0,132000000.0,195000000.0,1.136,1.455,1919000000.0,631000000.0,1288000000.0,1919000000.0,3432000000.0,73000000.0,0.0,0.009,0.04,325000000.0,398000000.0,0.381,398000000.0,325000000.0,308000000.0,0.37,0.37,0.37,4620000000.0,,4620000000.0,8267321816.0,7.0,5.893,200000000.0,0.388,1.0,912000000.0,0.874,5506000000.0,17000000.0,992000000.0,,0.0,0.0,0.0,0.0,6722000000.0,3784000000.0,2938000000.0,9043321816.0,266000000.0,-3000000.0,0.0,-1000000.0,-21000000.0,-22000000.0,-67000000.0,0.0,262000000.0,93000000.0,195000000.0,195000000.0,195000000.0,0.0,0.0,0.187,587000000.0,325000000.0,62000000.0,0.108,1.957,13.497,13.617,466000000.0,0.0,17.43,2.208,2.196,745000000.0,2847000000.0,1044000000.0,1044000000.0,117000000.0,,,,,27000000.0,390000000.0,1.0,518836593.0,516000000,540000000.0,2.023,5836000000.0,795000000.0,113000000.0,575000000.0,11.31,516000000.0
38,CA,MRQ,2009-03-31,2009-03-31,2009-03-31,2019-04-19,-183000000.0,11241000000.0,,4149000000.0,7092000000.0,,8.503,-46000000.0,2712000000.0,2712000000.0,83000000.0,65000000.0,1.037,1.577,1908000000.0,621000000.0,1287000000.0,1908000000.0,3431000000.0,59000000.0,0.0,0.009,0.04,174000000.0,233000000.0,0.258,233000000.0,174000000.0,152000000.0,0.12,0.14,0.12,4362000000.0,,4362000000.0,8886255354.0,8.0,6.439,602000000.0,1.173,1.0,819000000.0,0.908,6089000000.0,22000000.0,346000000.0,,0.0,0.0,0.0,0.0,6879000000.0,4002000000.0,2877000000.0,9137255354.0,343000000.0,-16000000.0,0.0,-178000000.0,-21000000.0,-199000000.0,-71000000.0,0.0,648000000.0,-35000000.0,65000000.0,65000000.0,65000000.0,-10000000.0,0.0,0.072,655000000.0,164000000.0,120000000.0,0.333,2.095,13.617,13.651,442000000.0,0.0,17.61,2.208,2.183,967000000.0,2673000000.0,902000000.0,902000000.0,121000000.0,,,,,24000000.0,384000000.0,1.0,518867425.0,513000000,537000000.0,1.758,5152000000.0,781000000.0,87000000.0,629000000.0,10.043,147000000.0
39,CA,MRQ,2008-12-31,2008-12-31,2008-12-31,2019-04-19,-174000000.0,10892000000.0,,3840000000.0,7052000000.0,,8.305,-52000000.0,2369000000.0,2369000000.0,146000000.0,208000000.0,0.962,1.551,2118000000.0,826000000.0,1292000000.0,2118000000.0,3102000000.0,67000000.0,0.0,0.009,0.04,309000000.0,376000000.0,0.361,376000000.0,309000000.0,293000000.0,0.4,0.39,0.4,4269000000.0,,4269000000.0,9442851736.0,9.0,6.913,240000000.0,0.467,1.0,896000000.0,0.86,5513000000.0,16000000.0,1135000000.0,,0.0,0.0,0.0,0.0,6623000000.0,3993000000.0,2630000000.0,9603851736.0,-30000000.0,-33000000.0,-4000000.0,-145000000.0,-21000000.0,-170000000.0,-85000000.0,0.0,292000000.0,-67000000.0,208000000.0,208000000.0,208000000.0,0.0,0.0,0.2,587000000.0,309000000.0,91000000.0,0.1,2.25,14.64,14.706,452000000.0,0.0,18.53,2.223,2.204,1008000000.0,2733000000.0,1042000000.0,1042000000.0,115000000.0,,,,,20000000.0,417000000.0,1.0,518286656.0,514000000,538000000.0,2.027,5379000000.0,690000000.0,85000000.0,600000000.0,10.465,-153000000.0
40,CA,MRQ,2008-09-30,2008-09-30,2008-09-30,2019-04-19,-148000000.0,10794000000.0,,3685000000.0,7109000000.0,,7.947,-57000000.0,2400000000.0,2400000000.0,164000000.0,202000000.0,1.191,1.642,2239000000.0,10000000.0,2229000000.0,2239000000.0,3164000000.0,66000000.0,0.0,0.008,0.04,330000000.0,396000000.0,0.358,396000000.0,330000000.0,317000000.0,0.39,0.39,0.39,4085000000.0,,4085000000.0,10163343353.0,10.0,7.77,161000000.0,0.313,1.0,943000000.0,0.852,5480000000.0,13000000.0,2059000000.0,,0.0,0.0,0.0,0.0,6709000000.0,3094000000.0,3615000000.0,10344343353.0,-11000000.0,-1000000.0,2000000.0,-4000000.0,-20000000.0,-22000000.0,-53000000.0,0.0,218000000.0,-154000000.0,202000000.0,202000000.0,202000000.0,0.0,0.0,0.182,613000000.0,330000000.0,102000000.0,0.103,2.532,16.93,16.915,468000000.0,0.0,19.96,2.362,2.343,882000000.0,2540000000.0,1107000000.0,1107000000.0,120000000.0,,,,,17000000.0,421000000.0,1.0,518253675.0,514000000,538000000.0,2.154,5314000000.0,693000000.0,115000000.0,523000000.0,10.339,591000000.0
41,CA,MRQ,2008-06-30,2008-06-30,2008-06-30,2019-04-19,-95000000.0,11005000000.0,,3818000000.0,7187000000.0,,7.674,-57000000.0,2411000000.0,2411000000.0,154000000.0,196000000.0,1.146,1.801,2230000000.0,11000000.0,2219000000.0,2230000000.0,3431000000.0,67000000.0,0.0,0.007,0.04,308000000.0,375000000.0,0.345,375000000.0,308000000.0,297000000.0,0.38,0.37,0.38,3929000000.0,,3929000000.0,11647922049.0,12.0,9.524,-3000000.0,-0.006,1.0,933000000.0,0.858,5498000000.0,11000000.0,1994000000.0,,0.0,0.0,0.0,0.0,7076000000.0,3332000000.0,3744000000.0,11861922049.0,-385000000.0,-20000000.0,5000000.0,-352000000.0,-21000000.0,-368000000.0,-75000000.0,0.0,54000000.0,4000000.0,196000000.0,196000000.0,196000000.0,0.0,0.0,0.18,625000000.0,308000000.0,158000000.0,0.105,3.019,21.725,21.783,486000000.0,0.0,23.09,2.734,2.725,897000000.0,2352000000.0,1087000000.0,1087000000.0,123000000.0,,,,,31000000.0,419000000.0,1.0,513725511.0,512000000,536000000.0,2.123,5507000000.0,854000000.0,101000000.0,557000000.0,10.756,486000000.0
42,CA,MRQ,2008-03-31,2008-03-31,2008-03-31,2019-04-19,-101000000.0,11756000000.0,,4468000000.0,7288000000.0,,7.258,-69000000.0,2796000000.0,2796000000.0,163000000.0,50000000.0,1.044,2.17,2582000000.0,361000000.0,2221000000.0,2582000000.0,3700000000.0,69000000.0,0.0,0.007,0.04,150000000.0,219000000.0,0.202,219000000.0,150000000.0,108000000.0,0.09,0.12,0.09,3709000000.0,,3709000000.0,12111317818.0,14.0,10.747,621000000.0,1.215,1.0,922000000.0,0.85,5522000000.0,42000000.0,1742000000.0,,0.0,0.0,0.0,0.0,8047000000.0,4278000000.0,3769000000.0,11551317818.0,718000000.0,26000000.0,3000000.0,-1000000.0,-19000000.0,-17000000.0,-57000000.0,30000000.0,690000000.0,102000000.0,50000000.0,50000000.0,50000000.0,0.0,0.0,0.046,772000000.0,150000000.0,152000000.0,0.444,3.114,24.115,24.457,496000000.0,0.0,22.5,2.701,2.704,1204000000.0,2173000000.0,1085000000.0,1085000000.0,136000000.0,,,,,8000000.0,495000000.0,1.0,513391903.0,511000000,437000000.0,2.123,6234000000.0,916000000.0,58000000.0,687000000.0,12.2,190000000.0
43,CA,MRQ,2007-12-31,2007-12-31,2007-12-31,2019-04-19,-100000000.0,10144000000.0,,2867000000.0,7277000000.0,,7.224,-53000000.0,2078000000.0,2078000000.0,156000000.0,163000000.0,0.838,1.754,2638000000.0,409000000.0,2229000000.0,2638000000.0,2202000000.0,69000000.0,0.0,0.006,0.04,249000000.0,318000000.0,0.289,318000000.0,249000000.0,239000000.0,0.32,0.31,0.32,3684000000.0,,3684000000.0,13648446820.0,20.0,13.381,180000000.0,0.353,1.0,944000000.0,0.858,5521000000.0,10000000.0,1762000000.0,,0.0,0.0,0.0,0.0,6460000000.0,3421000000.0,3039000000.0,12864446820.0,189000000.0,-1000000.0,6000000.0,-3000000.0,-21000000.0,-18000000.0,-46000000.0,0.0,233000000.0,20000000.0,163000000.0,163000000.0,163000000.0,0.0,0.0,0.148,695000000.0,249000000.0,141000000.0,0.125,3.492,31.453,30.802,478000000.0,0.0,24.95,3.065,3.032,563000000.0,2159000000.0,1100000000.0,1100000000.0,135000000.0,,,,,35000000.0,456000000.0,1.0,515609091.0,510000000,536000000.0,2.157,4623000000.0,671000000.0,76000000.0,530000000.0,9.065,-554000000.0
44,CA,MRQ,2007-09-30,2007-09-30,2007-09-30,2019-04-19,-95000000.0,9922000000.0,,2567000000.0,7355000000.0,,6.836,-59000000.0,1888000000.0,1888000000.0,160000000.0,137000000.0,0.764,1.835,2672000000.0,411000000.0,2261000000.0,2672000000.0,2279000000.0,67000000.0,0.0,0.006,0.04,244000000.0,311000000.0,0.291,311000000.0,244000000.0,231000000.0,0.27,0.26,0.27,3500000000.0,,3500000000.0,14200442814.0,26.0,15.537,134000000.0,0.262,1.0,907000000.0,0.85,5536000000.0,13000000.0,1812000000.0,,0.0,2000000.0,2000000.0,0.0,6422000000.0,3358000000.0,3064000000.0,13259442814.0,159000000.0,-14000000.0,5000000.0,-5000000.0,-21000000.0,-21000000.0,-73000000.0,1000000.0,193000000.0,60000000.0,137000000.0,137000000.0,137000000.0,0.0,0.0,0.128,663000000.0,244000000.0,183000000.0,0.148,3.788,44.795,43.593,488000000.0,0.0,25.72,3.235,3.213,542000000.0,2016000000.0,1067000000.0,1067000000.0,126000000.0,,,,,34000000.0,468000000.0,1.0,515530436.0,512000000,537000000.0,2.084,4386000000.0,641000000.0,94000000.0,357000000.0,8.566,-791000000.0
45,CA,MRQ,2007-06-30,2007-06-30,2007-06-30,2019-04-19,-99000000.0,10067000000.0,,2668000000.0,7399000000.0,,6.375,-48000000.0,1729000000.0,1729000000.0,161000000.0,129000000.0,0.744,2.008,2670000000.0,413000000.0,2257000000.0,2670000000.0,2427000000.0,68000000.0,0.0,0.006,0.04,211000000.0,279000000.0,0.272,279000000.0,211000000.0,197000000.0,0.25,0.24,0.25,3347000000.0,,3347000000.0,14063510386.0,38.0,17.536,-61000000.0,-0.116,1.0,864000000.0,0.843,5549000000.0,14000000.0,1875000000.0,,0.0,4000000.0,4000000.0,0.0,6720000000.0,3584000000.0,3136000000.0,13653510386.0,-546000000.0,-19000000.0,-492000000.0,-3000000.0,-21000000.0,-516000000.0,-43000000.0,-4000000.0,-13000000.0,26000000.0,129000000.0,129000000.0,129000000.0,0.0,0.0,0.126,653000000.0,211000000.0,190000000.0,0.16,4.079,64.403,63.0,474000000.0,0.0,25.83,3.397,3.374,630000000.0,1900000000.0,1025000000.0,1025000000.0,129000000.0,,,,,27000000.0,438000000.0,1.0,528591188.0,525000000,551000000.0,1.952,4518000000.0,860000000.0,68000000.0,528000000.0,8.606,-916000000.0
46,CA,MRQ,2007-03-31,2007-03-31,2007-03-31,2019-04-19,-96000000.0,11517000000.0,,3956000000.0,7561000000.0,,6.987,-59000000.0,2280000000.0,2280000000.0,178000000.0,-20000000.0,0.987,2.152,2583000000.0,11000000.0,2572000000.0,2583000000.0,3276000000.0,124000000.0,0.0,0.006,0.04,-12000000.0,112000000.0,0.111,112000000.0,-12000000.0,-27000000.0,-0.03,-0.03,-0.03,3654000000.0,,3654000000.0,14535878219.0,69.0,20.387,462000000.0,0.883,1.0,827000000.0,0.823,5548000000.0,15000000.0,2265000000.0,,0.0,0.0,0.0,0.0,7863000000.0,4007000000.0,3856000000.0,13663878219.0,442000000.0,-20000000.0,17000000.0,-2000000.0,-21000000.0,-6000000.0,-96000000.0,157000000.0,521000000.0,23000000.0,-20000000.0,-20000000.0,-20000000.0,0.0,0.0,-0.02,839000000.0,-12000000.0,227000000.0,-1.333,3.739,115.796,117.773,469000000.0,0.0,25.91,3.465,3.575,1301000000.0,1744000000.0,1005000000.0,1005000000.0,151000000.0,,,,,32000000.0,464000000.0,1.0,527359252.0,523000000,551000000.0,1.922,5969000000.0,1079000000.0,-7000000.0,917000000.0,11.413,-51000000.0
47,CA,MRQ,2006-12-31,2006-12-31,2006-12-31,2019-04-19,-120000000.0,10109000000.0,,2675000000.0,7434000000.0,,6.916,-61000000.0,1833000000.0,1833000000.0,141000000.0,50000000.0,0.795,1.789,2705000000.0,81000000.0,2624000000.0,2705000000.0,2047000000.0,119000000.0,0.0,0.007,0.04,93000000.0,212000000.0,0.212,212000000.0,93000000.0,68000000.0,0.1,0.09,0.1,3624000000.0,,3624000000.0,13219035893.0,76.0,18.724,526000000.0,1.004,1.0,861000000.0,0.859,5639000000.0,25000000.0,1978000000.0,,0.0,9000000.0,9000000.0,0.0,6485000000.0,3364000000.0,3121000000.0,11926035893.0,538000000.0,-2000000.0,4000000.0,-3000000.0,-21000000.0,-20000000.0,-71000000.0,0.0,587000000.0,42000000.0,50000000.0,50000000.0,50000000.0,2000000.0,0.0,0.05,766000000.0,95000000.0,187000000.0,0.4,3.291,122.949,125.833,469000000.0,0.0,22.65,3.074,3.059,634000000.0,1821000000.0,1002000000.0,1002000000.0,132000000.0,,,,,32000000.0,479000000.0,1.0,526535801.0,524000000,549000000.0,1.912,4470000000.0,637000000.0,18000000.0,709000000.0,8.531,-689000000.0
48,CA,MRQ,2006-09-30,2006-09-30,2006-09-30,2019-04-19,-136000000.0,9820000000.0,,2222000000.0,7598000000.0,,6.414,-47000000.0,1295000000.0,1295000000.0,77000000.0,53000000.0,0.726,1.734,2588000000.0,11000000.0,2577000000.0,2588000000.0,2042000000.0,120000000.0,0.0,0.007,0.04,79000000.0,199000000.0,0.202,199000000.0,79000000.0,67000000.0,0.09,0.09,0.09,3592000000.0,,3592000000.0,13759463715.0,100.0,19.826,-41000000.0,-0.073,1.0,910000000.0,0.922,5744000000.0,12000000.0,2309000000.0,,0.0,0.0,0.0,0.0,6228000000.0,3060000000.0,3168000000.0,13448463715.0,-205000000.0,-90000000.0,-1043000000.0,751000000.0,-23000000.0,-315000000.0,112000000.0,32000000.0,6000000.0,-8000000.0,53000000.0,53000000.0,53000000.0,1000000.0,0.0,0.054,830000000.0,80000000.0,176000000.0,0.444,3.744,129.312,131.611,463000000.0,0.0,23.69,3.499,3.452,824000000.0,1793000000.0,987000000.0,987000000.0,178000000.0,,,,,29000000.0,408000000.0,1.0,567685256.0,560000000,584000000.0,1.762,4076000000.0,592000000.0,14000000.0,572000000.0,7.279,-838000000.0
49,CA,MRQ,2006-06-30,2006-06-30,2006-06-30,2019-04-19,-125000000.0,10128000000.0,,2368000000.0,7760000000.0,,8.048,-68000000.0,1500000000.0,1500000000.0,70000000.0,35000000.0,0.771,1.216,1811000000.0,1000000.0,1810000000.0,1811000000.0,2318000000.0,139000000.0,0.0,0.008,0.04,51000000.0,190000000.0,0.2,190000000.0,51000000.0,43000000.0,0.06,0.06,0.06,4571000000.0,,4571000000.0,11917715917.0,103.0,17.148,-114000000.0,-0.201,1.0,879000000.0,0.926,5760000000.0,8000000.0,1609000000.0,,0.0,22000000.0,22000000.0,0.0,5557000000.0,3070000000.0,2487000000.0,11868715917.0,-331000000.0,-99000000.0,-151000000.0,0.0,-23000000.0,-174000000.0,-147000000.0,12000000.0,-46000000.0,36000000.0,35000000.0,35000000.0,35000000.0,0.0,0.0,0.037,828000000.0,51000000.0,179000000.0,0.667,2.597,122.358,120.882,645000000.0,0.0,20.55,3.118,3.067,899000000.0,1762000000.0,949000000.0,949000000.0,179000000.0,,,,,23000000.0,429000000.0,1.0,577553086.0,568000000,597000000.0,1.671,4368000000.0,412000000.0,8000000.0,449000000.0,7.69,-702000000.0
50,CA,MRQ,2006-03-31,2006-03-31,2006-03-31,2019-04-19,-107000000.0,10520000000.0,,2738000000.0,7782000000.0,,8.268,-51000000.0,1831000000.0,1831000000.0,312000000.0,-41000000.0,0.816,1.213,1866000000.0,28000000.0,1838000000.0,1866000000.0,2165000000.0,153000000.0,0.0,0.006,0.04,-48000000.0,105000000.0,0.111,105000000.0,-48000000.0,-58000000.0,-0.07,-0.06,-0.07,4754000000.0,,4754000000.0,15764219470.0,96.0,21.075,515000000.0,0.896,1.0,630000000.0,0.669,5769000000.0,10000000.0,1429000000.0,,0.0,34000000.0,34000000.0,0.0,5766000000.0,3357000000.0,2409000000.0,15715219470.0,69000000.0,-338000000.0,-201000000.0,-1000000.0,-23000000.0,-225000000.0,-300000000.0,118000000.0,566000000.0,28000000.0,-41000000.0,-41000000.0,-41000000.0,2000000.0,0.0,-0.044,676000000.0,-46000000.0,277000000.0,-0.571,3.306,98.838,100.778,634000000.0,0.0,27.21,4.166,4.191,1001000000.0,1750000000.0,942000000.0,942000000.0,37000000.0,,,,,3000000.0,710000000.0,1.0,577553086.0,575000000,598000000.0,1.638,4751000000.0,451000000.0,-17000000.0,538000000.0,8.263,-619000000.0
51,CA,MRQ,2005-12-31,2005-12-31,2005-12-31,2019-04-19,-147000000.0,10057000000.0,,2492000000.0,7565000000.0,,8.423,-79000000.0,1762000000.0,1762000000.0,66000000.0,57000000.0,0.901,1.062,1811000000.0,1000000.0,1810000000.0,1811000000.0,1754000000.0,144000000.0,0.0,0.004,0.04,56000000.0,200000000.0,0.207,200000000.0,56000000.0,44000000.0,0.1,0.1,0.1,4877000000.0,,4877000000.0,16656176779.0,50.0,18.324,343000000.0,0.592,1.0,899000000.0,0.932,5648000000.0,12000000.0,1693000000.0,,0.0,71000000.0,71000000.0,0.0,5180000000.0,2765000000.0,2415000000.0,16374176779.0,233000000.0,-64000000.0,-81000000.0,0.0,-23000000.0,-104000000.0,-62000000.0,39000000.0,422000000.0,-23000000.0,57000000.0,57000000.0,57000000.0,-1000000.0,0.0,0.059,844000000.0,55000000.0,348000000.0,0.4,3.357,67.107,67.119,626000000.0,0.0,28.19,4.33,4.316,905000000.0,1961000000.0,965000000.0,965000000.0,171000000.0,,,,,29000000.0,400000000.0,1.0,580850542.0,579000000,606000000.0,1.667,4409000000.0,307000000.0,-13000000.0,593000000.0,7.615,-273000000.0
52,CA,MRQ,2005-09-30,2005-09-30,2005-09-30,2019-04-19,0.0,9868000000.0,,2236000000.0,7632000000.0,,8.37,-47000000.0,1529000000.0,1529000000.0,65000000.0,46000000.0,0.885,1.019,1811000000.0,1000000.0,1810000000.0,1811000000.0,1643000000.0,143000000.0,0.0,0.004,0.04,57000000.0,200000000.0,0.211,200000000.0,57000000.0,47000000.0,0.08,0.08,0.08,4888000000.0,,4888000000.0,16431224244.0,46.0,17.668,252000000.0,0.432,1.0,885000000.0,0.932,5704000000.0,10000000.0,1919000000.0,,0.0,111000000.0,111000000.0,0.0,4980000000.0,2527000000.0,2453000000.0,16310224244.0,-247000000.0,-319000000.0,-147000000.0,-86000000.0,-23000000.0,-256000000.0,-284000000.0,83000000.0,299000000.0,-6000000.0,46000000.0,46000000.0,46000000.0,0.0,0.0,0.048,828000000.0,57000000.0,323000000.0,0.5,3.337,74.818,75.162,634000000.0,0.0,27.81,4.368,4.35,920000000.0,,950000000.0,950000000.0,179000000.0,,,,,36000000.0,383000000.0,1.0,586487747.0,584000000,610000000.0,1.627,4164000000.0,251000000.0,1000000.0,545000000.0,7.13,-291000000.0
53,CA,MRQ,2005-06-30,2005-06-30,2005-06-30,2019-04-19,0.0,10035000000.0,,2620000000.0,7415000000.0,,8.426,-50000000.0,1776000000.0,1776000000.0,60000000.0,97000000.0,1.021,1.029,1897000000.0,87000000.0,1810000000.0,1897000000.0,1830000000.0,143000000.0,0.0,0.003,0.04,100000000.0,243000000.0,0.262,243000000.0,100000000.0,91000000.0,0.17,0.16,0.17,4946000000.0,,4946000000.0,15932844680.0,118.0,22.409,43000000.0,0.073,1.0,867000000.0,0.935,5536000000.0,9000000.0,2054000000.0,,0.0,176000000.0,176000000.0,0.0,5089000000.0,2566000000.0,2523000000.0,16125844680.0,-1053000000.0,-327000000.0,-34000000.0,-825000000.0,-24000000.0,-883000000.0,-201000000.0,179000000.0,93000000.0,-62000000.0,97000000.0,97000000.0,97000000.0,0.0,0.0,0.105,767000000.0,100000000.0,195000000.0,0.235,3.26,217.917,229.0,622000000.0,0.0,27.48,4.419,4.421,993000000.0,,927000000.0,927000000.0,172000000.0,,,,,31000000.0,389000000.0,1.0,586821131.0,587000000,612000000.0,1.579,4499000000.0,268000000.0,-6000000.0,491000000.0,7.664,54000000.0
54,CA,MRQ,2005-03-31,2005-03-31,2005-03-31,2019-04-19,-76000000.0,11396000000.0,,4164000000.0,7232000000.0,,8.531,-50000000.0,2829000000.0,2829000000.0,55000000.0,44000000.0,1.033,1.26,2636000000.0,826000000.0,1810000000.0,2636000000.0,1950000000.0,145000000.0,0.0,0.003,0.0,121000000.0,266000000.0,0.283,266000000.0,121000000.0,94000000.0,0.07,0.07,0.07,5042000000.0,,5042000000.0,16168778359.0,118.0,22.645,688000000.0,1.164,1.0,885000000.0,0.941,5270000000.0,27000000.0,1902000000.0,,0.0,296000000.0,296000000.0,0.0,6354000000.0,4031000000.0,2323000000.0,16025778359.0,-96000000.0,-2000000.0,-132000000.0,-1000000.0,-24000000.0,-830000000.0,28000000.0,101000000.0,738000000.0,-32000000.0,44000000.0,44000000.0,44000000.0,1000000.0,0.0,0.047,763000000.0,122000000.0,177000000.0,0.0,3.178,667.741,677.5,622000000.0,0.0,27.1,4.473,4.447,1371000000.0,1684000000.0,940000000.0,940000000.0,184000000.0,,,,,39000000.0,335000000.0,1.0,591357135.0,591000000,599000000.0,1.591,6126000000.0,370000000.0,50000000.0,757000000.0,10.365,133000000.0
55,CA,MRQ,2004-12-31,2004-12-31,2004-12-31,2019-04-19,0.0,11925000000.0,,4560000000.0,7365000000.0,,8.477,-51000000.0,3154000000.0,3154000000.0,57000000.0,31000000.0,1.309,1.388,3297000000.0,826000000.0,2471000000.0,3297000000.0,1676000000.0,145000000.0,0.0,0.003,0.04,76000000.0,221000000.0,0.241,221000000.0,76000000.0,47000000.0,0.05,0.05,0.05,4993000000.0,,4993000000.0,18348066704.0,245.0,28.012,314000000.0,0.533,1.0,860000000.0,0.938,5417000000.0,29000000.0,3167000000.0,,0.0,171000000.0,171000000.0,0.0,6932000000.0,3484000000.0,3448000000.0,18190066704.0,860000000.0,-427000000.0,32000000.0,985000000.0,0.0,1017000000.0,-600000000.0,-133000000.0,365000000.0,78000000.0,31000000.0,31000000.0,31000000.0,0.0,0.0,0.034,784000000.0,76000000.0,193000000.0,0.8,3.643,2021.119,3106.0,631000000.0,0.0,31.06,5.141,5.171,1383000000.0,,917000000.0,917000000.0,172000000.0,,,,,32000000.0,352000000.0,1.0,585642843.0,589000000,594000000.0,1.557,6508000000.0,590000000.0,16000000.0,1031000000.0,11.049,1076000000.0
56,CA,MRQ,2004-09-30,2004-09-30,2004-09-30,2019-04-19,0.0,10460000000.0,,3454000000.0,7006000000.0,,8.049,-28000000.0,2142000000.0,2142000000.0,54000000.0,-98000000.0,1.056,1.214,2300000000.0,826000000.0,1474000000.0,2300000000.0,1523000000.0,143000000.0,0.0,0.003,0.0,-162000000.0,-19000000.0,-0.022,-19000000.0,-162000000.0,-186000000.0,-0.17,-0.17,-0.17,4725000000.0,,4725000000.0,15634563190.0,279.0,24.429,124000000.0,0.211,1.0,811000000.0,0.938,5246000000.0,24000000.0,2101000000.0,,0.0,110000000.0,110000000.0,0.0,5735000000.0,3271000000.0,2464000000.0,15394563190.0,6000000.0,-42000000.0,9000000.0,1000000.0,-23000000.0,-13000000.0,-143000000.0,-74000000.0,152000000.0,10000000.0,-98000000.0,-98000000.0,-98000000.0,2000000.0,0.0,-0.113,971000000.0,-160000000.0,160000000.0,0.0,3.258,-3848.641,-2630.0,616000000.0,0.0,26.3,4.452,4.464,1400000000.0,,865000000.0,865000000.0,178000000.0,,,,,29000000.0,342000000.0,1.0,585344608.0,587000000,587000000.0,1.474,5214000000.0,427000000.0,-88000000.0,867000000.0,8.882,183000000.0
57,CA,MRQ,2004-06-30,2004-06-30,2004-06-30,2019-04-19,0.0,10607000000.0,,3472000000.0,7135000000.0,,8.191,-10000000.0,2059000000.0,2059000000.0,56000000.0,40000000.0,1.071,1.21,2299000000.0,825000000.0,1474000000.0,2299000000.0,1714000000.0,144000000.0,0.0,0.003,0.04,91000000.0,235000000.0,0.276,235000000.0,91000000.0,65000000.0,0.07,0.07,0.07,4800000000.0,,4800000000.0,16916562499.0,152.0,24.063,262000000.0,0.447,1.0,794000000.0,0.934,5309000000.0,26000000.0,2297000000.0,,0.0,111000000.0,111000000.0,0.0,5807000000.0,3241000000.0,2566000000.0,16409562499.0,266000000.0,-5000000.0,29000000.0,-1000000.0,0.0,28000000.0,-25000000.0,-10000000.0,272000000.0,-9000000.0,40000000.0,40000000.0,40000000.0,0.0,0.0,0.047,703000000.0,91000000.0,192000000.0,0.571,3.419,4102.391,,625000000.0,0.0,28.06,4.832,4.842,1528000000.0,,850000000.0,850000000.0,174000000.0,,,,,16000000.0,311000000.0,1.0,584802655.0,586000000,611000000.0,1.451,5298000000.0,435000000.0,25000000.0,990000000.0,9.041,231000000.0
58,CA,MRQ,2004-03-31,2004-03-31,2004-03-31,2019-04-19,-103000000.0,10760000000.0,,3439000000.0,7321000000.0,,8.288,69000000.0,1793000000.0,1793000000.0,64000000.0,36000000.0,1.373,1.227,2300000000.0,2000000.0,2298000000.0,2300000000.0,1779000000.0,148000000.0,0.0,0.003,0.0,70000000.0,218000000.0,0.241,218000000.0,70000000.0,42000000.0,0.06,0.06,0.06,4832000000.0,,4832000000.0,17931702301.0,285.0,27.169,656000000.0,1.125,1.0,842000000.0,0.929,5411000000.0,28000000.0,3352000000.0,,0.0,109000000.0,109000000.0,0.0,5928000000.0,2504000000.0,3424000000.0,15631702301.0,545000000.0,-20000000.0,3000000.0,0.0,-24000000.0,-21000000.0,0.0,7000000.0,587000000.0,-21000000.0,36000000.0,36000000.0,36000000.0,-60000000.0,0.0,0.04,832000000.0,10000000.0,177000000.0,0.0,3.235,-558.275,-537.2,641000000.0,0.0,26.86,4.691,4.676,1837000000.0,1888000000.0,906000000.0,906000000.0,209000000.0,,,,,137000000.0,374000000.0,1.0,581969557.0,583000000,583000000.0,1.554,5349000000.0,426000000.0,6000000.0,946000000.0,9.175,935000000.0
59,CA,MRQ,2003-12-31,2003-12-31,2003-12-31,2019-04-19,0.0,10416000000.0,,2856000000.0,7560000000.0,,7.595,20000000.0,1248000000.0,1248000000.0,54000000.0,18000000.0,1.208,1.365,2300000000.0,1000000.0,2299000000.0,2300000000.0,1486000000.0,149000000.0,0.0,0.003,0.04,57000000.0,206000000.0,0.246,206000000.0,57000000.0,28000000.0,0.03,0.03,0.03,4405000000.0,,4405000000.0,18132088319.0,-110.0,41.587,359000000.0,0.619,1.0,783000000.0,0.935,5535000000.0,29000000.0,3568000000.0,,0.0,104000000.0,104000000.0,0.0,6011000000.0,2365000000.0,3646000000.0,15832088319.0,368000000.0,-40000000.0,14000000.0,0.0,0.0,14000000.0,-28000000.0,-8000000.0,339000000.0,43000000.0,18000000.0,18000000.0,18000000.0,-1000000.0,0.0,0.022,727000000.0,56000000.0,0.0,1.333,3.594,-65.967,-63.581,644000000.0,0.0,27.34,4.9,4.908,2080000000.0,,837000000.0,837000000.0,167000000.0,,,,,7000000.0,306000000.0,1.0,579081504.0,580000000,589000000.0,1.443,4881000000.0,279000000.0,10000000.0,804000000.0,8.416,491000000.0
60,CA,MRQ,2003-09-30,2003-09-30,2003-09-30,2019-04-19,0.0,10008000000.0,,2234000000.0,7774000000.0,,7.492,-41000000.0,880000000.0,880000000.0,52000000.0,-90000000.0,1.1,1.307,2300000000.0,2000000.0,2298000000.0,2300000000.0,1304000000.0,151000000.0,0.0,0.003,0.0,-107000000.0,44000000.0,0.055,44000000.0,-107000000.0,-136000000.0,-0.16,-0.16,-0.16,4338000000.0,,4338000000.0,17414286823.0,-70.0,49.193,143000000.0,0.247,1.0,751000000.0,0.935,5642000000.0,29000000.0,3756000000.0,,0.0,96000000.0,96000000.0,0.0,5670000000.0,2030000000.0,3640000000.0,15114286823.0,117000000.0,-6000000.0,0.0,0.0,-23000000.0,-23000000.0,-50000000.0,-3000000.0,184000000.0,6000000.0,-90000000.0,-90000000.0,-90000000.0,0.0,0.0,-0.112,858000000.0,-107000000.0,0.0,0.0,3.484,-50.047,-48.352,643000000.0,0.0,26.11,4.801,4.802,2009000000.0,,803000000.0,803000000.0,165000000.0,,,,,4000000.0,317000000.0,1.0,578869660.0,579000000,579000000.0,1.387,4366000000.0,186000000.0,-46000000.0,851000000.0,7.541,204000000.0
61,CA,MRQ,2003-06-30,2003-06-30,2003-06-30,2019-04-19,0.0,10221000000.0,,2219000000.0,8002000000.0,,7.642,-11000000.0,763000000.0,763000000.0,55000000.0,8000000.0,1.111,1.314,2300000000.0,2000000.0,2298000000.0,2300000000.0,1436000000.0,149000000.0,0.0,0.004,0.04,43000000.0,192000000.0,0.244,192000000.0,43000000.0,12000000.0,0.01,0.01,0.01,4417000000.0,,4417000000.0,13717627770.0,-77.0,32.353,158000000.0,0.273,1.0,731000000.0,0.93,5725000000.0,31000000.0,4035000000.0,,0.0,96000000.0,96000000.0,0.0,5804000000.0,1998000000.0,3806000000.0,12879627770.0,-642000000.0,-5000000.0,5000000.0,-826000000.0,0.0,-821000000.0,-17000000.0,-1000000.0,169000000.0,27000000.0,8000000.0,8000000.0,8000000.0,0.0,0.0,0.01,688000000.0,43000000.0,0.0,4.0,2.916,-48.786,-47.404,653000000.0,0.0,22.28,4.16,4.16,2159000000.0,,786000000.0,786000000.0,162000000.0,,,,,1000000.0,321000000.0,1.0,578080241.0,578000000,580000000.0,1.36,4496000000.0,240000000.0,4000000.0,979000000.0,7.779,221000000.0
62,CA,MRQ,2003-03-31,2003-03-31,2003-03-31,2019-04-19,-215000000.0,11261000000.0,,3045000000.0,8216000000.0,,7.588,-6000000.0,1405000000.0,1405000000.0,64000000.0,-176000000.0,1.005,1.581,3126000000.0,828000000.0,2298000000.0,3126000000.0,1420000000.0,152000000.0,0.0,0.006,0.0,-158000000.0,-6000000.0,-0.007,-6000000.0,-158000000.0,-197000000.0,-0.31,-0.31,-0.31,4363000000.0,,4363000000.0,8688522153.0,-31.0,26.409,568000000.0,0.988,1.0,741000000.0,0.92,5816000000.0,39000000.0,4137000000.0,,0.0,91000000.0,91000000.0,0.0,6898000000.0,3029000000.0,3869000000.0,7850522153.0,509000000.0,-24000000.0,-13000000.0,-10000000.0,-23000000.0,-46000000.0,-24000000.0,6000000.0,574000000.0,5000000.0,-176000000.0,-176000000.0,-176000000.0,0.0,0.0,-0.219,899000000.0,-158000000.0,203000000.0,0.0,1.799,-23.295,-23.153,662000000.0,0.0,13.66,2.568,2.569,2378000000.0,2022000000.0,805000000.0,805000000.0,207000000.0,,,,,126000000.0,382000000.0,1.0,574708796.0,575000000,575000000.0,1.4,5445000000.0,287000000.0,-21000000.0,1465000000.0,9.47,16000000.0
63,CA,MRQ,2002-12-31,2002-12-31,2002-12-31,2019-04-19,0.0,11025000000.0,,,,,7.756,-10000000.0,0.0,0.0,60000000.0,-44000000.0,,1.476,838000000.0,838000000.0,0.0,838000000.0,1157000000.0,150000000.0,0.0,0.006,0.04,-26000000.0,124000000.0,0.164,124000000.0,-26000000.0,-70000000.0,-0.08,-0.08,-0.08,4452000000.0,,4452000000.0,9046988819.0,-26.0,25.061,321000000.0,0.559,1.0,694000000.0,0.92,6337000000.0,44000000.0,3227000000.0,,0.0,0.0,,,6573000000.0,2299000000.0,4274000000.0,7738988819.0,223000000.0,-25000000.0,7000000.0,-26000000.0,0.0,-92000000.0,-44000000.0,-9000000.0,331000000.0,28000000.0,-44000000.0,-44000000.0,-44000000.0,-3000000.0,0.0,-0.058,723000000.0,-29000000.0,0.0,-0.5,1.738,-19.396,-19.286,685000000.0,0.0,13.5,2.627,2.63,1109000000.0,,754000000.0,754000000.0,161000000.0,,,,,1000000.0,329000000.0,1.0,573258431.0,574000000,574000000.0,1.314,4688000000.0,0.0,-26000000.0,1073000000.0,8.167,
64,CA,MRQ,2002-09-30,2002-09-30,2002-09-30,2019-04-19,0.0,11036000000.0,,,,,7.916,-17000000.0,0.0,0.0,59000000.0,-52000000.0,,1.433,1308000000.0,1308000000.0,0.0,1308000000.0,1066000000.0,152000000.0,0.0,0.008,0.0,-38000000.0,114000000.0,0.152,114000000.0,-38000000.0,-79000000.0,-0.09,-0.09,-0.09,4536000000.0,,4536000000.0,6987936368.0,-13.0,24.096,189000000.0,0.33,1.0,692000000.0,0.921,6450000000.0,41000000.0,2906000000.0,,0.0,0.0,,,6500000000.0,2988000000.0,3512000000.0,5545936368.0,-34000000.0,-9000000.0,-46000000.0,-132000000.0,-23000000.0,-201000000.0,-33000000.0,-7000000.0,206000000.0,-6000000.0,-52000000.0,-52000000.0,-52000000.0,-1000000.0,0.0,-0.069,731000000.0,-39000000.0,0.0,0.0,1.223,-9.464,-9.412,694000000.0,0.0,9.6,1.887,1.872,1411000000.0,,751000000.0,751000000.0,160000000.0,,,,,1000000.0,333000000.0,1.0,577701705.0,573000000,573000000.0,1.311,4586000000.0,0.0,-27000000.0,1141000000.0,8.003,
65,CA,MRQ,2002-06-30,2002-06-30,2002-06-30,2019-04-19,0.0,11425000000.0,,,,,8.019,-11000000.0,0.0,0.0,59000000.0,-65000000.0,,1.465,1442000000.0,1442000000.0,0.0,1442000000.0,1199000000.0,151000000.0,0.0,0.005,0.04,-54000000.0,97000000.0,0.13,97000000.0,-54000000.0,-99000000.0,-0.11,-0.11,-0.11,4635000000.0,,4635000000.0,,,,188000000.0,0.325,1.0,688000000.0,0.921,6563000000.0,45000000.0,3161000000.0,,0.0,0.0,,,6790000000.0,3143000000.0,3647000000.0,9179680092.0,-365000000.0,-10000000.0,-7000000.0,-562000000.0,0.0,-569000000.0,-19000000.0,2000000.0,199000000.0,24000000.0,-65000000.0,-65000000.0,-65000000.0,1000000.0,0.0,-0.087,741000000.0,-53000000.0,0.0,-0.364,1.981,-11.127,-11.112,715000000.0,0.0,15.89,3.143,3.144,1510000000.0,,747000000.0,747000000.0,160000000.0,,,,,25000000.0,371000000.0,1.0,577701705.0,578000000,578000000.0,1.292,4862000000.0,0.0,-34000000.0,1206000000.0,8.412,
66,CA,MRQ,2002-03-31,2002-03-31,2002-03-31,2019-04-19,0.0,12226000000.0,,,,,8.002,-14000000.0,0.0,0.0,65000000.0,-238000000.0,,1.648,508000000.0,508000000.0,0.0,508000000.0,1241000000.0,261000000.0,0.0,0.004,0.0,-235000000.0,26000000.0,0.037,26000000.0,-235000000.0,-283000000.0,-0.42,-0.42,-0.42,4617000000.0,,4617000000.0,,,,558000000.0,0.967,1.0,629000000.0,0.906,6671000000.0,48000000.0,2729000000.0,,0.0,0.0,,,7609000000.0,3334000000.0,4275000000.0,,485000000.0,-14000000.0,-11000000.0,71000000.0,-23000000.0,-58000000.0,-23000000.0,5000000.0,572000000.0,-6000000.0,-238000000.0,-238000000.0,-238000000.0,6000000.0,0.0,-0.343,858000000.0,-229000000.0,0.0,0.0,,,-11.461,718000000.0,0.0,21.89,,4.376,1566000000.0,,694000000.0,694000000.0,147000000.0,,,,,2000000.0,310000000.0,1.0,,577000000,577000000.0,1.203,5555000000.0,0.0,-45000000.0,1267000000.0,9.627,
67,CA,MRQ,2001-12-31,2001-12-31,2001-12-31,2019-04-19,,,,,,,,-20000000.0,,,65000000.0,-231000000.0,,,,,,,,275000000.0,,0.002,0.04,-222000000.0,53000000.0,0.071,53000000.0,-222000000.0,-275000000.0,-0.4,-0.4,-0.4,,,,,,,334000000.0,0.58,1.0,682000000.0,0.913,,53000000.0,,,,,,,,,,,143000000.0,-14000000.0,-3000000.0,-159000000.0,0.0,-162000000.0,-41000000.0,-7000000.0,354000000.0,-8000000.0,-231000000.0,-231000000.0,-231000000.0,0.0,0.0,-0.309,904000000.0,-222000000.0,,-0.1,,,,,0.0,34.49,,,,,747000000.0,747000000.0,165000000.0,,,,,0.0,394000000.0,1.0,,576000000,576000000.0,1.297,,,-44000000.0,,,
68,CA,MRQ,2001-09-30,2001-09-30,2001-09-30,2019-04-19,,,,,,,,-37000000.0,,,73000000.0,-291000000.0,,,,,,,,273000000.0,,0.003,0.0,-316000000.0,-43000000.0,-0.059,-43000000.0,-316000000.0,-373000000.0,-0.5,-0.5,-0.5,,,,,,,127000000.0,0.22,1.0,660000000.0,0.9,,57000000.0,,,,,,,,,,,-107000000.0,-17000000.0,-40000000.0,-182000000.0,-23000000.0,-245000000.0,-40000000.0,0.0,164000000.0,14000000.0,-291000000.0,-291000000.0,-291000000.0,0.0,0.0,-0.397,976000000.0,-316000000.0,,0.0,,,,,0.0,25.74,,,,,733000000.0,733000000.0,171000000.0,,,,,0.0,473000000.0,1.0,,577000000,577000000.0,1.27,,,-82000000.0,,,
69,CA,MRQ,2001-06-30,2001-06-30,2001-06-30,2019-04-19,,,,,,,,-7000000.0,,,80000000.0,-342000000.0,,,,,,,,276000000.0,,0.002,0.04,-381000000.0,-105000000.0,-0.147,-105000000.0,-381000000.0,-450000000.0,-0.59,-0.59,-0.59,,,,,,,147000000.0,0.255,1.0,632000000.0,0.888,,69000000.0,,,,,,,,,,,-199000000.0,-17000000.0,-1000000.0,-310000000.0,0.0,-311000000.0,-38000000.0,0.0,154000000.0,-4000000.0,-342000000.0,-342000000.0,-342000000.0,0.0,0.0,-0.48,1013000000.0,-381000000.0,,-0.068,,,,,0.0,36.0,,,,,712000000.0,712000000.0,173000000.0,,,,,24000000.0,498000000.0,1.0,,577000000,577000000.0,1.234,,,-108000000.0,,,
0,CA,MRT,2018-09-30,2018-09-30,2018-09-30,2019-04-19,-463000000.0,13103000000.0,13072500000.0,4362000000.0,8741000000.0,0.307,19.133,-50000000.0,2931000000.0,2931000000.0,593000000.0,409000000.0,2.551,0.658,2526000000.0,20000000.0,2506000000.0,2526000000.0,1421000000.0,351000000.0,0.0,0.023,1.02,843000000.0,1194000000.0,0.298,1194000000.0,843000000.0,755000000.0,0.98,0.97,0.98,7902000000.0,6845250000.0,7902000000.0,17914612740.0,21.0,15.004,1064000000.0,2.576,1.0,3416000000.0,0.852,7771000000.0,88000000.0,3217000000.0,2189750000.0,0.0,0.0,0.0,0.0,5201000000.0,1710000000.0,3491000000.0,18462612740.0,108000000.0,-25000000.0,-121000000.0,-259000000.0,-427000000.0,-857000000.0,-77000000.0,0.0,1114000000.0,-72000000.0,409000000.0,409000000.0,409000000.0,0.0,0.0,0.102,2573000000.0,843000000.0,81000000.0,1.041,2.336,45.141,45.051,213000000.0,0.0,44.15,4.605,4.548,507000000.0,9156000000.0,4009000000.0,4009000000.0,643000000.0,0.031,0.06,0.385,0.21,127000000.0,1463000000.0,1.0,418179224.0,413000000,416000000.0,9.707,5332000000.0,124000000.0,346000000.0,565000000.0,12.91,2652000000.0
1,CA,MRT,2018-06-30,2018-06-30,2018-06-30,2019-04-19,-440000000.0,13594000000.0,12875000000.0,4762000000.0,8832000000.0,0.322,19.034,-48000000.0,3328000000.0,3328000000.0,602000000.0,464000000.0,2.211,0.729,2780000000.0,270000000.0,2510000000.0,2780000000.0,1589000000.0,368000000.0,0.0,0.029,1.02,958000000.0,1326000000.0,0.32,1326000000.0,958000000.0,865000000.0,1.11,1.1,1.11,7861000000.0,6353500000.0,7861000000.0,14230404107.0,15.0,10.732,1114000000.0,2.697,1.0,3546000000.0,0.855,7836000000.0,93000000.0,3056000000.0,1722250000.0,0.0,0.0,0.0,0.0,5733000000.0,2154000000.0,3579000000.0,14852404107.0,355000000.0,-34000000.0,-214000000.0,-20000000.0,-428000000.0,-713000000.0,-84000000.0,0.0,1162000000.0,-10000000.0,464000000.0,464000000.0,464000000.0,0.0,0.0,0.112,2588000000.0,958000000.0,87000000.0,0.919,1.889,32.009,32.117,222000000.0,0.0,35.65,3.581,3.55,525000000.0,9134000000.0,4148000000.0,4148000000.0,646000000.0,0.036,0.073,0.556,0.231,121000000.0,1453000000.0,1.0,416617226.0,413000000,415000000.0,10.044,5758000000.0,121000000.0,401000000.0,652000000.0,13.942,2608000000.0
2,CA,MRT,2018-03-31,2018-03-31,2018-03-31,2019-04-19,-290000000.0,13060000000.0,12595500000.0,4408000000.0,8652000000.0,0.336,14.239,-48000000.0,3405000000.0,3405000000.0,600000000.0,476000000.0,1.327,1.215,2783000000.0,269000000.0,2514000000.0,2783000000.0,3109000000.0,378000000.0,0.0,0.03,1.02,1119000000.0,1497000000.0,0.353,1497000000.0,1119000000.0,1021000000.0,1.14,1.13,1.14,5895000000.0,5855500000.0,5895000000.0,13949730516.0,12.0,9.318,1150000000.0,2.778,1.0,3635000000.0,0.858,7915000000.0,98000000.0,1202000000.0,1311500000.0,0.0,0.0,0.0,0.0,7165000000.0,3321000000.0,3844000000.0,14133730516.0,635000000.0,-15000000.0,-147000000.0,-66000000.0,-428000000.0,-680000000.0,-65000000.0,0.0,1198000000.0,182000000.0,476000000.0,476000000.0,476000000.0,0.0,0.0,0.112,2516000000.0,1119000000.0,85000000.0,0.895,2.398,29.693,29.737,237000000.0,0.0,33.9,3.337,3.314,793000000.0,6971000000.0,4235000000.0,4235000000.0,642000000.0,0.038,0.081,0.853,0.264,120000000.0,1467000000.0,1.0,416924204.0,414000000,415000000.0,10.229,5145000000.0,346000000.0,545000000.0,518000000.0,12.428,1087000000.0
3,CA,MRT,2017-12-31,2017-12-31,2017-12-31,2019-04-19,-342000000.0,12533000000.0,12483000000.0,3826000000.0,8707000000.0,0.334,13.857,-51000000.0,2971000000.0,2971000000.0,595000000.0,426000000.0,1.238,1.19,2787000000.0,269000000.0,2518000000.0,2787000000.0,2750000000.0,366000000.0,0.0,0.031,1.02,1067000000.0,1433000000.0,0.344,1433000000.0,1067000000.0,976000000.0,1.0,1.01,1.0,5723000000.0,5804000000.0,5723000000.0,13892124152.0,13.0,9.694,1019000000.0,2.467,1.0,3569000000.0,0.857,7975000000.0,91000000.0,1284000000.0,1376000000.0,0.0,0.0,0.0,0.0,6810000000.0,3090000000.0,3720000000.0,13929124152.0,145000000.0,-1255000000.0,-138000000.0,793000000.0,-428000000.0,188000000.0,-1309000000.0,0.0,1070000000.0,196000000.0,426000000.0,426000000.0,426000000.0,0.0,0.0,0.102,2502000000.0,1067000000.0,69000000.0,1.02,2.434,32.697,33.28,230000000.0,0.0,33.28,3.345,3.301,719000000.0,6871000000.0,4164000000.0,4164000000.0,634000000.0,0.034,0.073,0.775,0.256,117000000.0,1476000000.0,1.0,418543394.0,413000000,413000000.0,10.082,4558000000.0,346000000.0,550000000.0,541000000.0,11.036,736000000.0
4,CA,MRT,2017-09-30,2017-09-30,2017-09-30,2019-04-19,-351000000.0,12313000000.0,12105250000.0,3457000000.0,8856000000.0,0.337,14.301,-53000000.0,2822000000.0,2822000000.0,582000000.0,727000000.0,1.235,1.075,2785000000.0,268000000.0,2517000000.0,2785000000.0,2617000000.0,347000000.0,0.0,0.031,1.02,1068000000.0,1415000000.0,0.347,1415000000.0,1068000000.0,986000000.0,1.73,1.74,1.73,5935000000.0,5767250000.0,5935000000.0,13878995938.0,13.0,9.808,1219000000.0,2.937,1.0,3496000000.0,0.857,8130000000.0,82000000.0,1347000000.0,1250000000.0,0.0,0.0,0.0,0.0,6378000000.0,2799000000.0,3579000000.0,14061995938.0,238000000.0,-1302000000.0,-85000000.0,812000000.0,-429000000.0,259000000.0,-1358000000.0,0.0,1272000000.0,65000000.0,727000000.0,727000000.0,727000000.0,0.0,0.0,0.178,2428000000.0,1068000000.0,80000000.0,0.59,2.369,19.342,19.295,230000000.0,0.0,33.38,3.448,3.397,457000000.0,7070000000.0,4078000000.0,4078000000.0,621000000.0,0.06,0.126,0.854,0.262,115000000.0,1448000000.0,1.0,421270100.0,415000000,416000000.0,9.827,4183000000.0,336000000.0,259000000.0,298000000.0,10.08,658000000.0
5,CA,MRT,2017-06-30,2017-06-30,2017-06-30,2019-04-19,-399000000.0,12476000000.0,11698750000.0,3612000000.0,8864000000.0,0.347,14.142,-51000000.0,2971000000.0,2971000000.0,574000000.0,755000000.0,1.329,1.126,2788000000.0,18000000.0,2770000000.0,2788000000.0,2883000000.0,330000000.0,0.0,0.03,1.02,1106000000.0,1436000000.0,0.354,1436000000.0,1106000000.0,1034000000.0,1.79,1.8,1.79,5869000000.0,5665750000.0,5869000000.0,14422029484.0,13.0,10.043,1131000000.0,2.725,1.0,3488000000.0,0.859,8163000000.0,72000000.0,1413000000.0,1138000000.0,0.0,0.0,0.0,0.0,6607000000.0,2717000000.0,3890000000.0,14402029484.0,197000000.0,-1293000000.0,-37000000.0,836000000.0,-428000000.0,332000000.0,-1346000000.0,0.0,1182000000.0,29000000.0,755000000.0,755000000.0,755000000.0,0.0,0.0,0.186,2382000000.0,1106000000.0,62000000.0,0.57,2.454,19.076,19.257,234000000.0,0.0,34.47,3.546,3.522,461000000.0,6994000000.0,4062000000.0,4062000000.0,596000000.0,0.065,0.133,0.972,0.272,111000000.0,1426000000.0,1.0,417813446.0,415000000,417000000.0,9.788,4313000000.0,313000000.0,279000000.0,293000000.0,10.393,895000000.0
6,CA,MRT,2017-03-31,2017-03-31,2017-03-31,2019-04-19,-483000000.0,12610000000.0,11306500000.0,3733000000.0,8877000000.0,0.357,13.742,-47000000.0,2771000000.0,2771000000.0,573000000.0,775000000.0,1.242,1.217,2791000000.0,18000000.0,2773000000.0,2791000000.0,3016000000.0,320000000.0,0.0,0.032,1.02,1135000000.0,1455000000.0,0.361,1455000000.0,1135000000.0,1073000000.0,1.85,1.85,1.85,5689000000.0,5555250000.0,5689000000.0,12380134138.0,11.0,8.509,1031000000.0,2.49,1.0,3463000000.0,0.858,8164000000.0,62000000.0,1460000000.0,943250000.0,0.0,0.0,0.0,0.0,6921000000.0,3006000000.0,3915000000.0,13258134138.0,-41000000.0,-1288000000.0,-78000000.0,862000000.0,-428000000.0,321000000.0,-1337000000.0,0.0,1078000000.0,-103000000.0,775000000.0,775000000.0,775000000.0,0.0,0.0,0.192,2328000000.0,1135000000.0,91000000.0,0.551,2.33,17.107,17.146,237000000.0,0.0,31.72,3.285,3.254,764000000.0,6923000000.0,4036000000.0,4036000000.0,586000000.0,0.069,0.14,1.203,0.281,108000000.0,1403000000.0,1.0,417973964.0,414000000,415000000.0,9.749,4446000000.0,327000000.0,298000000.0,343000000.0,10.739,727000000.0
7,CA,MRT,2016-12-31,2016-12-31,2016-12-31,2019-04-19,-518000000.0,11022000000.0,10955000000.0,3519000000.0,7503000000.0,0.368,13.501,-44000000.0,2828000000.0,2828000000.0,574000000.0,792000000.0,1.344,0.977,1950000000.0,4000000.0,1946000000.0,1950000000.0,2568000000.0,325000000.0,0.0,0.032,1.015,1202000000.0,1527000000.0,0.379,1527000000.0,1202000000.0,1142000000.0,1.89,1.88,1.89,5576000000.0,5477500000.0,5576000000.0,12639681998.0,11.0,8.277,1094000000.0,2.649,1.0,3459000000.0,0.858,6745000000.0,60000000.0,780000000.0,720750000.0,0.0,0.0,0.0,0.0,5446000000.0,2619000000.0,2827000000.0,13274681998.0,475000000.0,-44000000.0,-81000000.0,35000000.0,-425000000.0,-534000000.0,-40000000.0,0.0,1138000000.0,-89000000.0,792000000.0,792000000.0,792000000.0,-3000000.0,0.0,0.196,2260000000.0,1199000000.0,72000000.0,0.537,2.381,16.761,16.81,219000000.0,0.0,31.77,3.292,3.253,555000000.0,6872000000.0,4033000000.0,4033000000.0,568000000.0,0.072,0.145,1.668,0.298,107000000.0,1347000000.0,1.0,417837016.0,413000000,414000000.0,9.765,4277000000.0,426000000.0,350000000.0,222000000.0,10.356,900000000.0
8,CA,MRT,2016-09-30,2016-09-30,2016-09-30,2019-04-19,-435000000.0,10687000000.0,10913750000.0,3178000000.0,7509000000.0,0.372,13.355,-41000000.0,2585000000.0,2585000000.0,580000000.0,807000000.0,1.32,0.933,1950000000.0,4000000.0,1946000000.0,1950000000.0,2370000000.0,342000000.0,0.0,0.031,1.01,1191000000.0,1533000000.0,0.378,1533000000.0,1191000000.0,1132000000.0,1.92,1.91,1.92,5529000000.0,5390250000.0,5529000000.0,13032821640.0,11.0,8.502,916000000.0,2.213,1.0,3480000000.0,0.857,6745000000.0,59000000.0,899000000.0,720750000.0,0.0,0.0,0.0,0.0,5158000000.0,2408000000.0,2750000000.0,13858821640.0,127000000.0,2000000.0,-670000000.0,328000000.0,-423000000.0,-833000000.0,10000000.0,0.0,957000000.0,-7000000.0,807000000.0,807000000.0,807000000.0,-7000000.0,0.0,0.199,2296000000.0,1184000000.0,76000000.0,0.526,2.507,17.173,17.229,222000000.0,0.0,33.08,3.414,3.373,445000000.0,6771000000.0,4060000000.0,4060000000.0,557000000.0,0.074,0.15,1.652,0.293,106000000.0,1359000000.0,1.0,418948659.0,414000000,415000000.0,9.807,3942000000.0,422000000.0,325000000.0,165000000.0,9.522,770000000.0
9,CA,MRT,2016-06-30,2016-06-30,2016-06-30,2019-04-19,-445000000.0,10907000000.0,10965250000.0,3350000000.0,7557000000.0,0.369,13.109,-43000000.0,2776000000.0,2776000000.0,589000000.0,769000000.0,1.27,1.01,1950000000.0,4000000.0,1946000000.0,1950000000.0,2681000000.0,361000000.0,0.0,0.031,1.005,1132000000.0,1493000000.0,0.369,1493000000.0,1132000000.0,1075000000.0,1.81,1.8,1.81,5427000000.0,5433500000.0,5427000000.0,12823655850.0,11.0,8.589,1012000000.0,2.444,1.0,3458000000.0,0.854,6809000000.0,57000000.0,634000000.0,610250000.0,0.0,0.0,0.0,0.0,5480000000.0,2638000000.0,2842000000.0,13682655850.0,-40000000.0,-608000000.0,-697000000.0,730000000.0,-426000000.0,-452000000.0,-554000000.0,48000000.0,1055000000.0,-89000000.0,769000000.0,769000000.0,769000000.0,-9000000.0,0.0,0.19,2335000000.0,1123000000.0,78000000.0,0.555,2.521,17.793,18.138,229000000.0,0.0,32.83,3.381,3.358,430000000.0,6666000000.0,4047000000.0,4047000000.0,572000000.0,0.07,0.142,1.855,0.28,104000000.0,1387000000.0,1.0,416772947.0,414000000,415000000.0,9.775,4098000000.0,405000000.0,306000000.0,198000000.0,9.899,712000000.0
10,CA,MRT,2016-03-31,2016-03-31,2016-03-31,2019-04-19,-416000000.0,11204000000.0,10915250000.0,3561000000.0,7643000000.0,0.369,12.624,-48000000.0,2812000000.0,2812000000.0,583000000.0,783000000.0,1.23,1.083,1953000000.0,6000000.0,1947000000.0,1953000000.0,2934000000.0,362000000.0,0.0,0.032,1.0,1149000000.0,1511000000.0,0.375,1511000000.0,1149000000.0,1098000000.0,1.82,1.81,1.82,5378000000.0,5510000000.0,5378000000.0,12443126335.0,11.0,8.235,1006000000.0,2.362,1.0,3442000000.0,0.855,6881000000.0,51000000.0,570000000.0,438250000.0,0.0,0.0,0.0,0.0,5826000000.0,2894000000.0,2932000000.0,12832126335.0,8000000.0,-644000000.0,-703000000.0,709000000.0,-429000000.0,-475000000.0,-595000000.0,48000000.0,1054000000.0,24000000.0,783000000.0,783000000.0,783000000.0,-14000000.0,0.0,0.195,2307000000.0,1135000000.0,77000000.0,0.549,2.386,16.388,16.918,242000000.0,0.0,30.79,3.188,3.259,625000000.0,6575000000.0,4025000000.0,4025000000.0,560000000.0,0.072,0.142,2.622,0.285,97000000.0,1373000000.0,1.0,416762791.0,426000000,427000000.0,9.448,4323000000.0,407000000.0,315000000.0,208000000.0,10.148,667000000.0
11,CA,MRT,2015-12-31,2015-12-31,2015-12-31,2019-04-19,-469000000.0,10857000000.0,10857500000.0,3454000000.0,7403000000.0,0.372,12.445,-41000000.0,2353000000.0,2353000000.0,598000000.0,760000000.0,1.28,1.077,1964000000.0,8000000.0,1956000000.0,1964000000.0,2650000000.0,374000000.0,0.0,0.035,1.0,1084000000.0,1458000000.0,0.361,1458000000.0,1084000000.0,1039000000.0,1.74,1.74,1.74,5227000000.0,5571750000.0,5227000000.0,11729462952.0,11.0,8.045,1007000000.0,2.398,1.0,3441000000.0,0.852,6989000000.0,45000000.0,780000000.0,283500000.0,0.0,0.0,0.0,0.0,5630000000.0,2699000000.0,2931000000.0,12530462952.0,-330000000.0,-654000000.0,-789000000.0,777000000.0,-436000000.0,-471000000.0,-647000000.0,48000000.0,1048000000.0,-260000000.0,760000000.0,760000000.0,760000000.0,-17000000.0,0.0,0.188,2374000000.0,1067000000.0,84000000.0,0.575,2.397,16.487,16.414,249000000.0,0.0,28.56,3.102,2.97,618000000.0,6506000000.0,4039000000.0,4039000000.0,580000000.0,0.07,0.136,3.824,0.268,92000000.0,1416000000.0,1.0,438741700.0,420000000,421000000.0,9.617,3868000000.0,396000000.0,279000000.0,281000000.0,9.21,755000000.0
12,CA,MRT,2015-09-30,2015-09-30,2015-09-30,2019-04-19,-439000000.0,10893000000.0,10872000000.0,3422000000.0,7471000000.0,0.377,13.078,-42000000.0,2458000000.0,2458000000.0,608000000.0,759000000.0,1.336,0.91,1657000000.0,8000000.0,1649000000.0,1657000000.0,2516000000.0,375000000.0,0.0,0.037,1.0,1109000000.0,1484000000.0,0.362,1484000000.0,1109000000.0,1067000000.0,1.71,1.71,1.71,5702000000.0,5699000000.0,5702000000.0,10489623934.0,9.0,7.068,969000000.0,2.222,1.0,3488000000.0,0.852,7073000000.0,42000000.0,457000000.0,89500000.0,0.0,0.0,0.0,0.0,5191000000.0,2562000000.0,2629000000.0,12047623934.0,-735000000.0,-673000000.0,-264000000.0,-7000000.0,-442000000.0,-731000000.0,-667000000.0,48000000.0,1011000000.0,-348000000.0,759000000.0,759000000.0,759000000.0,-17000000.0,0.0,0.185,2396000000.0,1092000000.0,92000000.0,0.585,2.113,15.873,15.965,246000000.0,0.0,27.3,2.941,2.906,439000000.0,6387000000.0,4096000000.0,4096000000.0,590000000.0,0.07,0.133,12.391,0.271,90000000.0,1422000000.0,1.0,441304906.0,436000000,437000000.0,9.394,3820000000.0,381000000.0,308000000.0,265000000.0,8.761,860000000.0
13,CA,MRT,2015-06-30,2015-06-30,2015-06-30,2019-04-19,-386000000.0,10707000000.0,10991750000.0,3745000000.0,6962000000.0,0.379,13.149,-45000000.0,2816000000.0,2816000000.0,619000000.0,841000000.0,1.394,0.868,1258000000.0,8000000.0,1250000000.0,1258000000.0,2760000000.0,388000000.0,0.0,0.034,1.0,1189000000.0,1577000000.0,0.378,1577000000.0,1189000000.0,1147000000.0,1.9,1.9,1.9,5733000000.0,5709250000.0,5733000000.0,11337154473.0,10.0,7.189,956000000.0,2.193,1.0,3551000000.0,0.852,6517000000.0,42000000.0,-54000000.0,-31750000.0,0.0,0.0,0.0,0.0,4974000000.0,2686000000.0,2288000000.0,12878154473.0,-439000000.0,-64000000.0,-197000000.0,-374000000.0,-443000000.0,-1037000000.0,61000000.0,0.0,1001000000.0,-464000000.0,841000000.0,841000000.0,841000000.0,-36000000.0,0.0,0.202,2398000000.0,1153000000.0,85000000.0,0.526,2.246,15.313,15.416,252000000.0,0.0,29.29,3.088,3.062,432000000.0,6323000000.0,4170000000.0,4170000000.0,589000000.0,0.077,0.147,-37.449,0.285,89000000.0,1415000000.0,1.0,439677517.0,436000000,438000000.0,9.564,4190000000.0,423000000.0,306000000.0,255000000.0,9.61,1059000000.0
14,CA,MRT,2015-03-31,2015-03-31,2015-03-31,2019-04-19,-418000000.0,10973000000.0,11231500000.0,3986000000.0,6987000000.0,0.379,12.813,-53000000.0,2804000000.0,2804000000.0,635000000.0,846000000.0,1.357,0.951,1257000000.0,10000000.0,1247000000.0,1257000000.0,2977000000.0,402000000.0,0.0,0.031,1.0,1198000000.0,1600000000.0,0.375,1600000000.0,1198000000.0,1151000000.0,1.91,1.9,1.91,5625000000.0,5693000000.0,5625000000.0,13016879300.0,11.0,8.136,929000000.0,2.116,1.0,3627000000.0,0.851,6537000000.0,47000000.0,-49000000.0,-88750000.0,0.0,0.0,0.0,0.0,5348000000.0,2938000000.0,2410000000.0,14439879300.0,-448000000.0,-38000000.0,-189000000.0,-344000000.0,-444000000.0,-977000000.0,79000000.0,0.0,982000000.0,-532000000.0,846000000.0,846000000.0,846000000.0,-36000000.0,0.0,0.198,2465000000.0,1162000000.0,105000000.0,0.524,2.567,17.068,17.073,252000000.0,0.0,32.61,3.388,3.359,652000000.0,6221000000.0,4262000000.0,4262000000.0,603000000.0,0.075,0.149,-13.499,0.281,87000000.0,1437000000.0,1.0,442805253.0,439000000,441000000.0,9.708,4436000000.0,410000000.0,305000000.0,257000000.0,10.105,1048000000.0
15,CA,MRT,2014-12-31,2014-12-31,2014-12-31,2019-04-19,-333000000.0,10915000000.0,11492250000.0,3840000000.0,7075000000.0,0.376,13.036,-60000000.0,2683000000.0,2683000000.0,639000000.0,802000000.0,1.341,0.903,1260000000.0,8000000.0,1252000000.0,1260000000.0,2753000000.0,401000000.0,0.0,0.033,1.0,1172000000.0,1573000000.0,0.364,1573000000.0,1172000000.0,1119000000.0,1.82,1.82,1.82,5736000000.0,5679250000.0,5736000000.0,12117392207.0,10.0,7.703,934000000.0,2.123,1.0,3684000000.0,0.852,6624000000.0,53000000.0,4000000.0,-170750000.0,0.0,0.0,0.0,0.0,5179000000.0,2864000000.0,2315000000.0,13547392207.0,-291000000.0,-38000000.0,-248000000.0,-435000000.0,-445000000.0,-1128000000.0,129000000.0,7000000.0,994000000.0,-286000000.0,802000000.0,802000000.0,802000000.0,-36000000.0,0.0,0.186,2548000000.0,1136000000.0,87000000.0,0.549,2.362,16.892,16.731,264000000.0,0.0,30.45,3.134,3.099,669000000.0,6180000000.0,4323000000.0,4323000000.0,599000000.0,0.07,0.141,-6.864,0.271,83000000.0,1475000000.0,1.0,444906148.0,440000000,441000000.0,9.825,4291000000.0,400000000.0,317000000.0,343000000.0,9.752,976000000.0
16,CA,MRT,2014-09-30,2014-09-30,2014-09-30,2019-04-19,-255000000.0,11372000000.0,11707750000.0,4231000000.0,7141000000.0,0.372,13.052,-69000000.0,3193000000.0,3193000000.0,646000000.0,812000000.0,1.286,0.98,1763000000.0,510000000.0,1253000000.0,1763000000.0,2736000000.0,417000000.0,0.0,0.036,1.0,1178000000.0,1595000000.0,0.366,1595000000.0,1178000000.0,1122000000.0,1.83,1.83,1.83,5743000000.0,5667750000.0,5743000000.0,10948999506.0,9.0,6.865,1055000000.0,2.398,1.0,3714000000.0,0.852,6680000000.0,56000000.0,-28000000.0,-175000000.0,0.0,0.0,0.0,0.0,5629000000.0,3290000000.0,2339000000.0,12434999506.0,403000000.0,-20000000.0,-305000000.0,41000000.0,-447000000.0,-711000000.0,149000000.0,7000000.0,1124000000.0,-159000000.0,812000000.0,812000000.0,812000000.0,-39000000.0,0.0,0.186,2575000000.0,1139000000.0,111000000.0,0.546,2.165,15.314,15.268,278000000.0,0.0,27.94,2.852,2.82,511000000.0,6069000000.0,4360000000.0,4360000000.0,600000000.0,0.069,0.143,-6.731,0.27,83000000.0,1478000000.0,1.0,445060827.0,440000000,441000000.0,9.909,4692000000.0,395000000.0,310000000.0,293000000.0,10.664,941000000.0
17,CA,MRT,2014-06-30,2014-06-30,2014-06-30,2019-04-19,-161000000.0,11666000000.0,11763500000.0,4298000000.0,7368000000.0,0.373,12.882,-88000000.0,3255000000.0,3255000000.0,646000000.0,796000000.0,1.207,1.058,1769000000.0,515000000.0,1254000000.0,1769000000.0,3010000000.0,414000000.0,0.0,0.035,1.0,1191000000.0,1605000000.0,0.366,1605000000.0,1191000000.0,1134000000.0,1.78,1.78,1.78,5668000000.0,5650750000.0,5668000000.0,11244113361.0,9.0,7.006,1088000000.0,2.473,1.0,3740000000.0,0.853,6900000000.0,57000000.0,-282000000.0,-19250000.0,0.0,0.0,0.0,0.0,5998000000.0,3562000000.0,2436000000.0,12730113361.0,794000000.0,-22000000.0,-431000000.0,458000000.0,-450000000.0,-423000000.0,-51000000.0,-2000000.0,1176000000.0,92000000.0,796000000.0,796000000.0,796000000.0,-27000000.0,0.0,0.181,2576000000.0,1164000000.0,115000000.0,0.562,2.246,15.993,16.146,291000000.0,0.0,28.74,2.902,2.883,553000000.0,5924000000.0,4386000000.0,4386000000.0,592000000.0,0.068,0.141,-61.87,0.272,81000000.0,1477000000.0,1.0,442940618.0,440000000,441000000.0,9.968,4766000000.0,394000000.0,338000000.0,327000000.0,10.832,736000000.0
18,CA,MRT,2014-03-31,2014-03-31,2014-03-31,2019-04-19,-171000000.0,12016000000.0,11688500000.0,4559000000.0,7457000000.0,0.377,12.489,-105000000.0,3252000000.0,3252000000.0,649000000.0,914000000.0,1.162,1.157,1766000000.0,514000000.0,1252000000.0,1766000000.0,3291000000.0,415000000.0,0.0,0.032,1.0,1097000000.0,1512000000.0,0.343,1512000000.0,1097000000.0,1043000000.0,2.03,2.02,2.03,5570000000.0,5641250000.0,5570000000.0,12669854220.0,12.0,8.38,908000000.0,2.036,1.0,3763000000.0,0.853,6985000000.0,54000000.0,-377000000.0,26750000.0,0.0,0.0,0.0,0.0,6446000000.0,3922000000.0,2524000000.0,13871854220.0,659000000.0,-133000000.0,-414000000.0,446000000.0,-453000000.0,-421000000.0,5000000.0,182000000.0,1013000000.0,62000000.0,914000000.0,914000000.0,914000000.0,-27000000.0,0.0,0.207,2693000000.0,1070000000.0,129000000.0,0.493,2.49,15.177,15.261,295000000.0,0.0,30.98,3.144,3.132,800000000.0,5818000000.0,4412000000.0,4412000000.0,574000000.0,0.078,0.162,41.009,0.249,81000000.0,1499000000.0,1.0,447768051.0,446000000,448000000.0,9.892,5031000000.0,374000000.0,129000000.0,324000000.0,11.28,637000000.0
19,CA,MRT,2013-12-31,2013-12-31,2013-12-31,2019-04-19,-185000000.0,11777000000.0,11638250000.0,4190000000.0,7587000000.0,0.373,12.758,-134000000.0,2974000000.0,2974000000.0,633000000.0,1049000000.0,1.185,1.07,1772000000.0,519000000.0,1253000000.0,1772000000.0,3044000000.0,463000000.0,0.0,0.03,1.0,1156000000.0,1619000000.0,0.373,1619000000.0,1156000000.0,1106000000.0,2.3,2.3,2.3,5690000000.0,5611250000.0,5690000000.0,14174386185.0,12.0,8.755,963000000.0,2.159,1.0,3707000000.0,0.854,7051000000.0,50000000.0,-13000000.0,87250000.0,0.0,8000000.0,8000000.0,0.0,6087000000.0,3537000000.0,2550000000.0,15185386185.0,621000000.0,-185000000.0,-333000000.0,451000000.0,-455000000.0,-337000000.0,-143000000.0,175000000.0,1097000000.0,4000000.0,1049000000.0,1049000000.0,1049000000.0,-55000000.0,0.0,0.242,2606000000.0,1101000000.0,79000000.0,0.435,2.669,14.476,14.63,290000000.0,0.0,33.65,3.499,3.458,714000000.0,5823000000.0,4340000000.0,4340000000.0,533000000.0,0.09,0.187,13.249,0.266,78000000.0,1448000000.0,1.0,451274478.0,446000000,448000000.0,9.731,4726000000.0,412000000.0,57000000.0,401000000.0,10.596,653000000.0
20,CA,MRT,2013-09-30,2013-09-30,2013-09-30,2019-04-19,-175000000.0,11595000000.0,11583500000.0,3911000000.0,7684000000.0,0.38,12.667,-166000000.0,2790000000.0,2790000000.0,632000000.0,1068000000.0,1.37,1.043,1779000000.0,11000000.0,1768000000.0,1779000000.0,2894000000.0,459000000.0,0.0,0.034,1.0,1198000000.0,1657000000.0,0.376,1657000000.0,1198000000.0,1151000000.0,2.34,2.34,2.34,5675000000.0,5542000000.0,5675000000.0,12342520530.0,10.0,7.449,1068000000.0,2.384,1.0,3775000000.0,0.857,7134000000.0,47000000.0,595000000.0,93750000.0,0.0,9000000.0,9000000.0,0.0,5920000000.0,2855000000.0,3065000000.0,13518520530.0,704000000.0,-189000000.0,-289000000.0,421000000.0,-456000000.0,-324000000.0,-219000000.0,146000000.0,1234000000.0,13000000.0,1068000000.0,1068000000.0,1068000000.0,-48000000.0,0.0,0.242,2625000000.0,1150000000.0,80000000.0,0.427,2.382,12.658,12.679,306000000.0,0.0,29.67,3.068,3.016,588000000.0,5704000000.0,4407000000.0,4407000000.0,509000000.0,0.092,0.193,12.779,0.272,73000000.0,1499000000.0,1.0,455629273.0,448000000,450000000.0,9.837,4461000000.0,434000000.0,83000000.0,410000000.0,9.958,1056000000.0
21,CA,MRT,2013-06-30,2013-06-30,2013-06-30,2019-04-19,-198000000.0,11366000000.0,11469750000.0,3624000000.0,7742000000.0,0.388,12.511,-186000000.0,2461000000.0,2461000000.0,630000000.0,1050000000.0,1.177,1.019,1285000000.0,14000000.0,1271000000.0,1285000000.0,3129000000.0,460000000.0,0.0,0.035,1.0,1181000000.0,1641000000.0,0.368,1641000000.0,1181000000.0,1137000000.0,2.29,2.29,2.29,5630000000.0,5455750000.0,5630000000.0,11667112858.0,10.0,7.11,1050000000.0,2.333,1.0,3824000000.0,0.859,7209000000.0,44000000.0,-98000000.0,-43250000.0,0.0,0.0,0.0,0.0,5736000000.0,3079000000.0,2657000000.0,12970112858.0,-80000000.0,-193000000.0,-418000000.0,-17000000.0,-458000000.0,-893000000.0,-388000000.0,1000000.0,1236000000.0,-35000000.0,1050000000.0,1050000000.0,1050000000.0,-39000000.0,0.0,0.236,2682000000.0,1142000000.0,84000000.0,0.437,2.304,12.352,12.498,298000000.0,0.0,28.62,2.912,2.892,537000000.0,5578000000.0,4454000000.0,4454000000.0,490000000.0,0.092,0.192,-27.306,0.265,74000000.0,1575000000.0,1.0,453183538.0,450000000,451000000.0,9.898,4157000000.0,458000000.0,87000000.0,443000000.0,9.238,545000000.0
22,CA,MRT,2013-03-31,2013-03-31,2013-03-31,2019-04-19,-155000000.0,11815000000.0,11468000000.0,4126000000.0,7689000000.0,0.393,11.952,-206000000.0,2593000000.0,2593000000.0,629000000.0,955000000.0,1.165,1.168,1290000000.0,16000000.0,1274000000.0,1290000000.0,3434000000.0,463000000.0,0.0,0.04,1.0,1338000000.0,1801000000.0,0.4,1801000000.0,1338000000.0,1294000000.0,2.07,2.06,2.07,5450000000.0,5407500000.0,5450000000.0,10428158061.0,8.0,5.79,1202000000.0,2.636,1.0,3875000000.0,0.86,7106000000.0,44000000.0,-135000000.0,-79000000.0,0.0,183000000.0,183000000.0,0.0,6365000000.0,3541000000.0,2824000000.0,11480158061.0,-86000000.0,-76000000.0,-466000000.0,-9000000.0,-463000000.0,-938000000.0,-473000000.0,-183000000.0,1408000000.0,-83000000.0,955000000.0,955000000.0,955000000.0,-34000000.0,0.0,0.212,2571000000.0,1304000000.0,93000000.0,0.483,2.106,12.021,12.164,311000000.0,0.0,25.18,2.549,2.549,856000000.0,5357000000.0,4504000000.0,4504000000.0,483000000.0,0.083,0.177,-16.937,0.297,77000000.0,1630000000.0,1.0,455923672.0,456000000,457000000.0,9.877,4709000000.0,423000000.0,339000000.0,702000000.0,10.327,585000000.0
23,CA,MRT,2012-12-31,2012-12-31,2012-12-31,2019-04-19,-119000000.0,11558000000.0,11513500000.0,3803000000.0,7755000000.0,0.403,11.976,-232000000.0,2353000000.0,2353000000.0,640000000.0,924000000.0,1.138,1.135,1301000000.0,19000000.0,1282000000.0,1301000000.0,3191000000.0,418000000.0,0.0,0.045,1.0,1380000000.0,1798000000.0,0.387,1798000000.0,1380000000.0,1336000000.0,1.99,1.99,1.99,5413000000.0,5394250000.0,5413000000.0,9303135755.0,7.0,5.174,1376000000.0,3.044,1.0,4005000000.0,0.862,7152000000.0,44000000.0,13000000.0,-139500000.0,0.0,195000000.0,195000000.0,0.0,6145000000.0,3341000000.0,2804000000.0,10095135755.0,-5000000.0,-32000000.0,-871000000.0,1000000.0,-466000000.0,-1336000000.0,-257000000.0,-1000000.0,1608000000.0,-20000000.0,924000000.0,924000000.0,924000000.0,-15000000.0,0.0,0.199,2640000000.0,1365000000.0,76000000.0,0.503,1.865,10.925,11.045,339000000.0,0.0,21.98,2.173,2.139,786000000.0,5229000000.0,4645000000.0,4645000000.0,493000000.0,0.08,0.171,-9.892,0.297,90000000.0,1738000000.0,1.0,459287341.0,452000000,453000000.0,10.277,4406000000.0,347000000.0,412000000.0,781000000.0,9.748,462000000.0
24,CA,MRT,2012-09-30,2012-09-30,2012-09-30,2019-04-19,-118000000.0,11140000000.0,11571750000.0,3204000000.0,7936000000.0,0.407,11.638,-233000000.0,2086000000.0,2086000000.0,636000000.0,936000000.0,1.023,1.09,1294000000.0,14000000.0,1280000000.0,1294000000.0,2927000000.0,416000000.0,0.0,0.031,0.8,1423000000.0,1839000000.0,0.39,1839000000.0,1423000000.0,1382000000.0,1.98,1.98,1.98,5330000000.0,5473000000.0,5330000000.0,10841830776.0,8.0,5.896,1201000000.0,2.622,1.0,4077000000.0,0.865,7168000000.0,41000000.0,47000000.0,-103000000.0,0.0,162000000.0,162000000.0,0.0,5810000000.0,3133000000.0,2677000000.0,12084830776.0,-117000000.0,-30000000.0,-993000000.0,90000000.0,-377000000.0,-1280000000.0,-229000000.0,26000000.0,1434000000.0,-42000000.0,936000000.0,936000000.0,936000000.0,-15000000.0,0.0,0.199,2669000000.0,1408000000.0,90000000.0,0.404,2.267,12.911,13.013,350000000.0,0.0,25.765,2.564,2.504,584000000.0,5092000000.0,4713000000.0,4713000000.0,499000000.0,0.081,0.171,-13.816,0.302,92000000.0,1766000000.0,1.0,469040589.0,458000000,459000000.0,10.29,3972000000.0,397000000.0,446000000.0,718000000.0,8.672,71000000.0
25,CA,MRT,2012-06-30,2012-06-30,2012-06-30,2019-04-19,-134000000.0,11359000000.0,11652250000.0,3419000000.0,7940000000.0,0.409,11.692,-241000000.0,2541000000.0,2541000000.0,641000000.0,950000000.0,1.084,1.089,1298000000.0,15000000.0,1283000000.0,1298000000.0,3195000000.0,407000000.0,0.0,0.022,0.6,1419000000.0,1826000000.0,0.384,1826000000.0,1419000000.0,1382000000.0,1.97,1.97,1.97,5437000000.0,5557250000.0,5437000000.0,11404390196.0,8.0,6.246,1289000000.0,2.772,1.0,4120000000.0,0.865,7203000000.0,37000000.0,-241000000.0,-56750000.0,0.0,0.0,0.0,0.0,5922000000.0,3154000000.0,2768000000.0,12782390196.0,-220000000.0,-363000000.0,-938000000.0,64000000.0,-286000000.0,-1160000000.0,-409000000.0,187000000.0,1530000000.0,-181000000.0,950000000.0,950000000.0,950000000.0,-15000000.0,0.0,0.2,2716000000.0,1404000000.0,95000000.0,0.305,2.351,13.455,13.751,363000000.0,0.0,27.09,2.685,2.646,491000000.0,4986000000.0,4761000000.0,4761000000.0,516000000.0,0.082,0.171,-25.004,0.298,87000000.0,1825000000.0,1.0,471849029.0,465000000,467000000.0,10.239,4156000000.0,363000000.0,432000000.0,599000000.0,8.938,265000000.0
26,CA,MRT,2012-03-31,2012-03-31,2012-03-31,2019-04-19,-108000000.0,11997000000.0,11775500000.0,3965000000.0,8032000000.0,0.406,11.105,-252000000.0,2679000000.0,2679000000.0,641000000.0,951000000.0,1.057,1.223,1301000000.0,14000000.0,1287000000.0,1301000000.0,3630000000.0,399000000.0,0.0,0.015,0.4,1393000000.0,1792000000.0,0.375,1792000000.0,1393000000.0,1358000000.0,1.94,1.93,1.94,5397000000.0,5628750000.0,5397000000.0,12335363164.0,9.0,6.884,1226000000.0,2.523,1.0,4138000000.0,0.866,7245000000.0,35000000.0,-377000000.0,29000000.0,0.0,0.0,0.0,0.0,6600000000.0,3751000000.0,2849000000.0,13384363164.0,-370000000.0,-387000000.0,-1013000000.0,-125000000.0,-192000000.0,-1330000000.0,-451000000.0,179000000.0,1478000000.0,-67000000.0,951000000.0,951000000.0,951000000.0,-28000000.0,0.0,0.199,2773000000.0,1365000000.0,95000000.0,0.206,2.48,14.074,14.206,386000000.0,0.0,27.56,2.801,2.803,902000000.0,4865000000.0,4779000000.0,4779000000.0,509000000.0,0.081,0.169,48.034,0.291,89000000.0,1850000000.0,1.0,485644527.0,486000000,487000000.0,9.833,4752000000.0,382000000.0,407000000.0,664000000.0,9.778,214000000.0
27,CA,MRT,2011-12-31,2011-12-31,2011-12-31,2019-04-19,-131000000.0,11791000000.0,11879000000.0,3604000000.0,8187000000.0,0.4,11.859,-243000000.0,2358000000.0,2358000000.0,628000000.0,928000000.0,1.092,1.058,1309000000.0,18000000.0,1291000000.0,1309000000.0,3124000000.0,397000000.0,0.0,0.009,0.19,1401000000.0,1798000000.0,0.378,1798000000.0,1401000000.0,1367000000.0,1.86,1.85,1.86,5728000000.0,5684500000.0,5728000000.0,9080914610.0,6.0,5.051,1103000000.0,2.284,1.0,4126000000.0,0.868,7282000000.0,34000000.0,159000000.0,128750000.0,0.0,181000000.0,102000000.0,79000000.0,6063000000.0,3301000000.0,2762000000.0,9973914610.0,-160000000.0,-386000000.0,-585000000.0,-135000000.0,-96000000.0,-816000000.0,-643000000.0,-16000000.0,1346000000.0,-47000000.0,928000000.0,928000000.0,928000000.0,-14000000.0,0.0,0.195,2739000000.0,1387000000.0,86000000.0,0.102,1.741,10.748,10.868,387000000.0,0.0,20.215,2.098,2.054,840000000.0,4771000000.0,4754000000.0,4754000000.0,492000000.0,0.078,0.163,10.882,0.295,80000000.0,1831000000.0,1.0,493391769.0,483000000,484000000.0,9.843,4509000000.0,333000000.0,439000000.0,720000000.0,9.335,303000000.0
28,CA,MRT,2011-09-30,2011-09-30,2011-09-30,2019-04-19,-133000000.0,11462000000.0,11904000000.0,3214000000.0,8248000000.0,0.389,11.495,-258000000.0,2203000000.0,2203000000.0,619000000.0,865000000.0,1.056,1.023,1310000000.0,18000000.0,1292000000.0,1310000000.0,3038000000.0,393000000.0,0.0,0.009,0.18,1324000000.0,1717000000.0,0.37,1717000000.0,1324000000.0,1289000000.0,1.71,1.7,1.71,5667000000.0,5618750000.0,5667000000.0,8342152485.0,6.0,4.859,1192000000.0,2.418,1.0,4016000000.0,0.866,7292000000.0,35000000.0,232000000.0,257500000.0,0.0,179000000.0,89000000.0,90000000.0,5795000000.0,3045000000.0,2750000000.0,9796152485.0,-322000000.0,-603000000.0,-416000000.0,-195000000.0,-91000000.0,-702000000.0,-1042000000.0,-182000000.0,1450000000.0,-28000000.0,865000000.0,865000000.0,865000000.0,-18000000.0,0.0,0.187,2710000000.0,1306000000.0,95000000.0,0.105,1.729,11.325,11.351,398000000.0,0.0,19.41,2.114,2.065,601000000.0,4532000000.0,4635000000.0,4635000000.0,476000000.0,0.073,0.154,5.142,0.286,81000000.0,1831000000.0,1.0,504696161.0,493000000,494000000.0,9.402,4170000000.0,329000000.0,424000000.0,578000000.0,8.458,169000000.0
29,CA,MRT,2011-06-30,2011-06-30,2011-06-30,2019-04-19,-48000000.0,11852000000.0,11913250000.0,3841000000.0,8011000000.0,0.38,11.446,-251000000.0,2761000000.0,2761000000.0,598000000.0,851000000.0,1.155,1.071,1307000000.0,19000000.0,1288000000.0,1307000000.0,3384000000.0,387000000.0,0.0,0.007,0.17,1296000000.0,1683000000.0,0.372,1683000000.0,1296000000.0,1255000000.0,1.67,1.66,1.67,5723000000.0,5524500000.0,5723000000.0,10061513024.0,8.0,5.978,1144000000.0,2.288,1.0,3925000000.0,0.868,6970000000.0,41000000.0,102000000.0,399000000.0,0.0,189000000.0,84000000.0,105000000.0,6129000000.0,3326000000.0,2803000000.0,11559513024.0,285000000.0,-272000000.0,-318000000.0,-194000000.0,-86000000.0,-598000000.0,-711000000.0,-189000000.0,1395000000.0,199000000.0,851000000.0,851000000.0,851000000.0,-21000000.0,0.0,0.188,2650000000.0,1275000000.0,104000000.0,0.102,2.02,13.583,13.677,426000000.0,0.0,22.84,2.556,2.525,597000000.0,4321000000.0,4523000000.0,4523000000.0,461000000.0,0.071,0.154,3.248,0.287,86000000.0,1770000000.0,1.0,506108276.0,500000000,501000000.0,9.046,4882000000.0,456000000.0,404000000.0,578000000.0,9.764,515000000.0
30,CA,MRT,2011-03-31,2011-03-31,2011-03-31,2019-04-19,-65000000.0,12411000000.0,11773000000.0,4369000000.0,8042000000.0,0.376,11.107,-249000000.0,3049000000.0,3049000000.0,581000000.0,827000000.0,1.114,1.208,1551000000.0,269000000.0,1282000000.0,1551000000.0,3566000000.0,379000000.0,0.0,0.007,0.16,1258000000.0,1637000000.0,0.37,1637000000.0,1258000000.0,1213000000.0,1.61,1.61,1.61,5620000000.0,5369250000.0,5620000000.0,11370081927.0,9.0,6.946,1132000000.0,2.237,1.0,3848000000.0,0.869,6970000000.0,45000000.0,22000000.0,518000000.0,0.0,179000000.0,75000000.0,104000000.0,6791000000.0,3921000000.0,2870000000.0,12333081927.0,466000000.0,-252000000.0,-225000000.0,-13000000.0,-82000000.0,-320000000.0,-684000000.0,-181000000.0,1381000000.0,89000000.0,827000000.0,827000000.0,827000000.0,-4000000.0,0.0,0.187,2594000000.0,1254000000.0,100000000.0,0.099,2.194,14.913,15.019,437000000.0,0.0,24.18,2.785,2.762,849000000.0,4106000000.0,4429000000.0,4429000000.0,471000000.0,0.07,0.154,2.429,0.284,80000000.0,1737000000.0,1.0,510053016.0,506000000,507000000.0,8.753,5441000000.0,529000000.0,386000000.0,745000000.0,10.753,448000000.0
31,CA,MRT,2010-12-31,2010-12-31,2010-12-31,2019-04-19,-79000000.0,11891000000.0,11642250000.0,3796000000.0,8095000000.0,0.369,10.822,-266000000.0,2518000000.0,2518000000.0,541000000.0,740000000.0,1.181,1.176,1555000000.0,16000000.0,1539000000.0,1555000000.0,3337000000.0,352000000.0,0.0,0.007,0.16,1183000000.0,1535000000.0,0.357,1535000000.0,1183000000.0,1134000000.0,1.44,1.44,1.44,5465000000.0,5211000000.0,5465000000.0,11545985908.0,10.0,7.522,1113000000.0,2.204,1.0,3754000000.0,0.874,7041000000.0,49000000.0,674000000.0,624750000.0,0.0,167000000.0,59000000.0,108000000.0,6426000000.0,3213000000.0,3213000000.0,12503985908.0,-106000000.0,-653000000.0,-313000000.0,-11000000.0,-81000000.0,-399000000.0,-1089000000.0,-168000000.0,1379000000.0,3000000.0,740000000.0,740000000.0,740000000.0,-14000000.0,0.0,0.172,2585000000.0,1169000000.0,81000000.0,0.111,2.288,16.897,16.972,439000000.0,0.0,24.44,2.911,2.874,866000000.0,3938000000.0,4295000000.0,4295000000.0,502000000.0,0.064,0.142,1.894,0.275,88000000.0,1727000000.0,1.0,511619718.0,505000000,506000000.0,8.505,4850000000.0,503000000.0,394000000.0,690000000.0,9.604,583000000.0
32,CA,MRT,2010-09-30,2010-09-30,2010-09-30,2019-04-19,-88000000.0,11499000000.0,11518000000.0,3655000000.0,7844000000.0,0.371,10.434,-258000000.0,2525000000.0,2525000000.0,529000000.0,797000000.0,1.222,1.174,1567000000.0,15000000.0,1552000000.0,1567000000.0,3125000000.0,327000000.0,0.0,0.008,0.16,1198000000.0,1525000000.0,0.357,1525000000.0,1198000000.0,1136000000.0,1.54,1.54,1.54,5290000000.0,5099750000.0,5290000000.0,9979662949.0,8.0,6.544,967000000.0,1.907,1.0,3744000000.0,0.876,6751000000.0,62000000.0,798000000.0,812750000.0,0.0,0.0,0.0,0.0,6209000000.0,2992000000.0,3217000000.0,10897662949.0,-500000000.0,-630000000.0,-324000000.0,-470000000.0,-82000000.0,-815000000.0,-890000000.0,0.0,1225000000.0,-20000000.0,797000000.0,797000000.0,797000000.0,-11000000.0,0.0,0.187,2557000000.0,1187000000.0,77000000.0,0.104,2.06,13.673,13.714,449000000.0,0.0,21.12,2.55,2.506,697000000.0,3759000000.0,4273000000.0,4273000000.0,509000000.0,0.069,0.156,1.474,0.28,89000000.0,1716000000.0,1.0,515987829.0,507000000,508000000.0,8.428,4748000000.0,633000000.0,339000000.0,675000000.0,9.365,663000000.0
33,CA,MRT,2010-06-30,2010-06-30,2010-06-30,2019-04-19,-163000000.0,11291000000.0,11493500000.0,3593000000.0,7698000000.0,0.37,10.004,-272000000.0,2476000000.0,2476000000.0,519000000.0,793000000.0,1.183,1.213,1558000000.0,15000000.0,1543000000.0,1558000000.0,3238000000.0,308000000.0,0.0,0.009,0.16,1232000000.0,1540000000.0,0.362,1540000000.0,1232000000.0,1160000000.0,1.53,1.52,1.53,5102000000.0,4979750000.0,5102000000.0,8417100176.0,7.0,5.466,943000000.0,1.849,1.0,3733000000.0,0.878,6757000000.0,72000000.0,578000000.0,894500000.0,0.0,0.0,0.0,0.0,6189000000.0,3038000000.0,3151000000.0,9455100176.0,-502000000.0,-623000000.0,-267000000.0,-469000000.0,-83000000.0,-758000000.0,-897000000.0,0.0,1215000000.0,-62000000.0,793000000.0,793000000.0,793000000.0,-8000000.0,0.0,0.187,2509000000.0,1224000000.0,91000000.0,0.105,1.853,11.923,12.026,438000000.0,0.0,18.4,2.224,2.207,638000000.0,3557000000.0,4252000000.0,4252000000.0,498000000.0,0.069,0.159,1.377,0.29,94000000.0,1706000000.0,1.0,513864140.0,510000000,511000000.0,8.337,4534000000.0,573000000.0,367000000.0,585000000.0,8.89,555000000.0
34,CA,MRT,2010-03-31,2010-03-31,2010-03-31,2019-04-19,-126000000.0,11888000000.0,11506250000.0,3990000000.0,7898000000.0,0.367,9.683,-267000000.0,2583000000.0,2583000000.0,513000000.0,771000000.0,1.114,1.384,1545000000.0,15000000.0,1530000000.0,1545000000.0,3556000000.0,292000000.0,0.0,0.007,0.16,1240000000.0,1532000000.0,0.362,1532000000.0,1240000000.0,1164000000.0,1.48,1.47,1.48,4987000000.0,4859250000.0,4987000000.0,11126023739.0,9.0,7.262,1093000000.0,2.122,1.0,3714000000.0,0.879,6820000000.0,76000000.0,449000000.0,998000000.0,0.0,0.0,0.0,0.0,6901000000.0,3581000000.0,3320000000.0,12205023739.0,-129000000.0,-617000000.0,-216000000.0,-467000000.0,-83000000.0,-705000000.0,-888000000.0,0.0,1360000000.0,104000000.0,771000000.0,771000000.0,771000000.0,-12000000.0,0.0,0.182,2486000000.0,1228000000.0,81000000.0,0.108,2.447,15.83,15.858,452000000.0,0.0,23.47,2.887,2.859,977000000.0,3361000000.0,4227000000.0,4227000000.0,487000000.0,0.067,0.159,1.242,0.293,102000000.0,1689000000.0,1.0,520026576.0,515000000,533000000.0,8.208,5068000000.0,708000000.0,393000000.0,751000000.0,9.841,409000000.0
35,CA,MRT,2009-12-31,2009-12-31,2009-12-31,2019-04-19,-111000000.0,11394000000.0,11344500000.0,4218000000.0,7176000000.0,0.364,9.748,-236000000.0,2624000000.0,2624000000.0,485000000.0,735000000.0,1.308,1.27,1545000000.0,15000000.0,1530000000.0,1545000000.0,3293000000.0,279000000.0,0.0,0.007,0.16,1189000000.0,1468000000.0,0.355,1468000000.0,1189000000.0,1105000000.0,1.4,1.41,1.4,5020000000.0,4703000000.0,5020000000.0,10626860623.0,9.0,7.239,1136000000.0,2.206,1.0,3650000000.0,0.883,5663000000.0,84000000.0,1426000000.0,972250000.0,0.0,0.0,0.0,0.0,6374000000.0,3226000000.0,3148000000.0,11717860623.0,255000000.0,-219000000.0,-84000000.0,-643000000.0,-84000000.0,-756000000.0,-467000000.0,0.0,1372000000.0,106000000.0,735000000.0,735000000.0,735000000.0,-11000000.0,0.0,0.178,2472000000.0,1178000000.0,79000000.0,0.114,2.334,15.943,16.043,454000000.0,0.0,22.46,2.834,2.797,978000000.0,3280000000.0,4135000000.0,4135000000.0,469000000.0,0.065,0.156,1.223,0.288,99000000.0,1621000000.0,1.0,521721310.0,515000000,535000000.0,8.029,5731000000.0,752000000.0,370000000.0,699000000.0,11.128,992000000.0
36,CA,MRT,2009-09-30,2009-09-30,2009-09-30,2019-04-19,-109000000.0,11401000000.0,11219000000.0,4359000000.0,7042000000.0,0.361,9.286,-227000000.0,3025000000.0,3025000000.0,492000000.0,686000000.0,1.181,1.37,1934000000.0,643000000.0,1291000000.0,1934000000.0,3251000000.0,272000000.0,0.0,0.007,0.16,1147000000.0,1419000000.0,0.35,1419000000.0,1147000000.0,1070000000.0,1.31,1.31,1.31,4810000000.0,4515250000.0,4810000000.0,10458354413.0,9.0,7.37,1095000000.0,2.114,1.0,3563000000.0,0.879,5494000000.0,77000000.0,1125000000.0,899500000.0,0.0,0.0,0.0,0.0,6591000000.0,3691000000.0,2900000000.0,11518354413.0,626000000.0,-54000000.0,-47000000.0,-327000000.0,-84000000.0,-458000000.0,-292000000.0,0.0,1322000000.0,54000000.0,686000000.0,686000000.0,686000000.0,-10000000.0,0.0,0.169,2426000000.0,1137000000.0,83000000.0,0.122,2.395,16.791,16.786,462000000.0,0.0,21.99,2.841,2.809,802000000.0,3044000000.0,4055000000.0,4055000000.0,467000000.0,0.061,0.152,1.275,0.283,97000000.0,1594000000.0,1.0,523799655.0,518000000,542000000.0,7.828,5907000000.0,751000000.0,384000000.0,586000000.0,11.403,668000000.0
37,CA,MRT,2009-06-30,2009-06-30,2009-06-30,2019-04-19,-140000000.0,11342000000.0,11067250000.0,4300000000.0,7042000000.0,0.37,8.953,-217000000.0,2979000000.0,2979000000.0,525000000.0,670000000.0,1.136,1.455,1919000000.0,631000000.0,1288000000.0,1919000000.0,3432000000.0,265000000.0,0.0,0.009,0.16,1138000000.0,1403000000.0,0.343,1403000000.0,1138000000.0,1070000000.0,1.28,1.29,1.28,4620000000.0,4334000000.0,4620000000.0,8267321816.0,7.0,5.893,1203000000.0,2.331,1.0,3570000000.0,0.872,5506000000.0,68000000.0,992000000.0,1133000000.0,0.0,0.0,0.0,0.0,6722000000.0,3784000000.0,2938000000.0,9043321816.0,568000000.0,-53000000.0,-2000000.0,-328000000.0,-83000000.0,-413000000.0,-276000000.0,0.0,1420000000.0,-163000000.0,670000000.0,670000000.0,670000000.0,-10000000.0,0.0,0.164,2442000000.0,1128000000.0,62000000.0,0.125,1.957,13.497,13.617,466000000.0,0.0,17.43,2.208,2.196,745000000.0,2847000000.0,4095000000.0,4095000000.0,473000000.0,0.061,0.155,1.004,0.278,88000000.0,1612000000.0,1.0,518836593.0,516000000,540000000.0,7.936,5836000000.0,795000000.0,400000000.0,575000000.0,11.31,516000000.0
38,CA,MRT,2009-03-31,2009-03-31,2009-03-31,2019-04-19,-183000000.0,11241000000.0,10983000000.0,4149000000.0,7092000000.0,0.377,8.503,-212000000.0,2712000000.0,2712000000.0,547000000.0,671000000.0,1.037,1.577,1908000000.0,621000000.0,1287000000.0,1908000000.0,3431000000.0,259000000.0,0.0,0.009,0.16,1121000000.0,1380000000.0,0.333,1380000000.0,1121000000.0,1059000000.0,1.29,1.29,1.29,4362000000.0,4161250000.0,4362000000.0,8886255354.0,8.0,6.439,1000000000.0,1.949,1.0,3591000000.0,0.868,6089000000.0,62000000.0,346000000.0,1383500000.0,0.0,0.0,0.0,0.0,6879000000.0,4002000000.0,2877000000.0,9137255354.0,-83000000.0,-70000000.0,3000000.0,-679000000.0,-83000000.0,-759000000.0,-284000000.0,0.0,1212000000.0,-252000000.0,671000000.0,671000000.0,671000000.0,-10000000.0,0.0,0.162,2480000000.0,1111000000.0,120000000.0,0.124,2.095,13.617,13.651,442000000.0,0.0,17.61,2.208,2.183,967000000.0,2673000000.0,4138000000.0,4138000000.0,479000000.0,0.061,0.161,0.81,0.271,92000000.0,1641000000.0,1.0,518867425.0,513000000,537000000.0,8.066,5152000000.0,781000000.0,388000000.0,629000000.0,10.043,147000000.0
39,CA,MRT,2008-12-31,2008-12-31,2008-12-31,2019-04-19,-174000000.0,10892000000.0,11111750000.0,3840000000.0,7052000000.0,0.389,8.305,-235000000.0,2369000000.0,2369000000.0,627000000.0,656000000.0,0.962,1.551,2118000000.0,826000000.0,1292000000.0,2118000000.0,3102000000.0,269000000.0,0.0,0.009,0.16,1097000000.0,1366000000.0,0.316,1366000000.0,1097000000.0,1015000000.0,1.26,1.27,1.26,4269000000.0,3998000000.0,4269000000.0,9442851736.0,9.0,6.913,1019000000.0,1.982,1.0,3694000000.0,0.855,5513000000.0,82000000.0,1135000000.0,1732500000.0,0.0,0.0,0.0,0.0,6623000000.0,3993000000.0,2630000000.0,9603851736.0,292000000.0,-28000000.0,6000000.0,-502000000.0,-81000000.0,-577000000.0,-270000000.0,30000000.0,1254000000.0,-115000000.0,656000000.0,656000000.0,656000000.0,0.0,0.0,0.152,2597000000.0,1097000000.0,91000000.0,0.127,2.25,14.64,14.706,452000000.0,0.0,18.53,2.223,2.204,1008000000.0,2733000000.0,4321000000.0,4321000000.0,494000000.0,0.059,0.164,0.633,0.254,76000000.0,1752000000.0,1.0,518286656.0,514000000,538000000.0,8.407,5379000000.0,690000000.0,359000000.0,600000000.0,10.465,-153000000.0
40,CA,MRT,2008-09-30,2008-09-30,2008-09-30,2019-04-19,-148000000.0,10794000000.0,10924750000.0,3685000000.0,7109000000.0,0.401,7.947,-236000000.0,2400000000.0,2400000000.0,637000000.0,611000000.0,1.191,1.642,2239000000.0,10000000.0,2229000000.0,2239000000.0,3164000000.0,271000000.0,0.0,0.008,0.16,1037000000.0,1308000000.0,0.299,1308000000.0,1037000000.0,961000000.0,1.18,1.19,1.18,4085000000.0,3851750000.0,4085000000.0,10163343353.0,10.0,7.77,959000000.0,1.866,1.0,3742000000.0,0.855,5480000000.0,76000000.0,2059000000.0,1889250000.0,0.0,0.0,0.0,0.0,6709000000.0,3094000000.0,3615000000.0,10344343353.0,511000000.0,4000000.0,16000000.0,-360000000.0,-81000000.0,-425000000.0,-231000000.0,30000000.0,1195000000.0,-28000000.0,611000000.0,611000000.0,611000000.0,0.0,0.0,0.14,2705000000.0,1037000000.0,102000000.0,0.136,2.532,16.93,16.915,468000000.0,0.0,19.96,2.362,2.343,882000000.0,2540000000.0,4379000000.0,4379000000.0,514000000.0,0.056,0.159,0.549,0.237,91000000.0,1791000000.0,1.0,518253675.0,514000000,538000000.0,8.519,5314000000.0,693000000.0,350000000.0,523000000.0,10.339,591000000.0
41,CA,MRT,2008-06-30,2008-06-30,2008-06-30,2019-04-19,-95000000.0,11005000000.0,10706750000.0,3818000000.0,7187000000.0,0.405,7.674,-238000000.0,2411000000.0,2411000000.0,633000000.0,546000000.0,1.146,1.801,2230000000.0,11000000.0,2219000000.0,2230000000.0,3431000000.0,272000000.0,0.0,0.007,0.16,951000000.0,1223000000.0,0.282,1223000000.0,951000000.0,875000000.0,1.06,1.06,1.06,3929000000.0,3705500000.0,3929000000.0,11647922049.0,12.0,9.524,932000000.0,1.82,1.0,3706000000.0,0.854,5498000000.0,76000000.0,1994000000.0,1827500000.0,0.0,0.0,0.0,0.0,7076000000.0,3332000000.0,3744000000.0,11861922049.0,681000000.0,-9000000.0,19000000.0,-361000000.0,-82000000.0,-424000000.0,-251000000.0,31000000.0,1170000000.0,186000000.0,546000000.0,546000000.0,546000000.0,0.0,0.0,0.126,2755000000.0,951000000.0,158000000.0,0.151,3.019,21.725,21.783,486000000.0,0.0,23.09,2.734,2.725,897000000.0,2352000000.0,4339000000.0,4339000000.0,520000000.0,0.051,0.147,0.52,0.219,108000000.0,1838000000.0,1.0,513725511.0,512000000,536000000.0,8.475,5507000000.0,854000000.0,329000000.0,557000000.0,10.756,486000000.0
42,CA,MRT,2008-03-31,2008-03-31,2008-03-31,2019-04-19,-101000000.0,11756000000.0,10472250000.0,4468000000.0,7288000000.0,0.408,7.216,-229000000.0,2796000000.0,2796000000.0,640000000.0,479000000.0,1.044,2.17,2582000000.0,361000000.0,2221000000.0,2582000000.0,3700000000.0,273000000.0,0.0,0.007,0.16,854000000.0,1127000000.0,0.264,1127000000.0,854000000.0,775000000.0,0.92,0.92,0.92,3709000000.0,3560000000.0,3709000000.0,12111317818.0,14.0,10.747,874000000.0,1.7,1.0,3637000000.0,0.85,5522000000.0,79000000.0,1742000000.0,1797750000.0,0.0,0.0,0.0,0.0,8047000000.0,4278000000.0,3769000000.0,11551317818.0,520000000.0,-8000000.0,-478000000.0,-12000000.0,-82000000.0,-572000000.0,-219000000.0,27000000.0,1103000000.0,208000000.0,479000000.0,479000000.0,479000000.0,0.0,0.0,0.112,2783000000.0,854000000.0,152000000.0,0.174,3.114,24.115,24.457,496000000.0,0.0,22.5,2.701,2.704,1204000000.0,2173000000.0,4277000000.0,4277000000.0,526000000.0,0.046,0.135,0.475,0.2,104000000.0,1857000000.0,1.0,513391903.0,514000000,515000000.0,8.321,6234000000.0,916000000.0,296000000.0,687000000.0,12.128,190000000.0
43,CA,MRT,2007-12-31,2007-12-31,2007-12-31,2019-04-19,-100000000.0,10144000000.0,10412500000.0,2867000000.0,7277000000.0,0.403,7.224,-219000000.0,2078000000.0,2078000000.0,655000000.0,409000000.0,0.838,1.754,2638000000.0,409000000.0,2229000000.0,2638000000.0,2202000000.0,328000000.0,0.0,0.006,0.16,692000000.0,1020000000.0,0.243,1020000000.0,692000000.0,640000000.0,0.81,0.78,0.81,3684000000.0,3546250000.0,3684000000.0,13648446820.0,20.0,13.381,715000000.0,1.402,1.0,3542000000.0,0.844,5521000000.0,52000000.0,1762000000.0,1928500000.0,0.0,0.0,0.0,0.0,6460000000.0,3421000000.0,3039000000.0,12864446820.0,244000000.0,-54000000.0,-464000000.0,-13000000.0,-84000000.0,-561000000.0,-258000000.0,154000000.0,934000000.0,129000000.0,409000000.0,409000000.0,409000000.0,0.0,0.0,0.097,2850000000.0,692000000.0,141000000.0,0.198,3.492,31.453,30.802,478000000.0,0.0,24.95,3.065,3.032,563000000.0,2159000000.0,4197000000.0,4197000000.0,541000000.0,0.039,0.115,0.359,0.165,128000000.0,1826000000.0,1.0,515609091.0,510000000,536000000.0,8.229,4623000000.0,671000000.0,231000000.0,530000000.0,9.065,-554000000.0
44,CA,MRT,2007-09-30,2007-09-30,2007-09-30,2019-04-19,-95000000.0,9922000000.0,10403750000.0,2567000000.0,7355000000.0,0.394,6.836,-227000000.0,1888000000.0,1888000000.0,640000000.0,296000000.0,0.764,1.835,2672000000.0,411000000.0,2261000000.0,2672000000.0,2279000000.0,378000000.0,0.0,0.006,0.16,536000000.0,914000000.0,0.223,914000000.0,536000000.0,469000000.0,0.59,0.56,0.59,3500000000.0,3531250000.0,3500000000.0,14200442814.0,26.0,15.537,1061000000.0,2.072,1.0,3459000000.0,0.844,5536000000.0,67000000.0,1812000000.0,1982500000.0,0.0,2000000.0,2000000.0,0.0,6422000000.0,3358000000.0,3064000000.0,13259442814.0,593000000.0,-55000000.0,-466000000.0,-13000000.0,-84000000.0,-563000000.0,-283000000.0,154000000.0,1288000000.0,151000000.0,296000000.0,296000000.0,296000000.0,2000000.0,0.0,0.072,2921000000.0,538000000.0,183000000.0,0.271,3.788,44.795,43.593,488000000.0,0.0,25.72,3.235,3.213,542000000.0,2016000000.0,4099000000.0,4099000000.0,538000000.0,0.028,0.084,0.27,0.131,125000000.0,1849000000.0,1.0,515530436.0,512000000,537000000.0,8.006,4386000000.0,641000000.0,173000000.0,357000000.0,8.566,-791000000.0
45,CA,MRT,2007-06-30,2007-06-30,2007-06-30,2019-04-19,-99000000.0,10067000000.0,10378250000.0,2668000000.0,7399000000.0,0.387,6.375,-215000000.0,1729000000.0,1729000000.0,557000000.0,212000000.0,0.744,2.008,2670000000.0,413000000.0,2257000000.0,2670000000.0,2427000000.0,431000000.0,0.0,0.006,0.16,371000000.0,802000000.0,0.2,802000000.0,371000000.0,305000000.0,0.41,0.39,0.41,3347000000.0,3554250000.0,3347000000.0,14063510386.0,38.0,17.536,886000000.0,1.688,1.0,3462000000.0,0.861,5549000000.0,66000000.0,1875000000.0,2106750000.0,0.0,4000000.0,4000000.0,0.0,6720000000.0,3584000000.0,3136000000.0,13653510386.0,229000000.0,-131000000.0,-1514000000.0,743000000.0,-86000000.0,-857000000.0,-98000000.0,185000000.0,1101000000.0,83000000.0,212000000.0,212000000.0,212000000.0,3000000.0,0.0,0.053,3088000000.0,374000000.0,190000000.0,0.39,4.079,64.403,63.0,474000000.0,0.0,25.83,3.397,3.374,630000000.0,1900000000.0,4019000000.0,4019000000.0,590000000.0,0.02,0.06,0.176,0.092,120000000.0,1789000000.0,1.0,528591188.0,525000000,551000000.0,7.655,4518000000.0,860000000.0,93000000.0,528000000.0,8.606,-916000000.0
46,CA,MRT,2007-03-31,2007-03-31,2007-03-31,2019-04-19,-96000000.0,11517000000.0,10393500000.0,3956000000.0,7561000000.0,0.379,6.717,-235000000.0,2280000000.0,2280000000.0,583000000.0,118000000.0,0.987,2.152,2583000000.0,11000000.0,2572000000.0,2583000000.0,3276000000.0,502000000.0,0.0,0.006,0.16,211000000.0,713000000.0,0.181,713000000.0,211000000.0,151000000.0,0.22,0.22,0.22,3654000000.0,3860250000.0,3654000000.0,14535878219.0,69.0,20.387,833000000.0,1.531,1.0,3360000000.0,0.852,5548000000.0,60000000.0,2265000000.0,2040250000.0,0.0,0.0,0.0,0.0,7863000000.0,4007000000.0,3856000000.0,13663878219.0,444000000.0,-211000000.0,-1173000000.0,746000000.0,-88000000.0,-515000000.0,-202000000.0,201000000.0,1068000000.0,93000000.0,118000000.0,118000000.0,118000000.0,3000000.0,0.0,0.03,3146000000.0,214000000.0,227000000.0,0.727,3.739,115.796,117.773,469000000.0,0.0,25.91,3.465,3.575,1301000000.0,1744000000.0,3943000000.0,3943000000.0,557000000.0,0.011,0.031,0.103,0.054,116000000.0,1889000000.0,1.0,527359252.0,544000000,569000000.0,7.248,5969000000.0,1079000000.0,33000000.0,917000000.0,10.972,-51000000.0
47,CA,MRT,2006-12-31,2006-12-31,2006-12-31,2019-04-19,-120000000.0,10109000000.0,10144250000.0,2675000000.0,7434000000.0,0.382,6.916,-227000000.0,1833000000.0,1833000000.0,600000000.0,97000000.0,0.795,1.789,2705000000.0,81000000.0,2624000000.0,2705000000.0,2047000000.0,531000000.0,0.0,0.007,0.16,175000000.0,706000000.0,0.182,706000000.0,175000000.0,120000000.0,0.18,0.18,0.18,3624000000.0,4135250000.0,3624000000.0,13219035893.0,76.0,18.724,886000000.0,1.691,1.0,3280000000.0,0.845,5639000000.0,55000000.0,1978000000.0,1831250000.0,0.0,9000000.0,9000000.0,0.0,6485000000.0,3364000000.0,3121000000.0,11926035893.0,71000000.0,-529000000.0,-1391000000.0,747000000.0,-90000000.0,-734000000.0,-406000000.0,162000000.0,1113000000.0,98000000.0,97000000.0,97000000.0,97000000.0,5000000.0,0.0,0.025,3100000000.0,180000000.0,187000000.0,0.889,3.291,122.949,125.833,469000000.0,0.0,22.65,3.074,3.059,634000000.0,1821000000.0,3880000000.0,3880000000.0,526000000.0,0.01,0.023,0.096,0.045,87000000.0,2026000000.0,1.0,526535801.0,524000000,549000000.0,7.405,4470000000.0,637000000.0,23000000.0,709000000.0,8.531,-689000000.0
48,CA,MRT,2006-09-30,2006-09-30,2006-09-30,2019-04-19,-136000000.0,9820000000.0,10131250000.0,2222000000.0,7598000000.0,0.379,6.414,-245000000.0,1295000000.0,1295000000.0,525000000.0,104000000.0,0.726,1.734,2588000000.0,11000000.0,2577000000.0,2588000000.0,2042000000.0,556000000.0,0.0,0.007,0.16,138000000.0,694000000.0,0.181,694000000.0,138000000.0,96000000.0,0.18,0.19,0.18,3592000000.0,4448500000.0,3592000000.0,13759463715.0,100.0,19.826,703000000.0,1.255,1.0,3318000000.0,0.863,5744000000.0,42000000.0,2309000000.0,1760000000.0,0.0,0.0,0.0,0.0,6228000000.0,3060000000.0,3168000000.0,13448463715.0,-234000000.0,-591000000.0,-1476000000.0,750000000.0,-92000000.0,-818000000.0,-397000000.0,201000000.0,948000000.0,33000000.0,104000000.0,104000000.0,104000000.0,2000000.0,0.0,0.027,3178000000.0,140000000.0,176000000.0,0.889,3.744,129.312,131.611,463000000.0,0.0,23.69,3.499,3.452,824000000.0,1793000000.0,3843000000.0,3843000000.0,565000000.0,0.01,0.023,0.078,0.036,84000000.0,1947000000.0,1.0,567685256.0,560000000,584000000.0,6.862,4076000000.0,592000000.0,-8000000.0,572000000.0,7.279,-838000000.0
49,CA,MRT,2006-06-30,2006-06-30,2006-06-30,2019-04-19,-125000000.0,10128000000.0,10143250000.0,2368000000.0,7760000000.0,0.375,8.048,-245000000.0,1500000000.0,1500000000.0,513000000.0,97000000.0,0.771,1.216,1811000000.0,1000000.0,1810000000.0,1811000000.0,2318000000.0,579000000.0,0.0,0.008,0.16,116000000.0,695000000.0,0.183,695000000.0,116000000.0,76000000.0,0.17,0.18,0.17,4571000000.0,4772500000.0,4571000000.0,11917715917.0,103.0,17.148,996000000.0,1.754,1.0,3293000000.0,0.865,5760000000.0,40000000.0,1609000000.0,1662500000.0,0.0,22000000.0,22000000.0,0.0,5557000000.0,3070000000.0,2487000000.0,11868715917.0,-276000000.0,-820000000.0,-580000000.0,-87000000.0,-92000000.0,-759000000.0,-793000000.0,252000000.0,1241000000.0,35000000.0,97000000.0,97000000.0,97000000.0,1000000.0,0.0,0.025,3176000000.0,117000000.0,179000000.0,0.941,2.597,122.358,120.882,645000000.0,0.0,20.55,3.118,3.067,899000000.0,1762000000.0,3806000000.0,3806000000.0,566000000.0,0.01,0.02,0.07,0.03,91000000.0,1922000000.0,1.0,577553086.0,568000000,597000000.0,6.701,4368000000.0,412000000.0,-21000000.0,449000000.0,7.69,-702000000.0
50,CA,MRT,2006-03-31,2006-03-31,2006-03-31,2019-04-19,-107000000.0,10520000000.0,10120000000.0,2738000000.0,7782000000.0,0.373,8.182,-227000000.0,1831000000.0,1831000000.0,499000000.0,159000000.0,0.816,1.213,1866000000.0,28000000.0,1838000000.0,1866000000.0,2165000000.0,583000000.0,0.0,0.006,0.16,165000000.0,748000000.0,0.198,748000000.0,165000000.0,124000000.0,0.27,0.27,0.27,4754000000.0,4866250000.0,4754000000.0,15764219470.0,96.0,21.075,1153000000.0,1.985,1.0,3273000000.0,0.868,5769000000.0,41000000.0,1429000000.0,1773750000.0,0.0,34000000.0,34000000.0,0.0,5766000000.0,3357000000.0,2409000000.0,15715219470.0,-998000000.0,-1048000000.0,-463000000.0,-912000000.0,-93000000.0,-1468000000.0,-847000000.0,419000000.0,1380000000.0,-63000000.0,159000000.0,159000000.0,159000000.0,1000000.0,0.0,0.042,3107000000.0,166000000.0,277000000.0,0.593,3.306,98.838,100.778,634000000.0,0.0,27.21,4.166,4.191,1001000000.0,1750000000.0,3772000000.0,3772000000.0,559000000.0,0.016,0.033,0.093,0.044,99000000.0,1874000000.0,1.0,577553086.0,581000000,607000000.0,6.492,4751000000.0,451000000.0,-35000000.0,538000000.0,8.177,-619000000.0
51,CA,MRT,2005-12-31,2005-12-31,2005-12-31,2019-04-19,-147000000.0,10057000000.0,10339000000.0,2492000000.0,7565000000.0,0.366,8.423,-226000000.0,1762000000.0,1762000000.0,246000000.0,244000000.0,0.901,1.062,1811000000.0,1000000.0,1810000000.0,1811000000.0,1754000000.0,575000000.0,0.0,0.004,0.12,334000000.0,909000000.0,0.24,909000000.0,334000000.0,276000000.0,0.42,0.41,0.42,4877000000.0,4938250000.0,4877000000.0,16656176779.0,50.0,18.324,1326000000.0,2.29,1.0,3536000000.0,0.935,5648000000.0,58000000.0,1693000000.0,1892000000.0,0.0,71000000.0,71000000.0,0.0,5180000000.0,2765000000.0,2415000000.0,16374176779.0,-1163000000.0,-712000000.0,-394000000.0,-912000000.0,-94000000.0,-2073000000.0,-519000000.0,402000000.0,1552000000.0,-123000000.0,244000000.0,244000000.0,244000000.0,0.0,0.0,0.065,3202000000.0,334000000.0,348000000.0,0.286,3.357,67.107,67.119,626000000.0,0.0,28.19,4.33,4.316,905000000.0,1961000000.0,3782000000.0,3782000000.0,706000000.0,0.024,0.049,0.177,0.088,135000000.0,1507000000.0,1.0,580850542.0,579000000,606000000.0,6.532,4409000000.0,307000000.0,32000000.0,593000000.0,7.615,-273000000.0
52,CA,MRT,2005-09-30,2005-09-30,2005-09-30,2019-04-19,0.0,9868000000.0,10806000000.0,2236000000.0,7632000000.0,0.346,8.37,-198000000.0,1529000000.0,1529000000.0,237000000.0,218000000.0,0.885,1.019,1811000000.0,1000000.0,1810000000.0,1811000000.0,1643000000.0,576000000.0,0.0,0.004,0.12,354000000.0,930000000.0,0.249,930000000.0,354000000.0,279000000.0,0.37,0.36,0.37,4888000000.0,4967250000.0,4888000000.0,16431224244.0,46.0,17.668,1297000000.0,2.221,1.0,3497000000.0,0.937,5704000000.0,75000000.0,1919000000.0,2260500000.0,0.0,111000000.0,111000000.0,0.0,4980000000.0,2527000000.0,2453000000.0,16310224244.0,-536000000.0,-1075000000.0,-281000000.0,73000000.0,-71000000.0,-952000000.0,-1057000000.0,230000000.0,1495000000.0,-22000000.0,218000000.0,218000000.0,218000000.0,1000000.0,0.0,0.058,3142000000.0,355000000.0,323000000.0,0.324,3.337,74.818,75.162,634000000.0,0.0,27.81,4.368,4.35,920000000.0,,3734000000.0,3734000000.0,707000000.0,0.02,0.044,0.157,0.095,138000000.0,1459000000.0,1.0,586487747.0,584000000,610000000.0,6.394,4164000000.0,251000000.0,61000000.0,545000000.0,7.13,-291000000.0
53,CA,MRT,2005-06-30,2005-06-30,2005-06-30,2019-04-19,0.0,10035000000.0,10954000000.0,2620000000.0,7415000000.0,0.333,8.426,-179000000.0,1776000000.0,1776000000.0,226000000.0,74000000.0,1.021,1.029,1897000000.0,87000000.0,1810000000.0,1897000000.0,1830000000.0,576000000.0,0.0,0.003,0.08,135000000.0,711000000.0,0.195,711000000.0,135000000.0,46000000.0,0.12,0.11,0.12,4946000000.0,4926500000.0,4946000000.0,15932844680.0,118.0,22.409,1169000000.0,1.991,1.0,3423000000.0,0.938,5536000000.0,89000000.0,2054000000.0,2306000000.0,0.0,176000000.0,176000000.0,0.0,5089000000.0,2566000000.0,2523000000.0,16125844680.0,-283000000.0,-798000000.0,-125000000.0,160000000.0,-71000000.0,-709000000.0,-916000000.0,73000000.0,1348000000.0,-6000000.0,74000000.0,74000000.0,74000000.0,3000000.0,0.0,0.02,3285000000.0,138000000.0,195000000.0,0.667,3.26,217.917,229.0,622000000.0,0.0,27.48,4.419,4.421,993000000.0,,3649000000.0,3649000000.0,706000000.0,0.007,0.015,0.059,0.037,131000000.0,1418000000.0,1.0,586821131.0,587000000,612000000.0,6.216,4499000000.0,268000000.0,-28000000.0,491000000.0,7.664,54000000.0
54,CA,MRT,2005-03-31,2005-03-31,2005-03-31,2019-04-19,-76000000.0,11396000000.0,11097000000.0,4164000000.0,7232000000.0,0.323,8.575,-139000000.0,2829000000.0,2829000000.0,222000000.0,24000000.0,1.033,1.26,2636000000.0,826000000.0,1810000000.0,2636000000.0,1950000000.0,577000000.0,0.0,0.003,0.08,137000000.0,714000000.0,0.199,714000000.0,137000000.0,31000000.0,0.04,0.04,0.04,5042000000.0,4890000000.0,5042000000.0,16168778359.0,118.0,22.645,1388000000.0,2.361,1.0,3361000000.0,0.938,5270000000.0,106000000.0,1902000000.0,2366750000.0,0.0,296000000.0,296000000.0,0.0,6354000000.0,4031000000.0,2323000000.0,16025778359.0,1036000000.0,-476000000.0,-62000000.0,984000000.0,-47000000.0,202000000.0,-740000000.0,-116000000.0,1527000000.0,47000000.0,24000000.0,24000000.0,24000000.0,3000000.0,0.0,0.007,3221000000.0,140000000.0,177000000.0,2.0,3.178,667.741,677.5,622000000.0,0.0,27.1,4.473,4.447,1371000000.0,1684000000.0,3583000000.0,3583000000.0,708000000.0,0.002,0.005,0.058,0.038,116000000.0,1340000000.0,1.0,591357135.0,588000000,590000000.0,6.094,6126000000.0,370000000.0,7000000.0,757000000.0,10.418,133000000.0
55,CA,MRT,2004-12-31,2004-12-31,2004-12-31,2019-04-19,0.0,11925000000.0,10938000000.0,4560000000.0,7365000000.0,0.323,8.477,-20000000.0,3154000000.0,3154000000.0,231000000.0,9000000.0,1.309,1.388,3297000000.0,826000000.0,2471000000.0,3297000000.0,1676000000.0,580000000.0,0.0,0.003,0.08,75000000.0,655000000.0,0.185,655000000.0,75000000.0,-32000000.0,0.01,0.01,0.01,4993000000.0,4837500000.0,4993000000.0,18348066704.0,245.0,28.012,1356000000.0,2.302,1.0,3307000000.0,0.935,5417000000.0,107000000.0,3167000000.0,2729250000.0,0.0,171000000.0,171000000.0,0.0,6932000000.0,3484000000.0,3448000000.0,18190066704.0,1677000000.0,-494000000.0,73000000.0,985000000.0,-47000000.0,1011000000.0,-768000000.0,-210000000.0,1376000000.0,58000000.0,9000000.0,9000000.0,9000000.0,-58000000.0,0.0,0.003,3290000000.0,17000000.0,193000000.0,8.0,3.643,2021.119,3106.0,631000000.0,0.0,31.06,5.141,5.171,1383000000.0,,3538000000.0,3538000000.0,733000000.0,0.001,0.002,0.027,0.021,214000000.0,1379000000.0,1.0,585642843.0,589000000,594000000.0,6.007,6508000000.0,590000000.0,-41000000.0,1031000000.0,11.049,1076000000.0
56,CA,MRT,2004-09-30,2004-09-30,2004-09-30,2019-04-19,0.0,10460000000.0,10560750000.0,3454000000.0,7006000000.0,0.327,8.049,51000000.0,2142000000.0,2142000000.0,228000000.0,-4000000.0,1.056,1.214,2300000000.0,826000000.0,1474000000.0,2300000000.0,1523000000.0,584000000.0,0.0,0.003,0.08,56000000.0,640000000.0,0.185,640000000.0,56000000.0,-51000000.0,-0.01,-0.01,-0.01,4725000000.0,4690500000.0,4725000000.0,15634563190.0,279.0,24.429,1401000000.0,2.387,1.0,3230000000.0,0.934,5246000000.0,107000000.0,2101000000.0,2829500000.0,0.0,110000000.0,110000000.0,0.0,5735000000.0,3271000000.0,2464000000.0,15394563190.0,1185000000.0,-107000000.0,55000000.0,0.0,-47000000.0,8000000.0,-196000000.0,-85000000.0,1350000000.0,23000000.0,-4000000.0,-4000000.0,-4000000.0,-59000000.0,0.0,-0.001,3233000000.0,-3000000.0,160000000.0,-8.0,3.258,-3848.641,-2630.0,616000000.0,0.0,26.3,4.452,4.464,1400000000.0,,3458000000.0,3458000000.0,728000000.0,0.0,-0.001,0.02,0.016,189000000.0,1333000000.0,1.0,585344608.0,587000000,587000000.0,5.891,5214000000.0,427000000.0,-47000000.0,867000000.0,8.882,183000000.0
57,CA,MRT,2004-06-30,2004-06-30,2004-06-30,2019-04-19,0.0,10607000000.0,10447750000.0,3472000000.0,7135000000.0,0.325,8.191,38000000.0,2059000000.0,2059000000.0,226000000.0,4000000.0,1.071,1.21,2299000000.0,825000000.0,1474000000.0,2299000000.0,1714000000.0,592000000.0,0.0,0.003,0.08,111000000.0,703000000.0,0.207,703000000.0,111000000.0,-1000000.0,0.0,0.0,0.0,4800000000.0,4593750000.0,4800000000.0,16916562499.0,152.0,24.063,1420000000.0,2.423,1.0,3170000000.0,0.933,5309000000.0,112000000.0,2297000000.0,3243250000.0,0.0,111000000.0,111000000.0,0.0,5807000000.0,3241000000.0,2566000000.0,16409562499.0,1296000000.0,-71000000.0,46000000.0,-1000000.0,-47000000.0,-2000000.0,-103000000.0,-14000000.0,1382000000.0,19000000.0,4000000.0,4000000.0,4000000.0,-61000000.0,0.0,0.001,3120000000.0,50000000.0,192000000.0,,3.419,4102.391,,625000000.0,0.0,28.06,4.832,4.842,1528000000.0,,3396000000.0,3396000000.0,715000000.0,0.0,0.001,0.034,0.033,164000000.0,1308000000.0,1.0,584802655.0,586000000,611000000.0,5.795,5298000000.0,435000000.0,-5000000.0,990000000.0,9.041,231000000.0
58,CA,MRT,2004-03-31,2004-03-31,2004-03-31,2019-04-19,-103000000.0,10760000000.0,10351250000.0,3439000000.0,7321000000.0,0.322,8.331,37000000.0,1793000000.0,1793000000.0,225000000.0,-28000000.0,1.373,1.227,2300000000.0,2000000.0,2298000000.0,2300000000.0,1779000000.0,597000000.0,0.0,0.003,0.08,63000000.0,660000000.0,0.198,660000000.0,63000000.0,-54000000.0,-0.05,-0.05,-0.05,4832000000.0,4498000000.0,4832000000.0,17931702301.0,285.0,27.169,1316000000.0,2.269,1.0,3107000000.0,0.932,5411000000.0,117000000.0,3352000000.0,3677750000.0,0.0,109000000.0,109000000.0,0.0,5928000000.0,2504000000.0,3424000000.0,15631702301.0,388000000.0,-71000000.0,22000000.0,-826000000.0,-47000000.0,-851000000.0,-95000000.0,-5000000.0,1279000000.0,55000000.0,-28000000.0,-28000000.0,-28000000.0,-61000000.0,0.0,-0.008,3105000000.0,2000000.0,177000000.0,-1.6,3.235,-558.275,-537.2,641000000.0,0.0,26.86,4.691,4.676,1837000000.0,1888000000.0,3332000000.0,3332000000.0,703000000.0,-0.003,-0.006,0.017,0.019,149000000.0,1318000000.0,1.0,581969557.0,580000000,580000000.0,5.745,5349000000.0,426000000.0,-26000000.0,946000000.0,9.222,935000000.0
59,CA,MRT,2003-12-31,2003-12-31,2003-12-31,2019-04-19,0.0,10416000000.0,10476500000.0,2856000000.0,7560000000.0,0.308,7.595,-38000000.0,1248000000.0,1248000000.0,225000000.0,-240000000.0,1.208,1.365,2300000000.0,1000000.0,2299000000.0,2300000000.0,1486000000.0,601000000.0,0.0,0.003,0.08,-165000000.0,436000000.0,0.135,436000000.0,-165000000.0,-293000000.0,-0.43,-0.43,-0.43,4405000000.0,4380750000.0,4405000000.0,18132088319.0,-110.0,41.587,1228000000.0,2.117,1.0,3006000000.0,0.93,5535000000.0,128000000.0,3568000000.0,3874000000.0,0.0,104000000.0,104000000.0,0.0,6011000000.0,2365000000.0,3646000000.0,15832088319.0,352000000.0,-75000000.0,6000000.0,-836000000.0,-46000000.0,-876000000.0,-119000000.0,-6000000.0,1266000000.0,81000000.0,-240000000.0,-240000000.0,-240000000.0,-1000000.0,0.0,-0.074,3172000000.0,-166000000.0,0.0,-0.186,3.594,-65.967,-63.581,644000000.0,0.0,27.34,4.9,4.908,2080000000.0,,3231000000.0,3231000000.0,701000000.0,-0.023,-0.055,-0.043,-0.051,138000000.0,1326000000.0,1.0,579081504.0,580000000,589000000.0,5.571,4881000000.0,279000000.0,-53000000.0,804000000.0,8.416,491000000.0
60,CA,MRT,2003-09-30,2003-09-30,2003-09-30,2019-04-19,0.0,10008000000.0,10628750000.0,2234000000.0,7774000000.0,0.296,7.492,-68000000.0,880000000.0,880000000.0,231000000.0,-302000000.0,1.1,1.307,2300000000.0,2000000.0,2298000000.0,2300000000.0,1304000000.0,602000000.0,0.0,0.003,0.08,-248000000.0,354000000.0,0.112,354000000.0,-248000000.0,-391000000.0,-0.54,-0.54,-0.54,4338000000.0,4392500000.0,4338000000.0,17414286823.0,-70.0,49.193,1190000000.0,2.055,1.0,2917000000.0,0.927,5642000000.0,143000000.0,3756000000.0,3788750000.0,0.0,96000000.0,96000000.0,0.0,5670000000.0,2030000000.0,3640000000.0,15114286823.0,207000000.0,-60000000.0,-1000000.0,-862000000.0,-46000000.0,-982000000.0,-135000000.0,-7000000.0,1258000000.0,66000000.0,-302000000.0,-302000000.0,-302000000.0,-3000000.0,0.0,-0.096,3168000000.0,-251000000.0,0.0,-0.148,3.484,-50.047,-48.352,643000000.0,0.0,26.11,4.801,4.802,2009000000.0,,3148000000.0,3148000000.0,695000000.0,-0.028,-0.069,-0.065,-0.079,132000000.0,1349000000.0,1.0,578869660.0,579000000,579000000.0,5.437,4366000000.0,186000000.0,-89000000.0,851000000.0,7.541,204000000.0
61,CA,MRT,2003-06-30,2003-06-30,2003-06-30,2019-04-19,0.0,10221000000.0,10885750000.0,2219000000.0,8002000000.0,0.284,7.642,-44000000.0,763000000.0,763000000.0,238000000.0,-264000000.0,1.111,1.314,2300000000.0,2000000.0,2298000000.0,2300000000.0,1436000000.0,603000000.0,0.0,0.004,0.08,-179000000.0,424000000.0,0.137,424000000.0,-179000000.0,-334000000.0,-0.47,-0.47,-0.47,4417000000.0,4442000000.0,4417000000.0,13717627770.0,-77.0,32.353,1236000000.0,2.138,1.0,2858000000.0,0.923,5725000000.0,155000000.0,4035000000.0,3576250000.0,0.0,96000000.0,96000000.0,0.0,5804000000.0,1998000000.0,3806000000.0,12879627770.0,56000000.0,-63000000.0,-47000000.0,-994000000.0,-46000000.0,-1160000000.0,-118000000.0,-11000000.0,1280000000.0,54000000.0,-264000000.0,-264000000.0,-264000000.0,-4000000.0,0.0,-0.085,3041000000.0,-183000000.0,0.0,-0.17,2.916,-48.786,-47.404,653000000.0,0.0,22.28,4.16,4.16,2159000000.0,,3096000000.0,3096000000.0,690000000.0,-0.024,-0.059,-0.05,-0.058,129000000.0,1365000000.0,1.0,578080241.0,578000000,580000000.0,5.356,4496000000.0,240000000.0,-70000000.0,979000000.0,7.779,221000000.0
62,CA,MRT,2003-03-31,2003-03-31,2003-03-31,2019-04-19,-215000000.0,11261000000.0,11186750000.0,3045000000.0,8216000000.0,0.273,7.588,-44000000.0,1405000000.0,1405000000.0,242000000.0,-337000000.0,1.005,1.581,3126000000.0,828000000.0,2298000000.0,3126000000.0,1420000000.0,605000000.0,0.0,0.006,0.08,-276000000.0,329000000.0,0.108,329000000.0,-276000000.0,-445000000.0,-0.59,-0.59,-0.59,4363000000.0,4496500000.0,4363000000.0,8688522153.0,-31.0,26.409,1266000000.0,2.202,1.0,2815000000.0,0.921,5816000000.0,169000000.0,4137000000.0,3357750000.0,0.0,91000000.0,91000000.0,0.0,6898000000.0,3029000000.0,3869000000.0,7850522153.0,333000000.0,-68000000.0,-59000000.0,-730000000.0,-46000000.0,-908000000.0,-120000000.0,-8000000.0,1310000000.0,51000000.0,-337000000.0,-337000000.0,-337000000.0,-3000000.0,0.0,-0.11,3094000000.0,-279000000.0,203000000.0,-0.136,1.799,-23.295,-23.153,662000000.0,0.0,13.66,2.568,2.569,2378000000.0,2022000000.0,3057000000.0,3057000000.0,688000000.0,-0.03,-0.075,-0.082,-0.09,153000000.0,1384000000.0,1.0,574708796.0,575000000,575000000.0,5.317,5445000000.0,287000000.0,-108000000.0,1465000000.0,9.47,16000000.0
63,CA,MRT,2002-12-31,2002-12-31,2002-12-31,2019-04-19,0.0,11025000000.0,11428000000.0,,,0.258,7.756,-52000000.0,0.0,0.0,243000000.0,-399000000.0,,1.476,838000000.0,838000000.0,0.0,838000000.0,1157000000.0,714000000.0,0.0,0.006,0.08,-353000000.0,361000000.0,0.123,361000000.0,-353000000.0,-531000000.0,-0.7,-0.7,-0.7,4452000000.0,4560000000.0,4452000000.0,9046988819.0,-26.0,25.061,1256000000.0,2.188,1.0,2703000000.0,0.918,6337000000.0,178000000.0,3227000000.0,3005750000.0,0.0,0.0,,,6573000000.0,2299000000.0,4274000000.0,7738988819.0,309000000.0,-58000000.0,-57000000.0,-649000000.0,-46000000.0,-920000000.0,-119000000.0,-9000000.0,1308000000.0,40000000.0,-399000000.0,-399000000.0,-399000000.0,3000000.0,0.0,-0.135,3053000000.0,-350000000.0,0.0,-0.114,1.738,-19.396,-19.286,685000000.0,0.0,13.5,2.627,2.63,1109000000.0,,2946000000.0,2946000000.0,628000000.0,-0.035,-0.087,-0.117,-0.12,29000000.0,1343000000.0,1.0,573258431.0,574000000,574000000.0,5.132,4688000000.0,0.0,-132000000.0,1073000000.0,8.167,
64,CA,MRT,2002-09-30,2002-09-30,2002-09-30,2019-04-19,0.0,11036000000.0,,,,,7.916,-62000000.0,0.0,0.0,248000000.0,-586000000.0,,1.433,1308000000.0,1308000000.0,0.0,1308000000.0,1066000000.0,839000000.0,0.0,0.008,0.08,-549000000.0,290000000.0,0.099,290000000.0,-549000000.0,-736000000.0,-1.02,-1.02,-1.02,4536000000.0,,4536000000.0,6987936368.0,-13.0,24.096,1269000000.0,2.215,1.0,2691000000.0,0.916,6450000000.0,187000000.0,2906000000.0,,0.0,0.0,,,6500000000.0,2988000000.0,3512000000.0,5545936368.0,229000000.0,-47000000.0,-67000000.0,-782000000.0,-46000000.0,-990000000.0,-116000000.0,-7000000.0,1331000000.0,4000000.0,-586000000.0,-586000000.0,-586000000.0,6000000.0,0.0,-0.199,3234000000.0,-543000000.0,0.0,-0.078,1.223,-9.464,-9.412,694000000.0,0.0,9.6,1.887,1.872,1411000000.0,,2939000000.0,2939000000.0,632000000.0,,,,-0.187,28000000.0,1408000000.0,1.0,577701705.0,573000000,573000000.0,5.129,4586000000.0,0.0,-150000000.0,1141000000.0,8.003,
65,CA,MRT,2002-06-30,2002-06-30,2002-06-30,2019-04-19,0.0,11425000000.0,,,,,8.019,-82000000.0,0.0,0.0,262000000.0,-825000000.0,,1.465,1442000000.0,1442000000.0,0.0,1442000000.0,1199000000.0,960000000.0,0.0,0.005,0.08,-827000000.0,133000000.0,0.046,133000000.0,-827000000.0,-1030000000.0,-1.43,-1.43,-1.43,4635000000.0,,4635000000.0,,,,1207000000.0,2.088,1.0,2659000000.0,0.91,6563000000.0,203000000.0,3161000000.0,,0.0,0.0,,,6790000000.0,3143000000.0,3647000000.0,9179680092.0,156000000.0,-55000000.0,-61000000.0,-832000000.0,-46000000.0,-1034000000.0,-123000000.0,0.0,1289000000.0,24000000.0,-825000000.0,-825000000.0,-825000000.0,7000000.0,0.0,-0.282,3479000000.0,-820000000.0,0.0,-0.056,1.981,-11.127,-11.112,715000000.0,0.0,15.89,3.143,3.144,1510000000.0,,2921000000.0,2921000000.0,643000000.0,,,,-0.283,27000000.0,1548000000.0,1.0,577701705.0,578000000,578000000.0,5.054,4862000000.0,0.0,-205000000.0,1206000000.0,8.412,
66,CA,MRT,2002-03-31,2002-03-31,2002-03-31,2019-04-19,0.0,12226000000.0,,,,,8.002,-78000000.0,0.0,0.0,283000000.0,-1102000000.0,,1.648,508000000.0,508000000.0,0.0,508000000.0,1241000000.0,1085000000.0,0.0,0.004,0.08,-1154000000.0,-69000000.0,-0.024,-69000000.0,-1154000000.0,-1381000000.0,-1.91,-1.91,-1.91,4617000000.0,,4617000000.0,,,,1166000000.0,2.021,1.0,2603000000.0,0.902,6671000000.0,227000000.0,2729000000.0,,0.0,0.0,,,7609000000.0,3334000000.0,4275000000.0,,322000000.0,-62000000.0,-55000000.0,-580000000.0,-46000000.0,-776000000.0,-142000000.0,-2000000.0,1244000000.0,-4000000.0,-1102000000.0,-1102000000.0,-1102000000.0,6000000.0,0.0,-0.382,3751000000.0,-1148000000.0,0.0,-0.042,,,-11.461,718000000.0,0.0,21.89,,4.376,1566000000.0,,2886000000.0,2886000000.0,656000000.0,,,,-0.4,26000000.0,1675000000.0,1.0,,577000000,577000000.0,5.002,5555000000.0,0.0,-279000000.0,1267000000.0,9.627,
67,CA,MRT,2001-12-31,2001-12-31,2001-12-31,2019-04-19,,,,,,,,,,,,,,,,,,,,,,0.002,0.08,,,,,,,,,,,,,,,,,,1.0,,,,,,,,,,,,,,,,,,,,,,,,,,,,,,,,,,,,,,,,34.49,,,,,,,,,,,,,,1.0,,576000000,,,,,,,,
68,CA,MRT,2001-09-30,2001-09-30,2001-09-30,2019-04-19,,,,,,,,,,,,,,,,,,,,,,0.003,0.08,,,,,,,,,,,,,,,,,,1.0,,,,,,,,,,,,,,,,,,,,,,,,,,,,,,,,,,,,,,,,25.74,,,,,,,,,,,,,,1.0,,577000000,,,,,,,,
69,CA,MRT,2001-06-30,2001-06-30,2001-06-30,2019-04-19,,,,,,,,,,,,,,,,,,,,,,0.002,0.08,,,,,,,,,,,,,,,,,,1.0,,,,,,,,,,,,,,,,,,,,,,,,,,,,,,,,,,,,,,,,36.0,,,,,,,,,,,,,,1.0,,577000000,,,,,,,,
70,CA,MRT,2001-03-31,2001-03-31,2001-03-31,2019-04-19,,,,,,,,0.0,,,463000000.0,,,,,,,,,1110000000.0,,0.003,0.08,,,,,,,-1.02,-1.02,-1.02,,,,,,,1383000000.0,2.376,1.0,3727000000.0,0.889,,,,,,,,,,,,,-544000000.0,0.0,0.0,0.0,0.0,0.0,0.0,0.0,1383000000.0,-25000000.0,,,,,,,4049000000.0,-322000000.0,,-0.078,,,-26.667,,,27.2,,3.778,,,4190000000.0,4190000000.0,695000000.0,,,,,-146000000.0,2120000000.0,,,582000000,582000000.0,7.199,,,,,,
