None,ticker,dimension,calendardate,datekey,reportperiod,lastupdated,accoci,assets,assetsavg,assetsc,assetsnc,assetturnover,bvps,capex,cashneq,cashnequsd,cor,consolinc,currentratio,de,debt,debtc,debtnc,debtusd,deferredrev,depamor,deposits,divyield,dps,ebit,ebitda,ebitdamargin,ebitdausd,ebitusd,ebt,eps,epsdil,epsusd,equity,equityavg,equityusd,ev,evebit,evebitda,fcf,fcfps,fxusd,gp,grossmargin,intangibles,intexp,invcap,invcapavg,inventory,investments,investmentsc,investmentsnc,liabilities,liabilitiesc,liabilitiesnc,marketcap,ncf,ncfbus,ncfcommon,ncfdebt,ncfdiv,ncff,ncfi,ncfinv,ncfo,ncfx,netinc,netinccmn,netinccmnusd,netincdis,netincnci,netmargin,opex,opinc,payables,payoutratio,pb,pe,pe1,ppnenet,prefdivis,price,ps,ps1,receivables,retearn,revenue,revenueusd,rnd,roa,roe,roic,ros,sbcomp,sgna,sharefactor,sharesbas,shareswa,shareswadil,sps,tangibles,taxassets,taxexp,taxliabilities,tbvps,workingcapital
0,CCL,ARY,2020-12-31,2021-01-26,2020-11-30,2021-09-30,-1436000000,53593000000,50292750000.0,10563000000,43030000000,0.111,18.413,-3286000000.0,9513000000,9513000000,6278000000.0,-10236000000.0,1.216,1.607,28380000000,4977000000,23403000000,28380000000,0,2413000000.0,1940000000,0.027,0.5,-9358000000.0,-6945000000.0,-1.241,-6945000000.0,-9358000000.0,-10253000000.0,-13.2,-13.2,-13.2,20555000000,21297000000.0,20555000000,39764429361,-4.0,-5.726,-9587000000.0,-8.588,1.0,-683000000.0,-0.122,1993000000,895000000.0,61781000000,53975000000.0,335000000,0,0,0,33038000000,8686000000,24352000000,20897429361,9161000000.0,-81000000.0,3237000000.0,16251000000.0,-689000000.0,18650000000.0,-3240000000.0,0.0,-6301000000.0,53000000.0,-10236000000.0,-10236000000.0,-10236000000.0,0.0,0.0,-1.829,8182000000.0,-8865000000.0,624000000,-0.038,1.017,-2.042,-1.418,39443000000,0.0,18.72,3.735,3.735,273000000,16075000000,5595000000.0,5595000000.0,0.0,-0.204,-0.481,-0.173,-1.673,105000000.0,1878000000.0,1.0,1116315671,1116315671,,5.012,51600000000,0,-17000000.0,0,46.223,1877000000
1,CCL,ARY,2019-12-31,2020-01-28,2019-11-30,2021-09-30,-2066000000,45058000000,44375250000.0,2059000000,42999000000,0.469,35.717,-5403000000.0,518000000,518000000,12909000000.0,2990000000.0,0.226,0.776,11502000000,1827000000,9675000000,11502000000,0,2160000000.0,4735000000,0.043,2.0,3267000000.0,5427000000.0,0.261,5427000000.0,3267000000.0,3061000000.0,4.34,4.32,4.34,25365000000,24752250000.0,25365000000,44007089000,13.0,8.109,72000000.0,0.101,1.0,7916000000.0,0.38,4086000000,206000000.0,42829000000,41140000000.0,427000000,0,0,0,19693000000,9127000000,10566000000,33023089000,-465000000.0,0.0,-603000000.0,1418000000.0,-1387000000.0,-655000000.0,-5277000000.0,0.0,5475000000.0,-9000000.0,2990000000.0,2990000000.0,2990000000.0,0.0,0.0,0.144,4640000000.0,3276000000.0,756000000,0.461,1.302,11.045,10.714,38131000000,0.0,46.5,1.586,1.586,444000000,26653000000,20825000000.0,20825000000.0,0.0,0.067,0.121,0.079,0.157,46000000.0,2480000000.0,1.0,710173957,710173957,,29.324,40972000000,0,71000000.0,0,57.693,-7068000000
2,CCL,ARY,2018-12-31,2019-01-28,2018-11-30,2021-09-30,-1949000000,42401000000,41944750000.0,2225000000,40176000000,0.45,34.015,-3360000000.0,982000000,982000000,11089000000.0,3152000000.0,0.242,0.735,10323000000,2426000000,7897000000,10323000000,0,2017000000.0,4395000000,0.035,1.95,3400000000.0,5417000000.0,0.287,5417000000.0,3400000000.0,3206000000.0,4.45,4.44,4.45,24443000000,24353000000.0,24443000000,49869792517,15.0,9.206,2189000000.0,3.046,1.0,7792000000.0,0.413,4101000000,194000000.0,38437000000,38040250000.0,450000000,0,0,0,17958000000,9204000000,8754000000,40528792517,587000000.0,0.0,-1468000000.0,1403000000.0,-1355000000.0,-1460000000.0,-3502000000.0,0.0,5549000000.0,-1000000.0,3152000000.0,3152000000.0,3152000000.0,0.0,0.0,0.167,4467000000.0,3325000000.0,730000000,0.438,1.658,12.858,12.674,35336000000,0.0,56.4,2.147,2.147,358000000,25066000000,18881000000.0,18881000000.0,0.0,0.075,0.129,0.089,0.18,65000000.0,2450000000.0,1.0,718595612,718595612,,26.275,38300000000,0,54000000.0,0,53.298,-6979000000
3,CCL,ARY,2017-12-31,2018-01-29,2017-11-30,2021-09-30,-1782000000,40778000000,40143750000.0,1596000000,39182000000,0.436,32.57,-2944000000.0,395000000,395000000,10501000000.0,2606000000.0,0.181,0.684,9195000000,2202000000,6993000000,9195000000,0,1846000000.0,3958000000,0.022,1.6,2864000000.0,4710000000.0,0.269,4710000000.0,2864000000.0,2666000000.0,3.61,3.59,3.61,24216000000,23503000000.0,24216000000,62288601542,22.0,13.225,2378000000.0,3.198,1.0,7009000000.0,0.4,4167000000,198000000.0,36611000000,36360000000.0,387000000,0,0,0,16562000000,8800000000,7762000000,53488601542,-208000000.0,0.0,-552000000.0,-789000000.0,-1087000000.0,-2452000000.0,-3089000000.0,0.0,5322000000.0,11000000.0,2606000000.0,2606000000.0,2606000000.0,0.0,0.0,0.149,4200000000.0,2809000000.0,762000000,0.443,2.209,20.525,19.928,34430000000,0.0,71.94,3.055,3.055,312000000,23292000000,17510000000.0,17510000000.0,0.0,0.065,0.111,0.079,0.164,63000000.0,2265000000.0,1.0,743516841,743516841,,23.55,36611000000,0,60000000.0,0,49.24,-7204000000
4,CCL,ARY,2016-12-31,2017-01-30,2016-11-30,2021-09-30,-2454000000,38936000000,39141250000.0,1689000000,37247000000,0.419,30.054,-3036000000.0,603000000,603000000,9383000000.0,2779000000.0,0.239,0.723,9454000000,1097000000,8357000000,9454000000,0,1738000000.0,3522000000,0.024,1.35,3051000000.0,4789000000.0,0.292,4789000000.0,3051000000.0,2828000000.0,3.73,3.72,3.73,22597000000,22728250000.0,22597000000,50685276927,17.0,10.584,2098000000.0,2.79,1.0,7006000000.0,0.427,4185000000,223000000.0,36530000000,36458250000.0,322000000,0,0,0,16339000000,7072000000,9267000000,41834276927,-792000000.0,0.0,-2300000000.0,711000000.0,-977000000.0,-2591000000.0,-3323000000.0,0.0,5134000000.0,-12000000.0,2779000000.0,2779000000.0,2779000000.0,0.0,0.0,0.17,3935000000.0,3071000000.0,713000000,0.362,1.851,15.054,14.917,32429000000,0.0,55.64,2.553,2.553,298000000,21843000000,16389000000.0,16389000000.0,0.0,0.071,0.122,0.084,0.186,55000000.0,2197000000.0,1.0,751874136,751874136,,21.798,34751000000,0,49000000.0,0,46.219,-5383000000
5,CCL,ARY,2015-12-31,2016-01-29,2015-11-30,2021-09-30,-1741000000,39237000000,38839750000.0,2451000000,36786000000,0.405,29.931,-2269000000.0,1395000000,1395000000,9447000000.0,1757000000.0,0.352,0.651,8787000000,1374000000,7413000000,8787000000,0,1626000000.0,3272000000,0.023,1.1,2016000000.0,3642000000.0,0.232,3642000000.0,2016000000.0,1799000000.0,2.26,2.26,2.26,23771000000,23681500000.0,23771000000,45616882290,23.0,12.525,2276000000.0,2.866,1.0,6267000000.0,0.399,4248000000,217000000.0,35425000000,35240000000.0,330000000,0,0,0,15466000000,6956000000,8510000000,38224882290,1064000000.0,0.0,-269000000.0,170000000.0,-816000000.0,-942000000.0,-2478000000.0,0.0,4545000000.0,-61000000.0,1757000000.0,1757000000.0,1757000000.0,0.0,0.0,0.112,3693000000.0,2574000000.0,627000000,0.487,1.608,21.756,21.296,31888000000,0.0,48.13,2.433,2.433,412000000,20060000000,15714000000.0,15714000000.0,0.0,0.045,0.074,0.057,0.128,55000000.0,2067000000.0,1.0,794200754,794200754,,19.786,34989000000,0,42000000.0,0,44.056,-4505000000
6,CCL,ARY,2014-12-31,2015-01-29,2014-11-30,2021-09-30,-616000000,39532000000,39990000000.0,1503000000,38029000000,0.397,30.032,-2541000000.0,331000000,331000000,10403000000.0,1236000000.0,0.217,0.628,9088000000,1725000000,7363000000,9088000000,0,1635000000.0,3032000000,0.022,1.0,1533000000.0,3168000000.0,0.199,3168000000.0,1533000000.0,1245000000.0,1.59,1.59,1.59,24288000000,24570000000.0,24288000000,45053281180,29.0,14.221,889000000.0,1.099,1.0,5481000000.0,0.345,4397000000,288000000.0,36971000000,37357500000.0,364000000,0,0,0,15244000000,6921000000,8323000000,36296281180,-131000000.0,0.0,0.0,-223000000.0,-776000000.0,-1028000000.0,-2507000000.0,0.0,3430000000.0,-26000000.0,1236000000.0,1236000000.0,1236000000.0,0.0,0.0,0.078,3689000000.0,1792000000.0,626000000,0.629,1.494,29.366,28.226,32773000000,0.0,44.88,2.285,2.285,486000000,19242000000,15884000000.0,15884000000.0,0.0,0.031,0.05,0.041,0.097,52000000.0,2054000000.0,1.0,808740668,808740668,,19.64,35135000000,0,9000000.0,0,43.444,-5418000000
7,CCL,ARY,2013-12-31,2014-01-29,2013-11-30,2021-09-30,161000000,40104000000,39787750000.0,1937000000,38167000000,0.388,30.393,-2149000000.0,462000000,462000000,10624000000.0,1078000000.0,0.288,0.633,9560000000,1468000000,8092000000,9560000000,0,1588000000.0,3031000000,0.025,1.0,1391000000.0,2979000000.0,0.193,2979000000.0,1391000000.0,1072000000.0,1.39,1.39,1.39,24556000000,23904750000.0,24556000000,41044442483,30.0,13.778,685000000.0,0.848,1.0,4832000000.0,0.313,4502000000,319000000.0,37980000000,37121250000.0,374000000,0,0,0,15548000000,6720000000,8828000000,31946442483,-3000000.0,0.0,-103000000.0,479000000.0,-1164000000.0,-780000000.0,-2056000000.0,0.0,2834000000.0,-1000000.0,1078000000.0,1078000000.0,1078000000.0,0.0,0.0,0.07,3480000000.0,1352000000.0,639000000,0.719,1.301,29.635,28.446,32905000000,0.0,39.54,2.067,2.067,786000000,18782000000,15456000000.0,15456000000.0,0.0,0.027,0.045,0.037,0.09,42000000.0,1879000000.0,1.0,807952516,807952516,,19.13,35602000000,0,-6000000.0,0,44.064,-4783000000
8,CCL,ARY,2012-12-31,2013-01-29,2012-11-30,2021-09-30,-207000000,39161000000,39167000000.0,1821000000,37340000000,0.393,29.623,-2332000000.0,465000000,465000000,10320000000.0,1298000000.0,0.248,0.637,8902000000,1734000000,7168000000,8902000000,0,1527000000.0,3076000000,0.039,1.5,1638000000.0,3165000000.0,0.206,3165000000.0,1638000000.0,1302000000.0,1.67,1.67,1.67,23929000000,23700250000.0,23929000000,39714109875,24.0,12.548,667000000.0,0.826,1.0,5062000000.0,0.329,4488000000,336000000.0,35770000000,36694500000.0,390000000,0,0,0,15232000000,7340000000,7892000000,31277109875,15000000.0,0.0,-90000000.0,-330000000.0,-779000000.0,-1190000000.0,-1772000000.0,0.0,2999000000.0,-22000000.0,1298000000.0,1298000000.0,1298000000.0,0.0,0.0,0.084,3420000000.0,1642000000.0,549000000,0.898,1.307,24.096,23.186,32137000000,0.0,38.72,2.033,2.033,730000000,18479000000,15382000000.0,15382000000.0,0.0,0.033,0.055,0.045,0.106,39000000.0,1720000000.0,1.0,807776598,807776598,,19.042,34673000000,0,4000000.0,0,42.924,-5519000000
9,CCL,ARY,2011-12-31,2012-01-30,2011-11-30,2021-09-30,-209000000,38637000000,39097750000.0,1312000000,37325000000,0.404,29.385,-2696000000.0,450000000,450000000,10299000000.0,1912000000.0,0.215,0.621,9353000000,1300000000,8053000000,9353000000,0,1522000000.0,3106000000,0.033,1.0,2277000000.0,3799000000.0,0.241,3799000000.0,2277000000.0,1912000000.0,2.43,2.42,2.43,23832000000,23967750000.0,23832000000,33339433932,15.0,8.776,1070000000.0,1.319,1.0,5494000000.0,0.348,4652000000,365000000.0,36783000000,37072250000.0,374000000,0,0,0,14805000000,6105000000,8700000000,24436433932,21000000.0,0.0,-454000000.0,4000000.0,-671000000.0,-1093000000.0,-2646000000.0,0.0,3766000000.0,-6000000.0,1912000000.0,1912000000.0,1912000000.0,0.0,0.0,0.121,3239000000.0,2255000000.0,576000000,0.412,1.025,12.781,12.399,32054000000,0.0,30.13,1.547,1.547,263000000,18349000000,15793000000.0,15793000000.0,0.0,0.049,0.08,0.061,0.144,46000000.0,1717000000.0,1.0,811033320,811033320,,19.473,33985000000,0,0.0,0,41.903,-4793000000
10,CCL,ARY,2010-12-31,2011-01-31,2010-11-30,2021-09-30,-254000000,37490000000,36774500000.0,1244000000,36246000000,0.393,28.01,-3579000000.0,429000000,429000000,9092000000.0,1978000000.0,0.216,0.628,9364000000,1353000000,8011000000,9364000000,0,1416000000.0,2805000000,0.009,0.4,2357000000.0,3773000000.0,0.261,3773000000.0,2357000000.0,1979000000.0,2.51,2.47,2.51,23031000000,21977250000.0,23031000000,45697923940,19.0,12.112,239000000.0,0.291,1.0,5377000000.0,0.372,4640000000,378000000.0,36030000000,35333250000.0,320000000,0,0,0,14459000000,5755000000,8704000000,36762923940,-109000000.0,0.0,21000000.0,-192000000.0,-237000000.0,-404000000.0,-3501000000.0,0.0,3818000000.0,-22000000.0,1978000000.0,1978000000.0,1978000000.0,0.0,0.0,0.137,3030000000.0,2347000000.0,503000000,0.159,1.596,18.586,17.813,30967000000,0.0,44.71,2.541,2.541,248000000,17224000000,14469000000.0,14469000000.0,0.0,0.054,0.09,0.067,0.163,43000000.0,1614000000.0,1.0,822252828,822252828,,17.597,32850000000,0,1000000.0,0,39.951,-4511000000
11,CCL,ARY,2009-12-31,2010-01-29,2009-11-30,2021-09-30,462000000,36835000000,35393750000.0,1518000000,35317000000,0.372,26.437,-3380000000.0,538000000,538000000,8104000000.0,1790000000.0,0.306,0.672,10047000000,950000000,9097000000,10047000000,0,1309000000.0,2575000000,0.0,0.0,2186000000.0,3495000000.0,0.266,3495000000.0,2186000000.0,1806000000.0,2.27,2.24,2.27,22035000000,20783500000.0,22035000000,37289039018,17.0,10.669,-38000000.0,-0.046,1.0,5053000000.0,0.384,4797000000,380000000.0,36580000000,34480500000.0,320000000,0,0,0,14800000000,4967000000,9833000000,27780039018,-112000000.0,-33000000.0,8000000.0,155000000.0,-314000000.0,-93000000.0,-3384000000.0,-2000000.0,3342000000.0,23000000.0,1790000000.0,1790000000.0,1790000000.0,0.0,0.0,0.136,2899000000.0,2154000000.0,568000000,0.0,1.261,15.52,14.683,29870000000,0.0,33.33,2.111,2.111,362000000,15770000000,13157000000.0,13157000000.0,0.0,0.051,0.086,0.063,0.166,50000000.0,1590000000.0,1.0,833484519,833484519,,15.786,32038000000,0,16000000.0,0,38.439,-3449000000
12,CCL,ARY,2008-12-31,2009-01-29,2008-11-30,2021-09-30,-623000000,33400000000,34573750000.0,1650000000,31750000000,0.424,22.773,-3353000000.0,650000000,650000000,9039000000.0,2330000000.0,0.285,0.749,9343000000,1608000000,7735000000,9343000000,0,1249000000.0,2519000000,0.086,1.6,2791000000.0,4040000000.0,0.276,4040000000.0,2791000000.0,2377000000.0,2.96,2.9,2.96,19098000000,19772250000.0,19098000000,24291415049,9.0,6.013,38000000.0,0.045,1.0,5607000000.0,0.383,4560000000,414000000.0,31752000000,31727500000.0,315000000,0,0,0,14302000000,5781000000,8521000000,15598415049,-293000000.0,0.0,-83000000.0,1042000000.0,-1261000000.0,-315000000.0,-3255000000.0,7000000.0,3391000000.0,-114000000.0,2330000000.0,2330000000.0,2330000000.0,0.0,0.0,0.159,2878000000.0,2729000000.0,512000000,0.541,0.817,6.695,6.284,26457000000,0.0,18.6,1.065,1.065,418000000,13980000000,14646000000.0,14646000000.0,0.0,0.067,0.118,0.088,0.191,50000000.0,1629000000.0,1.0,838624465,838624465,,17.464,28840000000,0,47000000.0,0,34.39,-4131000000
13,CCL,ARY,2007-12-31,2008-01-29,2007-11-30,2021-09-30,1296000000,34181000000,32754250000.0,1976000000,32205000000,0.398,23.856,-3312000000.0,943000000,943000000,7628000000.0,2408000000.0,0.272,0.712,8852000000,2539000000,6313000000,8852000000,0,1101000000.0,2807000000,0.033,1.375,2791000000.0,3892000000.0,0.299,3892000000.0,2791000000.0,2424000000.0,3.04,2.95,3.04,19963000000,19147000000.0,19963000000,42854037143,15.0,11.011,757000000.0,0.905,1.0,5405000000.0,0.415,5003000000,367000000.0,29827000000,28265500000.0,331000000,0,0,0,14218000000,7260000000,6958000000,34945037143,-220000000.0,-339000000.0,-275000000.0,668000000.0,-990000000.0,-604000000.0,-3746000000.0,-20000000.0,4069000000.0,61000000.0,2408000000.0,2408000000.0,2408000000.0,0.0,0.0,0.185,2680000000.0,2725000000.0,561000000,0.452,1.75,14.512,13.737,26639000000,0.0,41.76,2.681,2.681,436000000,12921000000,13033000000.0,13033000000.0,0.0,0.074,0.126,0.099,0.214,64000000.0,1579000000.0,1.0,836806445,836806445,,15.575,29178000000,0,16000000.0,0,34.868,-5284000000
14,CCL,ARY,2006-12-31,2007-02-12,2006-11-30,2021-09-30,661000000,30552000000,29509500000.0,1995000000,28557000000,0.401,21.799,-2434000000.0,1163000000,1163000000,6791000000.0,2279000000.0,0.368,0.678,7847000000,1492000000,6355000000,7847000000,0,988000000.0,2336000000,0.021,1.025,2630000000.0,3618000000.0,0.306,3618000000.0,2630000000.0,2318000000.0,2.85,2.77,2.85,18210000000,17590750000.0,18210000000,47332880072,18.0,13.083,1199000000.0,1.435,1.0,5048000000.0,0.426,4634000000,312000000.0,27187000000,26487750000.0,263000000,0,0,0,12342000000,5415000000,6927000000,40648880072,-15000000.0,0.0,-775000000.0,365000000.0,-803000000.0,-1212000000.0,-2443000000.0,-12000000.0,3633000000.0,7000000.0,2279000000.0,2279000000.0,2279000000.0,0.0,0.0,0.192,2435000000.0,2613000000.0,438000000,0.36,2.232,17.836,17.074,23458000000,0.0,48.66,3.433,3.433,280000000,11600000000,11839000000.0,11839000000.0,0.0,0.077,0.13,0.099,0.222,68000000.0,1447000000.0,1.0,835365394,835365394,,14.172,25918000000,0,39000000.0,0,31.026,-3420000000
15,CCL,ARY,2005-12-31,2006-02-09,2005-11-30,2021-09-30,156000000,28432000000,28275750000.0,2215000000,26217000000,0.392,19.944,-1977000000.0,1178000000,1178000000,6217000000.0,2257000000.0,0.427,0.675,7352000000,1625000000,5727000000,7352000000,0,902000000.0,2045000000,0.015,0.8,2660000000.0,3562000000.0,0.321,3562000000.0,2660000000.0,2330000000.0,2.8,2.7,2.8,16972000000,16534750000.0,16972000000,50629456713,19.0,14.214,1433000000.0,1.684,1.0,4870000000.0,0.439,4488000000,330000000.0,24926000000,25335750000.0,250000000,9000000,9000000,0,11460000000,5192000000,6268000000,44455456713,535000000.0,0.0,-323000000.0,-2000000.0,-566000000.0,-892000000.0,-1970000000.0,8000000.0,3410000000.0,-13000000.0,2257000000.0,2257000000.0,2257000000.0,0.0,0.0,0.204,2231000000.0,2639000000.0,690000000,0.286,2.619,19.697,18.657,21312000000,0.0,52.24,4.01,4.01,408000000,10233000000,11087000000.0,11087000000.0,0.0,0.08,0.137,0.105,0.24,0.0,1329000000.0,1.0,850985006,850985006,,13.028,23944000000,0,73000000.0,0,28.137,-2977000000
16,CCL,ARY,2004-12-31,2005-02-14,2004-11-30,2021-09-30,541000000,27636000000,26495250000.0,1728000000,25908000000,0.367,18.612,-3509000000.0,643000000,643000000,5457000000.0,1854000000.0,0.343,0.754,7953000000,1662000000,6291000000,7953000000,0,812000000.0,1873000000,0.009,0.375,2185000000.0,2997000000.0,0.308,2997000000.0,2185000000.0,1901000000.0,2.31,2.24,2.31,15760000000,14910250000.0,15760000000,54491375485,25.0,18.182,-293000000.0,-0.346,1.0,4270000000.0,0.439,4627000000,284000000.0,25285000000,24767500000.0,240000000,17000000,17000000,0,11876000000,5034000000,6842000000,47181375485,33000000.0,0.0,142000000.0,183000000.0,-400000000.0,-79000000.0,-3089000000.0,444000000.0,3216000000.0,-15000000.0,1854000000.0,1854000000.0,1854000000.0,0.0,0.0,0.191,2097000000.0,2173000000.0,631000000,0.216,2.994,25.448,24.121,20823000000,0.0,55.72,4.851,4.851,409000000,8623000000,9727000000.0,9727000000.0,0.0,0.07,0.124,0.088,0.225,0.0,1285000000.0,1.0,846758354,846758354,,11.487,23009000000,0,47000000.0,0,27.173,-3306000000
17,CCL,ARY,2003-12-31,2004-02-25,2003-11-30,2021-09-30,160000000,24491000000,20936149500.0,2132000000,22359000000,0.321,16.372,-2465000000.0,1070000000,1070000000,3818000000.0,1194000000.0,0.643,0.776,7404000000,486000000,6918000000,7404000000,299000000,585000000.0,1352000000,0.013,0.46,1418000000.0,2003000000.0,0.298,2003000000.0,1418000000.0,1223000000.0,1.66,1.66,1.66,13793000000,11973088000.0,13793000000,44372022297,31.0,22.153,-532000000.0,-0.631,1.0,2900000000.0,0.432,4355000000,195000000.0,23155000000,20223402750.0,171000000,1000000,1000000,0,10698000000,3315000000,7383000000,38038022297,403000000.0,140000000.0,53000000.0,1080000000.0,-292000000.0,826000000.0,-2333000000.0,42000000.0,1933000000.0,-23000000.0,1194000000.0,1194000000.0,1194000000.0,0.0,0.0,0.178,1517000000.0,1383000000.0,645000000,0.34,2.758,31.858,27.199,17522000000,0.0,45.15,5.662,5.662,403000000,7191000000,6718000000.0,6718000000.0,0.0,0.057,0.1,0.07,0.211,0.0,932000000.0,1.0,842481114,842481114,,7.974,20136000000,0,29000000.0,0,23.901,-1183000000
18,CCL,ARY,2002-12-31,2003-03-12,2002-11-30,2021-09-30,8241000,12334848000,12075600000.0,1132152000,11202696000,0.362,9.315,-1982411000.0,666700000,666700000,2311919000.0,1015941000.0,0.699,0.663,3160611000,148642000,3011969000,3160611000,170814000,382343000.0,770637000,0.041,0.854,1070119000.0,1452462000.0,0.333,1452462000.0,1070119000.0,959379000.0,1.73,1.73,1.73,7417903000,7051174250.0,7417903000,19018369670,18.0,13.094,-513379000.0,-0.645,1.0,2056350000.0,0.471,681056000,110740000.0,12527897000,11815898500.0,91310000,39005000,39005000,0,4916945000,1619806000,3297139000,16524458670,-754600000.0,0.0,7240000.0,42262000.0,-246323000.0,-198365000.0,-2020053000.0,2213000.0,1469032000.0,-5214000.0,1015941000.0,1015941000.0,1015941000.0,0.0,0.0,0.233,1014291000.0,1042059000.0,268687000,0.494,2.228,16.265,11.994,10115404000,0.0,20.75,3.783,3.783,108327000,6325850000,4368269000.0,4368269000.0,0.0,0.084,0.144,0.091,0.245,0.0,611948000.0,1.0,796359454,796359454,,5.485,11653792000,0,-56562000.0,0,14.634,-487654000
19,CCL,ARY,2002-12-31,2003-02-18,2002-11-30,2021-09-30,8241000,12334848000,12075600000.0,1132152000,11202696000,0.362,9.315,-1982411000.0,666700000,666700000,2311919000.0,1015941000.0,0.699,0.663,3160611000,148642000,3011969000,3160611000,170814000,382343000.0,770637000,0.036,0.749,1070119000.0,1452462000.0,0.333,1452462000.0,1070119000.0,959379000.0,1.73,1.73,1.73,7417903000,7051174250.0,7417903000,21232248953,20.0,14.618,-513379000.0,-0.645,1.0,2056350000.0,0.471,681056000,110740000.0,12527897000,11815898500.0,91310000,39005000,39005000,0,4916945000,1619806000,3297139000,18738337953,-754600000.0,0.0,7240000.0,42262000.0,-246323000.0,-198365000.0,-2020053000.0,2213000.0,1469032000.0,-5214000.0,1015941000.0,1015941000.0,1015941000.0,0.0,0.0,0.233,1014291000.0,1042059000.0,268687000,0.494,2.526,18.444,13.601,10115404000,0.0,23.53,4.29,4.29,108327000,6325850000,4368269000.0,4368269000.0,0.0,0.084,0.144,0.091,0.245,0.0,611948000.0,1.0,796359454,796359454,,5.485,11653792000,0,-56562000.0,0,14.634,-487654000
20,CCL,ARY,2001-12-31,2002-02-28,2001-11-30,2021-09-30,-36932000,11563552000,11107391000.0,1958988000,9604564000,0.408,8.282,-811568000.0,1421300000,1421300000,2468730000.0,926200000.0,1.323,0.755,2976618000,21764000,2954854000,2976618000,157998000,372224000.0,627698000,0.015,0.42,1034635000.0,1406859000.0,0.31,1406859000.0,1034635000.0,913943000.0,1.58,1.58,1.58,6590777000,6283386250.0,6590777000,23271455985,22.0,16.541,427368000.0,0.537,1.0,2067021000.0,0.456,651814000,120692000.0,10986816000,10477175250.0,91996000,36784000,36784000,0,4972775000,1480240000,3492535000,21716137985,1232018000.0,531225000.0,5274000.0,577724000.0,-245844000.0,337154000.0,-341916000.0,-33395000.0,1238936000.0,-2156000.0,926200000.0,926200000.0,926200000.0,0.0,0.0,0.204,1131266000.0,935755000.0,269467000,0.266,3.295,23.446,17.272,8390230000,0.0,27.29,4.788,4.788,90763000,5556296000,4535751000.0,4535751000.0,0.0,0.083,0.147,0.099,0.228,0.0,618664000.0,1.0,795754415,795754415,,5.7,10911738000,0,-12257000.0,0,13.712,478748000
21,CCL,ARY,2000-12-31,2001-02-28,2000-11-30,2021-09-30,-75059000,9831320000,8774584250.0,549482000,9281838000,0.431,7.393,-951998000.0,189282000,189282000,2058342000.0,965458000.0,0.32,0.675,2347296000,248219000,2099077000,2347296000,146332000,287667000.0,770425000,0.016,0.525,1007924000.0,1295591000.0,0.343,1295591000.0,1007924000.0,966552000.0,1.61,1.6,1.61,5870617000,5870255250.0,5870617000,28633458497,28.0,22.101,327537000.0,0.412,1.0,1720200000.0,0.455,701385000,41372000.0,9572655000,7986866250.0,100451000,437391000,0,437391000,3960703000,1715294000,2245409000,26475444497,-332489000.0,-383640000.0,-697326000.0,631662000.0,-254333000.0,-319997000.0,-1292027000.0,0.0,1279535000.0,0.0,965458000.0,965458000.0,965458000.0,0.0,0.0,0.256,775070000.0,945130000.0,332694000,0.326,4.51,27.423,20.708,8001318000,0.0,33.34,7.007,7.007,95361000,4884023000,3778542000.0,3778542000.0,0.0,0.11,0.164,0.126,0.267,0.0,487403000.0,1.0,794104514,794104514,,4.758,9129935000,0,1094000.0,0,11.497,-1165812000
22,CCL,ARY,1999-12-31,2000-02-28,1999-11-30,2021-09-30,1116000,8286355000,8085937250.0,791636000,7494719000,0.433,7.175,-872984000.0,521771000,521771000,1862636000.0,1027240000.0,0.563,0.397,1073782000,206267000,867515000,1073782000,82680000,243658000.0,675816000,0.013,0.39,1076974000.0,1320632000.0,0.378,1320632000.0,1076974000.0,1030018000.0,1.68,1.66,1.68,5931247000,5470488750.0,5931247000,25351364420,24.0,19.196,456740000.0,0.553,1.0,1634834000.0,0.467,462340000,46956000.0,6971113000,7150251750.0,84019000,609722000,22800000,586922000,2355108000,1404913000,950195000,24799353420,384498000.0,-56390000.0,741575000.0,-557066000.0,-219179000.0,-34846000.0,-910380000.0,-11890000.0,1329724000.0,0.0,1027240000.0,1027240000.0,1027240000.0,0.0,0.0,0.294,690893000.0,943941000.0,195879000,0.232,4.181,24.142,17.857,6410527000,0.0,30.0,7.091,7.091,62887000,4176498000,3497470000.0,3497470000.0,0.0,0.127,0.188,0.151,0.308,0.0,447235000.0,1.0,826645114,826645114,,4.231,7824015000,0,2778000.0,0,9.465,-613277000
23,CCL,ARY,1998-12-31,1999-02-25,1998-11-30,2021-09-30,0,7179323000,6600799000.0,370279000,6809044000,0.456,6.992,-1103385000.0,137273000,137273000,1619377000.0,835885000.0,0.326,0.675,1630640000,67626000,1563014000,1630640000,63036000,200668000.0,638383000,0.007,0.33,897472000.0,1098140000.0,0.365,1098140000.0,897472000.0,839700000.0,1.4,1.4,1.4,4285476000,3964748250.0,4285476000,29460152975,33.0,26.827,-11545000.0,-0.019,1.0,1389929000.0,0.462,437464000,57772000.0,7100113000,6509815750.0,75449000,552649000,5956000,546693000,2893847000,1135113000,1758734000,27966785975,-2716000.0,-243248000.0,11399000.0,397809000.0,-178458000.0,226497000.0,-1321053000.0,4052000.0,1091840000.0,0.0,835885000.0,835885000.0,835885000.0,0.0,0.0,0.278,570137000.0,819792000.0,168546000,0.236,6.526,33.458,32.593,5768114000,0.0,45.63,9.293,9.293,60837000,3379628000,3009306000.0,3009306000.0,0.0,0.127,0.211,0.138,0.298,0.0,369469000.0,1.0,612903484,612903484,,4.91,6741859000,0,3815000.0,0,11.0,-764834000
24,CCL,ARY,1997-12-31,1998-02-27,1997-11-30,2021-09-30,0,5426775000,5206461750.0,336025000,5090750000,0.47,6.061,-480616000.0,139989000,139989000,1322669000.0,666050000.0,0.427,0.505,1074914000,59620000,1015294000,1074914000,20241000,167287000.0,420908000,0.009,0.26,728181000.0,895468000.0,0.366,895468000.0,728181000.0,672283000.0,1.115,,1.115,3605098000,3369994500.0,3605098000,18445188496,25.0,20.598,396964000.0,0.667,1.0,1124799000.0,0.46,212607000,55898000.0,5362951000,5149546750.0,54970000,489067000,9738000,479329000,1821677000,786142000,1035535000,17510263496,28360000.0,1162000.0,5162000.0,-269025000.0,-130456000.0,-394319000.0,-454901000.0,2748000.0,877580000.0,0.0,666050000.0,666050000.0,666050000.0,0.0,0.0,0.272,463820000.0,660979000.0,106783000,0.233,4.857,26.29,26.404,4327413000,0.0,29.44,7.154,7.154,57090000,2731213000,2447468000.0,2447468000.0,0.0,0.128,0.198,0.141,0.298,0.0,296533000.0,1.0,594777972,594777972,,4.115,5214168000,0,6233000.0,0,8.767,-450117000
25,CCL,ARY,1996-12-31,1997-02-28,1996-11-30,2021-09-30,0,5101888000,,290933000,4810955000,,5.102,-807614000.0,111629000,111629000,1241269000.0,566302000.0,0.439,0.683,1383001000,66369000,1316632000,1383001000,91630000,144987000.0,352698000,0.011,0.2,639439000.0,784426000.0,0.355,784426000.0,639439000.0,575347000.0,0.975,,0.975,3030884000,,3030884000,11741894314,18.0,14.969,-66091000.0,-0.111,1.0,971303000.0,0.439,219589000,64092000.0,5490929000,,53281000,442816000,12486000,430330000,2071004000,662742000,1408262000,10470522314,58264000.0,-187015000.0,3728000.0,236115000.0,-103877000.0,135966000.0,-819225000.0,37710000.0,741523000.0,0.0,566302000.0,566302000.0,566302000.0,0.0,0.0,0.256,373875000.0,597428000.0,84748000,0.205,3.455,18.489,18.077,4099038000,0.0,17.625,4.732,4.732,38109000,2207781000,2212572000.0,2212572000.0,0.0,,,,0.289,0.0,274855000.0,1.0,594072188,594072188,,3.724,4882299000,0,9045000.0,0,8.218,-371809000
0,CCL,ARQ,2021-09-30,2021-09-30,2021-08-31,2021-09-30,-1349000000,53514000000,,8909000000,44605000000,,12.75,-936000000.0,7151000000,7151000000,1141000000.0,-2836000000.0,0.939,2.6,32644000000,4544000000,28100000000,32644000000,0,597000000.0,2707000000,0.0,0.0,-2441000000.0,-1844000000.0,-3.377,-1844000000.0,-2441000000.0,-2859000000.0,-2.5,-2.5,-2.5,14863000000,,14863000000,55243263313,-7.0,-10.978,-1815000000.0,-1.557,1.0,-595000000.0,-1.09,2000000000,418000000.0,67516000000,,322000000,647000000,647000000,0,38651000000,9491000000,29160000000,29750263313,111000000.0,0.0,18000000.0,357000000.0,0.0,376000000.0,620000000.0,1558000000.0,-879000000.0,-6000000.0,-2836000000.0,-2836000000.0,-2836000000.0,0.0,0.0,-5.194,1462000000.0,-2057000000.0,672000000,0.0,2.002,-3.268,-3.075,40283000000,0.0,25.52,45.351,45.351,281000000,9194000000,546000000.0,546000000.0,0.0,,,,,29000000.0,425000000.0,1.0,1165762669,1165762669,,0.468,51514000000,0,-23000000.0,0,44.189,-582000000
1,CCL,ARQ,2021-06-30,2021-06-28,2021-05-31,2021-09-30,-1126000000,55064000000,,10198000000,44866000000,,15.438,-68000000.0,7067000000,7067000000,632000000.0,-2072000000.0,1.165,2.08,32234000000,4949000000,27285000000,32234000000,0,602000000.0,1992000000,0.0,0.0,-1623000000.0,-1021000000.0,-20.42,-1021000000.0,-1623000000.0,-2060000000.0,-1.83,-1.83,-1.83,17876000000,,17876000000,55447577276,-7.0,-10.69,-1427000000.0,-1.232,1.0,-582000000.0,-11.64,2016000000,437000000.0,69461000000,,308000000,2204000000,2204000000,0,37188000000,8754000000,28434000000,30280577276,-2612000000.0,-90000000.0,-1000000.0,-691000000.0,0.0,-693000000.0,-566000000.0,-364000000.0,-1359000000.0,5000000.0,-2072000000.0,-2072000000.0,-2072000000.0,0.0,0.0,-41.44,1033000000.0,-1615000000.0,499000000,0.0,1.694,-3.318,-2.756,40914000000,0.0,26.15,214.756,214.756,218000000,12030000000,50000000.0,50000000.0,0.0,,,,,26000000.0,417000000.0,1.0,1157957066,1157957066,,0.043,53048000000,0,12000000.0,0,45.812,1444000000
2,CCL,ARQ,2021-03-31,2021-04-07,2021-02-28,2021-09-30,-1233000000,57226000000,,12459000000,44767000000,,17.116,-1765000000.0,9674000000,9674000000,535000000.0,-1973000000.0,1.446,1.888,32729000000,4951000000,27778000000,32729000000,0,588000000.0,1826000000,0.0,0.0,-1581000000.0,-993000000.0,-38.192,-993000000.0,-1581000000.0,-1979000000.0,-1.8,-1.8,-1.8,19813000000,,19813000000,56624343008,-6.0,-7.267,-3268000000.0,-2.823,1.0,-509000000.0,-19.577,2009000000,398000000.0,69653000000,,312000000,1840000000,1840000000,0,37413000000,8619000000,28794000000,33569343008,138000000.0,0.0,997000000.0,4219000000.0,0.0,5216000000.0,-3589000000.0,-1840000000.0,-1503000000.0,14000000.0,-1973000000.0,-1973000000.0,-1973000000.0,0.0,0.0,-75.885,1014000000.0,-1523000000.0,505000000,0.0,1.694,-2.938,-2.112,40937000000,0.0,29.0,40.396,40.396,250000000,14102000000,26000000.0,26000000.0,0.0,,,,,40000000.0,462000000.0,1.0,1157563552,1157563552,,0.022,55217000000,0,-6000000.0,0,47.701,3840000000
3,CCL,ARQ,2020-12-31,2021-01-26,2020-11-30,2021-09-30,-1436000000,53593000000,,10563000000,43030000000,,18.413,-1658000000.0,9513000000,9513000000,553000000.0,-2222000000.0,1.216,1.607,28380000000,4977000000,23403000000,28380000000,0,715000000.0,1940000000,0.027,0.0,-1889000000.0,-1174000000.0,-34.529,-1174000000.0,-1889000000.0,-2237000000.0,-2.17,-2.17,-2.17,20555000000,,20555000000,39764429361,-4.0,-5.726,-3310000000.0,-2.965,1.0,-519000000.0,-15.265,1993000000,348000000.0,61781000000,,335000000,0,0,0,33038000000,8686000000,24352000000,20897429361,1500000000.0,0.0,2471000000.0,2538000000.0,0.0,4951000000.0,-1788000000.0,0.0,-1652000000.0,-10000000.0,-2222000000.0,-2222000000.0,-2222000000.0,0.0,0.0,-65.353,1124000000.0,-1643000000.0,624000000,0.0,1.017,-2.042,-1.418,39443000000,0.0,18.72,3.735,3.735,273000000,16075000000,34000000.0,34000000.0,0.0,,,,,53000000.0,443000000.0,1.0,1116315671,1116315671,,0.03,51600000000,0,-15000000.0,0,46.223,1877000000
4,CCL,ARQ,2020-09-30,2020-10-08,2020-08-31,2021-09-30,-1439000000,50818000000,,9268000000,41550000000,,21.592,-196000000.0,8176000000,8176000000,639000000.0,-2858000000.0,0.91,1.606,26342000000,6145000000,20197000000,26342000000,0,551000000.0,2150000000,0.064,0.0,-2550000000.0,-1999000000.0,-64.484,-1999000000.0,-2550000000.0,-2860000000.0,-3.69,-3.69,-3.69,19503000000,,19503000000,32265588841,-5.0,-6.821,-3041000000.0,-3.367,1.0,-608000000.0,-19.613,1993000000,310000000.0,56807000000,,349000000,0,0,0,31315000000,10184000000,21131000000,14099588841,1295000000.0,0.0,220000000.0,4089000000.0,0.0,4274000000.0,-196000000.0,0.0,-2845000000.0,62000000.0,-2858000000.0,-2858000000.0,-2858000000.0,0.0,0.0,-92.194,1726000000.0,-2334000000.0,691000000,0.0,0.723,-1.858,-1.518,38305000000,0.0,15.61,1.363,1.363,376000000,18297000000,31000000.0,31000000.0,0.0,,,,,14000000.0,265000000.0,1.0,903240797,903240797,,0.034,48825000000,0,-2000000.0,0,54.055,-916000000
5,CCL,ARQ,2020-06-30,2020-07-10,2020-05-31,2021-09-30,-1962000000,49817000000,,8222000000,41595000000,,26.608,-332000000.0,6881000000,6881000000,1896000000.0,-4374000000.0,0.693,1.39,22250000000,6088000000,16162000000,22250000000,0,577000000.0,2618000000,0.093,0.0,-4203000000.0,-3626000000.0,-4.9,-3626000000.0,-4203000000.0,-4385000000.0,-6.07,-6.07,-6.07,20840000000,,20840000000,28026096055,-11.0,-92.191,-3052000000.0,-3.897,1.0,-1156000000.0,-1.562,1958000000,182000000.0,51370000000,,362000000,0,0,0,28977000000,11858000000,17119000000,12657096055,5528000000.0,-81000000.0,558000000.0,8154000000.0,-345000000.0,8336000000.0,-95000000.0,0.0,-2720000000.0,8000000.0,-4374000000.0,-4374000000.0,-4374000000.0,0.0,0.0,-5.911,3022000000.0,-4178000000.0,1809000000,0.0,0.607,-4.288,-4.03,38552000000,0.0,16.16,0.751,0.751,604000000,21155000000,740000000.0,740000000.0,0.0,,,,,18000000.0,492000000.0,1.0,783236142,783236142,,0.945,47859000000,0,-11000000.0,0,61.104,-3636000000
6,CCL,ARQ,2020-03-31,2020-04-03,2020-02-29,2021-09-30,-2028000000,46943000000,,2885000000,44058000000,,34.194,-1100000000.0,1354000000,1354000000,3521000000.0,-781000000.0,0.269,0.933,14418000000,3368000000,11050000000,14418000000,0,570000000.0,4690000000,0.236,0.5,-715000000.0,-145000000.0,-0.03,-145000000.0,-715000000.0,-770000000.0,-1.14,-1.14,-1.14,24290000000,,24290000000,19094909807,9.0,4.362,-184000000.0,-0.259,1.0,1268000000.0,0.265,3349000000,55000000.0,45942000000,,440000000,0,0,0,22653000000,10716000000,11937000000,6030909807,838000000.0,0.0,-12000000.0,1470000000.0,-344000000.0,1089000000.0,-1161000000.0,0.0,916000000.0,-7000000.0,-781000000.0,-781000000.0,-781000000.0,0.0,0.0,-0.163,1979000000.0,-711000000.0,904000000,-0.439,0.248,3.22,3.133,39492000000,0.0,8.49,0.288,0.288,405000000,25527000000,4789000000.0,4789000000.0,0.0,,,,,20000000.0,678000000.0,1.0,710354512,710354512,,6.742,43594000000,0,11000000.0,0,61.369,-7831000000
7,CCL,ARQ,2019-12-31,2020-01-28,2019-11-30,2021-09-30,-2066000000,45058000000,,2059000000,42999000000,,35.717,-1970000000.0,518000000,518000000,3076000000.0,423000000.0,0.226,0.776,11502000000,1827000000,9675000000,11502000000,0,553000000.0,4735000000,0.043,0.5,487000000.0,1040000000.0,0.217,1040000000.0,487000000.0,438000000.0,0.62,0.61,0.62,25365000000,,25365000000,44007089000,13.0,8.109,-909000000.0,-1.28,1.0,1706000000.0,0.357,4086000000,49000000.0,42829000000,,427000000,0,0,0,19693000000,9127000000,10566000000,33023089000,-639000000.0,0.0,-131000000.0,768000000.0,-346000000.0,257000000.0,-1960000000.0,0.0,1061000000.0,2000000.0,423000000.0,423000000.0,423000000.0,0.0,0.0,0.088,1220000000.0,486000000.0,756000000,0.806,1.302,11.045,10.714,38131000000,0.0,46.5,1.586,1.586,444000000,26653000000,4782000000.0,4782000000.0,0.0,,,,,8000000.0,667000000.0,1.0,710173957,710173957,,6.734,40972000000,0,15000000.0,0,57.693,-7068000000
8,CCL,ARQ,2019-09-30,2019-09-26,2019-08-31,2021-09-30,-2183000000,44001000000,,2712000000,41289000000,,35.5,-418000000.0,1153000000,1153000000,3532000000.0,1780000000.0,0.304,0.74,10738000000,1845000000,8893000000,10738000000,0,548000000.0,4674000000,0.046,0.5,1879000000.0,2427000000.0,0.371,2427000000.0,1879000000.0,1827000000.0,2.58,2.58,2.58,25295000000,,25295000000,40901279310,12.0,7.506,827000000.0,1.161,1.0,3001000000.0,0.459,4052000000,52000000.0,40602000000,,482000000,0,0,0,18706000000,8932000000,9774000000,31316279310,-46000000.0,0.0,-156000000.0,-377000000.0,-347000000.0,-886000000.0,-399000000.0,0.0,1245000000.0,-6000000.0,1780000000.0,1780000000.0,1780000000.0,0.0,0.0,0.272,1111000000.0,1890000000.0,695000000,0.194,1.238,10.234,9.921,36466000000,0.0,43.95,1.528,1.528,441000000,26576000000,6533000000.0,6533000000.0,0.0,,,,,11000000.0,563000000.0,1.0,712543329,712543329,,9.169,39949000000,0,47000000.0,0,56.065,-6220000000
9,CCL,ARQ,2019-06-30,2019-06-24,2019-05-31,2021-09-30,-2076000000,44512000000,,2835000000,41677000000,,33.652,-886000000.0,1202000000,1202000000,3159000000.0,451000000.0,0.273,0.846,11174000000,2094000000,9080000000,11174000000,0,543000000.0,5815000000,0.043,0.5,513000000.0,1056000000.0,0.218,1056000000.0,513000000.0,459000000.0,0.65,0.65,0.65,24108000000,,24108000000,42925789948,13.0,8.061,1167000000.0,1.629,1.0,1679000000.0,0.347,4079000000,54000000.0,40028000000,,501000000,0,0,0,20404000000,10377000000,10027000000,32953789948,551000000.0,0.0,-42000000.0,-236000000.0,-346000000.0,-638000000.0,-859000000.0,0.0,2053000000.0,-6000000.0,451000000.0,451000000.0,451000000.0,0.0,0.0,0.093,1163000000.0,516000000.0,792000000,0.769,1.367,11.032,10.773,36814000000,0.0,46.0,1.664,1.664,405000000,25138000000,4838000000.0,4838000000.0,0.0,,,,,7000000.0,621000000.0,1.0,716386738,716386738,,6.753,40433000000,0,8000000.0,0,56.44,-7542000000
10,CCL,ARQ,2019-03-31,2019-04-09,2019-02-28,2021-09-30,-1869000000,43930000000,,2101000000,41829000000,,33.81,-2129000000.0,649000000,649000000,3142000000.0,336000000.0,0.218,0.812,11586000000,2452000000,9134000000,11586000000,0,516000000.0,4755000000,0.039,0.5,389000000.0,905000000.0,0.194,905000000.0,389000000.0,338000000.0,0.48,0.48,0.48,24241000000,,24241000000,48148368603,14.0,8.926,-1013000000.0,-1.413,1.0,1531000000.0,0.328,4124000000,51000000.0,41101000000,,444000000,0,0,0,19689000000,9642000000,10047000000,37211368603,-331000000.0,0.0,-274000000.0,1263000000.0,-348000000.0,612000000.0,-2059000000.0,0.0,1116000000.0,1000000.0,336000000.0,336000000.0,336000000.0,0.0,0.0,0.072,1145000000.0,386000000.0,798000000,1.042,1.535,12.015,11.769,37005000000,0.0,51.9,1.926,1.926,406000000,25033000000,4673000000.0,4673000000.0,0.0,,,,,20000000.0,629000000.0,1.0,716982054,716982054,,6.518,39806000000,0,2000000.0,0,55.519,-7541000000
11,CCL,ARQ,2018-12-31,2019-01-28,2018-11-30,2021-09-30,-1949000000,42401000000,,2225000000,40176000000,,34.015,-858000000.0,982000000,982000000,2741000000.0,493000000.0,0.242,0.735,10323000000,2426000000,7897000000,10323000000,0,507000000.0,4395000000,0.035,0.5,554000000.0,1061000000.0,0.238,1061000000.0,554000000.0,507000000.0,0.72,0.72,0.72,24443000000,,24443000000,49869792517,15.0,9.206,255000000.0,0.355,1.0,1715000000.0,0.385,4101000000,47000000.0,38437000000,,450000000,0,0,0,17958000000,9204000000,8754000000,40528792517,456000000.0,0.0,-263000000.0,874000000.0,-352000000.0,247000000.0,-896000000.0,0.0,1113000000.0,-8000000.0,493000000.0,493000000.0,493000000.0,0.0,0.0,0.111,1163000000.0,552000000.0,730000000,0.694,1.658,12.858,12.674,35336000000,0.0,56.4,2.147,2.147,358000000,25066000000,4456000000.0,4456000000.0,0.0,,,,,16000000.0,656000000.0,1.0,718595612,718595612,,6.201,38300000000,0,14000000.0,0,53.298,-6979000000
12,CCL,ARQ,2018-09-30,2018-09-27,2018-08-31,2021-09-30,-1840000000,41753000000,,1755000000,39998000000,,33.997,-403000000.0,526000000,526000000,2958000000.0,1707000000.0,0.219,0.694,9617000000,1320000000,8297000000,9617000000,0,510000000.0,4418000000,0.03,0.5,1793000000.0,2303000000.0,0.395,2303000000.0,1793000000.0,1744000000.0,2.42,2.41,2.42,24654000000,,24654000000,55313634103,16.0,10.166,946000000.0,1.305,1.0,2878000000.0,0.493,4131000000,49000000.0,38693000000,,405000000,0,0,0,17099000000,8020000000,9079000000,46222634103,-527000000.0,0.0,-692000000.0,-306000000.0,-357000000.0,-1368000000.0,-514000000.0,0.0,1349000000.0,5000000.0,1707000000.0,1707000000.0,1707000000.0,0.0,0.0,0.292,1084000000.0,1794000000.0,666000000,0.207,1.875,14.422,14.133,35178000000,0.0,63.74,2.474,2.474,366000000,24921000000,5836000000.0,5836000000.0,0.0,,,,,17000000.0,573000000.0,1.0,725174680,725174680,,8.048,37622000000,0,37000000.0,0,51.88,-6265000000
13,CCL,ARQ,2018-06-30,2018-06-25,2018-05-31,2021-09-30,-1855000000,42184000000,,2278000000,39906000000,,32.483,-1525000000.0,1053000000,1053000000,2681000000.0,561000000.0,0.245,0.763,9857000000,1685000000,8172000000,9857000000,0,512000000.0,5308000000,0.031,0.5,613000000.0,1125000000.0,0.258,1125000000.0,613000000.0,564000000.0,0.79,0.78,0.79,23933000000,,23933000000,51936045099,17.0,10.331,498000000.0,0.676,1.0,1676000000.0,0.385,4133000000,49000000.0,37547000000,,402000000,0,0,0,18251000000,9308000000,8943000000,43132045099,600000000.0,0.0,-295000000.0,718000000.0,-323000000.0,89000000.0,-1501000000.0,0.0,2023000000.0,-10000000.0,561000000.0,561000000.0,561000000.0,0.0,0.0,0.129,1117000000.0,559000000.0,745000000,0.633,1.802,15.257,14.896,35227000000,0.0,58.54,2.349,2.349,342000000,23564000000,4357000000.0,4357000000.0,0.0,,,,,14000000.0,605000000.0,1.0,736796124,736796124,,5.913,38051000000,0,3000000.0,0,51.644,-7030000000
14,CCL,ARQ,2018-03-31,2018-03-22,2018-02-28,2021-09-30,-1486000000,41441000000,,1667000000,39774000000,,32.874,-574000000.0,453000000,453000000,2709000000.0,391000000.0,0.188,0.7,9559000000,2114000000,7445000000,9559000000,0,488000000.0,4288000000,0.026,0.45,439000000.0,927000000.0,0.219,927000000.0,439000000.0,391000000.0,0.54,0.54,0.54,24382000000,,24382000000,58205910968,20.0,12.144,490000000.0,0.661,1.0,1523000000.0,0.36,4212000000,48000000.0,37484000000,,394000000,0,0,0,17059000000,8851000000,8208000000,49099910968,58000000.0,0.0,-218000000.0,117000000.0,-323000000.0,-428000000.0,-591000000.0,0.0,1064000000.0,12000000.0,391000000.0,391000000.0,391000000.0,0.0,0.0,0.092,1104000000.0,419000000.0,795000000,0.833,2.014,18.563,18.087,35027000000,0.0,66.2,2.735,2.735,345000000,23360000000,4232000000.0,4232000000.0,0.0,,,,,18000000.0,616000000.0,1.0,741690498,741690498,,5.706,37229000000,0,0.0,0,50.195,-7184000000
15,CCL,ARQ,2017-12-31,2018-01-29,2017-11-30,2021-09-30,-1782000000,40778000000,,1596000000,39182000000,,32.57,-648000000.0,395000000,395000000,2617000000.0,546000000.0,0.181,0.684,9195000000,2202000000,6993000000,9195000000,0,478000000.0,3958000000,0.022,0.45,608000000.0,1086000000.0,0.255,1086000000.0,608000000.0,560000000.0,0.76,0.75,0.76,24216000000,,24216000000,62288601542,22.0,13.225,376000000.0,0.506,1.0,1642000000.0,0.386,4167000000,48000000.0,36611000000,,387000000,0,0,0,16562000000,8800000000,7762000000,53488601542,-94000000.0,0.0,-247000000.0,91000000.0,-290000000.0,-448000000.0,-670000000.0,0.0,1024000000.0,0.0,546000000.0,546000000.0,546000000.0,0.0,0.0,0.128,1094000000.0,548000000.0,762000000,0.592,2.209,20.525,19.928,34430000000,0.0,71.94,3.055,3.055,312000000,23292000000,4259000000.0,4259000000.0,0.0,,,,,15000000.0,616000000.0,1.0,743516841,743516841,,5.728,36611000000,0,14000000.0,0,49.24,-7204000000
16,CCL,ARQ,2017-09-30,2017-09-29,2017-08-31,2021-09-30,-1845000000,40643000000,,1661000000,38982000000,,32.354,-437000000.0,489000000,489000000,3013000000.0,1329000000.0,0.208,0.681,9170000000,1447000000,7723000000,9170000000,0,472000000.0,4038000000,0.023,0.4,1417000000.0,1889000000.0,0.343,1889000000.0,1417000000.0,1368000000.0,1.84,1.83,1.84,24172000000,,24172000000,56921591739,19.0,12.042,1012000000.0,1.355,1.0,2502000000.0,0.454,4204000000,49000000.0,37151000000,,357000000,0,0,0,16471000000,7969000000,8502000000,48240591739,-108000000.0,0.0,-153000000.0,-622000000.0,-290000000.0,-1069000000.0,-485000000.0,0.0,1449000000.0,-3000000.0,1329000000.0,1329000000.0,1329000000.0,0.0,0.0,0.241,1109000000.0,1393000000.0,639000000,0.217,1.996,18.081,17.546,34172000000,0.0,64.57,2.807,2.807,324000000,23066000000,5515000000.0,5515000000.0,0.0,,,,,14000000.0,547000000.0,1.0,747105339,747105339,,7.382,36439000000,0,39000000.0,0,48.774,-6308000000
17,CCL,ARQ,2017-06-30,2017-06-30,2017-05-31,2021-09-30,-2154000000,40451000000,,1774000000,38677000000,,30.617,-1447000000.0,597000000,597000000,2436000000.0,379000000.0,0.196,0.761,9418000000,1783000000,7635000000,9418000000,0,457000000.0,4778000000,0.022,0.4,434000000.0,891000000.0,0.226,891000000.0,434000000.0,384000000.0,0.52,0.52,0.52,22964000000,,22964000000,58001432422,19.0,12.069,470000000.0,0.627,1.0,1509000000.0,0.383,4239000000,50000000.0,35975000000,,351000000,0,0,0,17487000000,9058000000,8429000000,49180432422,160000000.0,0.0,-83000000.0,32000000.0,-253000000.0,-320000000.0,-1460000000.0,0.0,1917000000.0,23000000.0,379000000.0,379000000.0,379000000.0,0.0,0.0,0.096,1009000000.0,500000000.0,690000000,0.769,2.142,17.8,17.393,33823000000,0.0,65.57,2.933,2.933,319000000,22026000000,3945000000.0,3945000000.0,0.0,,,,,14000000.0,553000000.0,1.0,750044722,750044722,,5.26,36212000000,0,5000000.0,0,48.28,-7284000000
18,CCL,ARQ,2017-03-31,2017-03-30,2017-02-28,2021-09-30,-2440000000,38703000000,,1597000000,37106000000,,30.183,-412000000.0,437000000,437000000,2435000000.0,352000000.0,0.214,0.708,9092000000,1296000000,7796000000,9092000000,0,439000000.0,3734000000,0.024,0.35,405000000.0,844000000.0,0.223,844000000.0,405000000.0,354000000.0,0.48,0.48,0.48,22660000000,,22660000000,53167165410,16.0,10.597,520000000.0,0.693,1.0,1356000000.0,0.358,4190000000,51000000.0,35703000000,,361000000,0,0,0,16043000000,7465000000,8578000000,44512165410,-166000000.0,0.0,-69000000.0,-290000000.0,-254000000.0,-615000000.0,-474000000.0,0.0,932000000.0,-9000000.0,352000000.0,352000000.0,352000000.0,0.0,0.0,0.093,988000000.0,368000000.0,669000000,0.729,1.964,14.892,14.603,32328000000,0.0,59.29,2.693,2.693,307000000,21939000000,3791000000.0,3791000000.0,0.0,,,,,20000000.0,549000000.0,1.0,750753338,750753338,,5.05,34513000000,0,2000000.0,0,45.971,-5868000000
19,CCL,ARQ,2016-12-31,2017-01-30,2016-11-30,2021-09-30,-2454000000,38936000000,,1689000000,37247000000,,30.054,-639000000.0,603000000,603000000,2319000000.0,608000000.0,0.239,0.723,9454000000,1097000000,8357000000,9454000000,0,435000000.0,3522000000,0.024,0.35,668000000.0,1103000000.0,0.28,1103000000.0,668000000.0,613000000.0,0.84,0.84,0.84,22597000000,,22597000000,50685276927,17.0,10.584,385000000.0,0.512,1.0,1616000000.0,0.411,4185000000,55000000.0,36530000000,,322000000,0,0,0,16339000000,7072000000,9267000000,41834276927,141000000.0,0.0,-230000000.0,337000000.0,-256000000.0,-165000000.0,-701000000.0,0.0,1024000000.0,-17000000.0,608000000.0,608000000.0,608000000.0,0.0,0.0,0.155,1019000000.0,597000000.0,713000000,0.417,1.851,15.054,14.917,32429000000,0.0,55.64,2.553,2.553,298000000,21843000000,3935000000.0,3935000000.0,0.0,,,,,15000000.0,584000000.0,1.0,751874136,751874136,,5.234,34751000000,0,5000000.0,0,46.219,-5383000000
20,CCL,ARQ,2016-09-30,2016-09-30,2016-08-31,2021-09-30,-2012000000,39332000000,,1554000000,37778000000,,30.369,-450000000.0,462000000,462000000,2563000000.0,1424000000.0,0.219,0.718,9393000000,1073000000,8320000000,9393000000,0,442000000.0,3585000000,0.027,0.35,1526000000.0,1968000000.0,0.386,1968000000.0,1526000000.0,1465000000.0,1.93,1.93,1.93,22900000000,,22900000000,45744170242,17.0,10.328,979000000.0,1.298,1.0,2534000000.0,0.497,4254000000,61000000.0,36909000000,,314000000,0,0,0,16432000000,7100000000,9332000000,36813170242,-57000000.0,0.0,-709000000.0,-70000000.0,-262000000.0,-1045000000.0,-449000000.0,0.0,1429000000.0,8000000.0,1424000000.0,1424000000.0,1424000000.0,0.0,0.0,0.279,972000000.0,1562000000.0,704000000,0.181,1.608,15.081,14.93,32864000000,0.0,48.82,2.277,2.277,423000000,21488000000,5097000000.0,5097000000.0,0.0,,,,,12000000.0,529000000.0,1.0,754059202,754059202,,6.759,35078000000,0,41000000.0,0,46.519,-5546000000
21,CCL,ARQ,2016-06-30,2016-07-01,2016-05-31,2021-09-30,-1648000000,39851000000,,1600000000,38251000000,,29.701,-1617000000.0,519000000,519000000,2258000000.0,605000000.0,0.204,0.749,9429000000,1246000000,8183000000,9429000000,0,438000000.0,4275000000,0.028,0.35,664000000.0,1102000000.0,0.297,1102000000.0,664000000.0,607000000.0,0.81,0.8,0.81,22791000000,,22791000000,43333208043,17.0,10.409,266000000.0,0.347,1.0,1447000000.0,0.391,4324000000,57000000.0,36596000000,,315000000,0,0,0,17060000000,7841000000,9219000000,34423208043,-259000000.0,0.0,-485000000.0,282000000.0,-227000000.0,-434000000.0,-1714000000.0,0.0,1883000000.0,6000000.0,605000000.0,605000000.0,605000000.0,0.0,0.0,0.163,969000000.0,478000000.0,667000000,0.432,1.51,15.416,15.469,33244000000,0.0,44.86,2.158,2.158,442000000,20320000000,3705000000.0,3705000000.0,0.0,,,,,12000000.0,532000000.0,1.0,767347482,767347482,,4.828,35527000000,0,2000000.0,0,46.298,-6241000000
22,CCL,ARQ,2016-03-31,2016-03-31,2016-02-29,2021-09-30,-1943000000,38446000000,,1860000000,36586000000,,29.059,-330000000.0,778000000,778000000,2243000000.0,142000000.0,0.279,0.699,9068000000,1078000000,7990000000,9068000000,0,423000000.0,3335000000,0.022,0.3,195000000.0,618000000.0,0.169,618000000.0,195000000.0,143000000.0,0.18,0.18,0.18,22625000000,,22625000000,49376356779,23.0,13.167,468000000.0,0.601,1.0,1408000000.0,0.386,4274000000,52000000.0,35798000000,,333000000,0,0,0,15821000000,6664000000,9157000000,41086356779,-617000000.0,0.0,-876000000.0,162000000.0,-232000000.0,-947000000.0,-459000000.0,0.0,798000000.0,-9000000.0,142000000.0,142000000.0,142000000.0,0.0,0.0,0.039,974000000.0,434000000.0,619000000,1.667,1.816,22.209,22.172,31677000000,0.0,52.77,2.595,2.595,423000000,19976000000,3651000000.0,3651000000.0,0.0,,,,,16000000.0,551000000.0,1.0,778593079,778593079,,4.689,34172000000,0,1000000.0,0,43.889,-4804000000
23,CCL,ARQ,2015-12-31,2016-01-29,2015-11-30,2021-09-30,-1741000000,39237000000,,2451000000,36786000000,,29.931,-590000000.0,1395000000,1395000000,2218000000.0,270000000.0,0.352,0.651,8787000000,1374000000,7413000000,8787000000,0,420000000.0,3272000000,0.023,0.3,321000000.0,741000000.0,0.2,741000000.0,321000000.0,271000000.0,0.35,0.35,0.35,23771000000,,23771000000,45616882290,23.0,12.525,388000000.0,0.489,1.0,1493000000.0,0.402,4248000000,50000000.0,35425000000,,330000000,0,0,0,15466000000,6956000000,8510000000,38224882290,856000000.0,0.0,-270000000.0,1095000000.0,-232000000.0,567000000.0,-673000000.0,0.0,978000000.0,-16000000.0,270000000.0,270000000.0,270000000.0,0.0,0.0,0.073,983000000.0,510000000.0,627000000,0.857,1.608,21.756,21.296,31888000000,0.0,48.13,2.433,2.433,412000000,20060000000,3711000000.0,3711000000.0,0.0,,,,,17000000.0,563000000.0,1.0,794200754,794200754,,4.673,34989000000,0,1000000.0,0,44.056,-4505000000
24,CCL,ARQ,2015-09-30,2015-10-02,2015-08-31,2021-09-30,-1378000000,38797000000,,1617000000,37180000000,,30.193,-323000000.0,539000000,539000000,2490000000.0,1216000000.0,0.24,0.593,7860000000,1256000000,6604000000,7860000000,0,399000000.0,3314000000,0.021,0.3,1303000000.0,1702000000.0,0.349,1702000000.0,1303000000.0,1250000000.0,1.56,1.56,1.56,24353000000,,24353000000,47455696892,28.0,14.429,958000000.0,1.188,1.0,2393000000.0,0.49,4299000000,53000000.0,35070000000,,305000000,0,0,0,14444000000,6749000000,7695000000,40134696892,241000000.0,0.0,1000000.0,-456000000.0,-196000000.0,-648000000.0,-378000000.0,0.0,1281000000.0,-14000000.0,1216000000.0,1216000000.0,1216000000.0,0.0,0.0,0.249,883000000.0,1510000000.0,578000000,0.192,1.648,28.978,27.955,32232000000,0.0,49.76,2.553,2.553,452000000,20023000000,4883000000.0,4883000000.0,0.0,,,,,13000000.0,484000000.0,1.0,806565452,806565452,,6.054,34498000000,0,34000000.0,0,42.771,-5132000000
25,CCL,ARQ,2015-06-30,2015-07-01,2015-05-31,2021-09-30,-1479000000,38611000000,,1479000000,37132000000,,28.72,-414000000.0,298000000,298000000,2404000000.0,222000000.0,0.193,0.661,8269000000,1621000000,6648000000,8269000000,0,406000000.0,3907000000,0.02,0.25,283000000.0,689000000.0,0.192,689000000.0,283000000.0,226000000.0,0.29,0.29,0.29,23252000000,,23252000000,48151985691,29.0,14.521,1101000000.0,1.36,1.0,1186000000.0,0.33,4288000000,57000000.0,34611000000,,327000000,0,0,0,15359000000,7683000000,7676000000,40180985691,18000000.0,0.0,0.0,-815000000.0,-194000000.0,-1012000000.0,-453000000.0,0.0,1515000000.0,-32000000.0,222000000.0,222000000.0,222000000.0,0.0,0.0,0.062,897000000.0,289000000.0,637000000,0.862,1.728,28.376,27.12,32179000000,0.0,49.63,2.545,2.545,556000000,19041000000,3590000000.0,3590000000.0,0.0,,,,,14000000.0,491000000.0,1.0,809610834,809610834,,4.434,34323000000,0,4000000.0,0,42.394,-6204000000
26,CCL,ARQ,2015-03-31,2015-04-02,2015-02-28,2021-09-30,-1339000000,38714000000,,1426000000,37288000000,,28.843,-942000000.0,280000000,280000000,2335000000.0,49000000.0,0.192,0.658,9139000000,2195000000,6944000000,9139000000,0,401000000.0,3147000000,0.021,0.25,109000000.0,510000000.0,0.144,510000000.0,109000000.0,52000000.0,0.06,0.06,0.06,23350000000,,23350000000,47692944070,30.0,14.83,-171000000.0,-0.211,1.0,1196000000.0,0.339,4307000000,57000000.0,35854000000,,332000000,0,0,0,15364000000,7412000000,7952000000,38833944070,-51000000.0,0.0,0.0,346000000.0,-194000000.0,151000000.0,-974000000.0,0.0,771000000.0,1000000.0,49000000.0,49000000.0,49000000.0,0.0,0.0,0.014,930000000.0,266000000.0,594000000,4.167,1.663,29.872,28.554,32294000000,0.0,47.97,2.453,2.453,492000000,19013000000,3531000000.0,3531000000.0,0.0,,,,,11000000.0,529000000.0,1.0,809546468,809546468,,4.362,34407000000,0,3000000.0,0,42.502,-5986000000
27,CCL,ARQ,2014-12-31,2015-01-29,2014-11-30,2021-09-30,-616000000,39532000000,,1503000000,38029000000,,30.032,-906000000.0,331000000,331000000,2497000000.0,-102000000.0,0.217,0.628,9088000000,1725000000,7363000000,9088000000,0,408000000.0,3032000000,0.022,0.25,-20000000.0,388000000.0,0.104,388000000.0,-20000000.0,-95000000.0,-0.13,-0.13,-0.13,24288000000,,24288000000,45053281180,29.0,14.221,-269000000.0,-0.333,1.0,1222000000.0,0.329,4397000000,75000000.0,36971000000,,364000000,0,0,0,15244000000,6921000000,8323000000,36296281180,-105000000.0,0.0,0.0,366000000.0,-194000000.0,160000000.0,-890000000.0,0.0,637000000.0,-12000000.0,-102000000.0,-102000000.0,-102000000.0,0.0,0.0,-0.027,955000000.0,267000000.0,626000000,-1.923,1.494,29.366,28.226,32773000000,0.0,44.88,2.285,2.285,486000000,19242000000,3719000000.0,3719000000.0,0.0,,,,,15000000.0,547000000.0,1.0,808740668,808740668,,4.599,35135000000,0,7000000.0,0,43.444,-5418000000
28,CCL,ARQ,2014-09-30,2014-10-03,2014-08-31,2021-09-30,-28000000,39997000000,,1602000000,38395000000,,31.109,-348000000.0,436000000,436000000,2754000000.0,1247000000.0,0.227,0.59,8867000000,1900000000,6967000000,8867000000,0,413000000.0,3130000000,0.025,0.25,1316000000.0,1729000000.0,0.35,1729000000.0,1316000000.0,1247000000.0,1.61,1.6,1.61,25157000000,,25157000000,40437999370,24.0,12.176,772000000.0,0.955,1.0,2193000000.0,0.443,4491000000,69000000.0,36881000000,,358000000,0,0,0,14840000000,7056000000,7784000000,32006999370,93000000.0,0.0,0.0,-465000000.0,-194000000.0,-669000000.0,-349000000.0,0.0,1120000000.0,-9000000.0,1247000000.0,1247000000.0,1247000000.0,0.0,0.0,0.252,895000000.0,1298000000.0,610000000,0.155,1.272,22.797,21.867,33073000000,0.0,39.58,2.023,2.023,478000000,19538000000,4947000000.0,4947000000.0,0.0,,,,,11000000.0,481000000.0,1.0,808665977,808665977,,6.117,35506000000,0,0.0,0,43.907,-5454000000
29,CCL,ARQ,2014-06-30,2014-07-02,2014-05-31,2021-09-30,243000000,40526000000,,1625000000,38901000000,,30.141,-934000000.0,343000000,343000000,2565000000.0,106000000.0,0.22,0.663,9436000000,1556000000,7880000000,9436000000,0,410000000.0,3698000000,0.027,0.25,179000000.0,589000000.0,0.162,589000000.0,179000000.0,107000000.0,0.14,0.14,0.14,24365000000,,24365000000,39455552493,28.0,13.113,262000000.0,0.324,1.0,1068000000.0,0.294,4524000000,72000000.0,37694000000,,383000000,0,0,0,16161000000,7401000000,8760000000,30362552493,-78000000.0,0.0,0.0,-156000000.0,-194000000.0,-357000000.0,-919000000.0,0.0,1196000000.0,2000000.0,106000000.0,106000000.0,106000000.0,0.0,0.0,0.029,913000000.0,155000000.0,627000000,1.786,1.246,27.83,26.829,33515000000,0.0,37.56,1.946,1.946,587000000,18485000000,3633000000.0,3633000000.0,0.0,,,,,13000000.0,504000000.0,1.0,808374667,808374667,,4.494,36002000000,0,1000000.0,0,44.536,-5776000000
30,CCL,ARQ,2014-03-31,2014-04-02,2014-02-28,2021-09-30,273000000,39905000000,,1645000000,38260000000,,30.272,-353000000.0,421000000,421000000,2588000000.0,-15000000.0,0.246,0.631,9610000000,1618000000,7992000000,9610000000,0,404000000.0,3080000000,0.026,0.25,58000000.0,462000000.0,0.129,462000000.0,58000000.0,-14000000.0,-0.02,-0.02,-0.02,24470000000,,24470000000,39938113194,30.0,13.631,124000000.0,0.153,1.0,997000000.0,0.278,4522000000,72000000.0,37884000000,,381000000,0,0,0,15435000000,6688000000,8747000000,30749113194,-41000000.0,0.0,0.0,32000000.0,-194000000.0,-162000000.0,-349000000.0,0.0,477000000.0,-7000000.0,-15000000.0,-15000000.0,-15000000.0,0.0,0.0,-0.004,925000000.0,72000000.0,554000000,-12.5,1.257,29.97,29.038,32991000000,0.0,38.04,1.99,1.99,527000000,18573000000,3585000000.0,3585000000.0,0.0,,,,,13000000.0,521000000.0,1.0,808336309,808336309,,4.435,35383000000,0,1000000.0,0,43.773,-5043000000
31,CCL,ARQ,2013-12-31,2014-01-29,2013-11-30,2021-09-30,161000000,40104000000,,1937000000,38167000000,,30.393,-407000000.0,462000000,462000000,2621000000.0,66000000.0,0.288,0.633,9560000000,1468000000,8092000000,9560000000,0,402000000.0,3031000000,0.025,0.25,139000000.0,541000000.0,0.148,541000000.0,139000000.0,57000000.0,0.08,0.09,0.08,24556000000,,24556000000,41044442483,30.0,13.778,68000000.0,0.084,1.0,1037000000.0,0.283,4502000000,82000000.0,37980000000,,374000000,0,0,0,15548000000,6720000000,8828000000,31946442483,-519000000.0,0.0,0.0,-558000000.0,-194000000.0,-751000000.0,-249000000.0,0.0,475000000.0,6000000.0,66000000.0,66000000.0,66000000.0,0.0,0.0,0.018,934000000.0,103000000.0,639000000,3.125,1.301,29.635,28.446,32905000000,0.0,39.54,2.067,2.067,786000000,18782000000,3658000000.0,3658000000.0,0.0,,,,,10000000.0,532000000.0,1.0,807952516,807952516,,4.527,35602000000,0,-9000000.0,0,44.064,-4783000000
32,CCL,ARQ,2013-09-30,2013-10-03,2013-08-31,2021-09-30,-251000000,40393000000,,2634000000,37759000000,,30.039,-365000000.0,981000000,981000000,2917000000.0,934000000.0,0.352,0.665,10018000000,2226000000,7792000000,10018000000,0,406000000.0,2980000000,0.046,0.25,1011000000.0,1417000000.0,0.3,1417000000.0,1011000000.0,935000000.0,1.2,1.2,1.2,24260000000,,24260000000,35171474697,25.0,11.724,438000000.0,0.542,1.0,1809000000.0,0.383,4438000000,76000000.0,37504000000,,388000000,0,0,0,16133000000,7488000000,8645000000,26134474697,270000000.0,0.0,0.0,71000000.0,-193000000.0,-113000000.0,-434000000.0,0.0,803000000.0,14000000.0,934000000.0,934000000.0,934000000.0,0.0,0.0,0.198,858000000.0,951000000.0,601000000,0.208,1.077,23.651,22.789,32498000000,0.0,32.36,1.7,1.7,894000000,18911000000,4726000000.0,4726000000.0,0.0,,,,,8000000.0,439000000.0,1.0,807616647,807616647,,5.852,35955000000,0,1000000.0,0,44.52,-4854000000
33,CCL,ARQ,2013-06-30,2013-07-02,2013-05-31,2021-09-30,-473000000,39979000000,,2324000000,37655000000,,28.845,-1206000000.0,711000000,711000000,2487000000.0,41000000.0,0.289,0.717,9862000000,2014000000,7848000000,9862000000,0,391000000.0,3626000000,0.043,0.25,119000000.0,510000000.0,0.147,510000000.0,119000000.0,41000000.0,0.05,0.05,0.05,23280000000,,23280000000,37301862747,20.0,11.016,-49000000.0,-0.061,1.0,992000000.0,0.285,4432000000,78000000.0,36643000000,,381000000,0,0,0,16699000000,8055000000,8644000000,28150862747,235000000.0,0.0,-25000000.0,511000000.0,-195000000.0,287000000.0,-1206000000.0,0.0,1157000000.0,-3000000.0,41000000.0,41000000.0,41000000.0,0.0,0.0,0.012,840000000.0,152000000.0,627000000,5.0,1.209,18.755,18.073,32481000000,0.0,34.88,1.836,1.836,1045000000,18170000000,3479000000.0,3479000000.0,0.0,,,,,6000000.0,449000000.0,1.0,807077487,807077487,,4.311,35547000000,0,0.0,0,44.044,-5731000000
34,CCL,ARQ,2013-03-31,2013-04-03,2013-02-28,2021-09-30,-399000000,38675000000,,1792000000,36883000000,,29.131,-171000000.0,476000000,476000000,2599000000.0,37000000.0,0.264,0.644,9387000000,1765000000,7622000000,9387000000,0,389000000.0,3015000000,0.045,0.25,122000000.0,511000000.0,0.142,511000000.0,122000000.0,39000000.0,0.05,0.05,0.05,23523000000,,23523000000,36067006270,20.0,10.757,228000000.0,0.282,1.0,994000000.0,0.277,4446000000,83000000.0,36358000000,,383000000,0,0,0,15152000000,6782000000,8370000000,27156006270,11000000.0,0.0,-78000000.0,455000000.0,-582000000.0,-203000000.0,-167000000.0,0.0,399000000.0,-18000000.0,37000000.0,37000000.0,37000000.0,0.0,0.0,0.01,849000000.0,145000000.0,570000000,5.0,1.154,18.423,17.7,31726000000,0.0,33.63,1.764,1.764,737000000,18322000000,3593000000.0,3593000000.0,0.0,,,,,18000000.0,460000000.0,1.0,807493496,807493496,,4.45,34229000000,0,2000000.0,0,42.389,-4990000000
35,CCL,ARQ,2012-12-31,2013-01-29,2012-11-30,2021-09-30,-207000000,39161000000,,1821000000,37340000000,,29.623,-168000000.0,465000000,465000000,2551000000.0,93000000.0,0.248,0.637,8902000000,1734000000,7168000000,8902000000,0,392000000.0,3076000000,0.039,0.75,170000000.0,562000000.0,0.157,562000000.0,170000000.0,93000000.0,0.12,0.12,0.12,23929000000,,23929000000,39714109875,24.0,12.548,355000000.0,0.439,1.0,1027000000.0,0.287,4488000000,77000000.0,35770000000,,390000000,0,0,0,15232000000,7340000000,7892000000,31277109875,-103000000.0,0.0,-21000000.0,-253000000.0,-195000000.0,-453000000.0,-172000000.0,0.0,523000000.0,-1000000.0,93000000.0,93000000.0,93000000.0,0.0,0.0,0.026,851000000.0,176000000.0,549000000,6.25,1.307,24.096,23.186,32137000000,0.0,38.72,2.033,2.033,730000000,18479000000,3578000000.0,3578000000.0,0.0,,,,,9000000.0,459000000.0,1.0,807776598,807776598,,4.429,34673000000,0,0.0,0,42.924,-5519000000
36,CCL,ARQ,2012-09-30,2012-10-05,2012-08-31,2021-09-30,-434000000,39082000000,,1941000000,37141000000,,29.881,-167000000.0,568000000,568000000,2597000000.0,1330000000.0,0.327,0.615,9052000000,763000000,8289000000,9052000000,0,383000000.0,3078000000,0.027,0.25,1420000000.0,1803000000.0,0.385,1803000000.0,1420000000.0,1336000000.0,1.71,1.71,1.71,24193000000,,24193000000,38546116511,22.0,11.72,851000000.0,1.051,1.0,2087000000.0,0.446,4453000000,84000000.0,37177000000,,364000000,0,0,0,14889000000,5936000000,8953000000,30062116511,-332000000.0,0.0,-69000000.0,-958000000.0,-196000000.0,-1220000000.0,-144000000.0,0.0,1018000000.0,14000000.0,1330000000.0,1330000000.0,1330000000.0,0.0,0.0,0.284,792000000.0,1295000000.0,561000000,0.146,1.243,21.141,20.179,31972000000,0.0,37.13,1.939,1.939,788000000,18969000000,4684000000.0,4684000000.0,0.0,,,,,8000000.0,409000000.0,1.0,809644937,809644937,,5.785,34629000000,0,6000000.0,0,42.771,-3995000000
37,CCL,ARQ,2012-06-30,2012-07-02,2012-05-31,2021-09-30,-521000000,39462000000,,2169000000,37293000000,,28.379,-1730000000.0,900000000,900000000,2478000000.0,14000000.0,0.299,0.714,10000000000,1608000000,8392000000,10000000000,0,376000000.0,3634000000,0.029,0.25,101000000.0,477000000.0,0.135,477000000.0,101000000.0,14000000.0,0.02,0.02,0.02,23026000000,,23026000000,37027861959,21.0,11.173,-594000000.0,-0.732,1.0,1060000000.0,0.3,4437000000,87000000.0,36863000000,,377000000,0,0,0,16436000000,7262000000,9174000000,27927861959,429000000.0,0.0,0.0,736000000.0,-194000000.0,533000000.0,-1208000000.0,0.0,1136000000.0,-32000000.0,14000000.0,14000000.0,14000000.0,0.0,0.0,0.004,807000000.0,253000000.0,532000000,12.5,1.213,19.544,18.912,32133000000,0.0,34.42,1.759,1.759,689000000,17835000000,3538000000.0,3538000000.0,0.0,,,,,8000000.0,431000000.0,1.0,811384717,811384717,,4.36,35025000000,0,0.0,0,43.167,-5093000000
38,CCL,ARQ,2012-03-31,2012-03-30,2012-02-29,2021-09-30,-67000000,38963000000,,2173000000,36790000000,,29.151,-267000000.0,471000000,471000000,2694000000.0,-139000000.0,0.332,0.647,9527000000,1563000000,7964000000,9527000000,0,376000000.0,3046000000,0.031,0.25,-53000000.0,323000000.0,0.09,323000000.0,-53000000.0,-141000000.0,-0.18,-0.18,-0.18,23653000000,,23653000000,35085879522,18.0,9.99,55000000.0,0.068,1.0,888000000.0,0.248,4507000000,88000000.0,36968000000,,381000000,0,0,0,15310000000,6544000000,8766000000,26029879522,21000000.0,0.0,0.0,145000000.0,-194000000.0,-50000000.0,-248000000.0,0.0,322000000.0,-3000000.0,-139000000.0,-139000000.0,-139000000.0,0.0,0.0,-0.039,970000000.0,-82000000.0,517000000,-1.389,1.1,16.058,15.573,31475000000,0.0,32.08,1.631,1.631,1137000000,18015000000,3582000000.0,3582000000.0,0.0,,,,,14000000.0,421000000.0,1.0,811405222,811405222,,4.415,34456000000,0,-2000000.0,0,42.465,-4371000000
39,CCL,ARQ,2011-12-31,2012-01-30,2011-11-30,2021-09-30,-209000000,38637000000,,1312000000,37325000000,,29.385,-261000000.0,450000000,450000000,2569000000.0,217000000.0,0.215,0.621,9353000000,1300000000,8053000000,9353000000,0,385000000.0,3106000000,0.033,0.25,301000000.0,686000000.0,0.186,686000000.0,301000000.0,209000000.0,0.29,0.28,0.29,23832000000,,23832000000,33339433932,15.0,8.776,489000000.0,0.603,1.0,1128000000.0,0.305,4652000000,92000000.0,36783000000,,374000000,0,0,0,14805000000,6105000000,8700000000,24436433932,20000000.0,0.0,-166000000.0,-125000000.0,-197000000.0,-485000000.0,-236000000.0,0.0,750000000.0,-9000000.0,217000000.0,217000000.0,217000000.0,0.0,0.0,0.059,820000000.0,308000000.0,576000000,0.862,1.025,12.781,12.399,32054000000,0.0,30.13,1.547,1.547,263000000,18349000000,3697000000.0,3697000000.0,0.0,,,,,7000000.0,435000000.0,1.0,811033320,811033320,,4.558,33985000000,0,-8000000.0,0,41.903,-4793000000
40,CCL,ARQ,2011-09-30,2011-09-30,2011-08-31,2021-09-30,585000000,40026000000,,1397000000,38629000000,,30.554,-813000000.0,430000000,430000000,2814000000.0,1337000000.0,0.203,0.617,9822000000,2108000000,7714000000,9822000000,0,390000000.0,3141000000,0.028,0.25,1438000000.0,1828000000.0,0.361,1828000000.0,1438000000.0,1342000000.0,1.69,1.69,1.69,24752000000,,24752000000,33938515164,15.0,8.866,402000000.0,0.496,1.0,2244000000.0,0.444,4826000000,96000000.0,37711000000,,366000000,0,0,0,15274000000,6881000000,8393000000,24546515164,-127000000.0,0.0,-288000000.0,-65000000.0,-197000000.0,-549000000.0,-785000000.0,0.0,1215000000.0,-8000000.0,1337000000.0,1337000000.0,1337000000.0,0.0,0.0,0.264,811000000.0,1433000000.0,548000000,0.148,0.992,12.633,12.367,33243000000,0.0,30.3,1.549,1.549,353000000,18319000000,5058000000.0,5058000000.0,0.0,,,,,10000000.0,421000000.0,1.0,810116012,810116012,,6.244,35200000000,0,5000000.0,0,43.451,-5484000000
41,CCL,ARQ,2011-06-30,2011-07-01,2011-05-31,2021-09-30,542000000,39763000000,,1499000000,38264000000,,28.981,-1450000000.0,557000000,557000000,2521000000.0,206000000.0,0.23,0.667,9842000000,1164000000,8678000000,9842000000,0,380000000.0,3668000000,0.018,0.25,295000000.0,675000000.0,0.186,675000000.0,295000000.0,204000000.0,0.26,0.26,0.26,23852000000,,23852000000,41210428464,18.0,10.966,-61000000.0,-0.074,1.0,1099000000.0,0.304,4820000000,91000000.0,37707000000,,365000000,0,0,0,15911000000,6521000000,9390000000,31925428464,92000000.0,0.0,0.0,386000000.0,-198000000.0,171000000.0,-1467000000.0,0.0,1389000000.0,-1000000.0,206000000.0,206000000.0,206000000.0,0.0,0.0,0.057,820000000.0,279000000.0,552000000,0.962,1.338,16.724,16.095,32822000000,0.0,38.79,2.098,2.098,360000000,17186000000,3620000000.0,3620000000.0,0.0,,,,,12000000.0,440000000.0,1.0,823032443,823032443,,4.398,34943000000,0,-2000000.0,0,42.456,-5022000000
42,CCL,ARQ,2011-03-31,2011-04-01,2011-02-28,2021-09-30,141000000,37965000000,,1365000000,36600000000,,28.477,-172000000.0,465000000,465000000,2395000000.0,152000000.0,0.227,0.62,9305000000,1490000000,7815000000,9305000000,0,367000000.0,2882000000,0.014,0.25,243000000.0,610000000.0,0.178,610000000.0,243000000.0,157000000.0,0.19,0.19,0.19,23435000000,,23435000000,40318165685,17.0,10.661,240000000.0,0.292,1.0,1024000000.0,0.3,4708000000,86000000.0,36088000000,,343000000,0,0,0,14530000000,6009000000,8521000000,31478165685,36000000.0,0.0,0.0,-192000000.0,-79000000.0,-230000000.0,-158000000.0,0.0,412000000.0,12000000.0,152000000.0,152000000.0,152000000.0,0.0,0.0,0.044,789000000.0,235000000.0,516000000,1.316,1.343,16.101,15.486,31225000000,0.0,38.25,2.128,2.128,308000000,17178000000,3419000000.0,3419000000.0,0.0,,,,,17000000.0,422000000.0,1.0,822958580,822958580,,4.155,33257000000,0,5000000.0,0,40.412,-4644000000
43,CCL,ARQ,2010-12-31,2011-01-31,2010-11-30,2021-09-30,-254000000,37490000000,,1244000000,36246000000,,28.01,-741000000.0,429000000,429000000,2612000000.0,248000000.0,0.216,0.628,9364000000,1353000000,8011000000,9364000000,0,367000000.0,2805000000,0.009,0.1,348000000.0,715000000.0,0.191,715000000.0,348000000.0,255000000.0,0.31,0.31,0.31,23031000000,,23031000000,45697923940,19.0,12.112,-7000000.0,-0.009,1.0,1141000000.0,0.304,4640000000,93000000.0,36030000000,,320000000,0,0,0,14459000000,5755000000,8704000000,36762923940,-98000000.0,0.0,1000000.0,35000000.0,-79000000.0,-77000000.0,-765000000.0,0.0,734000000.0,10000000.0,248000000.0,248000000.0,248000000.0,0.0,0.0,0.066,800000000.0,341000000.0,503000000,0.323,1.596,18.586,17.813,30967000000,0.0,44.71,2.541,2.541,248000000,17224000000,3753000000.0,3753000000.0,0.0,,,,,10000000.0,433000000.0,1.0,822252828,822252828,,4.564,32850000000,0,7000000.0,0,39.951,-4511000000
44,CCL,ARQ,2010-09-30,2010-10-01,2010-08-31,2021-09-30,-545000000,36847000000,,1445000000,35402000000,,27.546,-670000000.0,527000000,527000000,2288000000.0,1303000000.0,0.246,0.631,9212000000,1568000000,7644000000,9212000000,0,355000000.0,2776000000,0.008,0.1,1403000000.0,1758000000.0,0.397,1758000000.0,1403000000.0,1313000000.0,1.65,1.62,1.65,22595000000,,22595000000,40175187374,17.0,10.849,620000000.0,0.756,1.0,2138000000.0,0.483,4597000000,90000000.0,35059000000,,291000000,0,0,0,14252000000,5876000000,8376000000,31490187374,-67000000.0,0.0,8000000.0,-705000000.0,-79000000.0,-752000000.0,-642000000.0,0.0,1290000000.0,37000000.0,1303000000.0,1303000000.0,1303000000.0,0.0,0.0,0.294,736000000.0,1402000000.0,541000000,0.061,1.394,16.376,15.798,30162000000,0.0,38.39,2.262,2.262,388000000,17055000000,4426000000.0,4426000000.0,0.0,,,,,10000000.0,381000000.0,1.0,820270575,820270575,,5.396,32250000000,0,10000000.0,0,39.316,-4431000000
45,CCL,ARQ,2010-06-30,2010-07-01,2010-05-31,2021-09-30,-1029000000,36029000000,,1586000000,34443000000,,25.262,-999000000.0,594000000,594000000,2093000000.0,252000000.0,0.235,0.727,9760000000,2079000000,7681000000,9760000000,0,349000000.0,3208000000,0.006,0.1,350000000.0,699000000.0,0.219,699000000.0,350000000.0,251000000.0,0.32,0.32,0.32,20864000000,,20864000000,35024594828,17.0,10.085,399000000.0,0.483,1.0,1102000000.0,0.345,4503000000,99000000.0,33929000000,,297000000,0,0,0,15165000000,6763000000,8402000000,25858594828,-159000000.0,0.0,9000000.0,-492000000.0,-79000000.0,-551000000.0,-978000000.0,0.0,1398000000.0,-28000000.0,252000000.0,252000000.0,252000000.0,0.0,0.0,0.079,753000000.0,349000000.0,548000000,0.312,1.239,15.274,14.631,29317000000,0.0,31.31,1.896,1.896,455000000,15830000000,3195000000.0,3195000000.0,0.0,,,,,8000000.0,404000000.0,1.0,825889327,825889327,,3.869,31526000000,0,-1000000.0,0,38.172,-5177000000
46,CCL,ARQ,2010-03-31,2010-04-01,2010-02-28,2021-09-30,-273000000,36732000000,,1745000000,34987000000,,25.742,-1169000000.0,753000000,753000000,2099000000.0,175000000.0,0.308,0.715,10645000000,1712000000,8933000000,10645000000,0,345000000.0,2515000000,0.003,0.1,256000000.0,601000000.0,0.194,601000000.0,256000000.0,160000000.0,0.22,0.22,0.22,21419000000,,21419000000,42542029927,20.0,12.327,-773000000.0,-0.929,1.0,996000000.0,0.322,4642000000,96000000.0,36315000000,,321000000,0,0,0,15313000000,5667000000,9646000000,32650029927,215000000.0,0.0,3000000.0,970000000.0,0.0,976000000.0,-1116000000.0,0.0,396000000.0,-41000000.0,175000000.0,175000000.0,175000000.0,0.0,0.0,0.057,741000000.0,255000000.0,528000000,0.455,1.524,19.15,18.167,29702000000,0.0,39.24,2.439,2.439,392000000,15657000000,3095000000.0,3095000000.0,0.0,,,,,15000000.0,396000000.0,1.0,832059886,832059886,,3.72,32090000000,0,-15000000.0,0,38.567,-3922000000
47,CCL,ARQ,2009-12-31,2010-01-29,2009-11-30,2021-09-30,462000000,36835000000,,1518000000,35317000000,,26.437,-978000000.0,538000000,538000000,2143000000.0,193000000.0,0.306,0.672,10047000000,950000000,9097000000,10047000000,0,345000000.0,2575000000,0.0,0.0,300000000.0,645000000.0,0.201,645000000.0,300000000.0,201000000.0,0.24,0.24,0.24,22035000000,,22035000000,37289039018,17.0,10.669,-266000000.0,-0.319,1.0,1063000000.0,0.332,4797000000,99000000.0,36580000000,,320000000,0,0,0,14800000000,4967000000,9833000000,27780039018,-438000000.0,-33000000.0,8000000.0,-216000000.0,0.0,-216000000.0,-930000000.0,31000000.0,712000000.0,-4000000.0,193000000.0,193000000.0,193000000.0,0.0,0.0,0.06,769000000.0,294000000.0,568000000,0.0,1.261,15.52,14.683,29870000000,0.0,33.33,2.111,2.111,362000000,15770000000,3206000000.0,3206000000.0,0.0,,,,,9000000.0,424000000.0,1.0,833484519,833484519,,3.847,32038000000,0,8000000.0,0,38.439,-3449000000
48,CCL,ARQ,2009-09-30,2009-10-01,2009-08-31,2021-09-30,199000000,36359000000,,2098000000,34261000000,,25.738,-446000000.0,976000000,976000000,2226000000.0,1073000000.0,0.363,0.686,10114000000,1741000000,8373000000,10114000000,0,336000000.0,2536000000,0.012,0.0,1192000000.0,1528000000.0,0.369,1528000000.0,1192000000.0,1097000000.0,1.36,1.33,1.36,21560000000,,21560000000,36555135644,15.0,10.045,743000000.0,0.887,1.0,1913000000.0,0.462,4734000000,95000000.0,34988000000,,309000000,0,0,0,14799000000,5775000000,9024000000,27417135644,491000000.0,0.0,9000000.0,-201000000.0,0.0,-211000000.0,-492000000.0,-33000000.0,1189000000.0,5000000.0,1073000000.0,1073000000.0,1073000000.0,0.0,0.0,0.259,717000000.0,1196000000.0,612000000,0.0,1.272,13.931,13.092,28882000000,0.0,32.73,2.069,2.069,476000000,15577000000,4139000000.0,4139000000.0,0.0,,,,,9000000.0,381000000.0,1.0,837676005,837676005,,4.941,31625000000,0,24000000.0,0,37.753,-3677000000
49,CCL,ARQ,2009-06-30,2009-06-30,2009-05-31,2021-09-30,107000000,35545000000,,1534000000,34011000000,,24.287,-1650000000.0,485000000,485000000,1885000000.0,264000000.0,0.249,0.744,10279000000,1962000000,8317000000,10279000000,0,317000000.0,2852000000,0.031,0.0,360000000.0,677000000.0,0.23,677000000.0,360000000.0,270000000.0,0.34,0.33,0.34,20385000000,,20385000000,31423334692,12.0,8.002,-514000000.0,-0.612,1.0,1063000000.0,0.361,4716000000,90000000.0,34456000000,,308000000,0,0,0,15160000000,6167000000,8993000000,21629334692,-122000000.0,0.0,0.0,388000000.0,0.0,354000000.0,-1649000000.0,0.0,1136000000.0,37000000.0,264000000.0,264000000.0,264000000.0,0.0,0.0,0.09,710000000.0,353000000.0,543000000,0.0,1.061,9.708,9.074,28663000000,0.0,25.77,1.553,1.553,424000000,14504000000,2948000000.0,2948000000.0,0.0,,,,,13000000.0,393000000.0,1.0,839322262,839322262,,3.512,30829000000,0,6000000.0,0,36.731,-4633000000
50,CCL,ARQ,2009-03-31,2009-04-02,2009-02-28,2021-09-30,-847000000,32836000000,,1559000000,31277000000,,22.822,-306000000.0,607000000,607000000,1850000000.0,260000000.0,0.292,0.714,9515000000,1825000000,7690000000,9515000000,0,311000000.0,2280000000,0.05,0.0,334000000.0,645000000.0,0.225,645000000.0,334000000.0,238000000.0,0.33,0.33,0.33,19154000000,,19154000000,29210055453,10.0,7.195,-1000000.0,-0.001,1.0,1014000000.0,0.354,4506000000,96000000.0,31898000000,,305000000,0,0,0,13682000000,5340000000,8342000000,20302055453,-43000000.0,0.0,-9000000.0,184000000.0,-314000000.0,-20000000.0,-313000000.0,0.0,305000000.0,-15000000.0,260000000.0,260000000.0,260000000.0,0.0,0.0,0.091,703000000.0,311000000.0,496000000,0.0,1.06,8.624,8.063,26225000000,0.0,24.19,1.414,1.414,402000000,14240000000,2864000000.0,2864000000.0,0.0,,,,,19000000.0,392000000.0,1.0,839274719,839274719,,3.412,28330000000,0,-22000000.0,0,33.755,-3781000000
51,CCL,ARQ,2008-12-31,2009-01-29,2008-11-30,2021-09-30,-623000000,33400000000,,1650000000,31750000000,,22.773,-630000000.0,650000000,650000000,2132000000.0,371000000.0,0.285,0.749,9343000000,1608000000,7735000000,9343000000,0,313000000.0,2519000000,0.086,0.4,476000000.0,789000000.0,0.239,789000000.0,476000000.0,370000000.0,0.47,0.47,0.47,19098000000,,19098000000,24291415049,9.0,6.013,-118000000.0,-0.141,1.0,1170000000.0,0.354,4560000000,106000000.0,31752000000,,315000000,0,0,0,14302000000,5781000000,8521000000,15598415049,-142000000.0,0.0,-15000000.0,269000000.0,-316000000.0,-57000000.0,-541000000.0,0.0,512000000.0,-56000000.0,371000000.0,371000000.0,371000000.0,0.0,0.0,0.112,720000000.0,450000000.0,512000000,0.851,0.817,6.695,6.284,26457000000,0.0,18.6,1.065,1.065,418000000,13980000000,3302000000.0,3302000000.0,0.0,,,,,9000000.0,407000000.0,1.0,838624465,838624465,,3.937,28840000000,0,-1000000.0,0,34.39,-4131000000
52,CCL,ARQ,2008-09-30,2008-09-26,2008-08-31,2021-09-30,666000000,35278000000,,2053000000,33225000000,,24.263,-1171000000.0,792000000,792000000,2634000000.0,1333000000.0,0.352,0.736,9528000000,1183000000,8345000000,9528000000,0,323000000.0,2917000000,0.045,0.4,1493000000.0,1816000000.0,0.377,1816000000.0,1493000000.0,1385000000.0,1.7,1.65,1.7,20321000000,,20321000000,38468474111,14.0,9.658,-107000000.0,-0.128,1.0,2180000000.0,0.453,4859000000,108000000.0,33326000000,,365000000,9000000,9000000,0,14957000000,5829000000,9128000000,29732474111,-196000000.0,0.0,2000000.0,288000000.0,-315000000.0,-34000000.0,-1136000000.0,-1000000.0,1064000000.0,-90000000.0,1333000000.0,1333000000.0,1333000000.0,0.0,0.0,0.277,695000000.0,1485000000.0,505000000,0.235,1.463,12.832,11.993,27735000000,0.0,35.5,2.055,2.055,642000000,13925000000,4814000000.0,4814000000.0,0.0,,,,,11000000.0,372000000.0,1.0,837534482,837534482,,5.748,30419000000,0,52000000.0,0,36.32,-3776000000
53,CCL,ARQ,2008-06-30,2008-06-27,2008-05-31,2021-09-30,1306000000,35472000000,,2179000000,33293000000,,23.799,-1294000000.0,988000000,988000000,2159000000.0,390000000.0,0.307,0.78,9450000000,1761000000,7689000000,9450000000,0,312000000.0,3605000000,0.047,0.4,498000000.0,810000000.0,0.24,810000000.0,498000000.0,396000000.0,0.5,0.49,0.5,19930000000,,19930000000,36038525642,13.0,9.108,148000000.0,0.177,1.0,1219000000.0,0.361,5007000000,102000000.0,31838000000,,349000000,8000000,8000000,0,15542000000,7089000000,8453000000,27576525642,22000000.0,0.0,7000000.0,188000000.0,-314000000.0,-128000000.0,-1317000000.0,3000000.0,1442000000.0,25000000.0,390000000.0,390000000.0,390000000.0,0.0,0.0,0.115,737000000.0,482000000.0,454000000,0.8,1.384,11.68,11.013,27666000000,0.0,32.93,1.973,1.973,542000000,12907000000,3378000000.0,3378000000.0,0.0,,,,,11000000.0,425000000.0,1.0,837428656,837428656,,4.034,30465000000,0,6000000.0,0,36.379,-4910000000
54,CCL,ARQ,2008-03-31,2008-03-28,2008-02-29,2021-09-30,1219000000,34145000000,,2023000000,32122000000,,23.58,-258000000.0,966000000,966000000,2114000000.0,236000000.0,0.274,0.73,9190000000,2919000000,6271000000,9190000000,0,301000000.0,2794000000,0.038,0.4,324000000.0,625000000.0,0.198,625000000.0,324000000.0,226000000.0,0.3,0.3,0.3,19740000000,,19740000000,41458894104,15.0,10.647,115000000.0,0.137,1.0,1038000000.0,0.329,4982000000,98000000.0,29994000000,,331000000,12000000,12000000,0,14405000000,7393000000,7012000000,33234894105,23000000.0,0.0,-77000000.0,297000000.0,-316000000.0,-96000000.0,-261000000.0,5000000.0,373000000.0,7000000.0,236000000.0,236000000.0,236000000.0,0.0,0.0,0.075,726000000.0,312000000.0,477000000,1.333,1.684,14.077,13.322,26542000000,0.0,39.7,2.462,2.462,434000000,12832000000,3152000000.0,3152000000.0,0.0,,,,,19000000.0,425000000.0,1.0,837150985,837150985,,3.765,29163000000,0,-10000000.0,0,34.836,-5370000000
55,CCL,ARQ,2007-12-31,2008-01-29,2007-11-30,2021-09-30,1296000000,34181000000,,1976000000,32205000000,,23.856,-936000000.0,943000000,943000000,1985000000.0,358000000.0,0.272,0.712,8852000000,2539000000,6313000000,8852000000,0,290000000.0,2807000000,0.033,0.4,442000000.0,732000000.0,0.234,732000000.0,442000000.0,348000000.0,0.46,0.44,0.46,19963000000,,19963000000,42854037143,15.0,11.011,-79000000.0,-0.094,1.0,1139000000.0,0.365,5003000000,94000000.0,29827000000,,331000000,0,0,0,14218000000,7260000000,6958000000,34945037143,-469000000.0,-339000000.0,-212000000.0,23000000.0,-277000000.0,-468000000.0,-898000000.0,300000000.0,857000000.0,40000000.0,358000000.0,358000000.0,358000000.0,0.0,0.0,0.115,716000000.0,423000000.0,561000000,0.87,1.75,14.512,13.737,26639000000,0.0,41.76,2.681,2.681,436000000,12921000000,3124000000.0,3124000000.0,0.0,,,,,13000000.0,426000000.0,1.0,836806445,836806445,,3.733,29178000000,0,-10000000.0,0,34.868,-5284000000
56,CCL,ARQ,2007-09-30,2007-09-28,2007-08-31,2021-09-30,885000000,33188000000,,2722000000,30466000000,,23.541,-384000000.0,1412000000,1412000000,2189000000.0,1377000000.0,0.381,0.684,8582000000,2847000000,5735000000,8582000000,0,279000000.0,2620000000,0.026,0.35,1511000000.0,1790000000.0,0.414,1790000000.0,1511000000.0,1416000000.0,1.73,1.67,1.73,19708000000,,19708000000,47713930056,17.0,12.191,737000000.0,0.88,1.0,2132000000.0,0.493,4690000000,95000000.0,28521000000,,297000000,341000000,341000000,0,13480000000,7147000000,6333000000,40543930056,-447000000.0,0.0,-103000000.0,-601000000.0,-278000000.0,-982000000.0,-594000000.0,-56000000.0,1121000000.0,8000000.0,1377000000.0,1377000000.0,1377000000.0,0.0,0.0,0.319,642000000.0,1490000000.0,468000000,0.202,2.057,16.441,15.572,25134000000,0.0,48.43,3.188,3.188,423000000,12878000000,4321000000.0,4321000000.0,0.0,,,,,19000000.0,363000000.0,1.0,837165601,837165601,,5.161,28498000000,0,39000000.0,0,34.041,-4425000000
57,CCL,ARQ,2007-06-30,2007-06-29,2007-05-31,2021-09-30,772000000,33187000000,,3019000000,30168000000,,22.197,-1355000000.0,1859000000,1859000000,1763000000.0,390000000.0,0.351,0.786,9127000000,3702000000,5425000000,9127000000,0,272000000.0,3200000000,0.024,0.35,475000000.0,747000000.0,0.258,747000000.0,475000000.0,381000000.0,0.49,0.48,0.49,18579000000,,18579000000,48089335379,18.0,12.917,139000000.0,0.166,1.0,1137000000.0,0.392,4659000000,94000000.0,27187000000,,282000000,214000000,214000000,0,14608000000,8609000000,5999000000,40821335379,1278000000.0,0.0,11000000.0,1448000000.0,-218000000.0,1237000000.0,-1464000000.0,-110000000.0,1494000000.0,11000000.0,390000000.0,390000000.0,390000000.0,0.0,0.0,0.134,678000000.0,459000000.0,498000000,0.714,2.197,17.588,16.645,25019000000,0.0,48.77,3.318,3.318,401000000,11778000000,2900000000.0,2900000000.0,0.0,,,,,13000000.0,406000000.0,1.0,837017334,837017334,,3.465,28528000000,0,-9000000.0,0,34.083,-5590000000
58,CCL,ARQ,2007-03-31,2007-03-30,2007-02-28,2021-09-30,673000000,30461000000,,1509000000,28952000000,,21.923,-637000000.0,581000000,581000000,1691000000.0,283000000.0,0.282,0.661,7640000000,1468000000,6172000000,7640000000,0,260000000.0,2417000000,0.022,0.275,363000000.0,623000000.0,0.232,623000000.0,363000000.0,279000000.0,0.36,0.35,0.36,18338000000,,18338000000,46256723698,17.0,12.611,-40000000.0,-0.048,1.0,997000000.0,0.371,4637000000,84000000.0,27527000000,,265000000,104000000,104000000,0,12123000000,5356000000,6767000000,39197723698,-582000000.0,0.0,29000000.0,-202000000.0,-217000000.0,-391000000.0,-790000000.0,-154000000.0,597000000.0,2000000.0,283000000.0,283000000.0,283000000.0,0.0,0.0,0.105,644000000.0,353000000.0,408000000,0.764,2.138,16.961,16.103,23837000000,0.0,46.86,3.249,3.249,287000000,11665000000,2688000000.0,2688000000.0,0.0,,,,,19000000.0,384000000.0,1.0,836485781,836485781,,3.213,25824000000,0,-4000000.0,0,30.872,-3847000000
59,CCL,ARQ,2006-12-31,2007-02-12,2006-11-30,2021-09-30,661000000,30552000000,,1995000000,28557000000,,21.799,-252000000.0,1163000000,1163000000,1680000000.0,416000000.0,0.368,0.678,7847000000,1492000000,6355000000,7847000000,0,261000000.0,2336000000,0.021,0.275,493000000.0,754000000.0,0.268,754000000.0,493000000.0,413000000.0,0.53,0.52,0.53,18210000000,,18210000000,47332880072,18.0,13.083,553000000.0,0.662,1.0,1130000000.0,0.402,4634000000,80000000.0,27187000000,,263000000,0,0,0,12342000000,5415000000,6927000000,40648880072,569000000.0,0.0,-24000000.0,252000000.0,-198000000.0,27000000.0,-250000000.0,0.0,805000000.0,-13000000.0,416000000.0,416000000.0,416000000.0,0.0,0.0,0.148,654000000.0,476000000.0,438000000,0.519,2.232,17.836,17.074,23458000000,0.0,48.66,3.433,3.433,280000000,11600000000,2810000000.0,2810000000.0,0.0,,,,,18000000.0,393000000.0,1.0,835365394,835365394,,3.364,25918000000,0,-3000000.0,0,31.026,-3420000000
60,CCL,ARQ,2006-09-30,2006-09-29,2006-08-31,2021-09-30,522000000,29866000000,,1551000000,28315000000,,21.403,-699000000.0,594000000,594000000,1975000000.0,1232000000.0,0.322,0.67,7558000000,1002000000,6556000000,7558000000,0,255000000.0,2326000000,0.021,0.25,1344000000.0,1599000000.0,0.409,1599000000.0,1344000000.0,1263000000.0,1.55,1.49,1.55,17879000000,,17879000000,46251234480,18.0,12.898,244000000.0,0.292,1.0,1930000000.0,0.494,4592000000,81000000.0,27428000000,,278000000,0,0,0,11987000000,4810000000,7177000000,39287234480,24000000.0,0.0,-314000000.0,289000000.0,-201000000.0,-221000000.0,-709000000.0,-8000000.0,943000000.0,11000000.0,1232000000.0,1232000000.0,1232000000.0,0.0,0.0,0.315,590000000.0,1340000000.0,498000000,0.161,2.197,17.5,16.737,23263000000,0.0,47.03,3.388,3.388,396000000,11402000000,3905000000.0,3905000000.0,0.0,,,,,16000000.0,335000000.0,1.0,835365394,835365394,,4.675,25274000000,0,31000000.0,0,30.255,-3259000000
61,CCL,ARQ,2006-06-30,2006-06-30,2006-05-31,2021-09-30,473000000,29304000000,,1506000000,27798000000,,20.365,-726000000.0,570000000,570000000,1620000000.0,380000000.0,0.273,0.714,7247000000,1202000000,6045000000,7247000000,0,240000000.0,2953000000,0.023,0.25,452000000.0,692000000.0,0.26,692000000.0,452000000.0,377000000.0,0.47,0.46,0.47,17095000000,,17095000000,41715313630,16.0,11.949,546000000.0,0.65,1.0,1042000000.0,0.391,4598000000,75000000.0,25871000000,,278000000,13000000,13000000,0,12209000000,5512000000,6697000000,35038313630,175000000.0,0.0,-468000000.0,286000000.0,-202000000.0,-383000000.0,-719000000.0,-2000000.0,1272000000.0,5000000.0,380000000.0,380000000.0,380000000.0,0.0,0.0,0.143,594000000.0,448000000.0,411000000,0.532,2.05,16.191,15.517,22772000000,0.0,41.74,3.102,3.102,405000000,10369000000,2662000000.0,2662000000.0,0.0,,,,,14000000.0,354000000.0,1.0,839442109,839442109,,3.171,24706000000,0,-3000000.0,0,29.431,-4006000000
62,CCL,ARQ,2006-03-31,2006-03-28,2006-02-28,2021-09-30,170000000,28316000000,,1307000000,27009000000,,20.179,-757000000.0,395000000,395000000,1487000000.0,280000000.0,0.267,0.648,6933000000,1272000000,5661000000,6933000000,0,232000000.0,2221000000,0.019,0.25,370000000.0,602000000.0,0.245,602000000.0,370000000.0,294000000.0,0.35,0.34,0.35,17179000000,,17179000000,47222819122,18.0,13.435,-144000000.0,-0.169,1.0,974000000.0,0.396,4494000000,76000000.0,25465000000,,266000000,11000000,11000000,0,11137000000,4895000000,6242000000,40684819122,-783000000.0,0.0,31000000.0,-462000000.0,-202000000.0,-635000000.0,-765000000.0,-2000000.0,613000000.0,4000000.0,280000000.0,280000000.0,280000000.0,0.0,0.0,0.114,597000000.0,377000000.0,656000000,0.714,2.368,18.552,17.505,21957000000,0.0,47.79,3.648,3.648,425000000,10310000000,2461000000.0,2461000000.0,0.0,,,,,20000000.0,365000000.0,1.0,851324945,851324945,,2.891,23822000000,0,14000000.0,0,27.982,-3588000000
63,CCL,ARQ,2005-12-31,2006-02-09,2005-11-30,2021-09-30,156000000,28432000000,,2215000000,26217000000,,19.944,-345000000.0,1178000000,1178000000,1533000000.0,353000000.0,0.427,0.675,7352000000,1625000000,5727000000,7352000000,0,230000000.0,2045000000,0.015,0.25,463000000.0,693000000.0,0.27,693000000.0,463000000.0,383000000.0,0.44,0.43,0.44,16972000000,,16972000000,50629456713,19.0,14.214,273000000.0,0.321,1.0,1034000000.0,0.403,4488000000,80000000.0,24926000000,,250000000,9000000,9000000,0,11460000000,5192000000,6268000000,44455456713,39000000.0,0.0,-345000000.0,48000000.0,-164000000.0,-455000000.0,-126000000.0,225000000.0,618000000.0,2000000.0,353000000.0,353000000.0,353000000.0,0.0,0.0,0.138,586000000.0,448000000.0,690000000,0.568,2.619,19.697,18.657,21312000000,0.0,52.24,4.01,4.01,408000000,10233000000,2567000000.0,2567000000.0,0.0,,,,,0.0,356000000.0,1.0,850985006,850985006,,3.017,23944000000,0,30000000.0,0,28.137,-2977000000
64,CCL,ARQ,2005-09-30,2005-10-07,2005-08-31,2021-09-30,270000000,28766000000,,2412000000,26354000000,,20.118,-523000000.0,1139000000,1139000000,1790000000.0,1151000000.0,0.499,0.683,7581000000,1307000000,6274000000,7581000000,0,226000000.0,2102000000,0.015,0.2,1278000000.0,1504000000.0,0.417,1504000000.0,1278000000.0,1196000000.0,1.43,1.36,1.43,17090000000,,17090000000,47276200038,19.0,13.751,508000000.0,0.598,1.0,1815000000.0,0.503,4526000000,82000000.0,25851000000,,253000000,234000000,234000000,0,11676000000,4831000000,6845000000,40834200038,418000000.0,0.0,15000000.0,2000000.0,-161000000.0,-150000000.0,-451000000.0,69000000.0,1031000000.0,-12000000.0,1151000000.0,1151000000.0,1151000000.0,0.0,0.0,0.319,524000000.0,1291000000.0,682000000,0.14,2.389,18.578,17.608,21434000000,0.0,48.07,3.794,3.794,434000000,10081000000,3605000000.0,3605000000.0,0.0,,,,,0.0,298000000.0,1.0,849473685,849473685,,4.244,24240000000,0,45000000.0,0,28.535,-2419000000
65,CCL,ARQ,2005-06-30,2005-07-07,2005-05-31,2021-09-30,358000000,28306000000,,2099000000,26207000000,,18.963,-553000000.0,721000000,721000000,1470000000.0,409000000.0,0.389,0.763,7752000000,1447000000,6305000000,7752000000,0,225000000.0,2585000000,0.011,0.2,491000000.0,716000000.0,0.284,716000000.0,491000000.0,409000000.0,0.51,0.49,0.51,16060000000,,16060000000,53324385274,22.0,16.13,665000000.0,0.785,1.0,1049000000.0,0.416,4547000000,82000000.0,25392000000,,253000000,303000000,303000000,0,12246000000,5398000000,6848000000,46293385274,400000000.0,0.0,-16000000.0,131000000.0,-121000000.0,-5000000.0,-807000000.0,-255000000.0,1218000000.0,-6000000.0,409000000.0,409000000.0,409000000.0,0.0,0.0,0.162,567000000.0,482000000.0,647000000,0.392,2.883,22.342,21.186,21249000000,0.0,54.66,4.45,4.45,418000000,9092000000,2519000000.0,2519000000.0,0.0,,,,,0.0,342000000.0,1.0,846933503,846933503,,2.974,23759000000,0,0.0,0,28.053,-3299000000
66,CCL,ARQ,2005-03-31,2005-04-07,2005-02-28,2021-09-30,549000000,27599000000,,1356000000,26243000000,,18.907,-556000000.0,321000000,321000000,1423000000.0,345000000.0,0.259,0.723,7766000000,1887000000,5879000000,7766000000,0,221000000.0,1939000000,0.01,0.15,428000000.0,649000000.0,0.271,649000000.0,428000000.0,342000000.0,0.43,0.42,0.43,16017000000,,16017000000,50879333558,22.0,15.94,-13000000.0,-0.015,1.0,973000000.0,0.406,4627000000,86000000.0,25174000000,,245000000,0,0,0,11582000000,5243000000,6339000000,43434333558,-322000000.0,0.0,23000000.0,-183000000.0,-120000000.0,-282000000.0,-586000000.0,-31000000.0,543000000.0,3000000.0,345000000.0,345000000.0,345000000.0,0.0,0.0,0.144,555000000.0,418000000.0,611000000,0.349,2.712,21.772,20.673,21228000000,0.0,51.27,4.284,4.284,332000000,8847000000,2396000000.0,2396000000.0,0.0,,,,,0.0,334000000.0,1.0,847168589,847168589,,2.828,22972000000,0,-3000000.0,0,27.116,-3887000000
67,CCL,ARQ,2004-12-31,2005-02-14,2004-11-30,2021-09-30,541000000,27636000000,,1728000000,25908000000,,18.612,-721000000.0,643000000,643000000,1341000000.0,293000000.0,0.343,0.754,7953000000,1662000000,6291000000,7953000000,0,213000000.0,1873000000,0.009,0.15,356000000.0,569000000.0,0.254,569000000.0,356000000.0,284000000.0,0.36,0.34,0.36,15760000000,,15760000000,54491375485,25.0,18.182,-127000000.0,-0.15,1.0,901000000.0,0.402,4627000000,72000000.0,25285000000,,240000000,17000000,17000000,0,11876000000,5034000000,6842000000,47181375485,509000000.0,0.0,31000000.0,273000000.0,-100000000.0,205000000.0,-286000000.0,444000000.0,594000000.0,-4000000.0,293000000.0,293000000.0,293000000.0,0.0,0.0,0.131,554000000.0,347000000.0,631000000,0.417,2.994,25.448,24.121,20823000000,0.0,55.72,4.851,4.851,409000000,8623000000,2242000000.0,2242000000.0,0.0,,,,,0.0,341000000.0,1.0,846758354,846758354,,2.648,23009000000,0,-9000000.0,0,27.173,-3306000000
68,CCL,ARQ,2004-09-30,2004-10-07,2004-08-31,2021-09-30,292000000,26436000000,,1582000000,24854000000,,18.102,-217000000.0,594000000,594000000,1569000000.0,1025000000.0,0.361,0.728,7511000000,1287000000,6224000000,7511000000,0,211000000.0,1715000000,0.01,0.125,1161000000.0,1372000000.0,0.423,1372000000.0,1161000000.0,1085000000.0,1.28,1.23,1.28,15302000000,,15302000000,48245054582,23.0,16.783,698000000.0,0.826,1.0,1676000000.0,0.516,4538000000,76000000.0,24435000000,,223000000,0,0,0,11134000000,4380000000,6754000000,41328054582,151000000.0,0.0,14000000.0,-461000000.0,-101000000.0,-549000000.0,-219000000.0,0.0,915000000.0,4000000.0,1025000000.0,1025000000.0,1025000000.0,0.0,0.0,0.316,516000000.0,1160000000.0,728000000,0.098,2.701,23.414,22.53,19899000000,0.0,48.89,4.445,4.445,434000000,8450000000,3245000000.0,3245000000.0,0.0,,,,,0.0,306000000.0,1.0,845327359,845327359,,3.839,21898000000,0,60000000.0,0,25.905,-2798000000
69,CCL,ARQ,2004-06-30,2004-07-14,2004-05-31,2021-09-30,327000000,26403000000,,1450000000,24953000000,,17.04,-1285000000.0,443000000,443000000,1329000000.0,332000000.0,0.303,0.834,7980000000,1357000000,6623000000,7980000000,0,200000000.0,2111000000,0.01,0.1,402000000.0,602000000.0,0.267,602000000.0,402000000.0,332000000.0,0.41,0.41,0.41,14397000000,,14397000000,46317120015,26.0,18.536,-120000000.0,-0.142,1.0,927000000.0,0.411,4561000000,70000000.0,24589000000,,211000000,0,0,0,12006000000,4790000000,7216000000,38780120015,-120000000.0,0.0,10000000.0,118000000.0,-99000000.0,23000000.0,-1297000000.0,0.0,1165000000.0,-11000000.0,332000000.0,332000000.0,332000000.0,0.0,0.0,0.147,522000000.0,405000000.0,711000000,0.244,2.694,26.304,25.359,19948000000,0.0,45.9,4.522,4.522,425000000,7526000000,2256000000.0,2256000000.0,0.0,,,,,0.0,322000000.0,1.0,844882789,844882789,,2.67,21842000000,0,0.0,0,25.852,-3340000000
70,CCL,ARQ,2004-03-31,2004-04-08,2004-02-29,2021-09-30,356000000,25506000000,,1592000000,23914000000,,16.798,-1286000000.0,563000000,563000000,1216000000.0,203000000.0,0.451,0.798,7827000000,580000000,7247000000,7827000000,548000000,188000000.0,1561000000,0.01,0.125,264000000.0,452000000.0,0.228,452000000.0,264000000.0,199000000.0,0.25,0.25,0.25,14182000000,,14182000000,45702850427,30.0,20.8,-744000000.0,-0.881,1.0,764000000.0,0.386,4480000000,65000000.0,24761000000,,200000000,0,0,0,11324000000,3529000000,7795000000,38438850427,-507000000.0,0.0,87000000.0,253000000.0,-100000000.0,242000000.0,-1287000000.0,0.0,542000000.0,-4000000.0,203000000.0,203000000.0,203000000.0,0.0,0.0,0.103,504000000.0,260000000.0,689000000,0.5,2.71,30.264,28.635,18928000000,0.0,45.53,5.021,5.021,445000000,7294000000,1980000000.0,1980000000.0,0.0,,,,,0.0,316000000.0,1.0,844253249,844253249,,2.345,21026000000,0,-4000000.0,0,24.905,-1937000000
71,CCL,ARQ,2003-12-31,2004-02-25,2003-11-30,2021-09-30,160000000,24491000000,,2132000000,22359000000,,16.372,-619429000.0,1070000000,1070000000,1090934000.0,205065000.0,0.643,0.776,7404000000,486000000,6918000000,7404000000,299000000,168010000.0,1352000000,0.013,0.125,280569000.0,448579000.0,0.247,448579000.0,280569000.0,214229000.0,0.23,0.24,0.23,13793000000,,13793000000,44372022297,31.0,22.153,-81859000.0,-0.097,1.0,725815000.0,0.4,4355000000,66340000.0,23155000000,,171000000,1000000,1000000,0,10698000000,3315000000,7383000000,38038022297,81692000.0,-1429000.0,13444000.0,199758000.0,-84790000.0,125858000.0,-602642000.0,59898000.0,537570000.0,20906000.0,205065000.0,205065000.0,205065000.0,0.0,0.0,0.113,451698000.0,274117000.0,645000000,0.543,2.758,31.858,27.199,17522000000,0.0,45.15,5.662,5.662,403000000,7191000000,1816749000.0,1816749000.0,0.0,,,,,0.0,283688000.0,1.0,842481114,842481114,,2.156,20136000000,0,9164000.0,0,23.901,-1183000000
72,CCL,ARQ,2003-09-30,2003-10-15,2003-08-31,2021-09-30,102447000,23397015000,,1910388000,21486627000,,16.156,-1283926000.0,988008000,988008000,1279645000.0,734261000.0,0.661,0.724,7001219000,365059000,6636160000,7001219000,277544000,175782000.0,1201078000,0.025,0.105,820382000.0,996164000.0,0.395,996164000.0,820382000.0,762628000.0,0.92,0.9,0.92,13568744000,,13568744000,34618800059,26.0,18.704,-553353000.0,-0.659,1.0,1244095000.0,0.493,3615858000,57754000.0,22905471000,,159644000,60974000,60974000,0,9828271000,2888897000,6939374000,28605589059,-393025000.0,-14613000.0,25634000.0,216571000.0,-83965000.0,157998000.0,-1293977000.0,8200000.0,730573000.0,12381000.0,734261000.0,734261000.0,734261000.0,0.0,0.0,0.291,435364000.0,808731000.0,639088000,0.114,2.108,24.236,20.642,17508139000,0.0,34.06,4.828,4.828,347188000,7085427000,2523740000.0,2523740000.0,0.0,,,,,0.0,259582000.0,1.0,839858751,839858751,,3.005,19781157000,0,28367000.0,0,23.553,-978509000
73,CCL,ARQ,2003-06-30,2003-07-15,2003-05-31,2021-09-30,165878000,23363465000,,2547086000,20816379000,,15.487,-480427000.0,1381033000,1381033000,819981000.0,127795000.0,0.783,0.798,7054143000,346302000,6707841000,7054143000,307495000,134725000.0,1436914000,0.027,0.105,165782000.0,300507000.0,0.225,300507000.0,165782000.0,124268000.0,0.19,0.19,0.19,12993576000,,12993576000,32495207280,32.0,22.335,13619000.0,0.016,1.0,514635000.0,0.386,3649236000,41514000.0,22132315000,,157779000,67999000,67999000,0,10369889000,3255024000,7114865000,26822097280,648114000.0,156042000.0,12655000.0,624918000.0,-61632000.0,563738000.0,-350679000.0,-26098000.0,494046000.0,-58991000.0,127795000.0,127795000.0,127795000.0,0.0,0.0,0.096,346793000.0,167842000.0,615782000,0.553,2.064,28.33,20.234,16708612000,0.0,31.97,5.543,5.543,347054000,6434958000,1334616000.0,1334616000.0,0.0,,,,,0.0,212068000.0,1.0,838977081,838977081,,1.591,19714229000,0,-3527000.0,0,23.498,-707938000
74,CCL,ARQ,2003-03-31,2003-04-14,2003-02-28,2021-09-30,59568000,12493118000,,1222737000,11270381000,,9.464,-81218000.0,732919000,732919000,615194000.0,126879000.0,0.735,0.658,3310365000,226744000,3083621000,3310365000,190003000,106483000.0,728998000,0.033,0.105,151268000.0,257751000.0,0.25,257751000.0,151268000.0,121876000.0,0.22,0.22,0.22,7537032000,,7537032000,23163622882,22.0,15.833,89593000.0,0.113,1.0,415911000.0,0.403,706490000,29392000.0,12700825000,,95410000,37575000,37575000,0,4956086000,1663249000,3292837000,20586176882,66219000.0,0.0,1267000.0,38753000.0,-61613000.0,-21594000.0,-85702000.0,0.0,170811000.0,2704000.0,126879000.0,126879000.0,126879000.0,0.0,0.0,0.123,283601000.0,132310000.0,304938000,0.477,2.731,20.318,15.029,10238832000,0.0,25.85,4.581,4.581,110132000,6391097000,1031105000.0,1031105000.0,0.0,,,,,0.0,177118000.0,1.0,796370479,796370479,,1.295,11786628000,0,-5003000.0,0,14.8,-440512000
75,CCL,ARQ,2002-12-31,2003-03-12,2002-11-30,2021-09-30,8241000,12334848000,,1132152000,11202696000,,9.315,-959947000.0,666700000,666700000,578056000.0,191336000.0,0.699,0.663,3160611000,148642000,3011969000,3160611000,170814000,100912000.0,770637000,0.041,0.105,195546000.0,296458000.0,0.286,296458000.0,195546000.0,171246000.0,0.32,0.33,0.32,7417903000,,7417903000,19018369670,18.0,13.094,-659342000.0,-0.828,1.0,457625000.0,0.442,681056000,24300000.0,12527897000,,91310000,39005000,39005000,0,4916945000,1619806000,3297139000,16524458670,-633742000.0,0.0,313000.0,78442000.0,-61611000.0,15499000.0,-951046000.0,8650000.0,300605000.0,1200000.0,191336000.0,191336000.0,191336000.0,0.0,0.0,0.185,270213000.0,187412000.0,268687000,0.328,2.228,16.265,11.994,10115404000,0.0,20.75,3.783,3.783,108327000,6325850000,1035681000.0,1035681000.0,0.0,,,,,0.0,169301000.0,1.0,796359454,796359454,,1.301,11653792000,0,-20090000.0,0,14.634,-487654000
76,CCL,ARQ,2002-12-31,2003-02-18,2002-11-30,2021-09-30,8241000,12334848000,,1132152000,11202696000,,9.315,-959947000.0,666700000,666700000,578056000.0,191336000.0,0.699,0.663,3160611000,148642000,3011969000,3160611000,170814000,100912000.0,770637000,0.036,0.539,195546000.0,296458000.0,0.286,296458000.0,195546000.0,171246000.0,0.32,0.33,0.32,7417903000,,7417903000,21232248953,20.0,14.618,-659342000.0,-0.828,1.0,457625000.0,0.442,681056000,24300000.0,12527897000,,91310000,39005000,39005000,0,4916945000,1619806000,3297139000,18738337953,-633742000.0,0.0,313000.0,78442000.0,-61611000.0,15499000.0,-951046000.0,8650000.0,300605000.0,1200000.0,191336000.0,191336000.0,191336000.0,0.0,0.0,0.185,270213000.0,187412000.0,268687000,1.684,2.526,18.444,13.601,10115404000,0.0,23.53,4.29,4.29,108327000,6325850000,1035681000.0,1035681000.0,0.0,,,,,0.0,169301000.0,1.0,796359454,796359454,,1.301,11653792000,0,-20090000.0,0,14.634,-487654000
77,CCL,ARQ,2002-09-30,2002-10-15,2002-08-31,2021-09-30,13383000,12196722000,,1801590000,10395132000,,9.159,-428109000.0,1300442000,1300442000,682243000.0,500764000.0,1.194,0.673,3070188000,25700000,3044488000,3070188000,167877000,99088000.0,744656000,0.017,0.105,501065000.0,600153000.0,0.417,600153000.0,501065000.0,472091000.0,0.85,0.85,0.85,7291703000,,7291703000,21108633637,21.0,15.279,33505000.0,0.042,1.0,755412000.0,0.525,678380000,28974000.0,11779621000,,91042000,46969000,46969000,0,4905019000,1508467000,3396552000,19338887637,3340000.0,0.0,1961000.0,-102985000.0,-61592000.0,-162515000.0,-295835000.0,153451000.0,461614000.0,76000.0,500764000.0,500764000.0,500764000.0,0.0,0.0,0.348,266988000.0,488424000.0,317313000,0.124,2.652,20.553,15.277,9251822000,0.0,24.29,4.506,4.506,129291000,6196125000,1437655000.0,1437655000.0,0.0,,,,,0.0,147900000.0,1.0,796166638,796166638,,1.806,11518342000,0,-28673000.0,0,14.467,293123000
78,CCL,ARQ,2002-06-30,2002-07-12,2002-05-31,2021-09-30,-1336000,12056409000,,1987998000,10068411000,,8.586,-150962000.0,1297102000,1297102000,533455000.0,194201000.0,1.195,0.764,3115274000,24936000,3090338000,3115274000,165393000,92589000.0,922671000,0.015,0.105,216076000.0,308665000.0,0.312,308665000.0,216076000.0,188065000.0,0.33,0.33,0.33,6834592000,,6834592000,23415259534,23.0,16.609,340948000.0,0.428,1.0,455702000.0,0.461,665710000,28011000.0,11545066000,,89163000,203380000,203380000,0,5221817000,1663805000,3558012000,21597087534,135456000.0,0.0,3410000.0,39147000.0,-61572000.0,-19015000.0,-326609000.0,-159888000.0,491910000.0,-10830000.0,194201000.0,194201000.0,194201000.0,0.0,0.0,0.196,235291000.0,220411000.0,276948000,0.318,3.16,23.095,17.171,8879609000,0.0,27.13,4.972,4.972,112011000,5756972000,989157000.0,989157000.0,0.0,,,,,0.0,142702000.0,1.0,796059253,796059253,,1.243,11390699000,0,-6136000.0,0,14.309,324193000
79,CCL,ARQ,2002-03-31,2002-04-11,2002-02-28,2021-09-30,-38076000,11714421000,,1705016000,10009405000,,8.369,-443393000.0,1161646000,1161646000,518165000.0,129640000.0,1.153,0.759,2981274000,21255000,2960019000,2981274000,165612000,89754000.0,687985000,0.013,0.105,157434000.0,247188000.0,0.273,247188000.0,157434000.0,127979000.0,0.22,0.22,0.22,6660499000,,6660499000,27606193136,27.0,19.61,-228490000.0,-0.287,1.0,387611000.0,0.428,644803000,29455000.0,11411010000,,90369000,39250000,39250000,0,5053922000,1478236000,3575686000,25786565136,-259654000.0,0.0,1556000.0,27658000.0,-61548000.0,-32334000.0,-446563000.0,0.0,214903000.0,4340000.0,129640000.0,129640000.0,129640000.0,0.0,0.0,0.143,241799000.0,145812000.0,271284000,0.477,3.872,27.791,20.637,8775886000,0.0,32.4,5.816,5.816,109121000,5624366000,905776000.0,905776000.0,0.0,,,,,0.0,152045000.0,1.0,795881640,795881640,,1.138,11069618000,0,-1661000.0,0,13.909,226780000
80,CCL,ARQ,2001-12-31,2002-02-28,2001-11-30,2021-09-30,-36932000,11563552000,,1958988000,9604564000,,8.282,-98240000.0,1421300000,1421300000,547898000.0,116312000.0,1.323,0.755,2976618000,21764000,2954854000,2976618000,157998000,91266000.0,627698000,0.015,0.105,134232000.0,225498000.0,0.235,225498000.0,134232000.0,105750000.0,0.19,0.2,0.19,6590777000,,6590777000,23271455985,22.0,16.541,35147000.0,0.044,1.0,411204000.0,0.429,651814000,28482000.0,10986816000,,91996000,36784000,36784000,0,4972775000,1480240000,3492535000,21716137985,266064000.0,-246000.0,198000.0,330255000.0,-61547000.0,268906000.0,-136128000.0,-33395000.0,133387000.0,-101000.0,116312000.0,116312000.0,116312000.0,0.0,0.0,0.121,291667000.0,119537000.0,269467000,0.553,3.295,23.446,17.272,8390230000,0.0,27.29,4.788,4.788,90763000,5556296000,959102000.0,959102000.0,0.0,,,,,0.0,161412000.0,1.0,795754415,795754415,,1.205,10911738000,0,-10562000.0,0,13.712,478748000
81,CCL,ARQ,2001-09-30,2001-09-28,2001-08-31,2021-09-30,-25139000,11275806000,,1625734000,9650072000,,8.229,-121801000.0,1155236000,1155236000,719378000.0,494975000.0,0.944,0.722,2660330000,181848000,2478482000,2660330000,145984000,97008000.0,750393000,0.024,0.105,531451000.0,628459000.0,0.422,628459000.0,531451000.0,501351000.0,0.84,0.84,0.84,6546416000,,6546416000,19023205125,17.0,12.984,343469000.0,0.432,1.0,770540000.0,0.517,662339000,30100000.0,10397292000,,96337000,0,0,0,4729390000,1721269000,3008121000,17518111125,488646000.0,531471000.0,2181000.0,-271662000.0,-61531000.0,-319531000.0,353285000.0,-132000.0,465270000.0,-10378000.0,494975000.0,494975000.0,494975000.0,0.0,0.0,0.332,345194000.0,425346000.0,299534000,0.125,2.676,17.454,12.877,8427846000,0.0,22.02,3.957,3.957,113455000,5501532000,1489918000.0,1489918000.0,0.0,,,,,0.0,146797000.0,1.0,795554547,795554547,,1.873,10613467000,0,6376000.0,0,13.341,-95535000
82,CCL,ARQ,2001-06-30,2001-07-13,2001-05-31,2021-09-30,-88935000,11304895000,,1144377000,10160518000,,7.61,-470698000.0,666590000,666590000,601334000.0,186963000.0,0.546,0.867,2834511000,417818000,2416693000,2834511000,143839000,92359000.0,928210000,0.017,0.105,214287000.0,306646000.0,0.284,306646000.0,214287000.0,184049000.0,0.32,0.32,0.32,6053790000,,6053790000,26644300279,27.0,20.049,2467000.0,0.003,1.0,477791000.0,0.443,684891000,30238000.0,10693643000,,100628000,361987000,0,361987000,5251105000,2094282000,3156823000,24476379279,533479000.0,0.0,809000.0,555893000.0,-61395000.0,483826000.0,-432049000.0,105000.0,473165000.0,8537000.0,186963000.0,186963000.0,186963000.0,0.0,0.0,0.173,246923000.0,230868000.0,314866000,0.328,4.043,27.049,19.981,8381309000,0.0,30.77,5.876,5.876,113743000,5076008000,1079125000.0,1079125000.0,0.0,,,,,0.0,154564000.0,1.0,795462440,795462440,,1.357,10620004000,0,-2914000.0,0,13.351,-949905000
83,CCL,ARQ,2001-03-31,2001-04-16,2001-02-28,2021-09-30,-72785000,10285311000,,585173000,9700138000,,7.483,-120829000.0,133111000,133111000,600120000.0,127950000.0,0.296,0.731,2360610000,505891000,1854719000,2360610000,149582000,91591000.0,770605000,0.019,0.21,154665000.0,246256000.0,0.244,246256000.0,154665000.0,122793000.0,0.22,0.22,0.22,5942562000,,5942562000,23922845652,24.0,18.418,46285000.0,0.058,1.0,407486000.0,0.404,706700000,31872000.0,9830950000,,101316000,423590000,0,423590000,4342749000,1975160000,2367589000,21695346652,-56171000.0,0.0,2086000.0,-36762000.0,-61371000.0,-96047000.0,-127024000.0,27000.0,167114000.0,-214000.0,127950000.0,127950000.0,127950000.0,0.0,0.0,0.127,247482000.0,160004000.0,302802000,0.955,3.651,23.534,17.513,8076334000,0.0,27.32,5.477,5.477,109030000,4950578000,1007606000.0,1007606000.0,0.0,,,,,0.0,155891000.0,1.0,794119570,794119570,,1.269,9578611000,0,-5157000.0,0,12.062,-1389987000
84,CCL,ARQ,2000-12-31,2001-02-28,2000-11-30,2021-09-30,-75059000,9831320000,,549482000,9281838000,,7.393,-69538000.0,189282000,189282000,481057000.0,193795000.0,0.32,0.675,2347296000,248219000,2099077000,2347296000,146332000,76527000.0,770425000,0.016,0.21,207237000.0,283764000.0,0.334,283764000.0,207237000.0,191063000.0,0.33,0.33,0.33,5870617000,,5870617000,28633458497,28.0,22.101,208327000.0,0.262,1.0,369269000.0,0.434,701385000,16174000.0,9572655000,,100451000,437391000,0,437391000,3960703000,1715294000,2245409000,26475444497,48141000.0,-383640000.0,134000.0,246208000.0,-61369000.0,184973000.0,-414697000.0,-24131000.0,277865000.0,0.0,193795000.0,193795000.0,193795000.0,0.0,0.0,0.228,202895000.0,166374000.0,332694000,0.636,4.51,27.423,20.708,8001318000,0.0,33.34,7.007,7.007,95361000,4884023000,850326000.0,850326000.0,0.0,,,,,0.0,126368000.0,1.0,794104514,794104514,,1.071,9129935000,0,-2732000.0,0,11.497,-1165812000
85,CCL,ARQ,2000-09-30,2000-10-13,2000-08-31,2021-09-30,-49805000,8592170000,,469163000,8123007000,,7.267,-490023000.0,141141000,141141000,614724000.0,396190000.0,0.374,0.489,1482527000,6696000,1475831000,1482527000,91606000,75248000.0,701682000,0.018,0.105,417045000.0,492293000.0,0.401,492293000.0,417045000.0,407307000.0,0.67,0.67,0.67,5769186000,,5769186000,19401696678,18.0,14.56,-102930000.0,-0.13,1.0,613487000.0,0.499,452679000,9738000.0,8225330000,,92353000,520796000,4455000,516341000,2822984000,1255547000,1567437000,18060310678,-154426000.0,0.0,-368022000.0,385879000.0,-63371000.0,-45514000.0,-496005000.0,535000.0,387093000.0,0.0,396190000.0,396190000.0,396190000.0,0.0,0.0,0.323,194577000.0,418910000.0,228623000,0.157,3.13,17.659,13.382,7102225000,0.0,22.75,4.865,4.865,109066000,4758448000,1228211000.0,1228211000.0,0.0,,,,,0.0,119329000.0,1.0,793859810,793859810,,1.547,8139491000,0,11117000.0,0,10.253,-786384000
86,CCL,ARQ,2000-06-30,2000-07-17,2000-05-31,2021-09-30,-35807000,8342174000,,622437000,7719737000,,7.28,-299391000.0,295567000,295567000,497121000.0,203956000.0,0.398,0.434,1079912000,208864000,871048000,1079912000,91235000,68288000.0,854383000,0.021,0.105,208288000.0,276576000.0,0.316,276576000.0,208288000.0,201417000.0,0.34,0.34,0.34,5815595000,,5815595000,16512593150,15.0,12.295,149926000.0,0.188,1.0,378006000.0,0.432,455314000,6871000.0,7106909000,,94691000,546230000,4584000,541646000,2526579000,1564296000,962283000,15728248150,-257197000.0,0.0,-334118000.0,-74000.0,-64819000.0,-399011000.0,-307503000.0,7133000.0,449317000.0,0.0,203956000.0,203956000.0,203956000.0,0.0,0.0,0.233,189115000.0,188891000.0,194623000,0.309,2.704,15.1,11.515,6674115000,0.0,19.69,4.305,4.305,96718000,4423788000,875127000.0,875127000.0,0.0,,,,,0.0,120827000.0,1.0,798793710,798793710,,1.096,7886860000,0,-2539000.0,0,9.873,-941859000
87,CCL,ARQ,2000-03-31,2000-04-14,2000-02-29,2021-09-30,-18355000,8332673000,,852180000,7480493000,,7.404,-93046000.0,552764000,552764000,465440000.0,171517000.0,0.63,0.383,1073483000,207817000,865666000,1073483000,89409000,67604000.0,660653000,0.018,0.105,175354000.0,242958000.0,0.295,242958000.0,175354000.0,166765000.0,0.28,0.28,0.28,6025623000,,6025623000,18425324708,17.0,13.757,72214000.0,0.089,1.0,359438000.0,0.436,458846000,8589000.0,7042571000,,86760000,549402000,5553000,543849000,2307050000,1351975000,955075000,17904605708,30993000.0,0.0,4680000.0,-351000.0,-64774000.0,-60445000.0,-73822000.0,16463000.0,165260000.0,0.0,171517000.0,171517000.0,171517000.0,0.0,0.0,0.208,188483000.0,170955000.0,197521000,0.375,2.971,17.199,12.941,6439471000,0.0,22.0,5.01,5.01,82288000,4283203000,824878000.0,824878000.0,0.0,,,,,0.0,120879000.0,1.0,813845714,813845714,,1.014,7873827000,0,-4752000.0,0,9.675,-499795000
88,CCL,ARQ,1999-12-31,2000-02-28,1999-11-30,2021-09-30,1116000,8286355000,,791636000,7494719000,,7.175,-387741000.0,521771000,521771000,434367000.0,251044000.0,0.563,0.397,1073782000,206267000,867515000,1073782000,82680000,63759000.0,675816000,0.013,0.105,256980000.0,320739000.0,0.409,320739000.0,256980000.0,248205000.0,0.41,0.4,0.41,5931247000,,5931247000,25351364420,24.0,19.196,-124538000.0,-0.151,1.0,349548000.0,0.446,462340000,8775000.0,6971113000,,84019000,609722000,22800000,586922000,2355108000,1404913000,950195000,24799353420,37536000.0,-65805000.0,758000.0,-144415000.0,-55233000.0,-198941000.0,-26726000.0,431730000.0,263203000.0,0.0,251044000.0,251044000.0,251044000.0,0.0,0.0,0.32,184791000.0,164757000.0,195879000,0.256,4.181,24.142,17.857,6410527000,0.0,30.0,7.091,7.091,62887000,4176498000,783915000.0,783915000.0,0.0,,,,,0.0,121032000.0,1.0,826645114,826645114,,0.948,7824015000,0,-2839000.0,0,9.465,-613277000
89,CCL,ARQ,1999-09-30,1999-10-14,1999-08-31,2021-09-30,0,8227601000,,1222692000,7004909000,,9.115,-372383000.0,484235000,484235000,579740000.0,415093000.0,0.998,0.471,1218145000,33667000,1184478000,1218145000,75420000,63084000.0,716804000,0.009,0.09,439656000.0,502740000.0,0.43,502740000.0,439656000.0,428355000.0,0.68,0.67,0.68,5594307000,,5594307000,26166465474,25.0,20.336,40764000.0,0.066,1.0,589408000.0,0.504,402443000,11301000.0,7333566000,,79151000,947721000,455823000,491898000,2633294000,1225502000,1407792000,25432555474,101595000.0,0.0,6935000.0,-56573000.0,-55182000.0,-104824000.0,-206728000.0,164658000.0,413147000.0,0.0,415093000.0,415093000.0,415093000.0,0.0,0.0,0.355,173000000.0,416408000.0,189562000,0.132,4.546,25.514,25.268,6083400000,0.0,41.44,7.389,7.389,115600000,3990235000,1169148000.0,1169148000.0,0.0,,,,,0.0,109916000.0,1.0,613719968,613719968,,1.905,7825158000,0,13262000.0,0,12.75,-2810000
90,CCL,ARQ,1999-06-30,1999-07-14,1999-05-31,2021-09-30,0,7999308000,,1281899000,6717409000,,8.547,-61883000.0,382640000,382640000,432426000.0,203342000.0,0.99,0.526,1274664000,33667000,1240997000,1274664000,82791000,58911000.0,822719000,0.007,0.09,213993000.0,272904000.0,0.343,272904000.0,213993000.0,200503000.0,0.33,0.33,0.33,5242499000,,5242499000,30756949314,31.0,25.259,382698000.0,0.624,1.0,363723000.0,0.457,406708000,13490000.0,7190315000,,81035000,1108984000,614799000,494185000,2756809000,1294309000,1462500000,29864925314,-191614000.0,9415000.0,3070000.0,-147657000.0,-55174000.0,-199765000.0,-436430000.0,-397592000.0,444581000.0,0.0,203342000.0,203342000.0,203342000.0,0.0,0.0,0.255,164428000.0,199295000.0,180115000,0.273,5.697,32.235,31.617,5770921000,0.0,48.69,8.956,8.956,103214000,3630364000,796149000.0,796149000.0,0.0,,,,,0.0,105517000.0,1.0,613368768,613368768,,1.298,7592600000,0,-2839000.0,0,12.379,-12410000
91,CCL,ARQ,1999-03-31,1999-04-13,1999-02-28,2021-09-30,0,7830485000,,1036788000,6793697000,,8.34,-50977000.0,574254000,574254000,416103000.0,157761000.0,0.911,0.531,1422271000,66702000,1355569000,1422271000,88910000,57904000.0,655944000,0.006,0.09,166345000.0,224249000.0,0.3,224249000.0,166345000.0,152955000.0,0.26,0.26,0.26,5113902000,,5113902000,32199606688,34.0,27.73,157816000.0,0.257,1.0,332155000.0,0.444,434171000,13390000.0,7106013000,,77626000,751406000,216993000,534413000,2716583000,1138318000,1578265000,31351589688,436981000.0,0.0,730812000.0,-208421000.0,-53590000.0,468684000.0,-240496000.0,-210686000.0,208793000.0,0.0,157761000.0,157761000.0,157761000.0,0.0,0.0,0.211,168674000.0,163481000.0,156612000,0.346,6.131,35.476,34.547,5764498000,0.0,51.13,9.798,9.798,72947000,3482215000,748258000.0,748258000.0,0.0,,,,,0.0,110770000.0,1.0,613174060,613174060,,1.22,7396314000,0,-4806000.0,0,12.062,-101530000
92,CCL,ARQ,1998-12-31,1999-02-25,1998-11-30,2021-09-30,0,7179323000,,370279000,6809044000,,6.992,-295234000.0,137273000,137273000,409083000.0,220623000.0,0.326,0.675,1630640000,67626000,1563014000,1630640000,63036000,53979000.0,638383000,0.007,0.09,232821000.0,286800000.0,0.394,286800000.0,232821000.0,218561000.0,0.37,0.37,0.37,4285476000,,4285476000,29460152975,33.0,26.827,-81284000.0,-0.133,1.0,319488000.0,0.439,437464000,14260000.0,7100113000,,75449000,552649000,5956000,546693000,2893847000,1135113000,1758734000,27966785975,12146000.0,-832000.0,-1164000.0,183268000.0,-44656000.0,133195000.0,-334999000.0,1515000.0,213950000.0,0.0,220623000.0,220623000.0,220623000.0,0.0,0.0,0.303,160898000.0,158590000.0,168546000,0.243,6.526,33.458,32.593,5768114000,0.0,45.63,9.293,9.293,60837000,3379628000,728571000.0,728571000.0,0.0,,,,,0.0,106919000.0,1.0,612903484,612903484,,1.189,6741859000,0,-2062000.0,0,11.0,-764834000
93,CCL,ARQ,1998-09-30,1998-10-15,1998-08-31,2021-09-30,0,6792349000,,382912000,6409437000,,6.893,-105967000.0,125127000,125127000,540343000.0,344752000.0,0.339,0.655,1447319000,72423000,1374896000,1447319000,52679000,57423000.0,630668000,0.012,0.075,376267000.0,433690000.0,0.409,433690000.0,376267000.0,357490000.0,0.58,0.58,0.58,4104383000,,4104383000,16505331084,20.0,16.211,179061000.0,0.301,1.0,521196000.0,0.491,439721000,18777000.0,6546212000,,74150000,474315000,21411000,452904000,2687966000,1128608000,1559358000,15183139084,4527000.0,75000.0,8465000.0,-168206000.0,-44619000.0,-204360000.0,-76141000.0,2213000.0,285028000.0,0.0,344752000.0,344752000.0,344752000.0,0.0,0.0,0.325,156189000.0,365007000.0,160988000,0.129,3.699,19.703,19.691,5481600000,0.0,25.5,5.413,5.413,73268000,3212595000,1061539000.0,1061539000.0,0.0,,,,,0.0,98766000.0,1.0,595417219,595417219,,1.783,6352628000,0,12738000.0,0,10.669,-745696000
94,CCL,ARQ,1998-06-30,1998-07-15,1998-05-31,2021-09-30,0,6711836000,,375497000,6336339000,,6.369,-340445000.0,120600000,120600000,362356000.0,160596000.0,0.309,0.77,1615473000,58457000,1557016000,1615473000,0,46258000.0,755890000,0.007,0.075,170198000.0,216456000.0,0.327,216456000.0,170198000.0,158022000.0,0.27,0.27,0.27,3791923000,,3791923000,25605641772,33.0,26.883,38254000.0,0.064,1.0,299002000.0,0.452,403077000,12176000.0,6587721000,,76226000,435129000,9414000,425715000,2919913000,1215911000,1704002000,24110768772,6528000.0,-245482000.0,1713000.0,216996000.0,-44605000.0,174104000.0,-546275000.0,304000.0,378699000.0,0.0,160596000.0,160596000.0,160596000.0,0.0,0.0,0.243,131208000.0,167794000.0,187897000,0.278,6.358,33.314,33.333,5469814000,0.0,40.5,9.459,9.459,66503000,2912499000,661358000.0,661358000.0,0.0,,,,,0.0,84950000.0,1.0,595327624,595327624,,1.111,6308759000,0,-2574000.0,0,10.597,-840414000
95,CCL,ARQ,1998-03-31,1998-04-14,1998-02-28,2021-09-30,0,5719688000,,326964000,5392724000,,6.181,-361739000.0,114072000,114072000,307595000.0,109914000.0,0.394,0.555,1240679000,50900000,1189779000,1240679000,22481000,43008000.0,483301000,0.007,0.075,118186000.0,161194000.0,0.289,161194000.0,118186000.0,105627000.0,0.185,0.185,0.185,3677211000,,3677211000,22616748945,30.0,24.649,-147576000.0,-0.248,1.0,250243000.0,0.449,210861000,12559000.0,5805217000,,56026000,467302000,9718000,457584000,2042477000,830217000,1212260000,21490141945,-25917000.0,2991000.0,2385000.0,165751000.0,-44578000.0,123558000.0,-363638000.0,20000.0,214163000.0,0.0,109914000.0,109914000.0,109914000.0,0.0,0.0,0.197,121842000.0,128401000.0,99475000,0.405,5.844,31.118,31.142,4647968000,0.0,36.125,8.651,8.651,61349000,2796519000,557838000.0,557838000.0,0.0,,,,,0.0,78834000.0,1.0,594882822,594882822,,0.938,5508827000,0,-4287000.0,0,9.26,-503253000
96,CCL,ARQ,1997-12-31,1998-02-27,1997-11-30,2021-09-30,0,5426775000,,336025000,5090750000,,6.061,-321703000.0,139989000,139989000,299927000.0,155350000.0,0.427,0.505,1074914000,59620000,1015294000,1074914000,20241000,41401000.0,420908000,0.009,0.075,165414000.0,206815000.0,0.394,206815000.0,165414000.0,153026000.0,0.26,,0.26,3605098000,,3605098000,18445188496,25.0,20.598,-153123000.0,-0.257,1.0,224424000.0,0.428,212607000,12388000.0,5362951000,,54970000,489067000,9738000,479329000,1821677000,786142000,1035535000,17510263496,-75449000.0,1942000.0,-1282000.0,86328000.0,-32687000.0,52359000.0,-296388000.0,575000.0,168580000.0,0.0,155350000.0,155350000.0,155350000.0,0.0,0.0,0.296,116232000.0,108192000.0,106783000,0.288,4.857,26.29,26.404,4327413000,0.0,29.44,7.154,7.154,57090000,2731213000,524351000.0,524351000.0,0.0,,,,,0.0,74831000.0,1.0,594777972,594777972,,0.882,5214168000,0,-2324000.0,0,8.767,-450117000
97,CCL,ARQ,1997-09-30,1997-10-15,1997-08-31,2021-09-30,0,5241765000,,405032000,4836733000,,5.881,-74781000.0,215438000,215438000,388120000.0,297893000.0,0.544,0.5,988576000,62089000,926487000,988576000,75434000,43228000.0,394598000,0.009,0.055,324777000.0,368005000.0,0.457,368005000.0,324777000.0,312803000.0,0.5,,0.5,3495240000,,3495240000,14963446806,,,197321000.0,0.332,1.0,417301000.0,0.518,214352000,11974000.0,5055947000,,54394000,438031000,10313000,427718000,1746525000,744604000,1001921000,14190308806,121812000.0,-36766000.0,2451000.0,-10628000.0,-32679000.0,-40856000.0,-109434000.0,2067000.0,272102000.0,0.0,297893000.0,297893000.0,297893000.0,0.0,0.0,0.37,108711000.0,308590000.0,112021000,0.11,4.06,,,4131672000,0.0,23.875,,,49753000,2620440000,805421000.0,805421000.0,0.0,,,,,0.0,65483000.0,1.0,594358484,594358484,,1.355,5027413000,0,14910000.0,0,8.459,-339572000
98,CCL,ARQ,1997-06-30,1997-07-15,1997-05-31,2021-09-30,0,5070282000,,301989000,4768293000,,5.436,-21786000.0,93626000,93626000,340396000.0,127447000.0,0.371,0.57,999195000,62090000,937105000,999195000,89621000,41961000.0,490632000,0.01,0.055,139565000.0,181526000.0,0.304,181526000.0,139565000.0,125119000.0,0.215,,0.215,3230330000,,3230330000,13870190996,,,220512000.0,0.371,1.0,256218000.0,0.429,216098000,14446000.0,4946527000,,54902000,397403000,12380000,385023000,1839952000,813226000,1026726000,12964621996,4698000.0,3851000.0,589000.0,-183418000.0,-32674000.0,-215503000.0,-22097000.0,63000.0,242298000.0,0.0,127447000.0,127447000.0,127447000.0,0.0,0.0,0.214,118677000.0,137541000.0,108135000,0.256,4.013,,,4104135000,0.0,21.815,,,49280000,2355235000,596614000.0,596614000.0,0.0,,,,,0.0,76716000.0,1.0,594298510,594298510,,1.004,4854184000,0,-2328000.0,0,8.168,-511237000
99,CCL,ARQ,1997-03-31,1997-04-14,1997-02-28,2021-09-30,0,5087025000,,282751000,4804274000,,5.301,-62346000.0,88928000,88928000,296938000.0,85360000.0,0.387,0.615,1182603000,66368000,1116235000,1182603000,91385000,40697000.0,404462000,0.011,0.055,98425000.0,139122000.0,0.267,139122000.0,98425000.0,81335000.0,0.145,,0.145,3149310000,,3149310000,11565092664,,,132254000.0,0.223,1.0,224144000.0,0.43,217843000,17090000.0,5232762000,,53667000,417566000,12443000,405123000,1937715000,730095000,1207620000,10471417664,-22701000.0,32135000.0,3404000.0,-161307000.0,-32416000.0,-190319000.0,-26982000.0,43000.0,194600000.0,0.0,85360000.0,85360000.0,85360000.0,0.0,0.0,0.164,120200000.0,103944000.0,110021000,0.379,3.325,,,4122496000,0.0,17.625,,,42860000,2260467000,521082000.0,521082000.0,0.0,,,,,0.0,79503000.0,1.0,594122988,594122988,,0.877,4869182000,0,-4025000.0,0,8.196,-447344000
100,CCL,ARQ,1996-12-31,1997-02-28,1996-11-30,2021-09-30,0,5101888000,,290933000,4810955000,,5.102,,111629000,111629000,,,0.439,0.683,1383001000,66369000,1316632000,1383001000,91630000,,352698000,0.011,0.055,,,,,,,,,,3030884000,,3030884000,11741894314,18.0,14.969,,,1.0,,,219589000,,5490929000,,53281000,442816000,12486000,430330000,2071004000,662742000,1408262000,10470522314,,,,,,,,,,,,,,,,,,,84748000,,3.455,18.489,18.077,4099038000,,17.625,4.732,4.732,38109000,2207781000,,,,,,,,,,1.0,594072188,594072188,,,4882299000,0,,0,8.218,-371809000
0,CCL,ART,2021-09-30,2021-09-30,2021-08-31,2021-09-30,-1349000000,53514000000,54849250000.0,8909000000,44605000000,0.012,12.75,-4427000000.0,7151000000,7151000000,2861000000.0,-9103000000.0,0.939,2.6,32644000000,4544000000,28100000000,32644000000,0,2502000000.0,2707000000,0.0,0.0,-7534000000.0,-5032000000.0,-7.671,-5032000000.0,-7534000000.0,-9135000000.0,-8.3,-8.3,-8.3,14863000000,18276750000.0,14863000000,55243263313,-7.0,-10.978,-9820000000.0,-8.424,1.0,-2205000000.0,-3.361,2000000000,1601000000.0,67516000000,67102750000.0,322000000,647000000,647000000,0,38651000000,9491000000,29160000000,29750263313,-863000000.0,-90000000.0,3485000000.0,6423000000.0,0.0,9850000000.0,-5323000000.0,-646000000.0,-5393000000.0,3000000.0,-9103000000.0,-9103000000.0,-9103000000.0,0.0,0.0,-13.877,4633000000.0,-6838000000.0,672000000,0.0,2.002,-3.268,-3.075,40283000000,0.0,25.52,45.351,45.351,281000000,9194000000,656000000.0,656000000.0,0.0,-0.166,-0.498,-0.112,-11.485,148000000.0,1747000000.0,1.0,1165762669,1165762669,,0.563,51514000000,0,-32000000.0,0,44.189,-582000000
1,CCL,ART,2021-06-30,2021-06-28,2021-05-31,2021-09-30,-1126000000,55064000000,54175250000.0,10198000000,44866000000,0.003,15.438,-3687000000.0,7067000000,7067000000,2359000000.0,-9125000000.0,1.165,2.08,32234000000,4949000000,27285000000,32234000000,0,2456000000.0,1992000000,0.0,0.0,-7643000000.0,-5187000000.0,-36.787,-5187000000.0,-7643000000.0,-9136000000.0,-9.49,-9.49,-9.49,17876000000,19436750000.0,17876000000,55447577276,-7.0,-10.69,-11046000000.0,-9.539,1.0,-2218000000.0,-15.73,2016000000,1493000000.0,69461000000,64425500000.0,308000000,2204000000,2204000000,0,37188000000,8754000000,28434000000,30280577276,321000000.0,-90000000.0,3687000000.0,10155000000.0,0.0,13748000000.0,-6139000000.0,-2204000000.0,-7359000000.0,71000000.0,-9125000000.0,-9125000000.0,-9125000000.0,0.0,0.0,-64.716,4897000000.0,-7115000000.0,499000000,0.0,1.694,-3.318,-2.756,40914000000,0.0,26.15,214.756,214.756,218000000,12030000000,141000000.0,141000000.0,0.0,-0.168,-0.469,-0.119,-54.206,133000000.0,1587000000.0,1.0,1157957066,1157957066,,0.122,53048000000,0,-11000000.0,0,45.812,1444000000
2,CCL,ART,2021-03-31,2021-04-07,2021-02-28,2021-09-30,-1233000000,57226000000,52863500000.0,12459000000,44767000000,0.016,17.116,-3951000000.0,9674000000,9674000000,3623000000.0,-11427000000.0,1.446,1.888,32729000000,4951000000,27778000000,32729000000,0,2431000000.0,1826000000,0.0,0.0,-10223000000.0,-7792000000.0,-9.377,-7792000000.0,-10223000000.0,-11461000000.0,-13.73,-13.73,-13.73,19813000000,20177750000.0,19813000000,56624343008,-6.0,-7.267,-12671000000.0,-10.946,1.0,-2792000000.0,-3.36,2009000000,1238000000.0,69653000000,59902750000.0,312000000,1840000000,1840000000,0,37413000000,8619000000,28794000000,33569343008,8461000000.0,-81000000.0,4246000000.0,19000000000.0,-345000000.0,22777000000.0,-5668000000.0,-1840000000.0,-8720000000.0,74000000.0,-11427000000.0,-11427000000.0,-11427000000.0,0.0,0.0,-13.751,6886000000.0,-9678000000.0,505000000,0.0,1.694,-2.938,-2.112,40937000000,0.0,29.0,40.396,40.396,250000000,14102000000,831000000.0,831000000.0,0.0,-0.216,-0.566,-0.171,-12.302,125000000.0,1662000000.0,1.0,1157563552,1157563552,,0.718,55217000000,0,-34000000.0,0,47.701,3840000000
3,CCL,ART,2020-12-31,2021-01-26,2020-11-30,2021-09-30,-1436000000,53593000000,50292750000.0,10563000000,43030000000,0.111,18.413,-3286000000.0,9513000000,9513000000,6278000000.0,-10236000000.0,1.216,1.607,28380000000,4977000000,23403000000,28380000000,0,2413000000.0,1940000000,0.027,0.5,-9358000000.0,-6945000000.0,-1.241,-6945000000.0,-9358000000.0,-10253000000.0,-13.2,-13.2,-13.2,20555000000,21297000000.0,20555000000,39764429361,-4.0,-5.726,-9587000000.0,-8.588,1.0,-683000000.0,-0.122,1993000000,895000000.0,61781000000,53975000000.0,335000000,0,0,0,33038000000,8686000000,24352000000,20897429361,9161000000.0,-81000000.0,3237000000.0,16251000000.0,-689000000.0,18650000000.0,-3240000000.0,0.0,-6301000000.0,53000000.0,-10236000000.0,-10236000000.0,-10236000000.0,0.0,0.0,-1.829,8182000000.0,-8865000000.0,624000000,-0.038,1.017,-2.042,-1.418,39443000000,0.0,18.72,3.735,3.735,273000000,16075000000,5595000000.0,5595000000.0,0.0,-0.204,-0.481,-0.173,-1.673,105000000.0,1878000000.0,1.0,1116315671,1116315671,,5.012,51600000000,0,-17000000.0,0,46.223,1877000000
4,CCL,ART,2020-09-30,2020-10-08,2020-08-31,2021-09-30,-1439000000,50818000000,48159000000.0,9268000000,41550000000,0.215,21.592,-3598000000.0,8176000000,8176000000,9132000000.0,-7590000000.0,0.91,1.606,26342000000,6145000000,20197000000,26342000000,0,2251000000.0,2150000000,0.064,1.0,-6981000000.0,-4730000000.0,-0.457,-4730000000.0,-6981000000.0,-7577000000.0,-10.28,-10.29,-10.28,19503000000,22499500000.0,19503000000,32265588841,-5.0,-6.821,-7186000000.0,-7.956,1.0,1210000000.0,0.117,1993000000,596000000.0,56807000000,49237000000.0,349000000,0,0,0,31315000000,10184000000,21131000000,14099588841,7022000000.0,-81000000.0,635000000.0,14481000000.0,-1035000000.0,13956000000.0,-3412000000.0,0.0,-3588000000.0,65000000.0,-7590000000.0,-7590000000.0,-7590000000.0,0.0,0.0,-0.734,7947000000.0,-6737000000.0,691000000,-0.097,0.723,-1.858,-1.518,38305000000,0.0,15.61,1.363,1.363,376000000,18297000000,10342000000.0,10342000000.0,0.0,-0.158,-0.337,-0.142,-0.675,60000000.0,2102000000.0,1.0,903240797,903240797,,11.45,48825000000,0,13000000.0,0,54.055,-916000000
5,CCL,ART,2020-06-30,2020-07-10,2020-05-31,2021-09-30,-1962000000,49817000000,46454750000.0,8222000000,41595000000,0.363,26.608,-3820000000.0,6881000000,6881000000,12025000000.0,-2952000000.0,0.693,1.39,22250000000,6088000000,16162000000,22250000000,0,2248000000.0,2618000000,0.093,1.5,-2552000000.0,-304000000.0,-0.018,-304000000.0,-2552000000.0,-2890000000.0,-4.01,-4.02,-4.01,20840000000,23947500000.0,20840000000,28026096055,-11.0,-92.191,-3318000000.0,-4.236,1.0,4819000000.0,0.286,1958000000,338000000.0,51370000000,45185750000.0,362000000,0,0,0,28977000000,11858000000,17119000000,12657096055,5681000000.0,-81000000.0,259000000.0,10015000000.0,-1382000000.0,8796000000.0,-3615000000.0,0.0,502000000.0,-3000000.0,-2952000000.0,-2952000000.0,-2952000000.0,0.0,0.0,-0.175,7332000000.0,-2513000000.0,1809000000,-0.374,0.607,-4.288,-4.03,38552000000,0.0,16.16,0.751,0.751,604000000,21155000000,16844000000.0,16844000000.0,0.0,-0.064,-0.123,-0.056,-0.152,57000000.0,2400000000.0,1.0,783236142,783236142,,21.506,47859000000,0,62000000.0,0,61.104,-3636000000
6,CCL,ART,2020-03-31,2020-04-03,2020-02-29,2021-09-30,-2028000000,46943000000,45128500000.0,2885000000,44058000000,0.464,34.194,-4374000000.0,1354000000,1354000000,13288000000.0,1873000000.0,0.269,0.933,14418000000,3368000000,11050000000,14418000000,0,2214000000.0,4690000000,0.236,2.0,2164000000.0,4378000000.0,0.209,4378000000.0,2164000000.0,1954000000.0,2.71,2.7,2.71,24290000000,24764500000.0,24290000000,19094909807,9.0,4.362,901000000.0,1.268,1.0,7654000000.0,0.365,3349000000,210000000.0,45942000000,42350250000.0,440000000,0,0,0,22653000000,10716000000,11937000000,6030909807,704000000.0,0.0,-341000000.0,1625000000.0,-1383000000.0,-178000000.0,-4379000000.0,0.0,5275000000.0,-17000000.0,1873000000.0,1873000000.0,1873000000.0,0.0,0.0,0.089,5473000000.0,2181000000.0,904000000,0.738,0.248,3.22,3.133,39492000000,0.0,8.49,0.288,0.288,405000000,25527000000,20942000000.0,20942000000.0,0.0,0.042,0.076,0.051,0.103,46000000.0,2529000000.0,1.0,710354512,710354512,,29.481,43594000000,0,81000000.0,0,61.369,-7831000000
7,CCL,ART,2019-12-31,2020-01-28,2019-11-30,2021-09-30,-2066000000,45058000000,44375250000.0,2059000000,42999000000,0.469,35.717,-5403000000.0,518000000,518000000,12909000000.0,2990000000.0,0.226,0.776,11502000000,1827000000,9675000000,11502000000,0,2160000000.0,4735000000,0.043,2.0,3267000000.0,5427000000.0,0.261,5427000000.0,3267000000.0,3061000000.0,4.34,4.32,4.34,25365000000,24752250000.0,25365000000,44007089000,13.0,8.109,72000000.0,0.101,1.0,7916000000.0,0.38,4086000000,206000000.0,42829000000,41140000000.0,427000000,0,0,0,19693000000,9127000000,10566000000,33023089000,-465000000.0,0.0,-603000000.0,1418000000.0,-1387000000.0,-655000000.0,-5277000000.0,0.0,5475000000.0,-9000000.0,2990000000.0,2990000000.0,2990000000.0,0.0,0.0,0.144,4640000000.0,3276000000.0,756000000,0.461,1.302,11.045,10.714,38131000000,0.0,46.5,1.586,1.586,444000000,26653000000,20825000000.0,20825000000.0,0.0,0.067,0.121,0.079,0.157,46000000.0,2480000000.0,1.0,710173957,710173957,,29.324,40972000000,0,71000000.0,0,57.693,-7068000000
8,CCL,ART,2019-09-30,2019-09-26,2019-08-31,2021-09-30,-2183000000,44001000000,43711000000.0,2712000000,41289000000,0.469,35.5,-4291000000.0,1153000000,1153000000,12574000000.0,3060000000.0,0.304,0.74,10738000000,1845000000,8893000000,10738000000,0,2114000000.0,4674000000,0.046,2.0,3335000000.0,5449000000.0,0.266,5449000000.0,3335000000.0,3131000000.0,4.43,4.43,4.43,25295000000,24521750000.0,25295000000,40901279310,12.0,7.506,1236000000.0,1.735,1.0,7926000000.0,0.387,4052000000,204000000.0,40602000000,40042000000.0,482000000,0,0,0,18706000000,8932000000,9774000000,31316279310,630000000.0,0.0,-735000000.0,1524000000.0,-1393000000.0,-665000000.0,-4213000000.0,0.0,5527000000.0,-19000000.0,3060000000.0,3060000000.0,3060000000.0,0.0,0.0,0.149,4582000000.0,3344000000.0,695000000,0.451,1.238,10.234,9.921,36466000000,0.0,43.95,1.528,1.528,441000000,26576000000,20500000000.0,20500000000.0,0.0,0.07,0.125,0.083,0.163,54000000.0,2469000000.0,1.0,712543329,712543329,,28.77,39949000000,0,71000000.0,0,56.065,-6220000000
9,CCL,ART,2019-06-30,2019-06-24,2019-05-31,2021-09-30,-2076000000,44512000000,43149000000.0,2835000000,41677000000,0.459,33.652,-4276000000.0,1202000000,1202000000,12000000000.0,2987000000.0,0.273,0.846,11174000000,2094000000,9080000000,11174000000,0,2076000000.0,5815000000,0.043,2.0,3249000000.0,5325000000.0,0.269,5325000000.0,3249000000.0,3048000000.0,4.27,4.26,4.27,24108000000,24361500000.0,24108000000,42925789948,13.0,8.061,1355000000.0,1.891,1.0,7803000000.0,0.394,4079000000,201000000.0,40028000000,39564750000.0,501000000,0,0,0,20404000000,10377000000,10027000000,32953789948,149000000.0,0.0,-1271000000.0,1595000000.0,-1403000000.0,-1147000000.0,-4328000000.0,0.0,5631000000.0,-8000000.0,2987000000.0,2987000000.0,2987000000.0,0.0,0.0,0.151,4555000000.0,3248000000.0,792000000,0.468,1.367,11.032,10.773,36814000000,0.0,46.0,1.664,1.664,405000000,25138000000,19803000000.0,19803000000.0,0.0,0.069,0.123,0.082,0.164,60000000.0,2479000000.0,1.0,716386738,716386738,,27.643,40433000000,0,61000000.0,0,56.44,-7542000000
10,CCL,ART,2019-03-31,2019-04-09,2019-02-28,2021-09-30,-1869000000,43930000000,42567000000.0,2101000000,41829000000,0.454,33.81,-4915000000.0,649000000,649000000,11522000000.0,3097000000.0,0.218,0.812,11586000000,2452000000,9134000000,11586000000,0,2045000000.0,4755000000,0.039,2.0,3349000000.0,5394000000.0,0.279,5394000000.0,3349000000.0,3153000000.0,4.41,4.39,4.41,24241000000,24317750000.0,24241000000,48148368603,14.0,8.926,686000000.0,0.957,1.0,7800000000.0,0.404,4124000000,196000000.0,41101000000,38944500000.0,444000000,0,0,0,19689000000,9642000000,10047000000,37211368603,198000000.0,0.0,-1524000000.0,2549000000.0,-1380000000.0,-420000000.0,-4970000000.0,0.0,5601000000.0,-12000000.0,3097000000.0,3097000000.0,3097000000.0,0.0,0.0,0.16,4509000000.0,3291000000.0,798000000,0.454,1.535,12.015,11.769,37005000000,0.0,51.9,1.926,1.926,406000000,25033000000,19322000000.0,19322000000.0,0.0,0.073,0.127,0.086,0.173,67000000.0,2463000000.0,1.0,716982054,716982054,,26.949,39806000000,0,56000000.0,0,55.519,-7541000000
11,CCL,ART,2018-12-31,2019-01-28,2018-11-30,2021-09-30,-1949000000,42401000000,41944750000.0,2225000000,40176000000,0.45,34.015,-3360000000.0,982000000,982000000,11089000000.0,3152000000.0,0.242,0.735,10323000000,2426000000,7897000000,10323000000,0,2017000000.0,4395000000,0.035,1.95,3400000000.0,5417000000.0,0.287,5417000000.0,3400000000.0,3206000000.0,4.45,4.44,4.45,24443000000,24353000000.0,24443000000,49869792517,15.0,9.206,2189000000.0,3.046,1.0,7792000000.0,0.413,4101000000,194000000.0,38437000000,38040250000.0,450000000,0,0,0,17958000000,9204000000,8754000000,40528792517,587000000.0,0.0,-1468000000.0,1403000000.0,-1355000000.0,-1460000000.0,-3502000000.0,0.0,5549000000.0,-1000000.0,3152000000.0,3152000000.0,3152000000.0,0.0,0.0,0.167,4467000000.0,3325000000.0,730000000,0.438,1.658,12.858,12.674,35336000000,0.0,56.4,2.147,2.147,358000000,25066000000,18881000000.0,18881000000.0,0.0,0.075,0.129,0.089,0.18,65000000.0,2450000000.0,1.0,718595612,718595612,,26.275,38300000000,0,54000000.0,0,53.298,-6979000000
12,CCL,ART,2018-09-30,2018-09-27,2018-08-31,2021-09-30,-1840000000,41753000000,41539000000.0,1755000000,39998000000,0.45,33.997,-3150000000.0,526000000,526000000,10965000000.0,3205000000.0,0.219,0.694,9617000000,1320000000,8297000000,9617000000,0,1988000000.0,4418000000,0.03,1.9,3453000000.0,5441000000.0,0.291,5441000000.0,3453000000.0,3259000000.0,4.51,4.48,4.51,24654000000,24296250000.0,24654000000,55313634103,16.0,10.166,2310000000.0,3.185,1.0,7719000000.0,0.413,4131000000,194000000.0,38693000000,37583750000.0,405000000,0,0,0,17099000000,8020000000,9079000000,46222634103,37000000.0,0.0,-1452000000.0,620000000.0,-1293000000.0,-2155000000.0,-3276000000.0,0.0,5460000000.0,7000000.0,3205000000.0,3205000000.0,3205000000.0,0.0,0.0,0.172,4399000000.0,3320000000.0,666000000,0.421,1.875,14.422,14.133,35178000000,0.0,63.74,2.474,2.474,366000000,24921000000,18684000000.0,18684000000.0,0.0,0.077,0.132,0.092,0.185,64000000.0,2410000000.0,1.0,725174680,725174680,,25.765,37622000000,0,54000000.0,0,51.88,-6265000000
13,CCL,ART,2018-06-30,2018-06-25,2018-05-31,2021-09-30,-1855000000,42184000000,41261500000.0,2278000000,39906000000,0.445,32.483,-3184000000.0,1053000000,1053000000,11020000000.0,2827000000.0,0.245,0.763,9857000000,1685000000,8172000000,9857000000,0,1950000000.0,5308000000,0.031,1.8,3077000000.0,5027000000.0,0.274,5027000000.0,3077000000.0,2883000000.0,3.93,3.9,3.93,23933000000,24175750000.0,23933000000,51936045099,17.0,10.331,2376000000.0,3.225,1.0,7343000000.0,0.4,4133000000,194000000.0,37547000000,37198250000.0,402000000,0,0,0,18251000000,9308000000,8943000000,43132045099,456000000.0,0.0,-913000000.0,304000000.0,-1226000000.0,-1856000000.0,-3247000000.0,0.0,5560000000.0,-1000000.0,2827000000.0,2827000000.0,2827000000.0,0.0,0.0,0.154,4424000000.0,2919000000.0,745000000,0.458,1.802,15.257,14.896,35227000000,0.0,58.54,2.349,2.349,342000000,23564000000,18363000000.0,18363000000.0,0.0,0.069,0.117,0.083,0.168,61000000.0,2384000000.0,1.0,736796124,736796124,,24.923,38051000000,0,56000000.0,0,51.644,-7030000000
14,CCL,ART,2018-03-31,2018-03-22,2018-02-28,2021-09-30,-1486000000,41441000000,40828250000.0,1667000000,39774000000,0.44,32.874,-3106000000.0,453000000,453000000,10775000000.0,2645000000.0,0.188,0.7,9559000000,2114000000,7445000000,9559000000,0,1895000000.0,4288000000,0.026,1.7,2898000000.0,4793000000.0,0.267,4793000000.0,2898000000.0,2703000000.0,3.66,3.64,3.66,24382000000,23933500000.0,24382000000,58205910968,20.0,12.144,2348000000.0,3.166,1.0,7176000000.0,0.4,4212000000,195000000.0,37484000000,36805250000.0,394000000,0,0,0,17059000000,8851000000,8208000000,49099910968,16000000.0,0.0,-701000000.0,-382000000.0,-1156000000.0,-2265000000.0,-3206000000.0,0.0,5454000000.0,32000000.0,2645000000.0,2645000000.0,2645000000.0,0.0,0.0,0.147,4316000000.0,2860000000.0,795000000,0.464,2.014,18.563,18.087,35027000000,0.0,66.2,2.735,2.735,345000000,23360000000,17951000000.0,17951000000.0,0.0,0.065,0.111,0.079,0.161,61000000.0,2332000000.0,1.0,741690498,741690498,,24.203,37229000000,0,58000000.0,0,50.195,-7184000000
15,CCL,ART,2017-12-31,2018-01-29,2017-11-30,2021-09-30,-1782000000,40778000000,40143750000.0,1596000000,39182000000,0.436,32.57,-2944000000.0,395000000,395000000,10501000000.0,2606000000.0,0.181,0.684,9195000000,2202000000,6993000000,9195000000,0,1846000000.0,3958000000,0.022,1.6,2864000000.0,4710000000.0,0.269,4710000000.0,2864000000.0,2666000000.0,3.61,3.59,3.61,24216000000,23503000000.0,24216000000,62288601542,22.0,13.225,2378000000.0,3.198,1.0,7009000000.0,0.4,4167000000,198000000.0,36611000000,36360000000.0,387000000,0,0,0,16562000000,8800000000,7762000000,53488601542,-208000000.0,0.0,-552000000.0,-789000000.0,-1087000000.0,-2452000000.0,-3089000000.0,0.0,5322000000.0,11000000.0,2606000000.0,2606000000.0,2606000000.0,0.0,0.0,0.149,4200000000.0,2809000000.0,762000000,0.443,2.209,20.525,19.928,34430000000,0.0,71.94,3.055,3.055,312000000,23292000000,17510000000.0,17510000000.0,0.0,0.065,0.111,0.079,0.164,63000000.0,2265000000.0,1.0,743516841,743516841,,23.55,36611000000,0,60000000.0,0,49.24,-7204000000
16,CCL,ART,2017-09-30,2017-09-29,2017-08-31,2021-09-30,-1845000000,40643000000,39683250000.0,1661000000,38982000000,0.433,32.354,-2935000000.0,489000000,489000000,10203000000.0,2668000000.0,0.208,0.681,9170000000,1447000000,7723000000,9170000000,0,1803000000.0,4038000000,0.023,1.5,2924000000.0,4727000000.0,0.275,4727000000.0,2924000000.0,2719000000.0,3.68,3.67,3.68,24172000000,23098250000.0,24172000000,56921591739,19.0,12.042,2387000000.0,3.195,1.0,6983000000.0,0.406,4204000000,205000000.0,37151000000,36339750000.0,357000000,0,0,0,16471000000,7969000000,8502000000,48240591739,27000000.0,0.0,-535000000.0,-543000000.0,-1053000000.0,-2169000000.0,-3120000000.0,0.0,5322000000.0,-6000000.0,2668000000.0,2668000000.0,2668000000.0,0.0,0.0,0.155,4125000000.0,2858000000.0,639000000,0.408,1.996,18.081,17.546,34172000000,0.0,64.57,2.807,2.807,324000000,23066000000,17186000000.0,17186000000.0,0.0,0.067,0.116,0.08,0.17,63000000.0,2233000000.0,1.0,747105339,747105339,,23.003,36439000000,0,51000000.0,0,48.774,-6308000000
17,CCL,ART,2017-06-30,2017-06-30,2017-05-31,2021-09-30,-2154000000,40451000000,39355500000.0,1774000000,38677000000,0.426,30.617,-2948000000.0,597000000,597000000,9753000000.0,2763000000.0,0.196,0.761,9418000000,1783000000,7635000000,9418000000,0,1773000000.0,4778000000,0.022,1.45,3033000000.0,4806000000.0,0.287,4806000000.0,3033000000.0,2816000000.0,3.77,3.77,3.77,22964000000,22780250000.0,22964000000,58001432422,19.0,12.069,2354000000.0,3.138,1.0,7015000000.0,0.418,4239000000,217000000.0,35975000000,36279250000.0,351000000,0,0,0,17487000000,9058000000,8429000000,49180432422,78000000.0,0.0,-1091000000.0,9000000.0,-1025000000.0,-2145000000.0,-3084000000.0,0.0,5302000000.0,5000000.0,2763000000.0,2763000000.0,2763000000.0,0.0,0.0,0.165,3988000000.0,3027000000.0,690000000,0.385,2.142,17.8,17.393,33823000000,0.0,65.57,2.933,2.933,319000000,22026000000,16768000000.0,16768000000.0,0.0,0.07,0.121,0.084,0.181,61000000.0,2215000000.0,1.0,750044722,750044722,,22.356,36212000000,0,53000000.0,0,48.28,-7284000000
18,CCL,ART,2017-03-31,2017-03-30,2017-02-28,2021-09-30,-2440000000,38703000000,39205500000.0,1597000000,37106000000,0.422,30.183,-3118000000.0,437000000,437000000,9575000000.0,2989000000.0,0.214,0.708,9092000000,1296000000,7796000000,9092000000,0,1754000000.0,3734000000,0.024,1.4,3263000000.0,5017000000.0,0.304,5017000000.0,3263000000.0,3039000000.0,4.06,4.05,4.06,22660000000,22737000000.0,22660000000,53167165410,16.0,10.597,2150000000.0,2.864,1.0,6953000000.0,0.421,4190000000,224000000.0,35703000000,36434500000.0,361000000,0,0,0,16043000000,7465000000,8578000000,44512165410,-341000000.0,0.0,-1493000000.0,259000000.0,-999000000.0,-2259000000.0,-3338000000.0,0.0,5268000000.0,-12000000.0,2989000000.0,2989000000.0,2989000000.0,0.0,0.0,0.181,3948000000.0,3005000000.0,669000000,0.345,1.964,14.892,14.603,32328000000,0.0,59.29,2.693,2.693,307000000,21939000000,16528000000.0,16528000000.0,0.0,0.076,0.131,0.09,0.197,59000000.0,2194000000.0,1.0,750753338,750753338,,22.015,34513000000,0,50000000.0,0,45.971,-5868000000
19,CCL,ART,2016-12-31,2017-01-30,2016-11-30,2021-09-30,-2454000000,38936000000,39141250000.0,1689000000,37247000000,0.419,30.054,-3036000000.0,603000000,603000000,9383000000.0,2779000000.0,0.239,0.723,9454000000,1097000000,8357000000,9454000000,0,1738000000.0,3522000000,0.024,1.35,3051000000.0,4789000000.0,0.292,4789000000.0,3051000000.0,2828000000.0,3.73,3.72,3.73,22597000000,22728250000.0,22597000000,50685276927,17.0,10.584,2098000000.0,2.79,1.0,7006000000.0,0.427,4185000000,223000000.0,36530000000,36458250000.0,322000000,0,0,0,16339000000,7072000000,9267000000,41834276927,-792000000.0,0.0,-2300000000.0,711000000.0,-977000000.0,-2591000000.0,-3323000000.0,0.0,5134000000.0,-12000000.0,2779000000.0,2779000000.0,2779000000.0,0.0,0.0,0.17,3935000000.0,3071000000.0,713000000,0.362,1.851,15.054,14.917,32429000000,0.0,55.64,2.553,2.553,298000000,21843000000,16389000000.0,16389000000.0,0.0,0.071,0.122,0.084,0.186,55000000.0,2197000000.0,1.0,751874136,751874136,,21.798,34751000000,0,49000000.0,0,46.219,-5383000000
20,CCL,ART,2016-09-30,2016-09-30,2016-08-31,2021-09-30,-2012000000,39332000000,39216500000.0,1554000000,37778000000,0.412,30.369,-2987000000.0,462000000,462000000,9282000000.0,2441000000.0,0.219,0.718,9393000000,1073000000,8320000000,9393000000,0,1723000000.0,3585000000,0.027,1.3,2706000000.0,4429000000.0,0.274,4429000000.0,2706000000.0,2486000000.0,3.27,3.26,3.27,22900000000,23021750000.0,22900000000,45744170242,17.0,10.328,2101000000.0,2.786,1.0,6882000000.0,0.426,4254000000,220000000.0,36909000000,36182000000.0,314000000,0,0,0,16432000000,7100000000,9332000000,36813170242,-77000000.0,0.0,-2340000000.0,1469000000.0,-953000000.0,-1859000000.0,-3295000000.0,0.0,5088000000.0,-11000000.0,2441000000.0,2441000000.0,2441000000.0,0.0,0.0,0.151,3898000000.0,2984000000.0,704000000,0.398,1.608,15.081,14.93,32864000000,0.0,48.82,2.277,2.277,423000000,21488000000,16164000000.0,16164000000.0,0.0,0.062,0.106,0.075,0.167,57000000.0,2175000000.0,1.0,754059202,754059202,,21.436,35078000000,0,45000000.0,0,46.519,-5546000000
21,CCL,ART,2016-06-30,2016-07-01,2016-05-31,2021-09-30,-1648000000,39851000000,39082750000.0,1600000000,38251000000,0.408,29.701,-2860000000.0,519000000,519000000,9209000000.0,2233000000.0,0.204,0.749,9429000000,1246000000,8183000000,9429000000,0,1680000000.0,4275000000,0.028,1.25,2483000000.0,4163000000.0,0.261,4163000000.0,2483000000.0,2271000000.0,2.9,2.89,2.9,22791000000,23385000000.0,22791000000,43333208043,17.0,10.409,2080000000.0,2.711,1.0,6741000000.0,0.423,4324000000,212000000.0,36596000000,35722250000.0,315000000,0,0,0,17060000000,7841000000,9219000000,34423208043,221000000.0,0.0,-1630000000.0,1083000000.0,-887000000.0,-1462000000.0,-3224000000.0,0.0,4940000000.0,-33000000.0,2233000000.0,2233000000.0,2233000000.0,0.0,0.0,0.14,3809000000.0,2932000000.0,667000000,0.431,1.51,15.416,15.469,33244000000,0.0,44.86,2.158,2.158,442000000,20320000000,15950000000.0,15950000000.0,0.0,0.057,0.095,0.07,0.156,58000000.0,2130000000.0,1.0,767347482,767347482,,20.786,35527000000,0,38000000.0,0,46.298,-6241000000
22,CCL,ART,2016-03-31,2016-03-31,2016-02-29,2021-09-30,-1943000000,38446000000,38772750000.0,1860000000,36586000000,0.408,29.059,-1657000000.0,778000000,778000000,9355000000.0,1850000000.0,0.279,0.699,9068000000,1078000000,7990000000,9068000000,0,1648000000.0,3335000000,0.022,1.15,2102000000.0,3750000000.0,0.237,3750000000.0,2102000000.0,1890000000.0,2.38,2.38,2.38,22625000000,23500250000.0,22625000000,49376356779,23.0,13.167,2915000000.0,3.744,1.0,6480000000.0,0.409,4274000000,212000000.0,35798000000,35226000000.0,333000000,0,0,0,15821000000,6664000000,9157000000,41086356779,498000000.0,0.0,-1145000000.0,-14000000.0,-854000000.0,-2040000000.0,-1963000000.0,0.0,4572000000.0,-71000000.0,1850000000.0,1850000000.0,1850000000.0,0.0,0.0,0.117,3737000000.0,2743000000.0,619000000,0.483,1.816,22.209,22.172,31677000000,0.0,52.77,2.595,2.595,423000000,19976000000,15835000000.0,15835000000.0,0.0,0.048,0.079,0.06,0.133,60000000.0,2089000000.0,1.0,778593079,778593079,,20.338,34172000000,0,40000000.0,0,43.889,-4804000000
23,CCL,ART,2015-12-31,2016-01-29,2015-11-30,2021-09-30,-1741000000,39237000000,38839750000.0,2451000000,36786000000,0.405,29.931,-2269000000.0,1395000000,1395000000,9447000000.0,1757000000.0,0.352,0.651,8787000000,1374000000,7413000000,8787000000,0,1626000000.0,3272000000,0.023,1.1,2016000000.0,3642000000.0,0.232,3642000000.0,2016000000.0,1799000000.0,2.26,2.26,2.26,23771000000,23681500000.0,23771000000,45616882290,23.0,12.525,2276000000.0,2.866,1.0,6267000000.0,0.399,4248000000,217000000.0,35425000000,35240000000.0,330000000,0,0,0,15466000000,6956000000,8510000000,38224882290,1064000000.0,0.0,-269000000.0,170000000.0,-816000000.0,-942000000.0,-2478000000.0,0.0,4545000000.0,-61000000.0,1757000000.0,1757000000.0,1757000000.0,0.0,0.0,0.112,3693000000.0,2574000000.0,627000000,0.487,1.608,21.756,21.296,31888000000,0.0,48.13,2.433,2.433,412000000,20060000000,15714000000.0,15714000000.0,0.0,0.045,0.074,0.057,0.128,55000000.0,2067000000.0,1.0,794200754,794200754,,19.786,34989000000,0,42000000.0,0,44.056,-4505000000
24,CCL,ART,2015-09-30,2015-10-02,2015-08-31,2021-09-30,-1378000000,38797000000,38913500000.0,1617000000,37180000000,0.404,30.193,-2585000000.0,539000000,539000000,9726000000.0,1385000000.0,0.24,0.593,7860000000,1256000000,6604000000,7860000000,0,1614000000.0,3314000000,0.021,1.05,1675000000.0,3289000000.0,0.209,3289000000.0,1675000000.0,1433000000.0,1.78,1.78,1.78,24353000000,23810750000.0,24353000000,47455696892,28.0,14.429,1619000000.0,2.007,1.0,5997000000.0,0.381,4299000000,242000000.0,35070000000,35626500000.0,305000000,0,0,0,14444000000,6749000000,7695000000,40134696892,103000000.0,0.0,1000000.0,-559000000.0,-778000000.0,-1349000000.0,-2695000000.0,0.0,4204000000.0,-57000000.0,1385000000.0,1385000000.0,1385000000.0,0.0,0.0,0.088,3665000000.0,2332000000.0,578000000,0.59,1.648,28.978,27.955,32232000000,0.0,49.76,2.553,2.553,452000000,20023000000,15723000000.0,15723000000.0,0.0,0.036,0.058,0.047,0.107,53000000.0,2051000000.0,1.0,806565452,806565452,,19.494,34498000000,0,48000000.0,0,42.771,-5132000000
25,CCL,ART,2015-06-30,2015-07-01,2015-05-31,2021-09-30,-1479000000,38611000000,39213500000.0,1479000000,37132000000,0.403,28.72,-2610000000.0,298000000,298000000,9990000000.0,1416000000.0,0.193,0.661,8269000000,1621000000,6648000000,8269000000,0,1628000000.0,3907000000,0.02,1.0,1688000000.0,3316000000.0,0.21,3316000000.0,1688000000.0,1430000000.0,1.83,1.82,1.83,23252000000,24011750000.0,23252000000,48151985691,29.0,14.521,1433000000.0,1.77,1.0,5797000000.0,0.367,4288000000,258000000.0,34611000000,36079250000.0,327000000,0,0,0,15359000000,7683000000,7676000000,40180985691,-45000000.0,0.0,0.0,-568000000.0,-776000000.0,-1370000000.0,-2666000000.0,0.0,4043000000.0,-52000000.0,1416000000.0,1416000000.0,1416000000.0,0.0,0.0,0.09,3677000000.0,2120000000.0,637000000,0.546,1.728,28.376,27.12,32179000000,0.0,49.63,2.545,2.545,556000000,19041000000,15787000000.0,15787000000.0,0.0,0.036,0.059,0.047,0.107,51000000.0,2048000000.0,1.0,809610834,809610834,,19.499,34323000000,0,14000000.0,0,42.394,-6204000000
26,CCL,ART,2015-03-31,2015-04-02,2015-02-28,2021-09-30,-1339000000,38714000000,39692250000.0,1426000000,37288000000,0.399,28.843,-3130000000.0,280000000,280000000,10151000000.0,1300000000.0,0.192,0.658,9139000000,2195000000,6944000000,9139000000,0,1632000000.0,3147000000,0.021,1.0,1584000000.0,3216000000.0,0.203,3216000000.0,1584000000.0,1311000000.0,1.68,1.67,1.68,23350000000,24290000000.0,23350000000,47692944070,30.0,14.83,594000000.0,0.734,1.0,5679000000.0,0.359,4307000000,273000000.0,35854000000,36850000000.0,332000000,0,0,0,15364000000,7412000000,7952000000,38833944070,-141000000.0,0.0,0.0,91000000.0,-776000000.0,-715000000.0,-3132000000.0,0.0,3724000000.0,-18000000.0,1300000000.0,1300000000.0,1300000000.0,0.0,0.0,0.082,3693000000.0,1986000000.0,594000000,0.595,1.663,29.872,28.554,32294000000,0.0,47.97,2.453,2.453,492000000,19013000000,15830000000.0,15830000000.0,0.0,0.033,0.054,0.043,0.1,50000000.0,2061000000.0,1.0,809546468,809546468,,19.554,34407000000,0,11000000.0,0,42.502,-5986000000
27,CCL,ART,2014-12-31,2015-01-29,2014-11-30,2021-09-30,-616000000,39532000000,39990000000.0,1503000000,38029000000,0.397,30.032,-2541000000.0,331000000,331000000,10403000000.0,1236000000.0,0.217,0.628,9088000000,1725000000,7363000000,9088000000,0,1635000000.0,3032000000,0.022,1.0,1533000000.0,3168000000.0,0.199,3168000000.0,1533000000.0,1245000000.0,1.59,1.59,1.59,24288000000,24570000000.0,24288000000,45053281180,29.0,14.221,889000000.0,1.099,1.0,5481000000.0,0.345,4397000000,288000000.0,36971000000,37357500000.0,364000000,0,0,0,15244000000,6921000000,8323000000,36296281180,-131000000.0,0.0,0.0,-223000000.0,-776000000.0,-1028000000.0,-2507000000.0,0.0,3430000000.0,-26000000.0,1236000000.0,1236000000.0,1236000000.0,0.0,0.0,0.078,3689000000.0,1792000000.0,626000000,0.629,1.494,29.366,28.226,32773000000,0.0,44.88,2.285,2.285,486000000,19242000000,15884000000.0,15884000000.0,0.0,0.031,0.05,0.041,0.097,52000000.0,2054000000.0,1.0,808740668,808740668,,19.64,35135000000,0,9000000.0,0,43.444,-5418000000
28,CCL,ART,2014-09-30,2014-10-03,2014-08-31,2021-09-30,-28000000,39997000000,40133000000.0,1602000000,38395000000,0.394,31.109,-2042000000.0,436000000,436000000,10528000000.0,1404000000.0,0.227,0.59,8867000000,1900000000,6967000000,8867000000,0,1629000000.0,3130000000,0.025,1.0,1692000000.0,3321000000.0,0.21,3321000000.0,1692000000.0,1397000000.0,1.81,1.81,1.81,25157000000,24637000000.0,25157000000,40437999370,24.0,12.176,1226000000.0,1.516,1.0,5295000000.0,0.335,4491000000,295000000.0,36881000000,37609750000.0,358000000,0,0,0,14840000000,7056000000,7784000000,32006999370,-545000000.0,0.0,0.0,-1147000000.0,-776000000.0,-1939000000.0,-1866000000.0,0.0,3268000000.0,-8000000.0,1404000000.0,1404000000.0,1404000000.0,0.0,0.0,0.089,3667000000.0,1628000000.0,610000000,0.552,1.272,22.797,21.867,33073000000,0.0,39.58,2.023,2.023,478000000,19538000000,15823000000.0,15823000000.0,0.0,0.035,0.057,0.045,0.107,47000000.0,2038000000.0,1.0,808665977,808665977,,19.567,35506000000,0,-7000000.0,0,43.907,-5454000000
29,CCL,ART,2014-06-30,2014-07-02,2014-05-31,2021-09-30,243000000,40526000000,40232000000.0,1625000000,38901000000,0.388,30.141,-2059000000.0,343000000,343000000,10691000000.0,1091000000.0,0.22,0.663,9436000000,1556000000,7880000000,9436000000,0,1622000000.0,3698000000,0.027,1.0,1387000000.0,3009000000.0,0.193,3009000000.0,1387000000.0,1085000000.0,1.4,1.41,1.4,24365000000,24412750000.0,24365000000,39455552493,28.0,13.113,892000000.0,1.103,1.0,4911000000.0,0.315,4524000000,302000000.0,37694000000,37765500000.0,383000000,0,0,0,16161000000,7401000000,8760000000,30362552493,-368000000.0,0.0,0.0,-611000000.0,-775000000.0,-1383000000.0,-1951000000.0,0.0,2951000000.0,15000000.0,1091000000.0,1091000000.0,1091000000.0,0.0,0.0,0.07,3630000000.0,1281000000.0,627000000,0.714,1.246,27.83,26.829,33515000000,0.0,37.56,1.946,1.946,587000000,18485000000,15602000000.0,15602000000.0,0.0,0.027,0.045,0.037,0.089,44000000.0,1996000000.0,1.0,808374667,808374667,,19.3,36002000000,0,-6000000.0,0,44.536,-5776000000
30,CCL,ART,2014-03-31,2014-04-02,2014-02-28,2021-09-30,273000000,39905000000,40095250000.0,1645000000,38260000000,0.385,30.272,-2331000000.0,421000000,421000000,10613000000.0,1026000000.0,0.246,0.631,9610000000,1618000000,7992000000,9610000000,0,1603000000.0,3080000000,0.026,1.0,1327000000.0,2930000000.0,0.19,2930000000.0,1327000000.0,1019000000.0,1.31,1.32,1.31,24470000000,24141500000.0,24470000000,39938113194,30.0,13.631,581000000.0,0.719,1.0,4835000000.0,0.313,4522000000,308000000.0,37884000000,37502750000.0,381000000,0,0,0,15435000000,6688000000,8747000000,30749113194,-55000000.0,0.0,-25000000.0,56000000.0,-776000000.0,-739000000.0,-2238000000.0,0.0,2912000000.0,10000000.0,1026000000.0,1026000000.0,1026000000.0,0.0,0.0,0.066,3557000000.0,1278000000.0,554000000,0.763,1.257,29.97,29.038,32991000000,0.0,38.04,1.99,1.99,527000000,18573000000,15448000000.0,15448000000.0,0.0,0.026,0.042,0.035,0.086,37000000.0,1941000000.0,1.0,808336309,808336309,,19.111,35383000000,0,-7000000.0,0,43.773,-5043000000
31,CCL,ART,2013-12-31,2014-01-29,2013-11-30,2021-09-30,161000000,40104000000,39787750000.0,1937000000,38167000000,0.388,30.393,-2149000000.0,462000000,462000000,10624000000.0,1078000000.0,0.288,0.633,9560000000,1468000000,8092000000,9560000000,0,1588000000.0,3031000000,0.025,1.0,1391000000.0,2979000000.0,0.193,2979000000.0,1391000000.0,1072000000.0,1.39,1.39,1.39,24556000000,23904750000.0,24556000000,41044442483,30.0,13.778,685000000.0,0.848,1.0,4832000000.0,0.313,4502000000,319000000.0,37980000000,37121250000.0,374000000,0,0,0,15548000000,6720000000,8828000000,31946442483,-3000000.0,0.0,-103000000.0,479000000.0,-1164000000.0,-780000000.0,-2056000000.0,0.0,2834000000.0,-1000000.0,1078000000.0,1078000000.0,1078000000.0,0.0,0.0,0.07,3480000000.0,1352000000.0,639000000,0.719,1.301,29.635,28.446,32905000000,0.0,39.54,2.067,2.067,786000000,18782000000,15456000000.0,15456000000.0,0.0,0.027,0.045,0.037,0.09,42000000.0,1879000000.0,1.0,807952516,807952516,,19.13,35602000000,0,-6000000.0,0,44.064,-4783000000
32,CCL,ART,2013-09-30,2013-10-03,2013-08-31,2021-09-30,-251000000,40393000000,39552000000.0,2634000000,37759000000,0.389,30.039,-1910000000.0,981000000,981000000,10554000000.0,1105000000.0,0.352,0.665,10018000000,2226000000,7792000000,10018000000,0,1578000000.0,2980000000,0.046,1.5,1422000000.0,3000000000.0,0.195,3000000000.0,1422000000.0,1108000000.0,1.42,1.42,1.42,24260000000,23748000000.0,24260000000,35171474697,25.0,11.724,972000000.0,1.204,1.0,4822000000.0,0.314,4438000000,314000000.0,37504000000,36568750000.0,388000000,0,0,0,16133000000,7488000000,8645000000,26134474697,413000000.0,0.0,-124000000.0,784000000.0,-1165000000.0,-482000000.0,-1979000000.0,0.0,2882000000.0,-8000000.0,1105000000.0,1105000000.0,1105000000.0,0.0,0.0,0.072,3398000000.0,1424000000.0,601000000,1.056,1.077,23.651,22.789,32498000000,0.0,32.36,1.7,1.7,894000000,18911000000,15376000000.0,15376000000.0,0.0,0.028,0.047,0.039,0.092,41000000.0,1807000000.0,1.0,807616647,807616647,,19.039,35955000000,0,3000000.0,0,44.52,-4854000000
33,CCL,ART,2013-06-30,2013-07-02,2013-05-31,2021-09-30,-473000000,39979000000,39224250000.0,2324000000,37655000000,0.391,28.845,-1712000000.0,711000000,711000000,10234000000.0,1501000000.0,0.289,0.717,9862000000,2014000000,7848000000,9862000000,0,1555000000.0,3626000000,0.043,1.5,1831000000.0,3386000000.0,0.221,3386000000.0,1831000000.0,1509000000.0,1.93,1.93,1.93,23280000000,23731250000.0,23280000000,37301862747,20.0,11.016,1385000000.0,1.716,1.0,5100000000.0,0.333,4432000000,322000000.0,36643000000,36487000000.0,381000000,0,0,0,16699000000,8055000000,8644000000,28150862747,-189000000.0,0.0,-193000000.0,-245000000.0,-1168000000.0,-1589000000.0,-1689000000.0,0.0,3097000000.0,-8000000.0,1501000000.0,1501000000.0,1501000000.0,0.0,0.0,0.098,3332000000.0,1768000000.0,627000000,0.777,1.209,18.755,18.073,32481000000,0.0,34.88,1.836,1.836,1045000000,18170000000,15334000000.0,15334000000.0,0.0,0.038,0.063,0.05,0.119,41000000.0,1777000000.0,1.0,807077487,807077487,,18.999,35547000000,0,8000000.0,0,44.044,-5731000000
34,CCL,ART,2013-03-31,2013-04-03,2013-02-28,2021-09-30,-399000000,38675000000,39095000000.0,1792000000,36883000000,0.394,29.131,-2236000000.0,476000000,476000000,10225000000.0,1474000000.0,0.264,0.644,9387000000,1765000000,7622000000,9387000000,0,1540000000.0,3015000000,0.045,1.5,1813000000.0,3353000000.0,0.218,3353000000.0,1813000000.0,1482000000.0,1.9,1.9,1.9,23523000000,23667750000.0,23523000000,36067006270,20.0,10.757,840000000.0,1.04,1.0,5168000000.0,0.336,4446000000,331000000.0,36358000000,36542000000.0,383000000,0,0,0,15152000000,6782000000,8370000000,27156006270,5000000.0,0.0,-168000000.0,-20000000.0,-1167000000.0,-1343000000.0,-1691000000.0,0.0,3076000000.0,-37000000.0,1474000000.0,1474000000.0,1474000000.0,0.0,0.0,0.096,3299000000.0,1869000000.0,570000000,0.789,1.154,18.423,17.7,31726000000,0.0,33.63,1.764,1.764,737000000,18322000000,15393000000.0,15393000000.0,0.0,0.038,0.062,0.05,0.118,43000000.0,1759000000.0,1.0,807493496,807493496,,19.063,34229000000,0,8000000.0,0,42.389,-4990000000
35,CCL,ART,2012-12-31,2013-01-29,2012-11-30,2021-09-30,-207000000,39161000000,39167000000.0,1821000000,37340000000,0.393,29.623,-2332000000.0,465000000,465000000,10320000000.0,1298000000.0,0.248,0.637,8902000000,1734000000,7168000000,8902000000,0,1527000000.0,3076000000,0.039,1.5,1638000000.0,3165000000.0,0.206,3165000000.0,1638000000.0,1302000000.0,1.67,1.67,1.67,23929000000,23700250000.0,23929000000,39714109875,24.0,12.548,667000000.0,0.826,1.0,5062000000.0,0.329,4488000000,336000000.0,35770000000,36694500000.0,390000000,0,0,0,15232000000,7340000000,7892000000,31277109875,15000000.0,0.0,-90000000.0,-330000000.0,-779000000.0,-1190000000.0,-1772000000.0,0.0,2999000000.0,-22000000.0,1298000000.0,1298000000.0,1298000000.0,0.0,0.0,0.084,3420000000.0,1642000000.0,549000000,0.898,1.307,24.096,23.186,32137000000,0.0,38.72,2.033,2.033,730000000,18479000000,15382000000.0,15382000000.0,0.0,0.033,0.055,0.045,0.106,39000000.0,1720000000.0,1.0,807776598,807776598,,19.042,34673000000,0,4000000.0,0,42.924,-5519000000
36,CCL,ART,2012-09-30,2012-10-05,2012-08-31,2021-09-30,-434000000,39082000000,39036000000.0,1941000000,37141000000,0.397,29.881,-2425000000.0,568000000,568000000,10338000000.0,1422000000.0,0.327,0.615,9052000000,763000000,8289000000,9052000000,0,1520000000.0,3078000000,0.027,1.0,1769000000.0,3289000000.0,0.212,3289000000.0,1769000000.0,1418000000.0,1.84,1.83,1.84,24193000000,23676000000.0,24193000000,38546116511,22.0,11.72,801000000.0,0.989,1.0,5163000000.0,0.333,4453000000,351000000.0,37177000000,36947750000.0,364000000,0,0,0,14889000000,5936000000,8953000000,30062116511,138000000.0,0.0,-235000000.0,-202000000.0,-781000000.0,-1222000000.0,-1836000000.0,0.0,3226000000.0,-30000000.0,1422000000.0,1422000000.0,1422000000.0,0.0,0.0,0.092,3389000000.0,1774000000.0,561000000,0.543,1.243,21.141,20.179,31972000000,0.0,37.13,1.939,1.939,788000000,18969000000,15501000000.0,15501000000.0,0.0,0.036,0.06,0.048,0.114,37000000.0,1696000000.0,1.0,809644937,809644937,,19.145,34629000000,0,-4000000.0,0,42.771,-3995000000
37,CCL,ART,2012-06-30,2012-07-02,2012-05-31,2021-09-30,-521000000,39462000000,39272000000.0,2169000000,37293000000,0.404,28.379,-3071000000.0,900000000,900000000,10555000000.0,1429000000.0,0.299,0.714,10000000000,1608000000,8392000000,10000000000,0,1527000000.0,3634000000,0.029,1.0,1787000000.0,3314000000.0,0.209,3314000000.0,1787000000.0,1424000000.0,1.82,1.81,1.82,23026000000,23815750000.0,23026000000,37027861959,21.0,11.173,352000000.0,0.434,1.0,5320000000.0,0.335,4437000000,363000000.0,36863000000,37081250000.0,377000000,0,0,0,16436000000,7262000000,9174000000,27927861959,343000000.0,0.0,-454000000.0,691000000.0,-782000000.0,-551000000.0,-2477000000.0,0.0,3423000000.0,-52000000.0,1429000000.0,1429000000.0,1429000000.0,0.0,0.0,0.09,3408000000.0,1912000000.0,532000000,0.549,1.213,19.544,18.912,32133000000,0.0,34.42,1.759,1.759,689000000,17835000000,15875000000.0,15875000000.0,0.0,0.036,0.06,0.048,0.113,39000000.0,1708000000.0,1.0,811384717,811384717,,19.565,35025000000,0,-5000000.0,0,43.167,-5093000000
38,CCL,ART,2012-03-31,2012-03-30,2012-02-29,2021-09-30,-67000000,38963000000,39347250000.0,2173000000,36790000000,0.406,29.151,-2791000000.0,471000000,471000000,10598000000.0,1621000000.0,0.332,0.647,9527000000,1563000000,7964000000,9527000000,0,1531000000.0,3046000000,0.031,1.0,1981000000.0,3512000000.0,0.22,3512000000.0,1981000000.0,1614000000.0,2.06,2.05,2.06,23653000000,24022250000.0,23653000000,35085879522,18.0,9.99,885000000.0,1.091,1.0,5359000000.0,0.336,4507000000,367000000.0,36968000000,37292250000.0,381000000,0,0,0,15310000000,6544000000,8766000000,26029879522,6000000.0,0.0,-454000000.0,341000000.0,-786000000.0,-913000000.0,-2736000000.0,0.0,3676000000.0,-21000000.0,1621000000.0,1621000000.0,1621000000.0,0.0,0.0,0.102,3421000000.0,1938000000.0,517000000,0.485,1.1,16.058,15.573,31475000000,0.0,32.08,1.631,1.631,1137000000,18015000000,15957000000.0,15957000000.0,0.0,0.041,0.067,0.053,0.124,43000000.0,1717000000.0,1.0,811405222,811405222,,19.666,34456000000,0,-7000000.0,0,42.465,-4371000000
39,CCL,ART,2011-12-31,2012-01-30,2011-11-30,2021-09-30,-209000000,38637000000,39097750000.0,1312000000,37325000000,0.404,29.385,-2696000000.0,450000000,450000000,10299000000.0,1912000000.0,0.215,0.621,9353000000,1300000000,8053000000,9353000000,0,1522000000.0,3106000000,0.033,1.0,2277000000.0,3799000000.0,0.241,3799000000.0,2277000000.0,1912000000.0,2.43,2.42,2.43,23832000000,23967750000.0,23832000000,33339433932,15.0,8.776,1070000000.0,1.319,1.0,5494000000.0,0.348,4652000000,365000000.0,36783000000,37072250000.0,374000000,0,0,0,14805000000,6105000000,8700000000,24436433932,21000000.0,0.0,-454000000.0,4000000.0,-671000000.0,-1093000000.0,-2646000000.0,0.0,3766000000.0,-6000000.0,1912000000.0,1912000000.0,1912000000.0,0.0,0.0,0.121,3239000000.0,2255000000.0,576000000,0.412,1.025,12.781,12.399,32054000000,0.0,30.13,1.547,1.547,263000000,18349000000,15793000000.0,15793000000.0,0.0,0.049,0.08,0.061,0.144,46000000.0,1717000000.0,1.0,811033320,811033320,,19.473,33985000000,0,0.0,0,41.903,-4793000000
40,CCL,ART,2011-09-30,2011-09-30,2011-08-31,2021-09-30,585000000,40026000000,38811000000.0,1397000000,38629000000,0.408,30.554,-3176000000.0,430000000,430000000,10342000000.0,1943000000.0,0.203,0.617,9822000000,2108000000,7714000000,9822000000,0,1504000000.0,3141000000,0.028,0.85,2324000000.0,3828000000.0,0.242,3828000000.0,2324000000.0,1958000000.0,2.45,2.45,2.45,24752000000,23767500000.0,24752000000,33938515164,15.0,8.866,574000000.0,0.709,1.0,5508000000.0,0.348,4826000000,366000000.0,37711000000,36884000000.0,366000000,0,0,0,15274000000,6881000000,8393000000,24546515164,-97000000.0,0.0,-287000000.0,164000000.0,-553000000.0,-685000000.0,-3175000000.0,0.0,3750000000.0,13000000.0,1943000000.0,1943000000.0,1943000000.0,0.0,0.0,0.123,3220000000.0,2288000000.0,548000000,0.347,0.992,12.633,12.367,33243000000,0.0,30.3,1.549,1.549,353000000,18319000000,15850000000.0,15850000000.0,0.0,0.05,0.082,0.063,0.147,49000000.0,1716000000.0,1.0,810116012,810116012,,19.565,35200000000,0,15000000.0,0,43.451,-5484000000
41,CCL,ART,2011-06-30,2011-07-01,2011-05-31,2021-09-30,542000000,39763000000,38016250000.0,1499000000,38264000000,0.4,28.981,-3033000000.0,557000000,557000000,9816000000.0,1909000000.0,0.23,0.667,9842000000,1164000000,8678000000,9842000000,0,1469000000.0,3668000000,0.018,0.7,2289000000.0,3758000000.0,0.247,3758000000.0,2289000000.0,1929000000.0,2.41,2.38,2.41,23852000000,23228250000.0,23852000000,41210428464,18.0,10.966,792000000.0,0.962,1.0,5402000000.0,0.355,4820000000,360000000.0,37707000000,36221000000.0,365000000,0,0,0,15911000000,6521000000,9390000000,31925428464,-37000000.0,0.0,9000000.0,-476000000.0,-435000000.0,-888000000.0,-3032000000.0,0.0,3825000000.0,58000000.0,1909000000.0,1909000000.0,1909000000.0,0.0,0.0,0.125,3145000000.0,2257000000.0,552000000,0.29,1.338,16.724,16.095,32822000000,0.0,38.79,2.098,2.098,360000000,17186000000,15218000000.0,15218000000.0,0.0,0.05,0.082,0.063,0.15,49000000.0,1676000000.0,1.0,823032443,823032443,,18.49,34943000000,0,20000000.0,0,42.456,-5022000000
42,CCL,ART,2011-03-31,2011-04-01,2011-02-28,2021-09-30,141000000,37965000000,37082750000.0,1365000000,36600000000,0.399,28.477,-2582000000.0,465000000,465000000,9388000000.0,1955000000.0,0.227,0.62,9305000000,1490000000,7815000000,9305000000,0,1438000000.0,2882000000,0.014,0.55,2344000000.0,3782000000.0,0.256,3782000000.0,2344000000.0,1976000000.0,2.47,2.44,2.47,23435000000,22481250000.0,23435000000,40318165685,17.0,10.661,1252000000.0,1.521,1.0,5405000000.0,0.365,4708000000,368000000.0,36088000000,35276500000.0,343000000,0,0,0,14530000000,6009000000,8521000000,31478165685,-288000000.0,0.0,18000000.0,-1354000000.0,-316000000.0,-1610000000.0,-2543000000.0,0.0,3834000000.0,31000000.0,1955000000.0,1955000000.0,1955000000.0,0.0,0.0,0.132,3078000000.0,2327000000.0,516000000,0.223,1.343,16.101,15.486,31225000000,0.0,38.25,2.128,2.128,308000000,17178000000,14793000000.0,14793000000.0,0.0,0.053,0.087,0.066,0.158,45000000.0,1640000000.0,1.0,822958580,822958580,,17.975,33257000000,0,21000000.0,0,40.412,-4644000000
43,CCL,ART,2010-12-31,2011-01-31,2010-11-30,2021-09-30,-254000000,37490000000,36774500000.0,1244000000,36246000000,0.393,28.01,-3579000000.0,429000000,429000000,9092000000.0,1978000000.0,0.216,0.628,9364000000,1353000000,8011000000,9364000000,0,1416000000.0,2805000000,0.009,0.4,2357000000.0,3773000000.0,0.261,3773000000.0,2357000000.0,1979000000.0,2.51,2.47,2.51,23031000000,21977250000.0,23031000000,45697923940,19.0,12.112,239000000.0,0.291,1.0,5377000000.0,0.372,4640000000,378000000.0,36030000000,35333250000.0,320000000,0,0,0,14459000000,5755000000,8704000000,36762923940,-109000000.0,0.0,21000000.0,-192000000.0,-237000000.0,-404000000.0,-3501000000.0,0.0,3818000000.0,-22000000.0,1978000000.0,1978000000.0,1978000000.0,0.0,0.0,0.137,3030000000.0,2347000000.0,503000000,0.159,1.596,18.586,17.813,30967000000,0.0,44.71,2.541,2.541,248000000,17224000000,14469000000.0,14469000000.0,0.0,0.054,0.09,0.067,0.163,43000000.0,1614000000.0,1.0,822252828,822252828,,17.597,32850000000,0,1000000.0,0,39.951,-4511000000
44,CCL,ART,2010-09-30,2010-10-01,2010-08-31,2021-09-30,-545000000,36847000000,36610750000.0,1445000000,35402000000,0.38,27.546,-3816000000.0,527000000,527000000,8623000000.0,1923000000.0,0.246,0.631,9212000000,1568000000,7644000000,9212000000,0,1394000000.0,2776000000,0.008,0.3,2309000000.0,3703000000.0,0.266,3703000000.0,2309000000.0,1925000000.0,2.43,2.4,2.43,22595000000,21728250000.0,22595000000,40175187374,17.0,10.849,-20000000.0,-0.024,1.0,5299000000.0,0.381,4597000000,384000000.0,35059000000,35470750000.0,291000000,0,0,0,14252000000,5876000000,8376000000,31490187374,-449000000.0,-33000000.0,28000000.0,-443000000.0,-158000000.0,-543000000.0,-3666000000.0,31000000.0,3796000000.0,-36000000.0,1923000000.0,1923000000.0,1923000000.0,0.0,0.0,0.138,2999000000.0,2300000000.0,541000000,0.123,1.394,16.376,15.798,30162000000,0.0,38.39,2.262,2.262,388000000,17055000000,13922000000.0,13922000000.0,0.0,0.053,0.089,0.065,0.166,42000000.0,1605000000.0,1.0,820270575,820270575,,16.972,32250000000,0,2000000.0,0,39.316,-4431000000
45,CCL,ART,2010-06-30,2010-07-01,2010-05-31,2021-09-30,-1029000000,36029000000,36488750000.0,1586000000,34443000000,0.374,25.262,-3592000000.0,594000000,594000000,8561000000.0,1693000000.0,0.235,0.727,9760000000,2079000000,7681000000,9760000000,0,1375000000.0,3208000000,0.006,0.2,2098000000.0,3473000000.0,0.255,3473000000.0,2098000000.0,1709000000.0,2.14,2.11,2.14,20864000000,21469500000.0,20864000000,35024594828,17.0,10.085,103000000.0,0.125,1.0,5074000000.0,0.372,4503000000,389000000.0,33929000000,35453000000.0,297000000,0,0,0,15165000000,6763000000,8402000000,25858594828,109000000.0,-33000000.0,29000000.0,61000000.0,-79000000.0,-2000000.0,-3516000000.0,-2000000.0,3695000000.0,-68000000.0,1693000000.0,1693000000.0,1693000000.0,0.0,0.0,0.124,2980000000.0,2094000000.0,548000000,0.093,1.239,15.274,14.631,29317000000,0.0,31.31,1.896,1.896,455000000,15830000000,13635000000.0,13635000000.0,0.0,0.046,0.079,0.059,0.154,41000000.0,1605000000.0,1.0,825889327,825889327,,16.509,31526000000,0,16000000.0,0,38.172,-5177000000
46,CCL,ART,2010-03-31,2010-04-01,2010-02-28,2021-09-30,-273000000,36732000000,36367750000.0,1745000000,34987000000,0.368,25.742,-4243000000.0,753000000,753000000,8353000000.0,1705000000.0,0.308,0.715,10645000000,1712000000,8933000000,10645000000,0,1343000000.0,2515000000,0.003,0.1,2108000000.0,3451000000.0,0.258,3451000000.0,2108000000.0,1728000000.0,2.16,2.12,2.16,21419000000,21349750000.0,21419000000,42542029927,20.0,12.327,-810000000.0,-0.973,1.0,5035000000.0,0.376,4642000000,380000000.0,36315000000,35584750000.0,321000000,0,0,0,15313000000,5667000000,9646000000,32650029927,146000000.0,-33000000.0,20000000.0,941000000.0,0.0,903000000.0,-4187000000.0,-2000000.0,3433000000.0,-3000000.0,1705000000.0,1705000000.0,1705000000.0,0.0,0.0,0.127,2937000000.0,2098000000.0,528000000,0.046,1.524,19.15,18.167,29702000000,0.0,39.24,2.439,2.439,392000000,15657000000,13388000000.0,13388000000.0,0.0,0.047,0.08,0.059,0.157,46000000.0,1594000000.0,1.0,832059886,832059886,,16.09,32090000000,0,23000000.0,0,38.567,-3922000000
47,CCL,ART,2009-12-31,2010-01-29,2009-11-30,2021-09-30,462000000,36835000000,35393750000.0,1518000000,35317000000,0.372,26.437,-3380000000.0,538000000,538000000,8104000000.0,1790000000.0,0.306,0.672,10047000000,950000000,9097000000,10047000000,0,1309000000.0,2575000000,0.0,0.0,2186000000.0,3495000000.0,0.266,3495000000.0,2186000000.0,1806000000.0,2.27,2.24,2.27,22035000000,20783500000.0,22035000000,37289039018,17.0,10.669,-38000000.0,-0.046,1.0,5053000000.0,0.384,4797000000,380000000.0,36580000000,34480500000.0,320000000,0,0,0,14800000000,4967000000,9833000000,27780039018,-112000000.0,-33000000.0,8000000.0,155000000.0,-314000000.0,-93000000.0,-3384000000.0,-2000000.0,3342000000.0,23000000.0,1790000000.0,1790000000.0,1790000000.0,0.0,0.0,0.136,2899000000.0,2154000000.0,568000000,0.0,1.261,15.52,14.683,29870000000,0.0,33.33,2.111,2.111,362000000,15770000000,13157000000.0,13157000000.0,0.0,0.051,0.086,0.063,0.166,50000000.0,1590000000.0,1.0,833484519,833484519,,15.786,32038000000,0,16000000.0,0,38.439,-3449000000
48,CCL,ART,2009-09-30,2009-10-01,2009-08-31,2021-09-30,199000000,36359000000,34535000000.0,2098000000,34261000000,0.384,25.738,-3032000000.0,976000000,976000000,8093000000.0,1968000000.0,0.363,0.686,10114000000,1741000000,8373000000,10114000000,0,1277000000.0,2536000000,0.012,0.4,2362000000.0,3639000000.0,0.275,3639000000.0,2362000000.0,1975000000.0,2.5,2.46,2.5,21560000000,20049250000.0,21560000000,36555135644,15.0,10.045,110000000.0,0.131,1.0,5160000000.0,0.389,4734000000,387000000.0,34988000000,33273500000.0,309000000,0,0,0,14799000000,5775000000,9024000000,27417135644,184000000.0,0.0,-15000000.0,640000000.0,-630000000.0,66000000.0,-2995000000.0,-33000000.0,3142000000.0,-29000000.0,1968000000.0,1968000000.0,1968000000.0,0.0,0.0,0.148,2850000000.0,2310000000.0,612000000,0.16,1.272,13.931,13.092,28882000000,0.0,32.73,2.069,2.069,476000000,15577000000,13253000000.0,13253000000.0,0.0,0.057,0.098,0.071,0.178,50000000.0,1573000000.0,1.0,837676005,837676005,,15.821,31625000000,0,7000000.0,0,37.753,-3677000000
49,CCL,ART,2009-06-30,2009-06-30,2009-05-31,2021-09-30,107000000,35545000000,34264750000.0,1534000000,34011000000,0.406,24.287,-3757000000.0,485000000,485000000,8501000000.0,2228000000.0,0.249,0.744,10279000000,1962000000,8317000000,10279000000,0,1264000000.0,2852000000,0.031,0.8,2663000000.0,3927000000.0,0.282,3927000000.0,2663000000.0,2263000000.0,2.84,2.78,2.84,20385000000,19739500000.0,20385000000,31423334692,12.0,8.002,-740000000.0,-0.882,1.0,5427000000.0,0.39,4716000000,400000000.0,34456000000,32858000000.0,308000000,0,0,0,15160000000,6167000000,8993000000,21629334692,-503000000.0,0.0,-22000000.0,1129000000.0,-945000000.0,243000000.0,-3639000000.0,-1000000.0,3017000000.0,-124000000.0,2228000000.0,2228000000.0,2228000000.0,0.0,0.0,0.16,2828000000.0,2599000000.0,543000000,0.282,1.061,9.708,9.074,28663000000,0.0,25.77,1.553,1.553,424000000,14504000000,13928000000.0,13928000000.0,0.0,0.065,0.113,0.081,0.191,52000000.0,1564000000.0,1.0,839322262,839322262,,16.594,30829000000,0,35000000.0,0,36.731,-4633000000
50,CCL,ART,2009-03-31,2009-04-02,2009-02-28,2021-09-30,-847000000,32836000000,34246500000.0,1559000000,31277000000,0.419,22.822,-3401000000.0,607000000,607000000,8775000000.0,2354000000.0,0.292,0.714,9515000000,1825000000,7690000000,9515000000,0,1259000000.0,2280000000,0.05,1.2,2801000000.0,4060000000.0,0.283,4060000000.0,2801000000.0,2389000000.0,3.0,2.94,3.0,19154000000,19625750000.0,19154000000,29210055453,10.0,7.195,-78000000.0,-0.093,1.0,5583000000.0,0.389,4506000000,412000000.0,31898000000,32203500000.0,305000000,0,0,0,13682000000,5340000000,8342000000,20302055453,-359000000.0,0.0,-15000000.0,929000000.0,-1259000000.0,-239000000.0,-3307000000.0,2000000.0,3323000000.0,-136000000.0,2354000000.0,2354000000.0,2354000000.0,0.0,0.0,0.164,2855000000.0,2728000000.0,496000000,0.4,1.06,8.624,8.063,26225000000,0.0,24.19,1.414,1.414,402000000,14240000000,14358000000.0,14358000000.0,0.0,0.069,0.12,0.087,0.195,50000000.0,1596000000.0,1.0,839274719,839274719,,17.108,28330000000,0,35000000.0,0,33.755,-3781000000
51,CCL,ART,2008-12-31,2009-01-29,2008-11-30,2021-09-30,-623000000,33400000000,34573750000.0,1650000000,31750000000,0.424,22.773,-3353000000.0,650000000,650000000,9039000000.0,2330000000.0,0.285,0.749,9343000000,1608000000,7735000000,9343000000,0,1249000000.0,2519000000,0.086,1.6,2791000000.0,4040000000.0,0.276,4040000000.0,2791000000.0,2377000000.0,2.96,2.9,2.96,19098000000,19772250000.0,19098000000,24291415049,9.0,6.013,38000000.0,0.045,1.0,5607000000.0,0.383,4560000000,414000000.0,31752000000,31727500000.0,315000000,0,0,0,14302000000,5781000000,8521000000,15598415049,-293000000.0,0.0,-83000000.0,1042000000.0,-1261000000.0,-315000000.0,-3255000000.0,7000000.0,3391000000.0,-114000000.0,2330000000.0,2330000000.0,2330000000.0,0.0,0.0,0.159,2878000000.0,2729000000.0,512000000,0.541,0.817,6.695,6.284,26457000000,0.0,18.6,1.065,1.065,418000000,13980000000,14646000000.0,14646000000.0,0.0,0.067,0.118,0.088,0.191,50000000.0,1629000000.0,1.0,838624465,838624465,,17.464,28840000000,0,47000000.0,0,34.39,-4131000000
52,CCL,ART,2008-09-30,2008-09-26,2008-08-31,2021-09-30,666000000,35278000000,34769000000.0,2053000000,33225000000,0.416,24.263,-3659000000.0,792000000,792000000,8892000000.0,2317000000.0,0.352,0.736,9528000000,1183000000,8345000000,9528000000,0,1226000000.0,2917000000,0.045,1.6,2757000000.0,3983000000.0,0.275,3983000000.0,2757000000.0,2355000000.0,2.96,2.88,2.96,20321000000,19988500000.0,20321000000,38468474111,14.0,9.658,77000000.0,0.092,1.0,5576000000.0,0.385,4859000000,402000000.0,33326000000,31246250000.0,365000000,9000000,9000000,0,14957000000,5829000000,9128000000,29732474111,-620000000.0,-339000000.0,-280000000.0,796000000.0,-1222000000.0,-726000000.0,-3612000000.0,307000000.0,3736000000.0,-18000000.0,2317000000.0,2317000000.0,2317000000.0,0.0,0.0,0.16,2874000000.0,2702000000.0,505000000,0.541,1.463,12.832,11.993,27735000000,0.0,35.5,2.055,2.055,642000000,13925000000,14468000000.0,14468000000.0,0.0,0.067,0.116,0.088,0.191,54000000.0,1648000000.0,1.0,837534482,837534482,,17.275,30419000000,0,38000000.0,0,36.32,-3776000000
53,CCL,ART,2008-06-30,2008-06-27,2008-05-31,2021-09-30,1306000000,35472000000,34246500000.0,2179000000,33293000000,0.408,23.799,-2872000000.0,988000000,988000000,8447000000.0,2361000000.0,0.307,0.78,9450000000,1761000000,7689000000,9450000000,0,1182000000.0,3605000000,0.047,1.55,2775000000.0,3957000000.0,0.283,3957000000.0,2775000000.0,2386000000.0,2.99,2.9,2.99,19930000000,19835250000.0,19930000000,36038525642,13.0,9.108,921000000.0,1.1,1.0,5528000000.0,0.396,5007000000,389000000.0,31838000000,30045000000.0,349000000,8000000,8000000,0,15542000000,7089000000,8453000000,27576525642,-871000000.0,-339000000.0,-385000000.0,-93000000.0,-1185000000.0,-1674000000.0,-3070000000.0,252000000.0,3793000000.0,80000000.0,2361000000.0,2361000000.0,2361000000.0,0.0,0.0,0.169,2821000000.0,2707000000.0,454000000,0.518,1.384,11.68,11.013,27666000000,0.0,32.93,1.973,1.973,542000000,12907000000,13975000000.0,13975000000.0,0.0,0.069,0.119,0.092,0.199,62000000.0,1639000000.0,1.0,837428656,837428656,,16.688,30465000000,0,25000000.0,0,36.379,-4910000000
54,CCL,ART,2008-03-31,2008-03-28,2008-02-29,2021-09-30,1219000000,34145000000,33675250000.0,2023000000,32122000000,0.401,23.58,-2933000000.0,966000000,966000000,8051000000.0,2361000000.0,0.274,0.73,9190000000,2919000000,6271000000,9190000000,0,1142000000.0,2794000000,0.038,1.5,2752000000.0,3894000000.0,0.289,3894000000.0,2752000000.0,2371000000.0,2.98,2.89,2.98,19740000000,19497500000.0,19740000000,41458894104,15.0,10.647,912000000.0,1.089,1.0,5446000000.0,0.403,4982000000,381000000.0,29994000000,28882250000.0,331000000,12000000,12000000,0,14405000000,7393000000,7012000000,33234894105,385000000.0,-339000000.0,-381000000.0,1167000000.0,-1089000000.0,-309000000.0,-3217000000.0,139000000.0,3845000000.0,66000000.0,2361000000.0,2361000000.0,2361000000.0,0.0,0.0,0.175,2762000000.0,2684000000.0,477000000,0.503,1.684,14.077,13.322,26542000000,0.0,39.7,2.462,2.462,434000000,12832000000,13497000000.0,13497000000.0,0.0,0.07,0.121,0.095,0.204,64000000.0,1620000000.0,1.0,837150985,837150985,,16.123,29163000000,0,10000000.0,0,34.836,-5370000000
55,CCL,ART,2007-12-31,2008-01-29,2007-11-30,2021-09-30,1296000000,34181000000,32754250000.0,1976000000,32205000000,0.398,23.856,-3312000000.0,943000000,943000000,7628000000.0,2408000000.0,0.272,0.712,8852000000,2539000000,6313000000,8852000000,0,1101000000.0,2807000000,0.033,1.375,2791000000.0,3892000000.0,0.299,3892000000.0,2791000000.0,2424000000.0,3.04,2.95,3.04,19963000000,19147000000.0,19963000000,42854037143,15.0,11.011,757000000.0,0.905,1.0,5405000000.0,0.415,5003000000,367000000.0,29827000000,28265500000.0,331000000,0,0,0,14218000000,7260000000,6958000000,34945037143,-220000000.0,-339000000.0,-275000000.0,668000000.0,-990000000.0,-604000000.0,-3746000000.0,-20000000.0,4069000000.0,61000000.0,2408000000.0,2408000000.0,2408000000.0,0.0,0.0,0.185,2680000000.0,2725000000.0,561000000,0.452,1.75,14.512,13.737,26639000000,0.0,41.76,2.681,2.681,436000000,12921000000,13033000000.0,13033000000.0,0.0,0.074,0.126,0.099,0.214,64000000.0,1579000000.0,1.0,836806445,836806445,,15.575,29178000000,0,16000000.0,0,34.868,-5284000000
56,CCL,ART,2007-09-30,2007-09-28,2007-08-31,2021-09-30,885000000,33188000000,31847000000.0,2722000000,30466000000,0.399,23.541,-2628000000.0,1412000000,1412000000,7323000000.0,2466000000.0,0.381,0.684,8582000000,2847000000,5735000000,8582000000,0,1072000000.0,2620000000,0.026,1.25,2842000000.0,3914000000.0,0.308,3914000000.0,2842000000.0,2489000000.0,3.11,3.02,3.11,19708000000,18708750000.0,19708000000,47713930056,17.0,12.191,1389000000.0,1.659,1.0,5396000000.0,0.424,4690000000,353000000.0,28521000000,27605500000.0,297000000,341000000,341000000,0,13480000000,7147000000,6333000000,40543930056,818000000.0,0.0,-87000000.0,897000000.0,-911000000.0,-109000000.0,-3098000000.0,-320000000.0,4017000000.0,8000000.0,2466000000.0,2466000000.0,2466000000.0,0.0,0.0,0.194,2618000000.0,2778000000.0,468000000,0.402,2.057,16.441,15.572,25134000000,0.0,48.43,3.188,3.188,423000000,12878000000,12719000000.0,12719000000.0,0.0,0.077,0.132,0.103,0.223,69000000.0,1546000000.0,1.0,837165601,837165601,,15.193,28498000000,0,23000000.0,0,34.041,-4425000000
57,CCL,ART,2007-06-30,2007-06-29,2007-05-31,2021-09-30,772000000,33187000000,31016500000.0,3019000000,30168000000,0.397,22.197,-2943000000.0,1859000000,1859000000,7109000000.0,2321000000.0,0.351,0.786,9127000000,3702000000,5425000000,9127000000,0,1048000000.0,3200000000,0.024,1.15,2675000000.0,3723000000.0,0.303,3723000000.0,2675000000.0,2336000000.0,2.93,2.84,2.93,18579000000,18251500000.0,18579000000,48089335379,18.0,12.917,896000000.0,1.07,1.0,5194000000.0,0.422,4659000000,339000000.0,27187000000,27332250000.0,282000000,214000000,214000000,0,14608000000,8609000000,5999000000,40821335379,1289000000.0,0.0,-298000000.0,1787000000.0,-834000000.0,652000000.0,-3213000000.0,-272000000.0,3839000000.0,11000000.0,2321000000.0,2321000000.0,2321000000.0,0.0,0.0,0.189,2566000000.0,2628000000.0,498000000,0.392,2.197,17.588,16.645,25019000000,0.0,48.77,3.318,3.318,401000000,11778000000,12303000000.0,12303000000.0,0.0,0.075,0.127,0.098,0.217,66000000.0,1518000000.0,1.0,837017334,837017334,,14.699,28528000000,0,15000000.0,0,34.083,-5590000000
58,CCL,ART,2007-03-31,2007-03-30,2007-02-28,2021-09-30,673000000,30461000000,30045750000.0,1509000000,28952000000,0.402,21.923,-2314000000.0,581000000,581000000,6966000000.0,2311000000.0,0.282,0.661,7640000000,1468000000,6172000000,7640000000,0,1016000000.0,2417000000,0.022,1.05,2652000000.0,3668000000.0,0.304,3668000000.0,2652000000.0,2332000000.0,2.91,2.82,2.91,18338000000,17880500000.0,18338000000,46256723698,17.0,12.611,1303000000.0,1.558,1.0,5099000000.0,0.423,4637000000,320000000.0,27527000000,27003250000.0,265000000,104000000,104000000,0,12123000000,5356000000,6767000000,39197723698,186000000.0,0.0,-777000000.0,625000000.0,-818000000.0,-968000000.0,-2468000000.0,-164000000.0,3617000000.0,5000000.0,2311000000.0,2311000000.0,2311000000.0,0.0,0.0,0.192,2482000000.0,2617000000.0,408000000,0.361,2.138,16.961,16.103,23837000000,0.0,46.86,3.249,3.249,287000000,11665000000,12065000000.0,12065000000.0,0.0,0.077,0.129,0.098,0.22,67000000.0,1466000000.0,1.0,836485781,836485781,,14.423,25824000000,0,21000000.0,0,30.872,-3847000000
59,CCL,ART,2006-12-31,2007-02-12,2006-11-30,2021-09-30,661000000,30552000000,29509500000.0,1995000000,28557000000,0.401,21.799,-2434000000.0,1163000000,1163000000,6791000000.0,2279000000.0,0.368,0.678,7847000000,1492000000,6355000000,7847000000,0,988000000.0,2336000000,0.021,1.025,2630000000.0,3618000000.0,0.306,3618000000.0,2630000000.0,2318000000.0,2.85,2.77,2.85,18210000000,17590750000.0,18210000000,47332880072,18.0,13.083,1199000000.0,1.435,1.0,5048000000.0,0.426,4634000000,312000000.0,27187000000,26487750000.0,263000000,0,0,0,12342000000,5415000000,6927000000,40648880072,-15000000.0,0.0,-775000000.0,365000000.0,-803000000.0,-1212000000.0,-2443000000.0,-12000000.0,3633000000.0,7000000.0,2279000000.0,2279000000.0,2279000000.0,0.0,0.0,0.192,2435000000.0,2613000000.0,438000000,0.36,2.232,17.836,17.074,23458000000,0.0,48.66,3.433,3.433,280000000,11600000000,11839000000.0,11839000000.0,0.0,0.077,0.13,0.099,0.222,68000000.0,1447000000.0,1.0,835365394,835365394,,14.172,25918000000,0,39000000.0,0,31.026,-3420000000
60,CCL,ART,2006-09-30,2006-09-29,2006-08-31,2021-09-30,522000000,29866000000,28979500000.0,1551000000,28315000000,0.4,21.403,-2527000000.0,594000000,594000000,6615000000.0,2245000000.0,0.322,0.67,7558000000,1002000000,6556000000,7558000000,0,957000000.0,2326000000,0.021,1.0,2629000000.0,3586000000.0,0.309,3586000000.0,2629000000.0,2317000000.0,2.81,2.72,2.81,17879000000,17281250000.0,17879000000,46251234480,18.0,12.898,919000000.0,1.1,1.0,4980000000.0,0.429,4592000000,312000000.0,27428000000,25922500000.0,278000000,0,0,0,11987000000,4810000000,7177000000,39287234480,-545000000.0,0.0,-1096000000.0,161000000.0,-769000000.0,-1694000000.0,-2319000000.0,213000000.0,3446000000.0,22000000.0,2245000000.0,2245000000.0,2245000000.0,0.0,0.0,0.194,2367000000.0,2613000000.0,498000000,0.356,2.197,17.5,16.737,23263000000,0.0,47.03,3.388,3.388,396000000,11402000000,11595000000.0,11595000000.0,0.0,0.077,0.13,0.101,0.227,50000000.0,1410000000.0,1.0,835365394,835365394,,13.88,25274000000,0,72000000.0,0,30.255,-3259000000
61,CCL,ART,2006-06-30,2006-06-30,2006-05-31,2021-09-30,473000000,29304000000,28704500000.0,1506000000,27798000000,0.393,20.365,-2351000000.0,570000000,570000000,6430000000.0,2164000000.0,0.273,0.714,7247000000,1202000000,6045000000,7247000000,0,928000000.0,2953000000,0.023,0.95,2563000000.0,3491000000.0,0.309,3491000000.0,2563000000.0,2250000000.0,2.69,2.59,2.69,17095000000,17084000000.0,17095000000,41715313630,16.0,11.949,1183000000.0,1.409,1.0,4865000000.0,0.431,4598000000,313000000.0,25871000000,25528250000.0,278000000,13000000,13000000,0,12209000000,5512000000,6697000000,35038313630,-151000000.0,0.0,-767000000.0,-126000000.0,-729000000.0,-1623000000.0,-2061000000.0,290000000.0,3534000000.0,-1000000.0,2164000000.0,2164000000.0,2164000000.0,0.0,0.0,0.192,2301000000.0,2564000000.0,411000000,0.353,2.05,16.191,15.517,22772000000,0.0,41.74,3.102,3.102,405000000,10369000000,11295000000.0,11295000000.0,0.0,0.075,0.127,0.1,0.227,34000000.0,1373000000.0,1.0,839442109,839442109,,13.455,24706000000,0,86000000.0,0,29.431,-4006000000
62,CCL,ART,2006-03-31,2006-03-28,2006-02-28,2021-09-30,170000000,28316000000,28455000000.0,1307000000,27009000000,0.392,20.179,-2178000000.0,395000000,395000000,6280000000.0,2193000000.0,0.267,0.648,6933000000,1272000000,5661000000,6933000000,0,913000000.0,2221000000,0.019,0.9,2602000000.0,3515000000.0,0.315,3515000000.0,2602000000.0,2282000000.0,2.73,2.62,2.73,17179000000,16825250000.0,17179000000,47222819122,18.0,13.435,1302000000.0,1.529,1.0,4872000000.0,0.437,4494000000,320000000.0,25465000000,25408500000.0,266000000,11000000,11000000,0,11137000000,4895000000,6242000000,40684819122,74000000.0,0.0,-315000000.0,-281000000.0,-648000000.0,-1245000000.0,-2149000000.0,37000000.0,3480000000.0,-12000000.0,2193000000.0,2193000000.0,2193000000.0,0.0,0.0,0.197,2274000000.0,2598000000.0,656000000,0.33,2.368,18.552,17.505,21957000000,0.0,47.79,3.648,3.648,425000000,10310000000,11152000000.0,11152000000.0,0.0,0.077,0.13,0.102,0.233,20000000.0,1361000000.0,1.0,851324945,851324945,,13.1,23822000000,0,89000000.0,0,27.982,-3588000000
63,CCL,ART,2005-12-31,2006-02-09,2005-11-30,2021-09-30,156000000,28432000000,28275750000.0,2215000000,26217000000,0.392,19.944,-1977000000.0,1178000000,1178000000,6217000000.0,2257000000.0,0.427,0.675,7352000000,1625000000,5727000000,7352000000,0,902000000.0,2045000000,0.015,0.8,2660000000.0,3562000000.0,0.321,3562000000.0,2660000000.0,2330000000.0,2.8,2.7,2.8,16972000000,16534750000.0,16972000000,50629456713,19.0,14.214,1433000000.0,1.684,1.0,4870000000.0,0.439,4488000000,330000000.0,24926000000,25335750000.0,250000000,9000000,9000000,0,11460000000,5192000000,6268000000,44455456713,535000000.0,0.0,-323000000.0,-2000000.0,-566000000.0,-892000000.0,-1970000000.0,8000000.0,3410000000.0,-13000000.0,2257000000.0,2257000000.0,2257000000.0,0.0,0.0,0.204,2231000000.0,2639000000.0,690000000,0.286,2.619,19.697,18.657,21312000000,0.0,52.24,4.01,4.01,408000000,10233000000,11087000000.0,11087000000.0,0.0,0.08,0.137,0.105,0.24,0.0,1329000000.0,1.0,850985006,850985006,,13.028,23944000000,0,73000000.0,0,28.137,-2977000000
64,CCL,ART,2005-09-30,2005-10-07,2005-08-31,2021-09-30,270000000,28766000000,28076750000.0,2412000000,26354000000,0.383,20.118,-2353000000.0,1139000000,1139000000,6024000000.0,2198000000.0,0.499,0.683,7581000000,1307000000,6274000000,7581000000,0,885000000.0,2102000000,0.015,0.7,2553000000.0,3438000000.0,0.319,3438000000.0,2553000000.0,2231000000.0,2.73,2.61,2.73,17090000000,16231750000.0,17090000000,47276200038,19.0,13.751,1033000000.0,1.216,1.0,4738000000.0,0.44,4526000000,322000000.0,25851000000,25425500000.0,253000000,234000000,234000000,0,11676000000,4831000000,6845000000,40834200038,1005000000.0,0.0,53000000.0,223000000.0,-502000000.0,-232000000.0,-2130000000.0,227000000.0,3386000000.0,-19000000.0,2198000000.0,2198000000.0,2198000000.0,0.0,0.0,0.204,2200000000.0,2538000000.0,682000000,0.256,2.389,18.578,17.608,21434000000,0.0,48.07,3.794,3.794,434000000,10081000000,10762000000.0,10762000000.0,0.0,0.078,0.135,0.1,0.237,0.0,1315000000.0,1.0,849473685,849473685,,12.669,24240000000,0,33000000.0,0,28.535,-2419000000
65,CCL,ART,2005-06-30,2005-07-07,2005-05-31,2021-09-30,358000000,28306000000,27494250000.0,2099000000,26207000000,0.378,18.963,-2047000000.0,721000000,721000000,5803000000.0,2072000000.0,0.389,0.763,7752000000,1447000000,6305000000,7752000000,0,870000000.0,2585000000,0.011,0.625,2436000000.0,3306000000.0,0.318,3306000000.0,2436000000.0,2120000000.0,2.58,2.48,2.58,16060000000,15784750000.0,16060000000,53324385274,22.0,16.13,1223000000.0,1.444,1.0,4599000000.0,0.442,4547000000,316000000.0,25392000000,25071500000.0,253000000,303000000,303000000,0,12246000000,5398000000,6848000000,46293385274,738000000.0,0.0,52000000.0,-240000000.0,-442000000.0,-631000000.0,-1898000000.0,158000000.0,3270000000.0,-3000000.0,2072000000.0,2072000000.0,2072000000.0,0.0,0.0,0.199,2192000000.0,2407000000.0,647000000,0.242,2.883,22.342,21.186,21249000000,0.0,54.66,4.45,4.45,418000000,9092000000,10402000000.0,10402000000.0,0.0,0.075,0.131,0.097,0.234,0.0,1323000000.0,1.0,846933503,846933503,,12.282,23759000000,0,48000000.0,0,28.053,-3299000000
66,CCL,ART,2005-03-31,2005-04-07,2005-02-28,2021-09-30,549000000,27599000000,27018500000.0,1356000000,26243000000,0.375,18.907,-2779000000.0,321000000,321000000,5662000000.0,1995000000.0,0.259,0.723,7766000000,1887000000,5879000000,7766000000,0,845000000.0,1939000000,0.01,0.525,2347000000.0,3192000000.0,0.315,3192000000.0,2347000000.0,2043000000.0,2.48,2.4,2.48,16017000000,15369000000.0,16017000000,50879333558,22.0,15.94,438000000.0,0.517,1.0,4477000000.0,0.442,4627000000,304000000.0,25174000000,24870750000.0,245000000,0,0,0,11582000000,5243000000,6339000000,43434333558,218000000.0,0.0,78000000.0,-253000000.0,-420000000.0,-603000000.0,-2388000000.0,413000000.0,3217000000.0,-8000000.0,1995000000.0,1995000000.0,1995000000.0,0.0,0.0,0.197,2147000000.0,2330000000.0,611000000,0.212,2.712,21.772,20.673,21228000000,0.0,51.27,4.284,4.284,332000000,8847000000,10139000000.0,10139000000.0,0.0,0.074,0.13,0.094,0.231,0.0,1303000000.0,1.0,847168589,847168589,,11.968,22972000000,0,48000000.0,0,27.116,-3887000000
67,CCL,ART,2004-12-31,2005-02-14,2004-11-30,2021-09-30,541000000,27636000000,26495250000.0,1728000000,25908000000,0.367,18.612,-3509000000.0,643000000,643000000,5457000000.0,1854000000.0,0.343,0.754,7953000000,1662000000,6291000000,7953000000,0,812000000.0,1873000000,0.009,0.5,2185000000.0,2997000000.0,0.308,2997000000.0,2185000000.0,1901000000.0,2.31,2.24,2.31,15760000000,14910250000.0,15760000000,54491375485,25.0,18.182,-293000000.0,-0.346,1.0,4270000000.0,0.439,4627000000,284000000.0,25285000000,24767500000.0,240000000,17000000,17000000,0,11876000000,5034000000,6842000000,47181375485,33000000.0,0.0,142000000.0,183000000.0,-400000000.0,-79000000.0,-3089000000.0,444000000.0,3216000000.0,-15000000.0,1854000000.0,1854000000.0,1854000000.0,0.0,0.0,0.191,2097000000.0,2173000000.0,631000000,0.216,2.994,25.448,24.121,20823000000,0.0,55.72,4.851,4.851,409000000,8623000000,9727000000.0,9727000000.0,0.0,0.07,0.124,0.088,0.225,0.0,1285000000.0,1.0,846758354,846758354,,11.487,23009000000,0,47000000.0,0,27.173,-3306000000
68,CCL,ART,2004-09-30,2004-10-07,2004-08-31,2021-09-30,292000000,26436000000,25709000000.0,1582000000,24854000000,0.362,18.102,-3407429000.0,594000000,594000000,5204934000.0,1765065000.0,0.361,0.728,7511000000,1287000000,6224000000,7511000000,0,767010000.0,1715000000,0.01,0.475,2107569000.0,2874579000.0,0.309,2874579000.0,2107569000.0,1830229000.0,2.17,2.13,2.17,15302000000,14418500000.0,15302000000,48245054582,23.0,16.783,-247859000.0,-0.293,1.0,4092815000.0,0.44,4538000000,277340000.0,24435000000,24235000000.0,223000000,0,0,0,11134000000,4380000000,6754000000,41328054582,-394308000.0,-1429000.0,124444000.0,109758000.0,-384790000.0,-158142000.0,-3405642000.0,59898000.0,3159570000.0,9906000.0,1765065000.0,1765065000.0,1765065000.0,0.0,0.0,0.19,1993698000.0,2099117000.0,728000000,0.219,2.701,23.414,22.53,19899000000,0.0,48.89,4.445,4.445,434000000,8450000000,9297749000.0,9297749000.0,0.0,0.069,0.122,0.087,0.227,0.0,1227688000.0,1.0,845327359,845327359,,10.999,21898000000,0,65164000.0,0,25.905,-2798000000
69,CCL,ART,2004-06-30,2004-07-14,2004-05-31,2021-09-30,327000000,26403000000,24949253750.0,1450000000,24953000000,0.344,17.04,-4474355000.0,443000000,443000000,4915579000.0,1474326000.0,0.303,0.834,7980000000,1357000000,6623000000,7980000000,0,731792000.0,2111000000,0.01,0.455,1766951000.0,2498743000.0,0.291,2498743000.0,1766951000.0,1507857000.0,1.81,1.8,1.81,14397000000,13985186000.0,14397000000,46317120015,26.0,18.536,-1499212000.0,-1.774,1.0,3660910000.0,0.427,4561000000,259094000.0,24589000000,23852617750.0,211000000,0,0,0,12006000000,4790000000,7216000000,38780120015,-938333000.0,-16042000.0,136078000.0,787329000.0,-367755000.0,548856000.0,-4480619000.0,68098000.0,2975143000.0,18287000.0,1474326000.0,1474326000.0,1474326000.0,0.0,0.0,0.172,1913062000.0,1747848000.0,711000000,0.251,2.694,26.304,25.359,19948000000,0.0,45.9,4.522,4.522,425000000,7526000000,8576489000.0,8576489000.0,0.0,0.059,0.105,0.074,0.206,0.0,1181270000.0,1.0,844882789,844882789,,10.151,21842000000,0,33531000.0,0,25.852,-3340000000
70,CCL,ART,2004-03-31,2004-04-08,2004-02-29,2021-09-30,356000000,25506000000,24189370000.0,1592000000,23914000000,0.316,16.798,-3669782000.0,563000000,563000000,4406560000.0,1270121000.0,0.451,0.798,7827000000,580000000,7247000000,7827000000,548000000,666517000.0,1561000000,0.01,0.46,1530733000.0,2197250000.0,0.287,2197250000.0,1530733000.0,1300125000.0,1.59,1.58,1.59,14182000000,13634330000.0,14182000000,45702850427,30.0,20.8,-1365593000.0,-1.618,1.0,3248545000.0,0.424,4480000000,230608000.0,24761000000,23238446500.0,200000000,0,0,0,11324000000,3529000000,7795000000,38438850427,-170219000.0,140000000.0,138733000.0,1294247000.0,-330387000.0,1089594000.0,-3534298000.0,42000000.0,2304189000.0,-29704000.0,1270121000.0,1270121000.0,1270121000.0,0.0,0.0,0.166,1737855000.0,1510690000.0,689000000,0.289,2.71,30.264,28.635,18928000000,0.0,45.53,5.021,5.021,445000000,7294000000,7655105000.0,7655105000.0,0.0,0.053,0.093,0.066,0.2,0.0,1071338000.0,1.0,844253249,844253249,,9.067,21026000000,0,30004000.0,0,24.905,-1937000000
71,CCL,ART,2003-12-31,2004-02-25,2003-11-30,2021-09-30,160000000,24491000000,20936149500.0,2132000000,22359000000,0.321,16.372,-2465000000.0,1070000000,1070000000,3818000000.0,1194000000.0,0.643,0.776,7404000000,486000000,6918000000,7404000000,299000000,585000000.0,1352000000,0.013,0.565,1418000000.0,2003000000.0,0.298,2003000000.0,1418000000.0,1223000000.0,1.66,1.66,1.66,13793000000,11973088000.0,13793000000,44372022297,31.0,22.153,-532000000.0,-0.631,1.0,2900000000.0,0.432,4355000000,195000000.0,23155000000,20223402750.0,171000000,1000000,1000000,0,10698000000,3315000000,7383000000,38038022297,403000000.0,140000000.0,53000000.0,1080000000.0,-292000000.0,826000000.0,-2333000000.0,42000000.0,1933000000.0,-23000000.0,1194000000.0,1194000000.0,1194000000.0,0.0,0.0,0.178,1517000000.0,1383000000.0,645000000,0.34,2.758,31.858,27.199,17522000000,0.0,45.15,5.662,5.662,403000000,7191000000,6718000000.0,6718000000.0,0.0,0.057,0.1,0.07,0.211,0.0,932000000.0,1.0,842481114,842481114,,7.974,20136000000,0,29000000.0,0,23.901,-1183000000
72,CCL,ART,2003-09-30,2003-10-15,2003-08-31,2021-09-30,102447000,23397015000,17897111500.0,1910388000,21486627000,0.331,16.156,-2805518000.0,988008000,988008000,3292876000.0,1180271000.0,0.661,0.724,7001219000,365059000,6636160000,7001219000,277544000,517902000.0,1201078000,0.025,0.854,1332978000.0,1850880000.0,0.312,1850880000.0,1332978000.0,1180018000.0,1.65,1.64,1.65,13568744000,10379313750.0,13568744000,34618800059,26.0,18.704,-1109483000.0,-1.321,1.0,2632266000.0,0.444,3615858000,152960000.0,22905471000,17566627000.0,159644000,60974000,60974000,0,9828271000,2888897000,6939374000,28605589059,-312434000.0,141429000.0,39869000.0,958684000.0,-268821000.0,715641000.0,-2681404000.0,-9248000.0,1696035000.0,-42706000.0,1180271000.0,1180271000.0,1180271000.0,0.0,0.0,0.199,1335971000.0,1296295000.0,639088000,0.518,2.108,24.236,20.642,17508139000,0.0,34.06,4.828,4.828,347188000,7085427000,5925142000.0,5925142000.0,0.0,0.066,0.114,0.076,0.225,0.0,818069000.0,1.0,839858751,839858751,,7.055,19781157000,0,-253000.0,0,23.553,-978509000
73,CCL,ART,2003-06-30,2003-07-15,2003-05-31,2021-09-30,165878000,23363465000,15097038250.0,2547086000,20816379000,0.321,15.487,-1949701000.0,1381033000,1381033000,2695474000.0,946774000.0,0.783,0.798,7054143000,346302000,6707841000,7054143000,307495000,441208000.0,1436914000,0.027,0.854,1013661000.0,1454869000.0,0.301,1454869000.0,1013661000.0,889481000.0,1.58,1.59,1.58,12993576000,8810053500.0,12993576000,32495207280,32.0,22.335,-522625000.0,-0.623,1.0,2143583000.0,0.443,3649236000,124180000.0,22132315000,14785164500.0,157779000,67999000,67999000,0,10369889000,3255024000,7114865000,26822097280,83931000.0,156042000.0,16196000.0,639128000.0,-246448000.0,395128000.0,-1683262000.0,136003000.0,1427076000.0,-55011000.0,946774000.0,946774000.0,946774000.0,0.0,0.0,0.196,1167595000.0,975988000.0,615782000,0.541,2.064,28.33,20.234,16708612000,0.0,31.97,5.543,5.543,347054000,6434958000,4839057000.0,4839057000.0,0.0,0.063,0.107,0.069,0.209,0.0,706387000.0,1.0,838977081,838977081,,5.768,19714229000,0,-57293000.0,0,23.498,-707938000
74,CCL,ART,2003-03-31,2003-04-14,2003-02-28,2021-09-30,59568000,12493118000,12270274250.0,1222737000,11270381000,0.366,9.464,-1620236000.0,732919000,732919000,2408948000.0,1013180000.0,0.735,0.658,3310365000,226744000,3083621000,3310365000,190003000,399072000.0,728998000,0.033,0.854,1063955000.0,1463027000.0,0.326,1463027000.0,1063955000.0,953278000.0,1.72,1.73,1.72,7537032000,7270307500.0,7537032000,23163622882,22.0,15.833,-195296000.0,-0.245,1.0,2084650000.0,0.464,706490000,110677000.0,12700825000,12138352250.0,95410000,37575000,37575000,0,4956086000,1663249000,3292837000,20586176882,-428727000.0,0.0,6951000.0,53357000.0,-246388000.0,-187625000.0,-1659192000.0,2213000.0,1424940000.0,-6850000.0,1013180000.0,1013180000.0,1013180000.0,0.0,0.0,0.225,1056093000.0,1028557000.0,304938000,0.497,2.731,20.318,15.029,10238832000,0.0,25.85,4.581,4.581,110132000,6391097000,4493598000.0,4493598000.0,0.0,0.083,0.139,0.088,0.237,0.0,637021000.0,1.0,796370479,796370479,,5.643,11786628000,0,-59902000.0,0,14.8,-440512000
75,CCL,ART,2002-12-31,2003-03-12,2002-11-30,2021-09-30,8241000,12334848000,12075600000.0,1132152000,11202696000,0.362,9.315,-1982411000.0,666700000,666700000,2311919000.0,1015941000.0,0.699,0.663,3160611000,148642000,3011969000,3160611000,170814000,382343000.0,770637000,0.041,0.854,1070119000.0,1452462000.0,0.333,1452462000.0,1070119000.0,959379000.0,1.73,1.73,1.73,7417903000,7051174250.0,7417903000,19018369670,18.0,13.094,-513379000.0,-0.645,1.0,2056350000.0,0.471,681056000,110740000.0,12527897000,11815898500.0,91310000,39005000,39005000,0,4916945000,1619806000,3297139000,16524458670,-754600000.0,0.0,7240000.0,42262000.0,-246323000.0,-198365000.0,-2020053000.0,2213000.0,1469032000.0,-5214000.0,1015941000.0,1015941000.0,1015941000.0,0.0,0.0,0.233,1014291000.0,1042059000.0,268687000,0.494,2.228,16.265,11.994,10115404000,0.0,20.75,3.783,3.783,108327000,6325850000,4368269000.0,4368269000.0,0.0,0.084,0.144,0.091,0.245,0.0,611948000.0,1.0,796359454,796359454,,5.485,11653792000,0,-56562000.0,0,14.634,-487654000
76,CCL,ART,2002-12-31,2003-02-18,2002-11-30,2021-09-30,8241000,12334848000,12075600000.0,1132152000,11202696000,0.362,9.315,-1982411000.0,666700000,666700000,2311919000.0,1015941000.0,0.699,0.663,3160611000,148642000,3011969000,3160611000,170814000,382343000.0,770637000,0.036,0.854,1070119000.0,1452462000.0,0.333,1452462000.0,1070119000.0,959379000.0,1.73,1.73,1.73,7417903000,7051174250.0,7417903000,21232248953,20.0,14.618,-513379000.0,-0.645,1.0,2056350000.0,0.471,681056000,110740000.0,12527897000,11815898500.0,91310000,39005000,39005000,0,4916945000,1619806000,3297139000,18738337953,-754600000.0,0.0,7240000.0,42262000.0,-246323000.0,-198365000.0,-2020053000.0,2213000.0,1469032000.0,-5214000.0,1015941000.0,1015941000.0,1015941000.0,0.0,0.0,0.233,1014291000.0,1042059000.0,268687000,0.494,2.526,18.444,13.601,10115404000,0.0,23.53,4.29,4.29,108327000,6325850000,4368269000.0,4368269000.0,0.0,0.084,0.144,0.091,0.245,0.0,611948000.0,1.0,796359454,796359454,,5.485,11653792000,0,-56562000.0,0,14.634,-487654000
77,CCL,ART,2002-09-30,2002-10-15,2002-08-31,2021-09-30,13383000,12196722000,11882776000.0,1801590000,10395132000,0.361,9.159,-1120704000.0,1300442000,1300442000,2281761000.0,940917000.0,1.194,0.673,3070188000,25700000,3044488000,3070188000,167877000,372697000.0,744656000,0.017,0.42,1008807000.0,1381504000.0,0.322,1381504000.0,1008807000.0,893885000.0,1.59,1.6,1.59,7291703000,6844392750.0,7291703000,21108633637,21.0,15.279,181110000.0,0.227,1.0,2009929000.0,0.468,678380000,114922000.0,11779621000,11430628250.0,91042000,46969000,46969000,0,4905019000,1508467000,3396552000,19338887637,145206000.0,-246000.0,7125000.0,294075000.0,-246259000.0,55042000.0,-1205135000.0,-39832000.0,1301814000.0,-6515000.0,940917000.0,940917000.0,940917000.0,0.0,0.0,0.219,1035745000.0,974184000.0,317313000,0.264,2.652,20.553,15.277,9251822000,0.0,24.29,4.506,4.506,129291000,6196125000,4291690000.0,4291690000.0,0.0,0.079,0.137,0.088,0.235,0.0,604059000.0,1.0,796166638,796166638,,5.39,11518342000,0,-47032000.0,0,14.467,293123000
78,CCL,ART,2002-06-30,2002-07-12,2002-05-31,2021-09-30,-1336000,12056409000,11652547000.0,1987998000,10068411000,0.373,8.586,-814396000.0,1297102000,1297102000,2318896000.0,935128000.0,1.195,0.764,3115274000,24936000,3090338000,3115274000,165393000,370617000.0,922671000,0.015,0.42,1039193000.0,1409810000.0,0.325,1409810000.0,1039193000.0,923145000.0,1.58,1.59,1.58,6834592000,6658071000.0,6834592000,23415259534,23.0,16.609,491074000.0,0.617,1.0,2025057000.0,0.466,665710000,116048000.0,11545066000,11085046000.0,89163000,203380000,203380000,0,5221817000,1663805000,3558012000,21597087534,630512000.0,531225000.0,7345000.0,125398000.0,-246198000.0,-101974000.0,-556015000.0,-193415000.0,1305470000.0,-16969000.0,935128000.0,935128000.0,935128000.0,0.0,0.0,0.215,1113951000.0,911106000.0,276948000,0.266,3.16,23.095,17.171,8879609000,0.0,27.13,4.972,4.972,112011000,5756972000,4343953000.0,4343953000.0,0.0,0.08,0.14,0.094,0.239,0.0,602956000.0,1.0,796059253,796059253,,5.457,11390699000,0,-11983000.0,0,14.309,324193000
79,CCL,ART,2002-03-31,2002-04-11,2002-02-28,2021-09-30,-38076000,11714421000,11464668500.0,1705016000,10009405000,0.387,8.369,-1134132000.0,1161646000,1161646000,2386775000.0,927890000.0,1.153,0.759,2981274000,21255000,2960019000,2981274000,165612000,370387000.0,687985000,0.013,0.42,1037404000.0,1407791000.0,0.318,1407791000.0,1037404000.0,919129000.0,1.57,1.58,1.57,6660499000,6462870500.0,6660499000,27606193136,27.0,19.61,152593000.0,0.192,1.0,2047146000.0,0.462,644803000,118275000.0,11411010000,10872190250.0,90369000,39250000,39250000,0,5053922000,1478236000,3575686000,25786565136,1028535000.0,531225000.0,4744000.0,642144000.0,-246021000.0,400867000.0,-661455000.0,-33422000.0,1286725000.0,2398000.0,927890000.0,927890000.0,927890000.0,0.0,0.0,0.209,1125583000.0,921563000.0,271284000,0.268,3.872,27.791,20.637,8775886000,0.0,32.4,5.816,5.816,109121000,5624366000,4433921000.0,4433921000.0,0.0,0.081,0.144,0.095,0.234,0.0,614818000.0,1.0,795881640,795881640,,5.571,11069618000,0,-8761000.0,0,13.909,226780000
80,CCL,ART,2001-12-31,2002-02-28,2001-11-30,2021-09-30,-36932000,11563552000,11107391000.0,1958988000,9604564000,0.408,8.282,-811568000.0,1421300000,1421300000,2468730000.0,926200000.0,1.323,0.755,2976618000,21764000,2954854000,2976618000,157998000,372224000.0,627698000,0.015,0.42,1034635000.0,1406859000.0,0.31,1406859000.0,1034635000.0,913943000.0,1.58,1.58,1.58,6590777000,6283386250.0,6590777000,23271455985,22.0,16.541,427368000.0,0.537,1.0,2067021000.0,0.456,651814000,120692000.0,10986816000,10477175250.0,91996000,36784000,36784000,0,4972775000,1480240000,3492535000,21716137985,1232018000.0,531225000.0,5274000.0,577724000.0,-245844000.0,337154000.0,-341916000.0,-33395000.0,1238936000.0,-2156000.0,926200000.0,926200000.0,926200000.0,0.0,0.0,0.204,1131266000.0,935755000.0,269467000,0.266,3.295,23.446,17.272,8390230000,0.0,27.29,4.788,4.788,90763000,5556296000,4535751000.0,4535751000.0,0.0,0.083,0.147,0.099,0.228,0.0,618664000.0,1.0,795754415,795754415,,5.7,10911738000,0,-12257000.0,0,13.712,478748000
81,CCL,ART,2001-09-30,2001-09-28,2001-08-31,2021-09-30,-25139000,11275806000,10674333000.0,1625734000,9650072000,0.415,8.229,-782866000.0,1155236000,1155236000,2401889000.0,1003683000.0,0.944,0.722,2660330000,181848000,2478482000,2660330000,145984000,357485000.0,750393000,0.024,0.525,1107640000.0,1465125000.0,0.331,1465125000.0,1107640000.0,999256000.0,1.71,1.71,1.71,6546416000,6103346250.0,6546416000,19023205125,17.0,12.984,600548000.0,0.755,1.0,2025086000.0,0.457,662339000,108384000.0,10397292000,10123635000.0,96337000,0,0,0,4729390000,1721269000,3008121000,17518111125,1014095000.0,147831000.0,5210000.0,493677000.0,-245666000.0,253221000.0,-620485000.0,-24131000.0,1383414000.0,-2055000.0,1003683000.0,1003683000.0,1003683000.0,0.0,0.0,0.227,1042494000.0,982592000.0,299534000,0.307,2.676,17.454,12.877,8427846000,0.0,22.02,3.957,3.957,113455000,5501532000,4426975000.0,4426975000.0,0.0,0.094,0.164,0.109,0.25,0.0,583620000.0,1.0,795554547,795554547,,5.565,10613467000,0,-4427000.0,0,13.341,-95535000
82,CCL,ART,2001-06-30,2001-07-13,2001-05-31,2021-09-30,-88935000,11304895000,10003424000.0,1144377000,10160518000,0.416,7.61,-1151088000.0,666590000,666590000,2297235000.0,904898000.0,0.546,0.867,2834511000,417818000,2416693000,2834511000,143839000,335725000.0,928210000,0.017,0.525,993234000.0,1328959000.0,0.319,1328959000.0,993234000.0,905212000.0,1.54,1.54,1.54,6053790000,5909038750.0,6053790000,26644300279,27.0,20.049,154149000.0,0.194,1.0,1868033000.0,0.448,684891000,88022000.0,10693643000,9580644500.0,100628000,361987000,0,361987000,5251105000,2094282000,3156823000,24476379279,371023000.0,-383640000.0,-364993000.0,1151218000.0,-247506000.0,527238000.0,-1469775000.0,-23464000.0,1305237000.0,8323000.0,904898000.0,904898000.0,904898000.0,0.0,0.0,0.217,891877000.0,976156000.0,314866000,0.341,4.043,27.049,19.981,8381309000,0.0,30.77,5.876,5.876,113743000,5076008000,4165268000.0,4165268000.0,0.0,0.09,0.153,0.104,0.238,0.0,556152000.0,1.0,795462440,795462440,,5.236,10620004000,0,314000.0,0,13.351,-949905000
83,CCL,ART,2001-03-31,2001-04-16,2001-02-28,2021-09-30,-72785000,10285311000,9262743750.0,585173000,9700138000,0.428,7.483,-979781000.0,133111000,133111000,2193022000.0,921891000.0,0.296,0.731,2360610000,505891000,1854719000,2360610000,149582000,311654000.0,770605000,0.019,0.525,987235000.0,1298889000.0,0.328,1298889000.0,987235000.0,922580000.0,1.56,1.56,1.56,5942562000,5849490000.0,5942562000,23922845652,24.0,18.418,301608000.0,0.38,1.0,1768248000.0,0.446,706700000,64655000.0,9830950000,8683961000.0,101316000,423590000,0,423590000,4342749000,1975160000,2367589000,21695346652,-419653000.0,-383640000.0,-699920000.0,595251000.0,-250930000.0,-355599000.0,-1345229000.0,-16436000.0,1281389000.0,-214000.0,921891000.0,921891000.0,921891000.0,0.0,0.0,0.233,834069000.0,934179000.0,302802000,0.337,3.651,23.534,17.513,8076334000,0.0,27.32,5.477,5.477,109030000,4950578000,3961270000.0,3961270000.0,0.0,0.1,0.158,0.114,0.249,0.0,522415000.0,1.0,794119570,794119570,,4.988,9578611000,0,689000.0,0,12.062,-1389987000
84,CCL,ART,2000-12-31,2001-02-28,2000-11-30,2021-09-30,-75059000,9831320000,8774584250.0,549482000,9281838000,0.431,7.393,-951998000.0,189282000,189282000,2058342000.0,965458000.0,0.32,0.675,2347296000,248219000,2099077000,2347296000,146332000,287667000.0,770425000,0.016,0.525,1007924000.0,1295591000.0,0.343,1295591000.0,1007924000.0,966552000.0,1.61,1.6,1.61,5870617000,5870255250.0,5870617000,28633458497,28.0,22.101,327537000.0,0.412,1.0,1720200000.0,0.455,701385000,41372000.0,9572655000,7986866250.0,100451000,437391000,0,437391000,3960703000,1715294000,2245409000,26475444497,-332489000.0,-383640000.0,-697326000.0,631662000.0,-254333000.0,-319997000.0,-1292027000.0,0.0,1279535000.0,0.0,965458000.0,965458000.0,965458000.0,0.0,0.0,0.256,775070000.0,945130000.0,332694000,0.326,4.51,27.423,20.708,8001318000,0.0,33.34,7.007,7.007,95361000,4884023000,3778542000.0,3778542000.0,0.0,0.11,0.164,0.126,0.267,0.0,487403000.0,1.0,794104514,794104514,,4.758,9129935000,0,1094000.0,0,11.497,-1165812000
85,CCL,ART,2000-09-30,2000-10-13,2000-08-31,2021-09-30,-49805000,8592170000,8388343000.0,469163000,8123007000,0.443,7.267,-1270201000.0,141141000,141141000,2011652000.0,1022707000.0,0.374,0.489,1482527000,6696000,1475831000,1482527000,91606000,274899000.0,701682000,0.018,0.42,1057667000.0,1332566000.0,0.359,1332566000.0,1057667000.0,1023694000.0,1.7,1.69,1.7,5769186000,5885412750.0,5769186000,19401696678,18.0,14.56,-5328000.0,-0.007,1.0,1700479000.0,0.458,452679000,33973000.0,8225330000,7336480750.0,92353000,520796000,4455000,516341000,2822984000,1255547000,1567437000,18060310678,-343094000.0,-65805000.0,-696702000.0,241039000.0,-248197000.0,-703911000.0,-904056000.0,455861000.0,1264873000.0,0.0,1022707000.0,1022707000.0,1022707000.0,0.0,0.0,0.276,756966000.0,943513000.0,228623000,0.247,3.13,17.659,13.382,7102225000,0.0,22.75,4.865,4.865,109066000,4758448000,3712131000.0,3712131000.0,0.0,0.122,0.174,0.144,0.285,0.0,482067000.0,1.0,793859810,793859810,,4.676,8139491000,0,987000.0,0,10.253,-786384000
86,CCL,ART,2000-06-30,2000-07-17,2000-05-31,2021-09-30,-35807000,8342174000,8297200750.0,622437000,7719737000,0.44,7.28,-1152561000.0,295567000,295567000,1976668000.0,1041610000.0,0.398,0.434,1079912000,208864000,871048000,1079912000,91235000,262735000.0,854383000,0.021,0.405,1080278000.0,1343013000.0,0.368,1343013000.0,1080278000.0,1044742000.0,1.71,1.69,1.71,5815595000,5841693000.0,5815595000,16512593150,15.0,12.295,138366000.0,0.173,1.0,1676400000.0,0.459,455314000,35536000.0,7106909000,7113539750.0,94691000,546230000,4584000,541646000,2526579000,1564296000,962283000,15728248150,-87073000.0,-65805000.0,-321745000.0,-201413000.0,-240008000.0,-763221000.0,-614779000.0,619984000.0,1290927000.0,0.0,1041610000.0,1041610000.0,1041610000.0,0.0,0.0,0.285,735389000.0,941011000.0,194623000,0.237,2.704,15.1,11.515,6674115000,0.0,19.69,4.305,4.305,96718000,4423788000,3653068000.0,3653068000.0,0.0,0.126,0.178,0.152,0.296,0.0,472654000.0,1.0,798793710,798793710,,4.573,7886860000,0,3132000.0,0,9.873,-941859000
87,CCL,ART,2000-03-31,2000-04-14,2000-02-29,2021-09-30,-18355000,8332673000,8211484250.0,852180000,7480493000,0.435,7.404,-915053000.0,552764000,552764000,1911973000.0,1040996000.0,0.63,0.383,1073483000,207817000,865666000,1073483000,89409000,253358000.0,660653000,0.018,0.39,1085983000.0,1339341000.0,0.375,1339341000.0,1085983000.0,1043828000.0,1.7,1.68,1.7,6025623000,5698419000.0,6025623000,18425324708,17.0,13.757,371138000.0,0.456,1.0,1662117000.0,0.465,458846000,42155000.0,7042571000,7134391250.0,86760000,549402000,5553000,543849000,2307050000,1351975000,955075000,17904605708,-21490000.0,-56390000.0,15443000.0,-348996000.0,-230363000.0,-563975000.0,-743706000.0,215259000.0,1286191000.0,0.0,1040996000.0,1040996000.0,1040996000.0,0.0,0.0,0.291,710702000.0,951415000.0,197521000,0.229,2.971,17.199,12.941,6439471000,0.0,22.0,5.01,5.01,82288000,4283203000,3574090000.0,3574090000.0,0.0,0.127,0.183,0.152,0.304,0.0,457344000.0,1.0,813845714,813845714,,4.392,7873827000,0,2832000.0,0,9.675,-499795000
88,CCL,ART,1999-12-31,2000-02-28,1999-11-30,2021-09-30,1116000,8286355000,8085937250.0,791636000,7494719000,0.433,7.175,-872984000.0,521771000,521771000,1862636000.0,1027240000.0,0.563,0.397,1073782000,206267000,867515000,1073782000,82680000,243658000.0,675816000,0.013,0.39,1076974000.0,1320632000.0,0.378,1320632000.0,1076974000.0,1030018000.0,1.68,1.66,1.68,5931247000,5470488750.0,5931247000,25351364420,24.0,19.196,456740000.0,0.553,1.0,1634834000.0,0.467,462340000,46956000.0,6971113000,7150251750.0,84019000,609722000,22800000,586922000,2355108000,1404913000,950195000,24799353420,384498000.0,-56390000.0,741575000.0,-557066000.0,-219179000.0,-34846000.0,-910380000.0,-11890000.0,1329724000.0,0.0,1027240000.0,1027240000.0,1027240000.0,0.0,0.0,0.294,690893000.0,943941000.0,195879000,0.232,4.181,24.142,17.857,6410527000,0.0,30.0,7.091,7.091,62887000,4176498000,3497470000.0,3497470000.0,0.0,0.127,0.188,0.151,0.308,0.0,447235000.0,1.0,826645114,826645114,,4.231,7824015000,0,2778000.0,0,9.465,-613277000
89,CCL,ART,1999-09-30,1999-10-14,1999-08-31,2021-09-30,0,8227601000,7809179250.0,1222692000,7004909000,0.441,9.115,-780477000.0,484235000,484235000,1837352000.0,996819000.0,0.998,0.471,1218145000,33667000,1184478000,1218145000,75420000,233878000.0,716804000,0.009,0.36,1052815000.0,1286693000.0,0.374,1286693000.0,1052815000.0,1000374000.0,1.64,1.63,1.64,5594307000,5059046000.0,5594307000,26166465474,25.0,20.336,499994000.0,0.815,1.0,1604774000.0,0.466,402443000,52441000.0,7333566000,7182501750.0,79151000,947721000,455823000,491898000,2633294000,1225502000,1407792000,25432555474,359108000.0,8583000.0,739653000.0,-229383000.0,-208602000.0,297290000.0,-1218653000.0,-442105000.0,1280471000.0,0.0,996819000.0,996819000.0,996819000.0,0.0,0.0,0.29,667000000.0,937774000.0,189562000,0.22,4.546,25.514,25.268,6083400000,0.0,41.44,7.389,7.389,115600000,3990235000,3442126000.0,3442126000.0,0.0,0.128,0.197,0.147,0.306,0.0,433122000.0,1.0,613719968,613719968,,5.609,7825158000,0,3555000.0,0,12.75,-2810000
90,CCL,ART,1999-06-30,1999-07-14,1999-05-31,2021-09-30,0,7999308000,7450366250.0,1281899000,6717409000,0.448,8.547,-514061000.0,382640000,382640000,1797955000.0,926478000.0,0.99,0.526,1274664000,33667000,1240997000,1274664000,82791000,228217000.0,822719000,0.007,0.345,989426000.0,1217643000.0,0.365,1217643000.0,989426000.0,929509000.0,1.54,1.54,1.54,5242499000,4686565000.0,5242499000,30756949314,31.0,25.259,638291000.0,1.041,1.0,1536562000.0,0.461,406708000,59917000.0,7190315000,6985663250.0,81035000,1108984000,614799000,494185000,2756809000,1294309000,1462500000,29864925314,262040000.0,8658000.0,741183000.0,-341016000.0,-198039000.0,197754000.0,-1088066000.0,-604550000.0,1152352000.0,0.0,926478000.0,926478000.0,926478000.0,0.0,0.0,0.278,650189000.0,886373000.0,180115000,0.224,5.697,32.235,31.617,5770921000,0.0,48.69,8.956,8.956,103214000,3630364000,3334517000.0,3334517000.0,0.0,0.124,0.198,0.142,0.297,0.0,421972000.0,1.0,613368768,613368768,,5.436,7592600000,0,3031000.0,0,12.379,-12410000
91,CCL,ART,1999-03-31,1999-04-13,1999-02-28,2021-09-30,0,7830485000,7128498250.0,1036788000,6793697000,0.449,8.34,-792623000.0,574254000,574254000,1727885000.0,883732000.0,0.911,0.531,1422271000,66702000,1355569000,1422271000,88910000,215564000.0,655944000,0.006,0.33,945631000.0,1161195000.0,0.363,1161195000.0,945631000.0,887028000.0,1.48,1.48,1.48,5113902000,4323921000.0,5113902000,32199606688,34.0,27.73,293847000.0,0.479,1.0,1471841000.0,0.46,434171000,58603000.0,7106013000,6835014750.0,77626000,751406000,216993000,534413000,2716583000,1138318000,1578265000,31351589688,460182000.0,-246239000.0,739826000.0,23637000.0,-187470000.0,571623000.0,-1197911000.0,-206654000.0,1086470000.0,0.0,883732000.0,883732000.0,883732000.0,0.0,0.0,0.276,616969000.0,854872000.0,156612000,0.223,6.131,35.476,34.547,5764498000,0.0,51.13,9.798,9.798,72947000,3482215000,3199726000.0,3199726000.0,0.0,0.124,0.204,0.138,0.296,0.0,401405000.0,1.0,613174060,613174060,,5.218,7396314000,0,3296000.0,0,12.062,-101530000
92,CCL,ART,1998-12-31,1999-02-25,1998-11-30,2021-09-30,0,7179323000,6600799000.0,370279000,6809044000,0.456,6.992,-1103385000.0,137273000,137273000,1619377000.0,835885000.0,0.326,0.675,1630640000,67626000,1563014000,1630640000,63036000,200668000.0,638383000,0.007,0.33,897472000.0,1098140000.0,0.365,1098140000.0,897472000.0,839700000.0,1.4,1.4,1.4,4285476000,3964748250.0,4285476000,29460152975,33.0,26.827,-11545000.0,-0.019,1.0,1389929000.0,0.462,437464000,57772000.0,7100113000,6509815750.0,75449000,552649000,5956000,546693000,2893847000,1135113000,1758734000,27966785975,-2716000.0,-243248000.0,11399000.0,397809000.0,-178458000.0,226497000.0,-1321053000.0,4052000.0,1091840000.0,0.0,835885000.0,835885000.0,835885000.0,0.0,0.0,0.278,570137000.0,819792000.0,168546000,0.236,6.526,33.458,32.593,5768114000,0.0,45.63,9.293,9.293,60837000,3379628000,3009306000.0,3009306000.0,0.0,0.127,0.211,0.138,0.298,0.0,369469000.0,1.0,612903484,612903484,,4.91,6741859000,0,3815000.0,0,11.0,-764834000
93,CCL,ART,1998-09-30,1998-10-15,1998-08-31,2021-09-30,0,6792349000,6162662000.0,382912000,6409437000,0.455,6.893,-1129854000.0,125127000,125127000,1510221000.0,770612000.0,0.339,0.655,1447319000,72423000,1374896000,1447319000,52679000,188090000.0,630668000,0.012,0.3,830065000.0,1018155000.0,0.363,1018155000.0,830065000.0,774165000.0,1.295,,1.295,4104383000,3794653750.0,4104383000,16505331084,20.0,16.211,-83384000.0,-0.14,1.0,1294865000.0,0.462,439721000,55900000.0,6546212000,6075525250.0,74150000,474315000,21411000,452904000,2687966000,1128608000,1559358000,15183139084,-90311000.0,-240474000.0,11281000.0,300869000.0,-166489000.0,145661000.0,-1282442000.0,3112000.0,1046470000.0,0.0,770612000.0,770612000.0,770612000.0,0.0,0.0,0.275,525471000.0,769394000.0,160988000,0.232,3.699,19.703,19.691,5481600000,0.0,25.5,5.413,5.413,73268000,3212595000,2805086000.0,2805086000.0,0.0,0.125,0.203,0.137,0.296,0.0,337381000.0,1.0,595417219,595417219,,4.711,6352628000,0,3553000.0,0,10.669,-745696000
94,CCL,ART,1998-06-30,1998-07-15,1998-05-31,2021-09-30,0,6711836000,5775016000.0,375497000,6336339000,0.441,6.369,-1098668000.0,120600000,120600000,1357998000.0,723753000.0,0.309,0.77,1615473000,58457000,1557016000,1615473000,0,173895000.0,755890000,0.007,0.28,778575000.0,952470000.0,0.374,952470000.0,778575000.0,729478000.0,1.215,,1.215,3791923000,3642368000.0,3791923000,25605641772,33.0,26.883,-65124000.0,-0.109,1.0,1190970000.0,0.467,403077000,49097000.0,6587721000,5702959000.0,76226000,435129000,9414000,425715000,2919913000,1215911000,1704002000,24110768772,26974000.0,-277315000.0,5267000.0,458447000.0,-154549000.0,309165000.0,-1315735000.0,2966000.0,1033544000.0,0.0,723753000.0,723753000.0,723753000.0,0.0,0.0,0.284,477993000.0,712977000.0,187897000,0.23,6.358,33.314,33.333,5469814000,0.0,40.5,9.459,9.459,66503000,2912499000,2548968000.0,2548968000.0,0.0,0.125,0.199,0.137,0.305,0.0,304098000.0,1.0,595327624,595327624,,4.282,6308759000,0,5725000.0,0,10.597,-840414000
95,CCL,ART,1998-03-31,1998-04-14,1998-02-28,2021-09-30,0,5719688000,5364627500.0,326964000,5392724000,0.463,6.181,-780009000.0,114072000,114072000,1336038000.0,690604000.0,0.394,0.555,1240679000,50900000,1189779000,1240679000,22481000,169598000.0,483301000,0.007,0.26,747942000.0,917540000.0,0.369,917540000.0,747942000.0,696575000.0,1.16,,1.16,3677211000,3501969750.0,3677211000,22616748945,30.0,24.649,117134000.0,0.197,1.0,1148186000.0,0.462,210861000,51367000.0,5805217000,5292660500.0,56026000,467302000,9718000,457584000,2042477000,830217000,1212260000,21490141945,25144000.0,-27982000.0,4143000.0,58033000.0,-142618000.0,-80442000.0,-791557000.0,2725000.0,897143000.0,0.0,690604000.0,690604000.0,690604000.0,0.0,0.0,0.278,465462000.0,682724000.0,99475000,0.224,5.844,31.118,31.142,4647968000,0.0,36.125,8.651,8.651,61349000,2796519000,2484224000.0,2484224000.0,0.0,0.129,0.197,0.141,0.301,0.0,295864000.0,1.0,594882822,594882822,,4.176,5508827000,0,5971000.0,0,9.26,-503253000
96,CCL,ART,1997-12-31,1998-02-27,1997-11-30,2021-09-30,0,5426775000,5206461750.0,336025000,5090750000,0.47,6.061,-480616000.0,139989000,139989000,1322669000.0,666050000.0,0.427,0.505,1074914000,59620000,1015294000,1074914000,20241000,167287000.0,420908000,0.009,0.26,728181000.0,895468000.0,0.366,895468000.0,728181000.0,672283000.0,1.115,,1.115,3605098000,3369994500.0,3605098000,18445188496,25.0,20.598,396964000.0,0.667,1.0,1124799000.0,0.46,212607000,55898000.0,5362951000,5149546750.0,54970000,489067000,9738000,479329000,1821677000,786142000,1035535000,17510263496,28360000.0,1162000.0,5162000.0,-269025000.0,-130456000.0,-394319000.0,-454901000.0,2748000.0,877580000.0,0.0,666050000.0,666050000.0,666050000.0,0.0,0.0,0.272,463820000.0,660979000.0,106783000,0.233,4.857,26.29,26.404,4327413000,0.0,29.44,7.154,7.154,57090000,2731213000,2447468000.0,2447468000.0,0.0,0.128,0.198,0.141,0.298,0.0,296533000.0,1.0,594777972,594777972,,4.115,5214168000,0,6233000.0,0,8.767,-450117000
97,CCL,ART,1997-09-30,1997-10-15,1997-08-31,2021-09-30,0,5241765000,5125240000.0,405032000,4836733000,,5.881,,215438000,215438000,,,0.544,0.5,988576000,62089000,926487000,988576000,75434000,,394598000,0.009,0.22,,,,,,,,,,3495240000,3226441000.0,3495240000,14963446806,,,,,1.0,,,214352000,,5055947000,5181541250.0,54394000,438031000,10313000,427718000,1746525000,744604000,1001921000,14190308806,,,,,,,,,,,,,,,,,,,112021000,,4.06,,,4131672000,,23.875,,,49753000,2620440000,,,,,,,,,,1.0,594358484,594358484,,,5027413000,0,,0,8.459,-339572000
98,CCL,ART,1997-06-30,1997-07-15,1997-05-31,2021-09-30,0,5070282000,,301989000,4768293000,,5.436,,93626000,93626000,,,0.371,0.57,999195000,62090000,937105000,999195000,89621000,,490632000,0.01,0.21,,,,,,,,,,3230330000,,3230330000,13870190996,,,,,1.0,,,216098000,,4946527000,,54902000,397403000,12380000,385023000,1839952000,813226000,1026726000,12964621996,,,,,,,,,,,,,,,,,,,108135000,,4.013,,,4104135000,,21.815,,,49280000,2355235000,,,,,,,,,,1.0,594298510,594298510,,,4854184000,0,,0,8.168,-511237000
99,CCL,ART,1997-03-31,1997-04-14,1997-02-28,2021-09-30,0,5087025000,,282751000,4804274000,,5.301,,88928000,88928000,,,0.387,0.615,1182603000,66368000,1116235000,1182603000,91385000,,404462000,0.011,0.2,,,,,,,,,,3149310000,,3149310000,11565092664,,,,,1.0,,,217843000,,5232762000,,53667000,417566000,12443000,405123000,1937715000,730095000,1207620000,10471417664,,,,,,,,,,,,,,,,,,,110021000,,3.325,,,4122496000,,17.625,,,42860000,2260467000,,,,,,,,,,1.0,594122988,594122988,,,4869182000,0,,0,8.196,-447344000
100,CCL,ART,1996-12-31,1997-02-28,1996-11-30,2021-09-30,0,5101888000,,290933000,4810955000,,5.102,-807614000.0,111629000,111629000,1241269000.0,566302000.0,0.439,0.683,1383001000,66369000,1316632000,1383001000,91630000,144987000.0,352698000,0.011,0.2,639439000.0,784426000.0,0.355,784426000.0,639439000.0,575347000.0,0.975,,0.975,3030884000,,3030884000,11741894314,18.0,14.969,-66091000.0,-0.111,1.0,971303000.0,0.439,219589000,64092000.0,5490929000,,53281000,442816000,12486000,430330000,2071004000,662742000,1408262000,10470522314,58264000.0,-187015000.0,3728000.0,236115000.0,-103877000.0,135966000.0,-819225000.0,37710000.0,741523000.0,0.0,566302000.0,566302000.0,566302000.0,0.0,0.0,0.256,373875000.0,597428000.0,84748000,0.205,3.455,18.489,18.077,4099038000,0.0,17.625,4.732,4.732,38109000,2207781000,2212572000.0,2212572000.0,0.0,,,,0.289,0.0,274855000.0,1.0,594072188,594072188,,3.724,4882299000,0,9045000.0,0,8.218,-371809000
