None,ticker,dimension,calendardate,datekey,reportperiod,lastupdated,accoci,assets,assetsavg,assetsc,assetsnc,assetturnover,bvps,capex,cashneq,cashnequsd,cor,consolinc,currentratio,de,debt,debtc,debtnc,debtusd,deferredrev,depamor,deposits,divyield,dps,ebit,ebitda,ebitdamargin,ebitdausd,ebitusd,ebt,eps,epsdil,epsusd,equity,equityavg,equityusd,ev,evebit,evebitda,fcf,fcfps,fxusd,gp,grossmargin,intangibles,intexp,invcap,invcapavg,inventory,investments,investmentsc,investmentsnc,liabilities,liabilitiesc,liabilitiesnc,marketcap,ncf,ncfbus,ncfcommon,ncfdebt,ncfdiv,ncff,ncfi,ncfinv,ncfo,ncfx,netinc,netinccmn,netinccmnusd,netincdis,netincnci,netmargin,opex,opinc,payables,payoutratio,pb,pe,pe1,ppnenet,prefdivis,price,ps,ps1,receivables,retearn,revenue,revenueusd,rnd,roa,roe,roic,ros,sbcomp,sgna,sharefactor,sharesbas,shareswa,shareswadil,sps,tangibles,taxassets,taxexp,taxliabilities,tbvps,workingcapital
0,CCL,MRY,2020-12-31,2020-11-30,2020-11-30,2021-09-30,-1436000000.0,53593000000.0,50292750000.0,10563000000.0,43030000000.0,0.111,22.757,-3286000000.0,9513000000.0,9513000000.0,6278000000.0,-10236000000.0,1.216,1.607,28380000000.0,4977000000.0,23403000000.0,28380000000.0,0.0,2413000000.0,1940000000.0,0.025,0.5,-9358000000.0,-6945000000.0,-1.241,-6945000000.0,-9358000000.0,-10253000000.0,-13.2,-13.2,-13.2,20555000000.0,21297000000.0,20555000000.0,36212751124.0,-4.0,-5.214,-9587000000.0,-10.614,1.0,-683000000.0,-0.122,1993000000.0,895000000.0,61781000000.0,53975000000.0,335000000.0,0.0,0.0,0.0,33038000000.0,8686000000.0,24352000000.0,18046751124.0,9161000000.0,-81000000.0,3237000000.0,16251000000.0,-689000000.0,18650000000.0,-3240000000.0,0.0,-6301000000.0,53000000.0,-10236000000.0,-10236000000.0,-10236000000.0,0.0,0.0,-1.829,8182000000.0,-8865000000.0,624000000.0,-0.038,0.878,-1.763,-1.514,39443000000.0,0.0,19.98,3.226,3.226,273000000.0,16075000000.0,5595000000.0,5595000000.0,0.0,-0.204,-0.481,-0.173,-1.673,105000000.0,1878000000.0,1.0,903240797.0,903240797.0,,6.194,51600000000.0,0.0,-17000000.0,0.0,57.128,1877000000.0
1,CCL,MRY,2019-12-31,2019-11-30,2019-11-30,2021-09-30,-2066000000.0,45058000000.0,44375250000.0,2059000000.0,42999000000.0,0.469,35.598,-5403000000.0,518000000.0,518000000.0,12882000000.0,2990000000.0,0.226,0.776,11502000000.0,1827000000.0,9675000000.0,11502000000.0,0.0,2160000000.0,4735000000.0,0.044,2.0,3267000000.0,5427000000.0,0.261,5427000000.0,3267000000.0,3061000000.0,4.34,4.32,4.34,25365000000.0,24752250000.0,25365000000.0,41706453271.0,13.0,7.685,72000000.0,0.101,1.0,7943000000.0,0.381,4086000000.0,206000000.0,42829000000.0,41140000000.0,427000000.0,0.0,0.0,0.0,19693000000.0,9127000000.0,10566000000.0,32121453271.0,-465000000.0,0.0,-599000000.0,1418000000.0,-1387000000.0,-655000000.0,-5277000000.0,0.0,5475000000.0,-9000000.0,2990000000.0,2990000000.0,2990000000.0,0.0,0.0,0.144,4666000000.0,3277000000.0,756000000.0,0.461,1.266,10.743,10.387,38131000000.0,0.0,45.08,1.542,1.542,444000000.0,26653000000.0,20825000000.0,20825000000.0,0.0,0.067,0.121,0.079,0.157,46000000.0,2480000000.0,1.0,712543329.0,712543329.0,,29.226,40972000000.0,0.0,71000000.0,0.0,57.501,-7068000000.0
2,CCL,MRY,2018-12-31,2018-11-30,2018-11-30,2021-09-30,-1949000000.0,42401000000.0,41944750000.0,2225000000.0,40176000000.0,0.45,33.706,-3360000000.0,982000000.0,982000000.0,11074000000.0,3152000000.0,0.242,0.735,10323000000.0,2426000000.0,7897000000.0,10323000000.0,0.0,2017000000.0,4395000000.0,0.032,1.95,3400000000.0,5417000000.0,0.287,5417000000.0,3400000000.0,3206000000.0,4.45,4.44,4.45,24443000000.0,24353000000.0,24443000000.0,52811781457.0,16.0,9.749,2189000000.0,3.019,1.0,7807000000.0,0.413,4101000000.0,194000000.0,38437000000.0,38040250000.0,450000000.0,0.0,0.0,0.0,17958000000.0,9204000000.0,8754000000.0,43720781457.0,574000000.0,-135000000.0,-1465000000.0,1403000000.0,-1355000000.0,-1460000000.0,-3514000000.0,0.0,5549000000.0,-1000000.0,3152000000.0,3152000000.0,3152000000.0,0.0,0.0,0.167,4483000000.0,3324000000.0,730000000.0,0.438,1.789,13.871,13.548,35336000000.0,0.0,60.29,2.316,2.316,358000000.0,25066000000.0,18881000000.0,18881000000.0,0.0,0.075,0.129,0.089,0.18,65000000.0,2450000000.0,1.0,725174680.0,725174680.0,,26.036,38300000000.0,0.0,54000000.0,0.0,52.815,-6979000000.0
3,CCL,MRY,2017-12-31,2017-11-30,2017-11-30,2021-09-30,-1782000000.0,40778000000.0,40143750000.0,1596000000.0,39182000000.0,0.436,32.413,-2944000000.0,395000000.0,395000000.0,10501000000.0,2606000000.0,0.181,0.684,9195000000.0,2202000000.0,6993000000.0,9195000000.0,0.0,1846000000.0,3958000000.0,0.024,1.6,2864000000.0,4710000000.0,0.269,4710000000.0,2864000000.0,2666000000.0,3.61,3.59,3.61,24216000000.0,23503000000.0,24216000000.0,57720994452.0,20.0,12.255,2378000000.0,3.183,1.0,7009000000.0,0.4,4167000000.0,198000000.0,36611000000.0,36360000000.0,387000000.0,0.0,0.0,0.0,16562000000.0,8800000000.0,7762000000.0,49039994452.0,-241000000.0,0.0,-552000000.0,-789000000.0,-1087000000.0,-2452000000.0,-3122000000.0,0.0,5322000000.0,11000000.0,2606000000.0,2606000000.0,2606000000.0,0.0,0.0,0.149,4200000000.0,2809000000.0,762000000.0,0.443,2.025,18.818,18.183,34430000000.0,0.0,65.64,2.801,2.801,312000000.0,23292000000.0,17510000000.0,17510000000.0,0.0,0.065,0.111,0.079,0.164,63000000.0,2265000000.0,1.0,747105339.0,747105339.0,,23.437,36611000000.0,0.0,60000000.0,0.0,49.004,-7204000000.0
4,CCL,MRY,2016-12-31,2016-11-30,2016-11-30,2021-09-30,-2454000000.0,38881000000.0,39127500000.0,1689000000.0,37192000000.0,0.419,29.967,-3036000000.0,603000000.0,603000000.0,9383000000.0,2779000000.0,0.239,0.721,9399000000.0,1097000000.0,8302000000.0,9399000000.0,0.0,1738000000.0,3522000000.0,0.026,1.35,3051000000.0,4789000000.0,0.292,4789000000.0,3051000000.0,2828000000.0,3.73,3.72,3.73,22597000000.0,22728250000.0,22597000000.0,47697183575.0,16.0,9.96,2098000000.0,2.782,1.0,7006000000.0,0.427,4185000000.0,223000000.0,36420000000.0,36430750000.0,322000000.0,0.0,0.0,0.0,16284000000.0,7072000000.0,9212000000.0,38766183575.0,-792000000.0,0.0,-2300000000.0,711000000.0,-977000000.0,-2591000000.0,-3323000000.0,0.0,5134000000.0,-12000000.0,2779000000.0,2779000000.0,2779000000.0,0.0,0.0,0.17,3935000000.0,3071000000.0,713000000.0,0.362,1.716,13.95,13.783,32429000000.0,0.0,51.41,2.365,2.365,298000000.0,21843000000.0,16389000000.0,16389000000.0,0.0,0.071,0.122,0.084,0.186,55000000.0,2197000000.0,1.0,754059202.0,754059202.0,,21.734,34696000000.0,0.0,49000000.0,0.0,46.012,-5383000000.0
5,CCL,MRY,2015-12-31,2015-11-30,2015-11-30,2021-09-30,-1741000000.0,39237000000.0,38839750000.0,2451000000.0,36786000000.0,0.405,29.472,-2294000000.0,1395000000.0,1395000000.0,9447000000.0,1757000000.0,0.352,0.651,8787000000.0,1374000000.0,7413000000.0,8787000000.0,0.0,1626000000.0,3272000000.0,0.022,1.1,2016000000.0,3642000000.0,0.232,3642000000.0,2016000000.0,1799000000.0,2.26,2.26,2.26,23771000000.0,23681500000.0,23771000000.0,48076752290.0,24.0,13.201,2251000000.0,2.791,1.0,6267000000.0,0.399,4318000000.0,217000000.0,35355000000.0,35222500000.0,330000000.0,0.0,0.0,0.0,15466000000.0,6956000000.0,8510000000.0,40755752290.0,1064000000.0,0.0,-269000000.0,170000000.0,-816000000.0,-942000000.0,-2478000000.0,0.0,4545000000.0,-61000000.0,1757000000.0,1757000000.0,1757000000.0,0.0,0.0,0.112,3693000000.0,2574000000.0,627000000.0,0.487,1.715,23.196,22.358,31818000000.0,0.0,50.53,2.594,2.594,303000000.0,20060000000.0,15714000000.0,15714000000.0,0.0,0.045,0.074,0.057,0.128,55000000.0,2067000000.0,1.0,806565452.0,806565452.0,,19.483,34919000000.0,0.0,42000000.0,0.0,43.293,-4505000000.0
6,CCL,MRY,2014-12-31,2014-11-30,2014-11-30,2021-09-30,-616000000.0,39448000000.0,39969000000.0,1488000000.0,37960000000.0,0.397,29.931,-2541000000.0,331000000.0,331000000.0,10421000000.0,1216000000.0,0.215,0.63,9088000000.0,1725000000.0,7363000000.0,9088000000.0,0.0,1637000000.0,3032000000.0,0.023,1.0,1513000000.0,3150000000.0,0.198,3150000000.0,1513000000.0,1225000000.0,1.57,1.56,1.57,24204000000.0,24549000000.0,24204000000.0,44141689544.0,29.0,14.013,889000000.0,1.099,1.0,5463000000.0,0.344,4397000000.0,288000000.0,36887000000.0,37336500000.0,349000000.0,0.0,0.0,0.0,15244000000.0,6921000000.0,8323000000.0,35710689544.0,-131000000.0,0.0,0.0,-223000000.0,-776000000.0,-1028000000.0,-2507000000.0,0.0,3430000000.0,-26000000.0,1216000000.0,1216000000.0,1216000000.0,0.0,0.0,0.077,3691000000.0,1772000000.0,626000000.0,0.637,1.475,29.367,28.127,32819000000.0,0.0,44.16,2.248,2.248,486000000.0,19158000000.0,15884000000.0,15884000000.0,0.0,0.03,0.05,0.041,0.095,52000000.0,2054000000.0,1.0,808665977.0,808665977.0,,19.642,35051000000.0,0.0,9000000.0,0.0,43.344,-5433000000.0
7,CCL,MRY,2013-12-31,2013-11-30,2013-11-30,2021-09-30,161000000.0,40104000000.0,39787750000.0,1937000000.0,38167000000.0,0.388,30.406,-2079000000.0,462000000.0,462000000.0,10645000000.0,1055000000.0,0.288,0.633,9560000000.0,1468000000.0,8092000000.0,9560000000.0,0.0,1590000000.0,3031000000.0,0.042,1.5,1368000000.0,2958000000.0,0.191,2958000000.0,1368000000.0,1049000000.0,1.36,1.36,1.36,24556000000.0,23904750000.0,24556000000.0,38200037123.0,28.0,12.914,755000000.0,0.935,1.0,4811000000.0,0.311,4502000000.0,319000000.0,37980000000.0,37121250000.0,374000000.0,0.0,0.0,0.0,15548000000.0,6720000000.0,8828000000.0,29163037123.0,-3000000.0,0.0,-103000000.0,479000000.0,-1164000000.0,-780000000.0,-2056000000.0,0.0,2834000000.0,-1000000.0,1055000000.0,1055000000.0,1055000000.0,0.0,0.0,0.068,3482000000.0,1329000000.0,639000000.0,1.103,1.188,27.643,26.551,32905000000.0,0.0,36.11,1.887,1.887,786000000.0,18782000000.0,15456000000.0,15456000000.0,0.0,0.027,0.044,0.037,0.089,42000000.0,1879000000.0,1.0,807616647.0,807616647.0,,19.138,35602000000.0,0.0,-6000000.0,0.0,44.083,-4783000000.0
8,CCL,MRY,2012-12-31,2012-11-30,2012-11-30,2021-09-30,-207000000.0,39161000000.0,39167000000.0,1821000000.0,37340000000.0,0.393,29.555,-2286000000.0,465000000.0,465000000.0,10320000000.0,1298000000.0,0.248,0.637,8902000000.0,1734000000.0,7168000000.0,8902000000.0,0.0,1527000000.0,3076000000.0,0.026,1.0,1638000000.0,3165000000.0,0.206,3165000000.0,1638000000.0,1302000000.0,1.67,1.67,1.67,23929000000.0,23700250000.0,23929000000.0,39784873264.0,24.0,12.57,713000000.0,0.881,1.0,5062000000.0,0.329,4488000000.0,336000000.0,35770000000.0,36694500000.0,390000000.0,0.0,0.0,0.0,15232000000.0,7340000000.0,7892000000.0,31300873264.0,15000000.0,0.0,-90000000.0,-330000000.0,-779000000.0,-1190000000.0,-1772000000.0,0.0,2999000000.0,-22000000.0,1298000000.0,1298000000.0,1298000000.0,0.0,0.0,0.084,3420000000.0,1642000000.0,549000000.0,0.599,1.308,24.115,23.15,32137000000.0,0.0,38.66,2.035,2.035,730000000.0,18479000000.0,15382000000.0,15382000000.0,0.0,0.033,0.055,0.045,0.106,39000000.0,1720000000.0,1.0,809644937.0,809644937.0,,18.998,34673000000.0,0.0,4000000.0,0.0,42.825,-5519000000.0
9,CCL,MRY,2011-12-31,2011-11-30,2011-11-30,2021-09-30,-209000000.0,38637000000.0,39097750000.0,1312000000.0,37325000000.0,0.404,29.418,-2696000000.0,450000000.0,450000000.0,10299000000.0,1912000000.0,0.215,0.621,9353000000.0,1300000000.0,8053000000.0,9353000000.0,0.0,1522000000.0,3106000000.0,0.03,1.0,2277000000.0,3799000000.0,0.241,3799000000.0,2277000000.0,1912000000.0,2.43,2.42,2.43,23832000000.0,23967750000.0,23832000000.0,36287851598.0,16.0,9.552,1070000000.0,1.321,1.0,5494000000.0,0.348,4652000000.0,365000000.0,36783000000.0,37072250000.0,374000000.0,0.0,0.0,0.0,14805000000.0,6105000000.0,8700000000.0,26895851598.0,21000000.0,0.0,-454000000.0,4000000.0,-671000000.0,-1093000000.0,-2646000000.0,0.0,3766000000.0,-6000000.0,1912000000.0,1912000000.0,1912000000.0,0.0,0.0,0.121,3239000000.0,2255000000.0,576000000.0,0.412,1.129,14.067,13.663,32054000000.0,0.0,33.2,1.703,1.703,293000000.0,18349000000.0,15793000000.0,15793000000.0,0.0,0.049,0.08,0.061,0.144,46000000.0,1717000000.0,1.0,810116012.0,810116012.0,,19.495,33985000000.0,0.0,0.0,0.0,41.951,-4793000000.0
10,CCL,MRY,2010-12-31,2010-11-30,2010-11-30,2021-09-30,-254000000.0,37490000000.0,36774500000.0,1244000000.0,36246000000.0,0.393,28.077,-3579000000.0,429000000.0,429000000.0,9092000000.0,1978000000.0,0.216,0.628,9364000000.0,1353000000.0,8011000000.0,9364000000.0,0.0,1416000000.0,2805000000.0,0.01,0.4,2357000000.0,3773000000.0,0.261,3773000000.0,2357000000.0,1979000000.0,2.51,2.47,2.51,23031000000.0,21977250000.0,23031000000.0,42570377453.0,18.0,11.283,239000000.0,0.291,1.0,5377000000.0,0.372,4640000000.0,378000000.0,36030000000.0,35333250000.0,320000000.0,0.0,0.0,0.0,14459000000.0,5755000000.0,8704000000.0,33885377453.0,-109000000.0,0.0,21000000.0,-192000000.0,-237000000.0,-404000000.0,-3501000000.0,0.0,3818000000.0,-22000000.0,1978000000.0,1978000000.0,1978000000.0,0.0,0.0,0.137,3030000000.0,2347000000.0,503000000.0,0.159,1.471,17.131,16.458,30967000000.0,0.0,41.31,2.342,2.342,248000000.0,17224000000.0,14469000000.0,14469000000.0,0.0,0.054,0.09,0.067,0.163,43000000.0,1614000000.0,1.0,820270575.0,820270575.0,,17.639,32850000000.0,0.0,1000000.0,0.0,40.048,-4511000000.0
11,CCL,MRY,2009-12-31,2009-11-30,2009-11-30,2021-09-30,462000000.0,36835000000.0,35393750000.0,1518000000.0,35317000000.0,0.38,26.31,-3380000000.0,538000000.0,538000000.0,8407000000.0,1790000000.0,0.306,0.671,10047000000.0,950000000.0,9097000000.0,10047000000.0,0.0,1309000000.0,2575000000.0,0.0,0.0,2186000000.0,3495000000.0,0.26,3495000000.0,2186000000.0,1806000000.0,2.27,2.24,2.27,22039000000.0,20784500000.0,22039000000.0,35968762440.0,16.0,10.291,-38000000.0,-0.045,1.0,5053000000.0,0.375,4797000000.0,380000000.0,36580000000.0,34480500000.0,320000000.0,0.0,0.0,0.0,14796000000.0,4967000000.0,9829000000.0,26830762440.0,-112000000.0,0.0,8000000.0,155000000.0,-314000000.0,-93000000.0,-3384000000.0,0.0,3342000000.0,23000000.0,1790000000.0,1790000000.0,1790000000.0,0.0,0.0,0.133,2899000000.0,2154000000.0,568000000.0,0.0,1.217,14.989,14.11,29870000000.0,0.0,32.03,1.993,1.993,362000000.0,15561000000.0,13460000000.0,13460000000.0,0.0,0.051,0.086,0.063,0.162,50000000.0,1590000000.0,1.0,837676005.0,837676005.0,,16.068,32038000000.0,0.0,16000000.0,0.0,38.246,-3449000000.0
12,CCL,MRY,2008-12-31,2008-11-30,2008-11-30,2021-09-30,-623000000.0,33400000000.0,34573750000.0,1650000000.0,31750000000.0,0.432,22.803,-3353000000.0,650000000.0,650000000.0,9340000000.0,2324000000.0,0.285,0.749,9343000000.0,1608000000.0,7735000000.0,9343000000.0,0.0,1249000000.0,2519000000.0,0.076,1.6,2791000000.0,4040000000.0,0.27,4040000000.0,2791000000.0,2371000000.0,2.96,2.9,2.96,19098000000.0,19772250000.0,19098000000.0,26324224122.0,9.0,6.516,38000000.0,0.045,1.0,5607000000.0,0.375,4560000000.0,420000000.0,31752000000.0,31727500000.0,315000000.0,0.0,0.0,0.0,14302000000.0,5781000000.0,8521000000.0,17588224122.0,-293000000.0,0.0,-83000000.0,1042000000.0,-1261000000.0,-315000000.0,-3255000000.0,0.0,3391000000.0,-114000000.0,2324000000.0,2324000000.0,2324000000.0,0.0,0.0,0.155,2878000000.0,2729000000.0,512000000.0,0.541,0.921,7.568,7.095,26457000000.0,0.0,21.0,1.177,1.177,418000000.0,13980000000.0,14947000000.0,14947000000.0,0.0,0.067,0.118,0.088,0.187,50000000.0,1629000000.0,1.0,837534482.0,837534482.0,,17.846,28840000000.0,0.0,47000000.0,0.0,34.434,-4131000000.0
13,CCL,MRY,2007-12-31,2007-11-30,2007-11-30,2021-09-30,1296000000.0,34181000000.0,32754250000.0,1976000000.0,32205000000.0,0.398,23.846,-3312000000.0,943000000.0,943000000.0,7628000000.0,2408000000.0,0.272,0.712,8852000000.0,2539000000.0,6313000000.0,8852000000.0,0.0,1101000000.0,2807000000.0,0.03,1.375,2791000000.0,3892000000.0,0.299,3892000000.0,2791000000.0,2424000000.0,3.04,2.95,3.04,19963000000.0,19147000000.0,19963000000.0,44942911917.0,16.0,11.548,757000000.0,0.904,1.0,5405000000.0,0.415,5003000000.0,367000000.0,29827000000.0,28265500000.0,331000000.0,0.0,0.0,0.0,14218000000.0,7260000000.0,6958000000.0,37772911917.0,-220000000.0,-339000000.0,-326000000.0,668000000.0,-990000000.0,-604000000.0,-3746000000.0,-20000000.0,4069000000.0,61000000.0,2408000000.0,2408000000.0,2408000000.0,0.0,0.0,0.185,2680000000.0,2725000000.0,561000000.0,0.452,1.892,15.686,14.842,26639000000.0,0.0,45.12,2.898,2.898,436000000.0,12921000000.0,13033000000.0,13033000000.0,0.0,0.074,0.126,0.099,0.214,64000000.0,1579000000.0,1.0,837165601.0,837165601.0,,15.568,29178000000.0,0.0,16000000.0,0.0,34.853,-5284000000.0
14,CCL,MRY,2006-12-31,2006-11-30,2006-11-30,2021-09-30,661000000.0,30552000000.0,29509500000.0,1995000000.0,28557000000.0,0.401,21.799,-2480000000.0,1163000000.0,1163000000.0,6791000000.0,2279000000.0,0.368,0.678,7847000000.0,1492000000.0,6355000000.0,7847000000.0,0.0,988000000.0,2336000000.0,0.021,1.025,2630000000.0,3618000000.0,0.306,3618000000.0,2630000000.0,2318000000.0,2.85,2.77,2.85,18210000000.0,17590750000.0,18210000000.0,47888550652.0,18.0,13.236,1153000000.0,1.38,1.0,5048000000.0,0.426,4634000000.0,312000000.0,27187000000.0,26487750000.0,263000000.0,0.0,0.0,0.0,12342000000.0,5415000000.0,6927000000.0,40924550652.0,-15000000.0,0.0,-841000000.0,365000000.0,-803000000.0,-1212000000.0,-2443000000.0,-12000000.0,3633000000.0,7000000.0,2279000000.0,2279000000.0,2279000000.0,0.0,0.0,0.192,2435000000.0,2613000000.0,438000000.0,0.36,2.247,17.957,17.189,23458000000.0,0.0,48.99,3.457,3.457,280000000.0,11600000000.0,11839000000.0,11839000000.0,0.0,0.077,0.13,0.099,0.222,68000000.0,1447000000.0,1.0,835365394.0,835365394.0,,14.172,25918000000.0,0.0,39000000.0,0.0,31.026,-3420000000.0
15,CCL,MRY,2005-12-31,2005-11-30,2005-11-30,2021-09-30,159000000.0,28349000000.0,28255000000.0,2121000000.0,26228000000.0,0.393,19.875,-1977000000.0,1178000000.0,1178000000.0,6218000000.0,2253000000.0,0.409,0.679,7352000000.0,1625000000.0,5727000000.0,7352000000.0,0.0,902000000.0,2051000000.0,0.015,0.8,2655000000.0,3557000000.0,0.321,3557000000.0,2655000000.0,2325000000.0,2.8,2.7,2.8,16883000000.0,16512500000.0,16883000000.0,52729821096.0,20.0,14.824,1433000000.0,1.687,1.0,4876000000.0,0.44,4488000000.0,330000000.0,24850000000.0,25316750000.0,250000000.0,0.0,0.0,0.0,11466000000.0,5185000000.0,6281000000.0,46287821096.0,535000000.0,0.0,-323000000.0,-2000000.0,-566000000.0,-892000000.0,-1970000000.0,8000000.0,3410000000.0,-13000000.0,2253000000.0,2253000000.0,2253000000.0,0.0,0.0,0.203,2237000000.0,2639000000.0,477000000.0,0.286,2.742,20.545,19.461,21312000000.0,0.0,54.49,4.172,4.172,430000000.0,10141000000.0,11094000000.0,11094000000.0,0.0,0.08,0.136,0.105,0.239,12000000.0,1335000000.0,1.0,849473685.0,849473685.0,,13.06,23861000000.0,0.0,72000000.0,0.0,28.089,-3064000000.0
16,CCL,MRY,2004-12-31,2004-11-30,2004-11-30,2021-09-30,541000000.0,27636000000.0,26495250000.0,1728000000.0,25908000000.0,0.367,18.644,-3509000000.0,643000000.0,643000000.0,5502000000.0,1809000000.0,0.343,0.754,7953000000.0,1662000000.0,6291000000.0,7953000000.0,0.0,812000000.0,1873000000.0,0.009,0.5,2140000000.0,2952000000.0,0.303,2952000000.0,2140000000.0,1856000000.0,2.25,2.18,2.25,15760000000.0,14910250000.0,15760000000.0,51727803301.0,24.0,17.523,-293000000.0,-0.347,1.0,4225000000.0,0.434,4627000000.0,284000000.0,25285000000.0,24767500000.0,240000000.0,17000000.0,17000000.0,0.0,11876000000.0,5034000000.0,6842000000.0,44810803301.0,33000000.0,0.0,142000000.0,183000000.0,-400000000.0,-79000000.0,-3089000000.0,444000000.0,3216000000.0,-15000000.0,1809000000.0,1809000000.0,1809000000.0,0.0,0.0,0.186,2097000000.0,2128000000.0,631000000.0,0.222,2.843,24.771,23.56,20823000000.0,0.0,53.01,4.607,4.607,409000000.0,8623000000.0,9727000000.0,9727000000.0,0.0,0.068,0.121,0.086,0.22,11000000.0,1285000000.0,1.0,845327359.0,845327359.0,,11.507,23009000000.0,0.0,47000000.0,0.0,27.219,-3306000000.0
17,CCL,MRY,2003-12-31,2003-11-30,2003-11-30,2021-09-30,160000000.0,24491000000.0,20936149500.0,2132000000.0,22359000000.0,0.321,16.423,-2465000000.0,610000000.0,610000000.0,3814000000.0,1194000000.0,0.644,0.776,7404000000.0,486000000.0,6918000000.0,7404000000.0,0.0,585000000.0,1358000000.0,0.025,0.874,1418000000.0,2003000000.0,0.298,2003000000.0,1418000000.0,1223000000.0,1.66,1.63,1.66,13793000000.0,11973088000.0,13793000000.0,35567840448.0,25.0,17.757,-532000000.0,-0.633,1.0,2904000000.0,0.432,4355000000.0,195000000.0,23620000000.0,20339652750.0,171000000.0,461000000.0,461000000.0,0.0,10698000000.0,3310000000.0,7388000000.0,29554629448.0,303000000.0,140000000.0,53000000.0,1080000000.0,-292000000.0,826000000.0,-2433000000.0,-58000000.0,1933000000.0,-23000000.0,1194000000.0,1194000000.0,1194000000.0,0.0,0.0,0.178,1521000000.0,1383000000.0,634000000.0,0.527,2.143,24.753,21.199,17522000000.0,0.0,35.19,4.399,4.399,403000000.0,7191000000.0,6718000000.0,6718000000.0,0.0,0.057,0.1,0.07,0.211,0.0,936000000.0,1.0,839858751.0,839858751.0,,7.999,20136000000.0,0.0,29000000.0,0.0,23.975,-1178000000.0
18,CCL,MRY,2002-12-31,2002-11-30,2002-11-30,2021-09-30,8000000.0,12335000000.0,12075638000.0,1132000000.0,11203000000.0,0.363,9.317,-1982000000.0,667000000.0,667000000.0,2330000000.0,1016000000.0,0.699,0.663,3169000000.0,155000000.0,3014000000.0,3169000000.0,170000000.0,382000000.0,771000000.0,0.015,0.42,1070000000.0,1452000000.0,0.331,1452000000.0,1070000000.0,959000000.0,1.73,1.69,1.73,7418000000.0,7051198500.0,7418000000.0,24102220196.0,23.0,16.599,-513000000.0,-0.644,1.0,2053000000.0,0.468,681000000.0,111000000.0,12536000000.0,11817924250.0,91000000.0,39000000.0,39000000.0,0.0,4917000000.0,1620000000.0,3297000000.0,22332474196.0,-795000000.0,-30000000.0,7000000.0,42000000.0,-246000000.0,-198000000.0,-2061000000.0,-39000000.0,1469000000.0,-5000000.0,1016000000.0,1016000000.0,1016000000.0,0.0,0.0,0.232,1011000000.0,1042000000.0,269000000.0,0.243,3.011,21.981,16.214,10116000000.0,0.0,28.05,5.095,5.095,108000000.0,6326000000.0,4383000000.0,4383000000.0,0.0,0.084,0.144,0.091,0.244,0.0,609000000.0,1.0,796166638.0,796166638.0,,5.505,11654000000.0,0.0,-57000000.0,0.0,14.638,-488000000.0
19,CCL,MRY,2001-12-31,2001-11-30,2001-11-30,2021-09-30,-36932000.0,11563552000.0,11107391000.0,1958988000.0,9604564000.0,0.41,8.285,-812000000.0,1421300000.0,1421300000.0,2482000000.0,926000000.0,1.323,0.755,2976618000.0,21764000.0,2954854000.0,2976618000.0,157998000.0,372000000.0,627698000.0,0.02,0.525,1035000000.0,1407000000.0,0.309,1407000000.0,1035000000.0,914000000.0,1.58,1.58,1.58,6590777000.0,6283386250.0,6590777000.0,22277023222.0,22.0,15.833,427000000.0,0.537,1.0,2067000000.0,0.454,651814000.0,121000000.0,10986816000.0,10477175250.0,91996000.0,36784000.0,36784000.0,0.0,4972775000.0,1480240000.0,3492535000.0,20771929222.0,1232000000.0,531000000.0,5000000.0,603000000.0,-246000000.0,337000000.0,-342000000.0,-33000000.0,1239000000.0,-2000000.0,926000000.0,926000000.0,926000000.0,0.0,0.0,0.204,1131000000.0,936000000.0,269467000.0,0.332,3.152,22.432,16.525,8390230000.0,0.0,26.11,4.566,4.566,90763000.0,5556296000.0,4549000000.0,4549000000.0,0.0,0.083,0.147,0.099,0.228,0.0,619000000.0,1.0,795554547.0,795554547.0,,5.718,10911738000.0,0.0,-12000000.0,0.0,13.716,478748000.0
20,CCL,MRY,2000-12-31,2000-11-30,2000-11-30,2021-09-30,-75059000.0,9831320000.0,8774584250.0,549482000.0,9281838000.0,0.431,7.395,-951998000.0,189282000.0,189282000.0,2058342000.0,965458000.0,0.32,0.675,2347296000.0,248219000.0,2099077000.0,2347296000.0,146332000.0,287667000.0,770425000.0,0.019,0.42,1007924000.0,1295591000.0,0.343,1295591000.0,1007924000.0,966552000.0,1.61,1.6,1.61,5870617000.0,5870255250.0,5870617000.0,19354065089.0,19.0,14.938,327537000.0,0.413,1.0,1720200000.0,0.455,701385000.0,41372000.0,9572655000.0,7986866250.0,100451000.0,442861000.0,5470000.0,437391000.0,3960703000.0,1715294000.0,2245409000.0,18012679089.0,-332489000.0,-383640000.0,-697326000.0,631662000.0,-254333000.0,-319997000.0,-1292027000.0,22170000.0,1279535000.0,0.0,965458000.0,965458000.0,965458000.0,0.0,0.0,0.256,775070000.0,945130000.0,332694000.0,0.261,3.068,18.657,14.093,8001318000.0,0.0,22.69,4.767,4.767,95361000.0,4884023000.0,3778542000.0,3778542000.0,0.0,0.11,0.164,0.126,0.267,0.0,487403000.0,1.0,793859810.0,793859810.0,,4.76,9129935000.0,0.0,1094000.0,0.0,11.501,-1165812000.0
21,CCL,MRY,1999-12-31,1999-11-30,1999-11-30,2021-09-30,1116000.0,8286355000.0,8085937250.0,791636000.0,7494719000.0,0.433,9.664,-872984000.0,521771000.0,521771000.0,1862636000.0,1027240000.0,0.563,0.397,1073782000.0,206267000.0,867515000.0,1073782000.0,82680000.0,243658000.0,675816000.0,0.008,0.375,1076974000.0,1320632000.0,0.378,1320632000.0,1076974000.0,1030018000.0,1.68,1.66,1.68,5931247000.0,5470488750.0,5931247000.0,27817372188.0,26.0,21.064,456740000.0,0.744,1.0,1634834000.0,0.467,462340000.0,46956000.0,6971113000.0,7150251750.0,84019000.0,586922000.0,0.0,586922000.0,2355108000.0,1404913000.0,950195000.0,27083462188.0,384498000.0,-54715000.0,741575000.0,-557242000.0,-219179000.0,-34846000.0,-910380000.0,-11890000.0,1329724000.0,0.0,1027240000.0,1027240000.0,1027240000.0,0.0,0.0,0.294,690893000.0,943941000.0,195879000.0,0.223,4.566,26.365,26.268,6410527000.0,0.0,44.13,7.744,7.744,62887000.0,4176498000.0,3497470000.0,3497470000.0,0.0,0.127,0.188,0.151,0.308,0.0,447235000.0,1.0,613719968.0,613719968.0,,5.699,7824015000.0,0.0,2778000.0,0.0,12.749,-613277000.0
22,CCL,MRY,1998-12-31,1998-11-30,1998-11-30,2021-09-30,24699000.0,7179323000.0,6600799000.0,370279000.0,6809044000.0,0.456,7.197,-1103385000.0,137273000.0,137273000.0,1619377000.0,835885000.0,0.326,0.675,1630640000.0,67626000.0,1563014000.0,1630640000.0,63036000.0,200668000.0,638383000.0,0.009,0.315,897472000.0,1098140000.0,0.365,1098140000.0,897472000.0,839700000.0,1.4,1.4,1.4,4285476000.0,3964748250.0,4285476000.0,21864086056.0,24.0,19.91,-11545000.0,-0.019,1.0,1389929000.0,0.462,437464000.0,57772000.0,7100113000.0,6509815750.0,75449000.0,552649000.0,5956000.0,546693000.0,2893847000.0,1135113000.0,1758734000.0,20541894056.0,-2716000.0,-242868000.0,11399000.0,397809000.0,-178458000.0,226497000.0,-1321053000.0,0.0,1091840000.0,0.0,835885000.0,835885000.0,835885000.0,0.0,0.0,0.278,570137000.0,819792000.0,168546000.0,0.225,4.793,24.575,24.643,5768114000.0,0.0,34.5,6.826,6.826,60837000.0,3379628000.0,3009306000.0,3009306000.0,0.0,0.127,0.211,0.138,0.298,0.0,369469000.0,1.0,595417219.0,595417219.0,,5.054,6741859000.0,0.0,3815000.0,0.0,11.323,-764834000.0
23,CCL,MRY,1997-12-31,1997-11-30,1997-11-30,2021-09-30,0.0,5426775000.0,5206461750.0,336025000.0,5090750000.0,0.47,6.066,-480616000.0,139989000.0,139989000.0,1322669000.0,666050000.0,0.427,0.505,1074914000.0,59620000.0,1015294000.0,1074914000.0,20241000.0,167287000.0,420908000.0,0.009,0.24,728181000.0,895468000.0,0.366,895468000.0,728181000.0,672283000.0,1.12,1.12,1.12,3605098000.0,3369994500.0,3605098000.0,16838647823.0,23.0,18.804,396964000.0,0.668,1.0,1124799000.0,0.46,212607000.0,55898000.0,5362951000.0,5149546750.0,54970000.0,489067000.0,9738000.0,479329000.0,1821677000.0,786142000.0,1035535000.0,16065509823.0,28360000.0,1162000.0,5162000.0,-269025000.0,-130456000.0,-394319000.0,-454901000.0,2748000.0,877580000.0,0.0,666050000.0,666050000.0,666050000.0,0.0,0.0,0.272,463820000.0,660979000.0,106783000.0,0.214,4.456,24.121,24.134,4327413000.0,0.0,27.03,6.564,6.564,57090000.0,2731213000.0,2447468000.0,2447468000.0,0.0,0.128,0.198,0.141,0.298,0.0,296533000.0,1.0,594358484.0,594358484.0,,4.118,5214168000.0,0.0,6233000.0,0.0,8.773,-450117000.0
24,CCL,MRY,1996-12-31,1996-11-30,1996-11-30,2021-09-30,0.0,5101888000.0,4603687500.0,290933000.0,4810955000.0,0.481,5.102,-807614000.0,111629000.0,111629000.0,1241269000.0,566302000.0,0.439,0.683,1383001000.0,66369000.0,1316632000.0,1383001000.0,91630000.0,144987000.0,352698000.0,0.012,0.19,639439000.0,784426000.0,0.355,784426000.0,639439000.0,575347000.0,0.98,0.96,0.98,3030884000.0,2687878500.0,3030884000.0,,,,-66091000.0,-0.111,1.0,971303000.0,0.439,219589000.0,64092000.0,5490929000.0,4972276500.0,53281000.0,442816000.0,12486000.0,430330000.0,2071004000.0,662742000.0,1408262000.0,9356636961.0,58264000.0,-187015000.0,3728000.0,236115000.0,-103877000.0,135966000.0,-819225000.0,37710000.0,741523000.0,0.0,566302000.0,566302000.0,566302000.0,0.0,0.0,0.256,419842000.0,551461000.0,84748000.0,0.194,3.087,16.522,16.071,4099038000.0,0.0,15.75,4.229,4.229,38109000.0,2207781000.0,2212572000.0,2212572000.0,0.0,0.123,0.211,0.129,0.289,0.0,274855000.0,1.0,594072188.0,594072188.0,,3.724,4882299000.0,0.0,9045000.0,0.0,8.218,-371809000.0
25,CCL,MRY,1995-12-31,1995-11-30,1995-11-30,2021-09-30,0.0,4105487000.0,,256378000.0,3849109000.0,,,-483901000.0,53365000.0,53365000.0,1131113000.0,451091000.0,0.431,0.751,1222783000.0,72752000.0,1150031000.0,1222783000.0,15873000.0,128433000.0,292606000.0,0.012,0.158,523545000.0,651978000.0,0.326,651978000.0,523545000.0,460465000.0,0.795,,0.795,2344873000.0,,2344873000.0,,,,103305000.0,,1.0,867037000.0,0.434,226571000.0,63080000.0,4453624000.0,,48820000.0,102189000.0,50395000.0,51794000.0,1760614000.0,594710000.0,1165904000.0,,-740000.0,11783000.0,49032000.0,-23800000.0,-85098000.0,-59866000.0,-528080000.0,19720000.0,587206000.0,0.0,451091000.0,451091000.0,451091000.0,0.0,0.0,0.226,376999000.0,490038000.0,90237000.0,0.199,,,16.352,3414823000.0,0.0,13.0,,,33080000.0,1752140000.0,1998150000.0,1998150000.0,0.0,,,,0.262,0.0,248566000.0,1.0,,,,,3878916000.0,0.0,9374000.0,0.0,,-338332000.0
26,CCL,MRY,1994-12-31,1994-11-30,1994-11-30,2021-09-30,,,,,,,,-594789000.0,,,1028475000.0,381765000.0,,,,,,,,110595000.0,,0.013,0.143,443196000.0,553791000.0,0.307,553791000.0,443196000.0,391818000.0,0.675,,0.675,,,,,,,-57653000.0,,1.0,777541000.0,0.431,,51378000.0,,,,,,,,,,,-6138000.0,-31340000.0,2297000.0,123690000.0,-79072000.0,46915000.0,-590189000.0,15249000.0,537136000.0,0.0,381765000.0,381765000.0,381765000.0,0.0,0.0,0.211,333867000.0,443674000.0,,0.212,,,16.019,,0.0,10.812,,,,,1806016000.0,1806016000.0,0.0,,,,0.245,0.0,223272000.0,1.0,,,,,,,10053000.0,,,
0,CCL,MRQ,2021-09-30,2021-08-31,2021-08-31,2021-09-30,-1349000000.0,53514000000.0,,8909000000.0,44605000000.0,,12.836,-936000000.0,7151000000.0,7151000000.0,1141000000.0,-2836000000.0,0.939,2.6,32644000000.0,4544000000.0,28100000000.0,32644000000.0,0.0,597000000.0,2707000000.0,0.0,0.0,-2441000000.0,-1844000000.0,-3.377,-1844000000.0,-2441000000.0,-2859000000.0,-2.5,-2.5,-2.5,14863000000.0,,14863000000.0,53120083573.0,-7.0,-10.556,-1815000000.0,-1.567,1.0,-595000000.0,-1.09,2000000000.0,418000000.0,67516000000.0,,322000000.0,647000000.0,647000000.0,0.0,38651000000.0,9491000000.0,29160000000.0,27953083573.0,111000000.0,0.0,18000000.0,357000000.0,0.0,376000000.0,620000000.0,1558000000.0,-879000000.0,-6000000.0,-2836000000.0,-2836000000.0,-2836000000.0,0.0,0.0,-5.194,1462000000.0,-2057000000.0,672000000.0,0.0,1.881,-3.071,-2.908,40283000000.0,0.0,24.14,42.611,42.611,281000000.0,9194000000.0,546000000.0,546000000.0,0.0,,,,,29000000.0,425000000.0,1.0,1157957066.0,1157957066.0,,0.472,51514000000.0,0.0,-23000000.0,0.0,44.487,-582000000.0
1,CCL,MRQ,2021-06-30,2021-05-31,2021-05-31,2021-09-30,-1126000000.0,55064000000.0,,10198000000.0,44866000000.0,,15.443,-68000000.0,7067000000.0,7067000000.0,632000000.0,-2072000000.0,1.165,2.08,32234000000.0,4949000000.0,27285000000.0,32234000000.0,0.0,602000000.0,1992000000.0,0.0,0.0,-1623000000.0,-1021000000.0,-20.42,-1021000000.0,-1623000000.0,-2060000000.0,-1.83,-1.83,-1.83,17876000000.0,,17876000000.0,57272578597.0,-7.0,-11.125,-1427000000.0,-1.233,1.0,-582000000.0,-11.64,2016000000.0,437000000.0,69461000000.0,,308000000.0,2204000000.0,2204000000.0,0.0,37188000000.0,8754000000.0,28434000000.0,34217578597.0,-2612000000.0,-90000000.0,-1000000.0,-691000000.0,0.0,-693000000.0,-566000000.0,-364000000.0,-1359000000.0,5000000.0,-2072000000.0,-2072000000.0,-2072000000.0,0.0,0.0,-41.44,1033000000.0,-1615000000.0,499000000.0,0.0,1.914,-3.75,-3.115,40914000000.0,0.0,29.56,242.678,242.678,218000000.0,12030000000.0,50000000.0,50000000.0,0.0,,,,,26000000.0,417000000.0,1.0,1157563552.0,1157563552.0,,0.043,53048000000.0,0.0,12000000.0,0.0,45.827,1444000000.0
2,CCL,MRQ,2021-03-31,2021-02-28,2021-02-28,2021-09-30,-1233000000.0,57226000000.0,,12459000000.0,44767000000.0,,17.749,-1765000000.0,9674000000.0,9674000000.0,535000000.0,-1973000000.0,1.446,1.888,32729000000.0,4951000000.0,27778000000.0,32729000000.0,0.0,588000000.0,1826000000.0,0.0,0.0,-1581000000.0,-993000000.0,-38.192,-993000000.0,-1581000000.0,-1979000000.0,-1.8,-1.8,-1.8,19813000000.0,,19813000000.0,48728444199.0,-5.0,-6.332,-3268000000.0,-2.927,1.0,-509000000.0,-19.577,2009000000.0,398000000.0,69653000000.0,,312000000.0,1840000000.0,1840000000.0,0.0,37413000000.0,8619000000.0,28794000000.0,29861444199.0,138000000.0,0.0,997000000.0,4219000000.0,0.0,5216000000.0,-3589000000.0,-1840000000.0,-1503000000.0,14000000.0,-1973000000.0,-1973000000.0,-1973000000.0,0.0,0.0,-75.885,1014000000.0,-1523000000.0,505000000.0,0.0,1.507,-2.613,-1.948,40937000000.0,0.0,26.75,35.934,35.934,250000000.0,14102000000.0,26000000.0,26000000.0,0.0,,,,,40000000.0,462000000.0,1.0,1116315671.0,1116315671.0,,0.023,55217000000.0,0.0,-6000000.0,0.0,49.464,3840000000.0
3,CCL,MRQ,2020-12-31,2020-11-30,2020-11-30,2021-09-30,-1436000000.0,53593000000.0,,10563000000.0,43030000000.0,,22.757,-1658000000.0,9513000000.0,9513000000.0,553000000.0,-2222000000.0,1.216,1.607,28380000000.0,4977000000.0,23403000000.0,28380000000.0,0.0,715000000.0,1940000000.0,0.025,0.0,-1889000000.0,-1174000000.0,-34.529,-1174000000.0,-1889000000.0,-2237000000.0,-2.17,-2.17,-2.17,20555000000.0,,20555000000.0,36212751124.0,-4.0,-5.214,-3310000000.0,-3.665,1.0,-519000000.0,-15.265,1993000000.0,348000000.0,61781000000.0,,335000000.0,0.0,0.0,0.0,33038000000.0,8686000000.0,24352000000.0,18046751124.0,1500000000.0,0.0,2471000000.0,2538000000.0,0.0,4951000000.0,-1788000000.0,0.0,-1652000000.0,-10000000.0,-2222000000.0,-2222000000.0,-2222000000.0,0.0,0.0,-65.353,1124000000.0,-1643000000.0,624000000.0,0.0,0.878,-1.763,-1.514,39443000000.0,0.0,19.98,3.226,3.226,273000000.0,16075000000.0,34000000.0,34000000.0,0.0,,,,,53000000.0,443000000.0,1.0,903240797.0,903240797.0,,0.038,51600000000.0,0.0,-15000000.0,0.0,57.128,1877000000.0
4,CCL,MRQ,2020-09-30,2020-08-31,2020-08-31,2021-09-30,-1439000000.0,50818000000.0,,9268000000.0,41550000000.0,,24.901,-196000000.0,8176000000.0,8176000000.0,639000000.0,-2858000000.0,0.91,1.606,26342000000.0,6145000000.0,20197000000.0,26342000000.0,0.0,590000000.0,2150000000.0,0.061,0.0,-2550000000.0,-1960000000.0,-63.226,-1960000000.0,-2550000000.0,-2860000000.0,-3.69,-3.69,-3.69,19503000000.0,,19503000000.0,28276731620.0,-4.0,-6.158,-3041000000.0,-3.883,1.0,-608000000.0,-19.613,1993000000.0,310000000.0,56807000000.0,,349000000.0,0.0,0.0,0.0,31315000000.0,10184000000.0,21131000000.0,12907731620.0,1295000000.0,0.0,232000000.0,4042000000.0,0.0,4274000000.0,-196000000.0,0.0,-2845000000.0,62000000.0,-2858000000.0,-2858000000.0,-2858000000.0,0.0,0.0,-92.194,1726000000.0,-2334000000.0,691000000.0,0.0,0.662,-1.701,-1.603,38305000000.0,0.0,16.48,1.248,1.248,376000000.0,18297000000.0,31000000.0,31000000.0,0.0,,,,,14000000.0,265000000.0,1.0,783236142.0,783236142.0,,0.04,48825000000.0,0.0,-2000000.0,0.0,62.338,-916000000.0
5,CCL,MRQ,2020-06-30,2020-05-31,2020-05-31,2021-09-30,-1962000000.0,49817000000.0,,8222000000.0,41595000000.0,,29.337,-332000000.0,6881000000.0,6881000000.0,1896000000.0,-4374000000.0,0.693,1.39,22250000000.0,6088000000.0,16162000000.0,22250000000.0,0.0,634000000.0,2618000000.0,0.095,0.0,-4203000000.0,-3569000000.0,-4.823,-3569000000.0,-4203000000.0,-4385000000.0,-6.07,-6.07,-6.07,20840000000.0,,20840000000.0,24244980019.0,-10.0,-118.268,-3052000000.0,-4.296,1.0,-1156000000.0,-1.562,1958000000.0,182000000.0,51370000000.0,,362000000.0,0.0,0.0,0.0,28977000000.0,11858000000.0,17119000000.0,11180980019.0,5528000000.0,0.0,556000000.0,8124000000.0,-345000000.0,8336000000.0,-95000000.0,0.0,-2720000000.0,8000000.0,-4374000000.0,-4374000000.0,-4374000000.0,0.0,0.0,-5.911,3022000000.0,-4178000000.0,1809000000.0,0.0,0.537,-3.788,-3.925,38552000000.0,0.0,15.74,0.664,0.664,604000000.0,21155000000.0,740000000.0,740000000.0,0.0,,,,,18000000.0,492000000.0,1.0,710354512.0,710354512.0,,1.042,47859000000.0,0.0,-11000000.0,0.0,67.373,-3636000000.0
6,CCL,MRQ,2020-03-31,2020-02-29,2020-02-29,2021-09-30,-2028000000.0,46943000000.0,,2885000000.0,44058000000.0,,34.203,-1100000000.0,1354000000.0,1354000000.0,3191000000.0,-781000000.0,0.269,0.933,14418000000.0,3368000000.0,11050000000.0,14418000000.0,0.0,612000000.0,4690000000.0,0.06,0.5,-715000000.0,-103000000.0,-0.022,-103000000.0,-715000000.0,-770000000.0,-1.14,-1.14,-1.14,24290000000.0,,24290000000.0,34746420601.0,16.0,7.861,-184000000.0,-0.259,1.0,1598000000.0,0.334,3349000000.0,55000000.0,45942000000.0,,440000000.0,0.0,0.0,0.0,22653000000.0,10716000000.0,11937000000.0,23762420601.0,838000000.0,-81000000.0,-10000000.0,1444000000.0,-344000000.0,1089000000.0,-1161000000.0,0.0,916000000.0,-7000000.0,-781000000.0,-781000000.0,-781000000.0,0.0,0.0,-0.163,2309000000.0,-711000000.0,904000000.0,-0.439,0.978,12.687,12.347,39492000000.0,0.0,33.46,1.135,1.135,405000000.0,25527000000.0,4789000000.0,4789000000.0,0.0,,,,,20000000.0,678000000.0,1.0,710173957.0,710173957.0,,6.743,43594000000.0,0.0,11000000.0,0.0,61.385,-7831000000.0
7,CCL,MRQ,2019-12-31,2019-11-30,2019-11-30,2021-09-30,-2066000000.0,45058000000.0,,2059000000.0,42999000000.0,,35.598,-1970000000.0,518000000.0,518000000.0,3074000000.0,423000000.0,0.226,0.776,11502000000.0,1827000000.0,9675000000.0,11502000000.0,0.0,553000000.0,4735000000.0,0.044,0.5,487000000.0,1040000000.0,0.217,1040000000.0,487000000.0,438000000.0,0.62,0.61,0.62,25365000000.0,,25365000000.0,41706453271.0,13.0,7.685,-909000000.0,-1.276,1.0,1708000000.0,0.357,4086000000.0,49000000.0,42829000000.0,,427000000.0,0.0,0.0,0.0,19693000000.0,9127000000.0,10566000000.0,32121453271.0,-639000000.0,0.0,-131000000.0,768000000.0,-346000000.0,257000000.0,-1960000000.0,0.0,1061000000.0,2000000.0,423000000.0,423000000.0,423000000.0,0.0,0.0,0.088,1222000000.0,486000000.0,756000000.0,0.806,1.266,10.743,10.387,38131000000.0,0.0,45.08,1.542,1.542,444000000.0,26653000000.0,4782000000.0,4782000000.0,0.0,,,,,8000000.0,667000000.0,1.0,712543329.0,712543329.0,,6.711,40972000000.0,0.0,15000000.0,0.0,57.501,-7068000000.0
8,CCL,MRQ,2019-09-30,2019-08-31,2019-08-31,2021-09-30,-2183000000.0,44001000000.0,,2712000000.0,41289000000.0,,35.309,-418000000.0,1153000000.0,1153000000.0,3509000000.0,1780000000.0,0.304,0.74,10738000000.0,1845000000.0,8893000000.0,10738000000.0,0.0,548000000.0,4674000000.0,0.045,0.5,1879000000.0,2427000000.0,0.371,2427000000.0,1879000000.0,1827000000.0,2.58,2.58,2.58,25295000000.0,,25295000000.0,41550327411.0,12.0,7.625,827000000.0,1.154,1.0,3024000000.0,0.463,4052000000.0,52000000.0,40602000000.0,,482000000.0,0.0,0.0,0.0,18706000000.0,8932000000.0,9774000000.0,31578327411.0,-46000000.0,0.0,-154000000.0,-377000000.0,-347000000.0,-886000000.0,-399000000.0,0.0,1245000000.0,-6000000.0,1780000000.0,1780000000.0,1780000000.0,0.0,0.0,0.272,1134000000.0,1890000000.0,695000000.0,0.194,1.248,10.32,9.95,36466000000.0,0.0,44.08,1.54,1.54,441000000.0,26576000000.0,6533000000.0,6533000000.0,0.0,,,,,11000000.0,563000000.0,1.0,716386738.0,716386738.0,,9.119,39949000000.0,0.0,47000000.0,0.0,55.765,-6220000000.0
9,CCL,MRQ,2019-06-30,2019-05-31,2019-05-31,2021-09-30,-2076000000.0,44512000000.0,,2835000000.0,41677000000.0,,33.624,-886000000.0,1202000000.0,1202000000.0,3159000000.0,451000000.0,0.273,0.846,11174000000.0,2094000000.0,9080000000.0,11174000000.0,0.0,543000000.0,5815000000.0,0.039,0.5,513000000.0,1056000000.0,0.218,1056000000.0,513000000.0,459000000.0,0.65,0.65,0.65,24108000000.0,,24108000000.0,47639311344.0,15.0,8.946,1167000000.0,1.628,1.0,1679000000.0,0.347,4079000000.0,54000000.0,40028000000.0,,501000000.0,0.0,0.0,0.0,20404000000.0,10377000000.0,10027000000.0,36702311344.0,551000000.0,0.0,-40000000.0,-236000000.0,-346000000.0,-638000000.0,-859000000.0,0.0,2053000000.0,-6000000.0,451000000.0,451000000.0,451000000.0,0.0,0.0,0.093,1163000000.0,516000000.0,792000000.0,0.769,1.522,12.287,11.988,36814000000.0,0.0,51.19,1.853,1.853,405000000.0,25138000000.0,4838000000.0,4838000000.0,0.0,,,,,7000000.0,621000000.0,1.0,716982054.0,716982054.0,,6.748,40433000000.0,0.0,8000000.0,0.0,56.393,-7542000000.0
10,CCL,MRQ,2019-03-31,2019-02-28,2019-02-28,2021-09-30,-1869000000.0,43930000000.0,,2101000000.0,41829000000.0,,33.734,-2129000000.0,649000000.0,649000000.0,3141000000.0,336000000.0,0.218,0.812,11586000000.0,2452000000.0,9134000000.0,11586000000.0,0.0,516000000.0,4755000000.0,0.035,0.5,389000000.0,905000000.0,0.194,905000000.0,389000000.0,338000000.0,0.48,0.48,0.48,24241000000.0,,24241000000.0,50847082549.0,15.0,9.427,-1013000000.0,-1.41,1.0,1532000000.0,0.328,4124000000.0,51000000.0,41101000000.0,,444000000.0,0.0,0.0,0.0,19689000000.0,9642000000.0,10047000000.0,41506082549.0,-331000000.0,0.0,-274000000.0,1263000000.0,-348000000.0,612000000.0,-2059000000.0,0.0,1116000000.0,1000000.0,336000000.0,336000000.0,336000000.0,0.0,0.0,0.072,1145000000.0,387000000.0,798000000.0,1.042,1.712,13.402,13.098,37005000000.0,0.0,57.76,2.148,2.148,406000000.0,25033000000.0,4673000000.0,4673000000.0,0.0,,,,,20000000.0,629000000.0,1.0,718595612.0,718595612.0,,6.503,39806000000.0,0.0,2000000.0,0.0,55.394,-7541000000.0
11,CCL,MRQ,2018-12-31,2018-11-30,2018-11-30,2021-09-30,-1949000000.0,42401000000.0,,2225000000.0,40176000000.0,,33.706,-858000000.0,982000000.0,982000000.0,2726000000.0,493000000.0,0.242,0.735,10323000000.0,2426000000.0,7897000000.0,10323000000.0,0.0,507000000.0,4395000000.0,0.032,0.5,554000000.0,1061000000.0,0.238,1061000000.0,554000000.0,507000000.0,0.72,0.72,0.72,24443000000.0,,24443000000.0,52811781457.0,16.0,9.749,255000000.0,0.352,1.0,1730000000.0,0.388,4101000000.0,47000000.0,38437000000.0,,450000000.0,0.0,0.0,0.0,17958000000.0,9204000000.0,8754000000.0,43720781457.0,454000000.0,-135000000.0,-260000000.0,874000000.0,-352000000.0,247000000.0,-897000000.0,0.0,1113000000.0,-8000000.0,493000000.0,493000000.0,493000000.0,0.0,0.0,0.111,1179000000.0,551000000.0,730000000.0,0.694,1.789,13.871,13.548,35336000000.0,0.0,60.29,2.316,2.316,358000000.0,25066000000.0,4456000000.0,4456000000.0,0.0,,,,,16000000.0,656000000.0,1.0,725174680.0,725174680.0,,6.145,38300000000.0,0.0,14000000.0,0.0,52.815,-6979000000.0
12,CCL,MRQ,2018-09-30,2018-08-31,2018-08-31,2021-09-30,-1840000000.0,41753000000.0,,1755000000.0,39998000000.0,,33.461,-403000000.0,526000000.0,526000000.0,2958000000.0,1707000000.0,0.219,0.694,9617000000.0,1320000000.0,8297000000.0,9617000000.0,0.0,510000000.0,4418000000.0,0.031,0.5,1793000000.0,2303000000.0,0.395,2303000000.0,1793000000.0,1744000000.0,2.42,2.41,2.42,24654000000.0,,24654000000.0,54109593665.0,16.0,9.945,946000000.0,1.284,1.0,2878000000.0,0.493,4131000000.0,49000000.0,38693000000.0,,405000000.0,0.0,0.0,0.0,17099000000.0,8020000000.0,9079000000.0,45305593665.0,-526000000.0,0.0,-692000000.0,-306000000.0,-357000000.0,-1368000000.0,-514000000.0,0.0,1349000000.0,5000000.0,1707000000.0,1707000000.0,1707000000.0,0.0,0.0,0.292,1084000000.0,1794000000.0,666000000.0,0.207,1.838,14.136,13.634,35178000000.0,0.0,61.49,2.425,2.425,366000000.0,24921000000.0,5836000000.0,5836000000.0,0.0,,,,,17000000.0,573000000.0,1.0,736796124.0,736796124.0,,7.921,37622000000.0,0.0,37000000.0,0.0,51.062,-6265000000.0
13,CCL,MRQ,2018-06-30,2018-05-31,2018-05-31,2021-09-30,-1855000000.0,42184000000.0,,2278000000.0,39906000000.0,,32.268,-1525000000.0,1053000000.0,1053000000.0,2681000000.0,561000000.0,0.245,0.763,9857000000.0,1685000000.0,8172000000.0,9857000000.0,0.0,512000000.0,5308000000.0,0.029,0.5,613000000.0,1125000000.0,0.258,1125000000.0,613000000.0,564000000.0,0.79,0.78,0.79,23933000000.0,,23933000000.0,55298484215.0,18.0,11.0,498000000.0,0.671,1.0,1676000000.0,0.385,4133000000.0,49000000.0,37547000000.0,,402000000.0,0.0,0.0,0.0,18251000000.0,9308000000.0,8943000000.0,46192484215.0,586000000.0,0.0,-295000000.0,718000000.0,-323000000.0,89000000.0,-1515000000.0,0.0,2023000000.0,-10000000.0,561000000.0,561000000.0,561000000.0,0.0,0.0,0.129,1117000000.0,559000000.0,745000000.0,0.633,1.93,16.34,15.847,35227000000.0,0.0,62.28,2.516,2.516,342000000.0,23564000000.0,4357000000.0,4357000000.0,0.0,,,,,14000000.0,605000000.0,1.0,741690498.0,741690498.0,,5.874,38051000000.0,0.0,3000000.0,0.0,51.303,-7030000000.0
14,CCL,MRQ,2018-03-31,2018-02-28,2018-02-28,2021-09-30,-1486000000.0,41441000000.0,,1667000000.0,39774000000.0,,32.793,-574000000.0,453000000.0,453000000.0,2709000000.0,391000000.0,0.188,0.7,9559000000.0,2114000000.0,7445000000.0,9559000000.0,0.0,488000000.0,4288000000.0,0.025,0.45,439000000.0,927000000.0,0.219,927000000.0,439000000.0,391000000.0,0.54,0.54,0.54,24382000000.0,,24382000000.0,58548711831.0,20.0,12.215,490000000.0,0.659,1.0,1523000000.0,0.36,4212000000.0,48000000.0,37484000000.0,,394000000.0,0.0,0.0,0.0,17059000000.0,8851000000.0,8208000000.0,49748711831.0,60000000.0,0.0,-218000000.0,117000000.0,-323000000.0,-428000000.0,-588000000.0,0.0,1064000000.0,12000000.0,391000000.0,391000000.0,391000000.0,0.0,0.0,0.092,1104000000.0,419000000.0,795000000.0,0.833,2.04,18.809,18.281,35027000000.0,0.0,66.91,2.771,2.771,345000000.0,23360000000.0,4232000000.0,4232000000.0,0.0,,,,,18000000.0,616000000.0,1.0,743516841.0,743516841.0,,5.692,37229000000.0,0.0,0.0,0.0,50.071,-7184000000.0
15,CCL,MRQ,2017-12-31,2017-11-30,2017-11-30,2021-09-30,-1782000000.0,40778000000.0,,1596000000.0,39182000000.0,,32.413,-648000000.0,395000000.0,395000000.0,2617000000.0,546000000.0,0.181,0.684,9195000000.0,2202000000.0,6993000000.0,9195000000.0,0.0,478000000.0,3958000000.0,0.024,0.45,608000000.0,1086000000.0,0.255,1086000000.0,608000000.0,560000000.0,0.76,0.75,0.76,24216000000.0,,24216000000.0,57720994452.0,20.0,12.255,376000000.0,0.503,1.0,1642000000.0,0.386,4167000000.0,48000000.0,36611000000.0,,387000000.0,0.0,0.0,0.0,16562000000.0,8800000000.0,7762000000.0,49039994452.0,-127000000.0,0.0,-247000000.0,91000000.0,-290000000.0,-448000000.0,-703000000.0,0.0,1024000000.0,0.0,546000000.0,546000000.0,546000000.0,0.0,0.0,0.128,1094000000.0,548000000.0,762000000.0,0.592,2.025,18.818,18.183,34430000000.0,0.0,65.64,2.801,2.801,312000000.0,23292000000.0,4259000000.0,4259000000.0,0.0,,,,,15000000.0,616000000.0,1.0,747105339.0,747105339.0,,5.701,36611000000.0,0.0,14000000.0,0.0,49.004,-7204000000.0
16,CCL,MRQ,2017-09-30,2017-08-31,2017-08-31,2021-09-30,-1845000000.0,40643000000.0,,1661000000.0,38982000000.0,,32.227,-437000000.0,489000000.0,489000000.0,3013000000.0,1329000000.0,0.208,0.681,9170000000.0,1447000000.0,7723000000.0,9170000000.0,0.0,472000000.0,4038000000.0,0.022,0.4,1417000000.0,1889000000.0,0.343,1889000000.0,1417000000.0,1368000000.0,1.84,1.83,1.84,24172000000.0,,24172000000.0,60934107285.0,21.0,12.891,1012000000.0,1.349,1.0,2502000000.0,0.454,4204000000.0,49000000.0,37151000000.0,,357000000.0,0.0,0.0,0.0,16471000000.0,7969000000.0,8502000000.0,52113107285.0,-108000000.0,0.0,-153000000.0,-622000000.0,-290000000.0,-1069000000.0,-485000000.0,0.0,1449000000.0,-3000000.0,1329000000.0,1329000000.0,1329000000.0,0.0,0.0,0.241,1109000000.0,1393000000.0,639000000.0,0.217,2.156,19.533,18.88,34172000000.0,0.0,69.48,3.032,3.032,324000000.0,23066000000.0,5515000000.0,5515000000.0,0.0,,,,,14000000.0,547000000.0,1.0,750044722.0,750044722.0,,7.353,36439000000.0,0.0,39000000.0,0.0,48.582,-6308000000.0
17,CCL,MRQ,2017-06-30,2017-05-31,2017-05-31,2021-09-30,-2154000000.0,40451000000.0,,1774000000.0,38677000000.0,,30.588,-1447000000.0,597000000.0,597000000.0,2436000000.0,379000000.0,0.196,0.761,9418000000.0,1783000000.0,7635000000.0,9418000000.0,0.0,457000000.0,4778000000.0,0.023,0.4,434000000.0,891000000.0,0.226,891000000.0,434000000.0,384000000.0,0.52,0.52,0.52,22964000000.0,,22964000000.0,56755766366.0,19.0,11.809,470000000.0,0.626,1.0,1509000000.0,0.383,4239000000.0,50000000.0,35975000000.0,,351000000.0,0.0,0.0,0.0,17487000000.0,9058000000.0,8429000000.0,48100766366.0,160000000.0,0.0,-83000000.0,32000000.0,-253000000.0,-320000000.0,-1460000000.0,0.0,1917000000.0,23000000.0,379000000.0,379000000.0,379000000.0,0.0,0.0,0.096,1009000000.0,500000000.0,690000000.0,0.769,2.095,17.409,16.995,33823000000.0,0.0,64.07,2.869,2.869,319000000.0,22026000000.0,3945000000.0,3945000000.0,0.0,,,,,14000000.0,553000000.0,1.0,750753338.0,750753338.0,,5.255,36212000000.0,0.0,5000000.0,0.0,48.234,-7284000000.0
18,CCL,MRQ,2017-03-31,2017-02-28,2017-02-28,2021-09-30,-2440000000.0,38703000000.0,,1597000000.0,37106000000.0,,30.138,-412000000.0,437000000.0,437000000.0,2435000000.0,352000000.0,0.214,0.708,9092000000.0,1296000000.0,7796000000.0,9092000000.0,0.0,439000000.0,3734000000.0,0.025,0.35,405000000.0,844000000.0,0.223,844000000.0,405000000.0,354000000.0,0.48,0.48,0.48,22660000000.0,,22660000000.0,50918357909.0,16.0,10.149,520000000.0,0.692,1.0,1356000000.0,0.358,4190000000.0,51000000.0,35703000000.0,,361000000.0,0.0,0.0,0.0,16043000000.0,7465000000.0,8578000000.0,42067357909.0,-166000000.0,0.0,-69000000.0,-290000000.0,-254000000.0,-615000000.0,-474000000.0,0.0,932000000.0,-9000000.0,352000000.0,352000000.0,352000000.0,0.0,0.0,0.093,988000000.0,368000000.0,669000000.0,0.729,1.856,14.074,13.781,32328000000.0,0.0,55.95,2.545,2.545,307000000.0,21939000000.0,3791000000.0,3791000000.0,0.0,,,,,20000000.0,549000000.0,1.0,751874136.0,751874136.0,,5.042,34513000000.0,0.0,2000000.0,0.0,45.903,-5868000000.0
19,CCL,MRQ,2016-12-31,2016-11-30,2016-11-30,2021-09-30,-2454000000.0,38881000000.0,,1689000000.0,37192000000.0,,29.967,-639000000.0,603000000.0,603000000.0,2319000000.0,608000000.0,0.239,0.721,9399000000.0,1097000000.0,8302000000.0,9399000000.0,0.0,435000000.0,3522000000.0,0.026,0.35,668000000.0,1103000000.0,0.28,1103000000.0,668000000.0,613000000.0,0.84,0.84,0.84,22597000000.0,,22597000000.0,47697183575.0,16.0,9.96,385000000.0,0.511,1.0,1616000000.0,0.411,4185000000.0,55000000.0,36420000000.0,,322000000.0,0.0,0.0,0.0,16284000000.0,7072000000.0,9212000000.0,38766183575.0,141000000.0,0.0,-230000000.0,337000000.0,-256000000.0,-165000000.0,-701000000.0,0.0,1024000000.0,-17000000.0,608000000.0,608000000.0,608000000.0,0.0,0.0,0.155,1019000000.0,597000000.0,713000000.0,0.417,1.716,13.95,13.783,32429000000.0,0.0,51.41,2.365,2.365,298000000.0,21843000000.0,3935000000.0,3935000000.0,0.0,,,,,15000000.0,584000000.0,1.0,754059202.0,754059202.0,,5.218,34696000000.0,0.0,5000000.0,0.0,46.012,-5383000000.0
20,CCL,MRQ,2016-09-30,2016-08-31,2016-08-31,2021-09-30,-2012000000.0,39332000000.0,,1554000000.0,37778000000.0,,29.843,-450000000.0,462000000.0,462000000.0,2563000000.0,1424000000.0,0.219,0.718,9393000000.0,1073000000.0,8320000000.0,9393000000.0,0.0,442000000.0,3585000000.0,0.027,0.35,1526000000.0,1968000000.0,0.386,1968000000.0,1526000000.0,1465000000.0,1.93,1.93,1.93,22900000000.0,,22900000000.0,45589209640.0,17.0,10.293,979000000.0,1.276,1.0,2534000000.0,0.497,4254000000.0,61000000.0,36909000000.0,,314000000.0,0.0,0.0,0.0,16432000000.0,7100000000.0,9332000000.0,36679209640.0,-57000000.0,0.0,-709000000.0,-70000000.0,-262000000.0,-1045000000.0,-449000000.0,0.0,1429000000.0,8000000.0,1424000000.0,1424000000.0,1424000000.0,0.0,0.0,0.279,972000000.0,1562000000.0,704000000.0,0.181,1.602,15.026,14.618,32864000000.0,0.0,47.8,2.269,2.269,423000000.0,21488000000.0,5097000000.0,5097000000.0,0.0,,,,,12000000.0,529000000.0,1.0,767347482.0,767347482.0,,6.642,35078000000.0,0.0,41000000.0,0.0,45.713,-5546000000.0
21,CCL,MRQ,2016-06-30,2016-05-31,2016-05-31,2021-09-30,-1648000000.0,39851000000.0,,1600000000.0,38251000000.0,,29.272,-1617000000.0,519000000.0,519000000.0,2258000000.0,605000000.0,0.204,0.749,9429000000.0,1246000000.0,8183000000.0,9429000000.0,0.0,438000000.0,4275000000.0,0.026,0.35,664000000.0,1102000000.0,0.297,1102000000.0,664000000.0,607000000.0,0.81,0.8,0.81,22791000000.0,,22791000000.0,45460033591.0,18.0,10.92,266000000.0,0.342,1.0,1447000000.0,0.391,4324000000.0,57000000.0,36596000000.0,,315000000.0,0.0,0.0,0.0,17060000000.0,7841000000.0,9219000000.0,37170033591.0,-259000000.0,0.0,-485000000.0,282000000.0,-227000000.0,-434000000.0,-1714000000.0,0.0,1883000000.0,6000000.0,605000000.0,605000000.0,605000000.0,0.0,0.0,0.163,969000000.0,478000000.0,667000000.0,0.432,1.631,16.646,16.462,33244000000.0,0.0,47.74,2.33,2.33,442000000.0,20320000000.0,3705000000.0,3705000000.0,0.0,,,,,12000000.0,532000000.0,1.0,778593079.0,778593079.0,,4.759,35527000000.0,0.0,2000000.0,0.0,45.63,-6241000000.0
22,CCL,MRQ,2016-03-31,2016-02-29,2016-02-29,2021-09-30,-1943000000.0,38446000000.0,,1860000000.0,36586000000.0,,28.488,-330000000.0,778000000.0,778000000.0,2243000000.0,142000000.0,0.279,0.699,9068000000.0,1078000000.0,7990000000.0,9068000000.0,0.0,423000000.0,3335000000.0,0.024,0.3,195000000.0,618000000.0,0.169,618000000.0,195000000.0,143000000.0,0.18,0.18,0.18,22625000000.0,,22625000000.0,45481868162.0,22.0,12.128,468000000.0,0.589,1.0,1408000000.0,0.386,4274000000.0,52000000.0,35798000000.0,,333000000.0,0.0,0.0,0.0,15821000000.0,6664000000.0,9157000000.0,38089868162.0,-617000000.0,0.0,-876000000.0,162000000.0,-232000000.0,-947000000.0,-459000000.0,0.0,798000000.0,-9000000.0,142000000.0,142000000.0,142000000.0,0.0,0.0,0.039,974000000.0,434000000.0,619000000.0,1.667,1.684,20.589,20.151,31677000000.0,0.0,47.96,2.405,2.405,423000000.0,19976000000.0,3651000000.0,3651000000.0,0.0,,,,,16000000.0,551000000.0,1.0,794200754.0,794200754.0,,4.597,34172000000.0,0.0,1000000.0,0.0,43.027,-4804000000.0
23,CCL,MRQ,2015-12-31,2015-11-30,2015-11-30,2021-09-30,-1741000000.0,39237000000.0,,2451000000.0,36786000000.0,,29.472,-615000000.0,1395000000.0,1395000000.0,2218000000.0,270000000.0,0.352,0.651,8787000000.0,1374000000.0,7413000000.0,8787000000.0,0.0,420000000.0,3272000000.0,0.022,0.3,321000000.0,741000000.0,0.2,741000000.0,321000000.0,271000000.0,0.35,0.35,0.35,23771000000.0,,23771000000.0,48076752290.0,24.0,13.201,363000000.0,0.45,1.0,1493000000.0,0.402,4318000000.0,50000000.0,35355000000.0,,330000000.0,0.0,0.0,0.0,15466000000.0,6956000000.0,8510000000.0,40755752290.0,856000000.0,0.0,-270000000.0,1095000000.0,-232000000.0,567000000.0,-673000000.0,0.0,978000000.0,-16000000.0,270000000.0,270000000.0,270000000.0,0.0,0.0,0.073,983000000.0,510000000.0,627000000.0,0.857,1.715,23.196,22.358,31818000000.0,0.0,50.53,2.594,2.594,303000000.0,20060000000.0,3711000000.0,3711000000.0,0.0,,,,,17000000.0,563000000.0,1.0,806565452.0,806565452.0,,4.601,34919000000.0,0.0,1000000.0,0.0,43.293,-4505000000.0
24,CCL,MRQ,2015-09-30,2015-08-31,2015-08-31,2021-09-30,-1378000000.0,38797000000.0,,1617000000.0,37180000000.0,,30.08,-323000000.0,539000000.0,539000000.0,2490000000.0,1216000000.0,0.24,0.593,7860000000.0,1256000000.0,6604000000.0,7860000000.0,0.0,399000000.0,3314000000.0,0.021,0.3,1303000000.0,1702000000.0,0.349,1702000000.0,1303000000.0,1250000000.0,1.56,1.56,1.56,24353000000.0,,24353000000.0,47828141358.0,29.0,14.546,958000000.0,1.183,1.0,2393000000.0,0.49,4299000000.0,53000000.0,35070000000.0,,305000000.0,0.0,0.0,0.0,14444000000.0,6749000000.0,7695000000.0,39857141358.0,241000000.0,0.0,1000000.0,-456000000.0,-196000000.0,-648000000.0,-378000000.0,0.0,1281000000.0,-14000000.0,1216000000.0,1216000000.0,1216000000.0,0.0,0.0,0.249,883000000.0,1510000000.0,578000000.0,0.192,1.637,28.799,27.657,32232000000.0,0.0,49.23,2.535,2.535,452000000.0,20023000000.0,4883000000.0,4883000000.0,0.0,,,,,13000000.0,484000000.0,1.0,809610834.0,809610834.0,,6.031,34498000000.0,0.0,34000000.0,0.0,42.611,-5132000000.0
25,CCL,MRQ,2015-06-30,2015-05-31,2015-05-31,2021-09-30,-1479000000.0,38611000000.0,,1479000000.0,37132000000.0,,28.722,-414000000.0,298000000.0,298000000.0,2404000000.0,222000000.0,0.193,0.661,8269000000.0,1621000000.0,6648000000.0,8269000000.0,0.0,406000000.0,3907000000.0,0.022,0.25,283000000.0,689000000.0,0.192,689000000.0,283000000.0,226000000.0,0.29,0.29,0.29,23252000000.0,,23252000000.0,46365287862.0,28.0,14.008,1101000000.0,1.36,1.0,1186000000.0,0.33,4288000000.0,57000000.0,34611000000.0,,327000000.0,0.0,0.0,0.0,15359000000.0,7683000000.0,7676000000.0,37506287862.0,18000000.0,0.0,0.0,-815000000.0,-194000000.0,-1012000000.0,-453000000.0,0.0,1515000000.0,-32000000.0,222000000.0,222000000.0,222000000.0,0.0,0.0,0.062,897000000.0,289000000.0,637000000.0,0.862,1.613,26.619,25.456,32179000000.0,0.0,46.33,2.376,2.376,556000000.0,19041000000.0,3590000000.0,3590000000.0,0.0,,,,,14000000.0,491000000.0,1.0,809546468.0,809546468.0,,4.435,34323000000.0,0.0,4000000.0,0.0,42.398,-6204000000.0
26,CCL,MRQ,2015-03-31,2015-02-28,2015-02-28,2021-09-30,-1339000000.0,38714000000.0,,1426000000.0,37288000000.0,,28.872,-942000000.0,280000000.0,280000000.0,2335000000.0,49000000.0,0.192,0.658,9139000000.0,2195000000.0,6944000000.0,9139000000.0,0.0,401000000.0,3147000000.0,0.023,0.25,109000000.0,510000000.0,0.144,510000000.0,109000000.0,52000000.0,0.06,0.06,0.06,23350000000.0,,23350000000.0,44333501985.0,28.0,13.846,-171000000.0,-0.211,1.0,1196000000.0,0.339,4307000000.0,57000000.0,35854000000.0,,332000000.0,0.0,0.0,0.0,15364000000.0,7412000000.0,7952000000.0,35576501985.0,-51000000.0,0.0,0.0,346000000.0,-194000000.0,151000000.0,-974000000.0,0.0,771000000.0,1000000.0,49000000.0,49000000.0,49000000.0,0.0,0.0,0.014,930000000.0,266000000.0,594000000.0,4.167,1.524,27.686,26.5,32294000000.0,0.0,43.99,2.247,2.247,492000000.0,19013000000.0,3531000000.0,3531000000.0,0.0,,,,,11000000.0,529000000.0,1.0,808740668.0,808740668.0,,4.366,34407000000.0,0.0,3000000.0,0.0,42.544,-5986000000.0
27,CCL,MRQ,2014-12-31,2014-11-30,2014-11-30,2021-09-30,-616000000.0,39448000000.0,,1488000000.0,37960000000.0,,29.931,-906000000.0,331000000.0,331000000.0,2498000000.0,-103000000.0,0.215,0.63,9088000000.0,1725000000.0,7363000000.0,9088000000.0,0.0,408000000.0,3032000000.0,0.023,0.25,-21000000.0,387000000.0,0.104,387000000.0,-21000000.0,-96000000.0,-0.13,-0.14,-0.13,24204000000.0,,24204000000.0,44141689544.0,29.0,14.013,-269000000.0,-0.333,1.0,1221000000.0,0.328,4397000000.0,75000000.0,36887000000.0,,349000000.0,0.0,0.0,0.0,15244000000.0,6921000000.0,8323000000.0,35710689544.0,-105000000.0,0.0,0.0,366000000.0,-194000000.0,160000000.0,-890000000.0,0.0,637000000.0,-12000000.0,-103000000.0,-103000000.0,-103000000.0,0.0,0.0,-0.028,955000000.0,266000000.0,626000000.0,-1.923,1.475,29.367,28.127,32819000000.0,0.0,44.16,2.248,2.248,486000000.0,19158000000.0,3719000000.0,3719000000.0,0.0,,,,,15000000.0,547000000.0,1.0,808665977.0,808665977.0,,4.599,35051000000.0,0.0,7000000.0,0.0,43.344,-5433000000.0
28,CCL,MRQ,2014-09-30,2014-08-31,2014-08-31,2021-09-30,-28000000.0,39997000000.0,,1602000000.0,38395000000.0,,31.12,-348000000.0,436000000.0,436000000.0,2760000000.0,1241000000.0,0.227,0.59,8867000000.0,1900000000.0,6967000000.0,8867000000.0,0.0,414000000.0,3130000000.0,0.026,0.25,1310000000.0,1724000000.0,0.348,1724000000.0,1310000000.0,1241000000.0,1.6,1.6,1.6,25157000000.0,,25157000000.0,39714232386.0,24.0,12.097,772000000.0,0.955,1.0,2187000000.0,0.442,4491000000.0,69000000.0,36881000000.0,,358000000.0,0.0,0.0,0.0,14840000000.0,7056000000.0,7784000000.0,30621232386.0,93000000.0,0.0,0.0,-465000000.0,-194000000.0,-669000000.0,-349000000.0,0.0,1120000000.0,-9000000.0,1241000000.0,1241000000.0,1241000000.0,0.0,0.0,0.251,895000000.0,1292000000.0,610000000.0,0.156,1.217,22.483,21.646,33073000000.0,0.0,37.88,1.935,1.935,478000000.0,19538000000.0,4947000000.0,4947000000.0,0.0,,,,,11000000.0,481000000.0,1.0,808374667.0,808374667.0,,6.12,35506000000.0,0.0,0.0,0.0,43.923,-5454000000.0
29,CCL,MRQ,2014-06-30,2014-05-31,2014-05-31,2021-09-30,243000000.0,40526000000.0,,1625000000.0,38901000000.0,,30.142,-934000000.0,343000000.0,343000000.0,2572000000.0,98000000.0,0.22,0.663,9436000000.0,1556000000.0,7880000000.0,9436000000.0,0.0,410000000.0,3698000000.0,0.025,0.25,171000000.0,581000000.0,0.16,581000000.0,171000000.0,99000000.0,0.13,0.13,0.13,24365000000.0,,24365000000.0,41546702449.0,31.0,13.961,262000000.0,0.324,1.0,1061000000.0,0.292,4524000000.0,72000000.0,37694000000.0,,383000000.0,0.0,0.0,0.0,16161000000.0,7401000000.0,8760000000.0,32357702449.0,-78000000.0,0.0,0.0,-156000000.0,-194000000.0,-357000000.0,-919000000.0,0.0,1196000000.0,2000000.0,98000000.0,98000000.0,98000000.0,0.0,0.0,0.027,914000000.0,147000000.0,627000000.0,1.923,1.328,30.671,29.652,33515000000.0,0.0,40.03,2.074,2.074,587000000.0,18485000000.0,3633000000.0,3633000000.0,0.0,,,,,13000000.0,504000000.0,1.0,808336309.0,808336309.0,,4.494,36002000000.0,0.0,1000000.0,0.0,44.538,-5776000000.0
30,CCL,MRQ,2014-03-31,2014-02-28,2014-02-28,2021-09-30,273000000.0,39905000000.0,,1645000000.0,38260000000.0,,30.286,-353000000.0,421000000.0,421000000.0,2592000000.0,-20000000.0,0.246,0.631,9610000000.0,1618000000.0,7992000000.0,9610000000.0,0.0,405000000.0,3080000000.0,0.025,0.25,53000000.0,458000000.0,0.128,458000000.0,53000000.0,-19000000.0,-0.03,-0.03,-0.03,24470000000.0,,24470000000.0,41141396785.0,32.0,14.162,124000000.0,0.153,1.0,993000000.0,0.277,4522000000.0,72000000.0,37884000000.0,,381000000.0,0.0,0.0,0.0,15435000000.0,6688000000.0,8747000000.0,32043396785.0,-41000000.0,0.0,0.0,32000000.0,-194000000.0,-162000000.0,-349000000.0,0.0,477000000.0,-7000000.0,-20000000.0,-20000000.0,-20000000.0,0.0,0.0,-0.006,926000000.0,67000000.0,554000000.0,-8.333,1.309,32.108,31.228,32991000000.0,0.0,39.66,2.074,2.074,527000000.0,18573000000.0,3585000000.0,3585000000.0,0.0,,,,,13000000.0,521000000.0,1.0,807952516.0,807952516.0,,4.437,35383000000.0,0.0,1000000.0,0.0,43.793,-5043000000.0
31,CCL,MRQ,2013-12-31,2013-11-30,2013-11-30,2021-09-30,161000000.0,40104000000.0,,1937000000.0,38167000000.0,,30.406,-337000000.0,462000000.0,462000000.0,2642000000.0,43000000.0,0.288,0.633,9560000000.0,1468000000.0,8092000000.0,9560000000.0,0.0,404000000.0,3031000000.0,0.042,0.25,116000000.0,520000000.0,0.142,520000000.0,116000000.0,34000000.0,0.05,0.06,0.05,24556000000.0,,24556000000.0,38200037123.0,28.0,12.914,138000000.0,0.171,1.0,1016000000.0,0.278,4502000000.0,82000000.0,37980000000.0,,374000000.0,0.0,0.0,0.0,15548000000.0,6720000000.0,8828000000.0,29163037123.0,-519000000.0,0.0,0.0,-558000000.0,-194000000.0,-751000000.0,-249000000.0,0.0,475000000.0,6000000.0,43000000.0,43000000.0,43000000.0,0.0,0.0,0.012,936000000.0,80000000.0,639000000.0,5.0,1.188,27.643,26.551,32905000000.0,0.0,36.11,1.887,1.887,786000000.0,18782000000.0,3658000000.0,3658000000.0,0.0,,,,,10000000.0,532000000.0,1.0,807616647.0,807616647.0,,4.529,35602000000.0,0.0,-9000000.0,0.0,44.083,-4783000000.0
32,CCL,MRQ,2013-09-30,2013-08-31,2013-08-31,2021-09-30,-251000000.0,40393000000.0,,2634000000.0,37759000000.0,,30.059,-365000000.0,981000000.0,981000000.0,2917000000.0,934000000.0,0.352,0.665,10018000000.0,2226000000.0,7792000000.0,10018000000.0,0.0,406000000.0,2980000000.0,0.042,0.25,1011000000.0,1417000000.0,0.3,1417000000.0,1011000000.0,935000000.0,1.2,1.2,1.2,24260000000.0,,24260000000.0,38278426506.0,27.0,12.759,438000000.0,0.543,1.0,1809000000.0,0.383,4438000000.0,76000000.0,37504000000.0,,388000000.0,0.0,0.0,0.0,16133000000.0,7488000000.0,8645000000.0,29127426506.0,270000000.0,0.0,0.0,71000000.0,-193000000.0,-113000000.0,-434000000.0,0.0,803000000.0,14000000.0,934000000.0,934000000.0,934000000.0,0.0,0.0,0.198,858000000.0,951000000.0,601000000.0,0.208,1.201,26.36,25.415,32498000000.0,0.0,36.09,1.894,1.894,894000000.0,18911000000.0,4726000000.0,4726000000.0,0.0,,,,,8000000.0,439000000.0,1.0,807077487.0,807077487.0,,5.856,35955000000.0,0.0,1000000.0,0.0,44.55,-4854000000.0
33,CCL,MRQ,2013-06-30,2013-05-31,2013-05-31,2021-09-30,-473000000.0,39979000000.0,,2324000000.0,37655000000.0,,28.83,-1206000000.0,711000000.0,711000000.0,2487000000.0,41000000.0,0.289,0.717,9862000000.0,2014000000.0,7848000000.0,9862000000.0,0.0,391000000.0,3626000000.0,0.045,0.25,119000000.0,510000000.0,0.147,510000000.0,119000000.0,41000000.0,0.05,0.05,0.05,23280000000.0,,23280000000.0,35639034718.0,19.0,10.525,-49000000.0,-0.061,1.0,992000000.0,0.285,4432000000.0,78000000.0,36643000000.0,,381000000.0,0.0,0.0,0.0,16699000000.0,8055000000.0,8644000000.0,26728034718.0,235000000.0,0.0,-25000000.0,511000000.0,-195000000.0,287000000.0,-1206000000.0,0.0,1157000000.0,-3000000.0,41000000.0,41000000.0,41000000.0,0.0,0.0,0.012,840000000.0,152000000.0,627000000.0,5.0,1.148,17.807,17.15,32481000000.0,0.0,33.1,1.743,1.743,1045000000.0,18170000000.0,3479000000.0,3479000000.0,0.0,,,,,6000000.0,449000000.0,1.0,807493496.0,807493496.0,,4.308,35547000000.0,0.0,0.0,0.0,44.021,-5731000000.0
34,CCL,MRQ,2013-03-31,2013-02-28,2013-02-28,2021-09-30,-399000000.0,38675000000.0,,1792000000.0,36883000000.0,,29.121,-171000000.0,476000000.0,476000000.0,2599000000.0,37000000.0,0.264,0.644,9387000000.0,1765000000.0,7622000000.0,9387000000.0,0.0,389000000.0,3015000000.0,0.042,0.75,122000000.0,511000000.0,0.142,511000000.0,122000000.0,39000000.0,0.05,0.05,0.05,23523000000.0,,23523000000.0,37331168910.0,21.0,11.134,228000000.0,0.282,1.0,994000000.0,0.277,4446000000.0,83000000.0,36358000000.0,,383000000.0,0.0,0.0,0.0,15152000000.0,6782000000.0,8370000000.0,28894168910.0,11000000.0,0.0,-78000000.0,455000000.0,-582000000.0,-203000000.0,-167000000.0,0.0,399000000.0,-18000000.0,37000000.0,37000000.0,37000000.0,0.0,0.0,0.01,849000000.0,145000000.0,570000000.0,15.0,1.228,19.603,18.826,31726000000.0,0.0,35.77,1.877,1.877,737000000.0,18322000000.0,3593000000.0,3593000000.0,0.0,,,,,18000000.0,460000000.0,1.0,807776598.0,807776598.0,,4.448,34229000000.0,0.0,2000000.0,0.0,42.374,-4990000000.0
35,CCL,MRQ,2012-12-31,2012-11-30,2012-11-30,2021-09-30,-207000000.0,39161000000.0,,1821000000.0,37340000000.0,,29.555,-168000000.0,465000000.0,465000000.0,2551000000.0,93000000.0,0.248,0.637,8902000000.0,1734000000.0,7168000000.0,8902000000.0,0.0,392000000.0,3076000000.0,0.026,0.25,170000000.0,562000000.0,0.157,562000000.0,170000000.0,93000000.0,0.12,0.12,0.12,23929000000.0,,23929000000.0,39784873264.0,24.0,12.57,355000000.0,0.438,1.0,1027000000.0,0.287,4488000000.0,77000000.0,35770000000.0,,390000000.0,0.0,0.0,0.0,15232000000.0,7340000000.0,7892000000.0,31300873264.0,-103000000.0,0.0,-21000000.0,-253000000.0,-195000000.0,-453000000.0,-172000000.0,0.0,523000000.0,-1000000.0,93000000.0,93000000.0,93000000.0,0.0,0.0,0.026,851000000.0,176000000.0,549000000.0,2.083,1.308,24.115,23.15,32137000000.0,0.0,38.66,2.035,2.035,730000000.0,18479000000.0,3578000000.0,3578000000.0,0.0,,,,,9000000.0,459000000.0,1.0,809644937.0,809644937.0,,4.419,34673000000.0,0.0,0.0,0.0,42.825,-5519000000.0
36,CCL,MRQ,2012-09-30,2012-08-31,2012-08-31,2021-09-30,-434000000.0,39082000000.0,,1941000000.0,37141000000.0,,29.817,-167000000.0,568000000.0,568000000.0,2597000000.0,1330000000.0,0.327,0.615,9052000000.0,763000000.0,8289000000.0,9052000000.0,0.0,383000000.0,3078000000.0,0.029,0.25,1420000000.0,1803000000.0,0.385,1803000000.0,1420000000.0,1336000000.0,1.71,1.71,1.71,24193000000.0,,24193000000.0,37238821986.0,21.0,11.322,851000000.0,1.049,1.0,2087000000.0,0.446,4453000000.0,84000000.0,37177000000.0,,364000000.0,0.0,0.0,0.0,14889000000.0,5936000000.0,8953000000.0,28138821986.0,-332000000.0,0.0,-69000000.0,-958000000.0,-196000000.0,-1220000000.0,-144000000.0,0.0,1018000000.0,14000000.0,1330000000.0,1330000000.0,1330000000.0,0.0,0.0,0.284,792000000.0,1295000000.0,561000000.0,0.146,1.163,19.788,18.848,31972000000.0,0.0,34.68,1.815,1.815,788000000.0,18969000000.0,4684000000.0,4684000000.0,0.0,,,,,8000000.0,409000000.0,1.0,811384717.0,811384717.0,,5.773,34629000000.0,0.0,6000000.0,0.0,42.679,-3995000000.0
37,CCL,MRQ,2012-06-30,2012-05-31,2012-05-31,2021-09-30,-521000000.0,39462000000.0,,2169000000.0,37293000000.0,,28.378,-1730000000.0,900000000.0,900000000.0,2478000000.0,14000000.0,0.299,0.714,10000000000.0,1608000000.0,8392000000.0,10000000000.0,0.0,376000000.0,3634000000.0,0.031,0.25,101000000.0,477000000.0,0.135,477000000.0,101000000.0,14000000.0,0.02,0.02,0.02,23026000000.0,,23026000000.0,35093993574.0,20.0,10.59,-594000000.0,-0.732,1.0,1060000000.0,0.3,4437000000.0,87000000.0,36863000000.0,,377000000.0,0.0,0.0,0.0,16436000000.0,7262000000.0,9174000000.0,26037993574.0,429000000.0,0.0,0.0,736000000.0,-194000000.0,533000000.0,-1208000000.0,0.0,1136000000.0,-32000000.0,14000000.0,14000000.0,14000000.0,0.0,0.0,0.004,807000000.0,253000000.0,532000000.0,12.5,1.131,18.221,17.632,32133000000.0,0.0,32.09,1.64,1.64,689000000.0,17835000000.0,3538000000.0,3538000000.0,0.0,,,,,8000000.0,431000000.0,1.0,811405222.0,811405222.0,,4.36,35025000000.0,0.0,0.0,0.0,43.166,-5093000000.0
38,CCL,MRQ,2012-03-31,2012-02-29,2012-02-29,2021-09-30,-67000000.0,38963000000.0,,2173000000.0,36790000000.0,,29.164,-221000000.0,471000000.0,471000000.0,2694000000.0,-139000000.0,0.332,0.647,9527000000.0,1563000000.0,7964000000.0,9527000000.0,0.0,376000000.0,3046000000.0,0.033,0.25,-53000000.0,323000000.0,0.09,323000000.0,-53000000.0,-141000000.0,-0.18,-0.18,-0.18,23653000000.0,,23653000000.0,33469199263.0,17.0,9.53,101000000.0,0.125,1.0,888000000.0,0.248,4507000000.0,88000000.0,36968000000.0,,381000000.0,0.0,0.0,0.0,15310000000.0,6544000000.0,8766000000.0,24566199263.0,21000000.0,0.0,0.0,145000000.0,-194000000.0,-50000000.0,-248000000.0,0.0,322000000.0,-3000000.0,-139000000.0,-139000000.0,-139000000.0,0.0,0.0,-0.039,970000000.0,-82000000.0,517000000.0,-1.389,1.039,15.155,14.704,31475000000.0,0.0,30.29,1.54,1.54,1137000000.0,18015000000.0,3582000000.0,3582000000.0,0.0,,,,,14000000.0,421000000.0,1.0,811033320.0,811033320.0,,4.417,34456000000.0,0.0,-2000000.0,0.0,42.484,-4371000000.0
39,CCL,MRQ,2011-12-31,2011-11-30,2011-11-30,2021-09-30,-209000000.0,38637000000.0,,1312000000.0,37325000000.0,,29.418,-261000000.0,450000000.0,450000000.0,2569000000.0,217000000.0,0.215,0.621,9353000000.0,1300000000.0,8053000000.0,9353000000.0,0.0,385000000.0,3106000000.0,0.03,0.25,301000000.0,686000000.0,0.186,686000000.0,301000000.0,209000000.0,0.29,0.28,0.29,23832000000.0,,23832000000.0,36287851598.0,16.0,9.552,489000000.0,0.604,1.0,1128000000.0,0.305,4652000000.0,92000000.0,36783000000.0,,374000000.0,0.0,0.0,0.0,14805000000.0,6105000000.0,8700000000.0,26895851598.0,20000000.0,0.0,-166000000.0,-130000000.0,-197000000.0,-485000000.0,-236000000.0,0.0,750000000.0,-9000000.0,217000000.0,217000000.0,217000000.0,0.0,0.0,0.059,820000000.0,308000000.0,576000000.0,0.862,1.129,14.067,13.663,32054000000.0,0.0,33.2,1.703,1.703,293000000.0,18349000000.0,3697000000.0,3697000000.0,0.0,,,,,7000000.0,435000000.0,1.0,810116012.0,810116012.0,,4.564,33985000000.0,0.0,-8000000.0,0.0,41.951,-4793000000.0
40,CCL,MRQ,2011-09-30,2011-08-31,2011-08-31,2021-09-30,585000000.0,40026000000.0,,1397000000.0,38629000000.0,,30.074,-813000000.0,430000000.0,430000000.0,2814000000.0,1337000000.0,0.203,0.617,9822000000.0,2108000000.0,7714000000.0,9822000000.0,0.0,390000000.0,3141000000.0,0.026,0.25,1438000000.0,1828000000.0,0.361,1828000000.0,1438000000.0,1342000000.0,1.69,1.69,1.69,24752000000.0,,24752000000.0,36469761592.0,16.0,9.527,402000000.0,0.488,1.0,2244000000.0,0.444,4826000000.0,96000000.0,37711000000.0,,366000000.0,0.0,0.0,0.0,15274000000.0,6881000000.0,8393000000.0,27184761592.0,-127000000.0,0.0,-288000000.0,-65000000.0,-197000000.0,-549000000.0,-785000000.0,0.0,1215000000.0,-8000000.0,1337000000.0,1337000000.0,1337000000.0,0.0,0.0,0.264,811000000.0,1433000000.0,548000000.0,0.148,1.098,13.991,13.482,33243000000.0,0.0,33.03,1.743,1.743,353000000.0,18319000000.0,5058000000.0,5058000000.0,0.0,,,,,10000000.0,421000000.0,1.0,823032443.0,823032443.0,,6.146,35200000000.0,0.0,5000000.0,0.0,42.769,-5484000000.0
41,CCL,MRQ,2011-06-30,2011-05-31,2011-05-31,2021-09-30,542000000.0,39763000000.0,,1499000000.0,38264000000.0,,28.983,-1450000000.0,557000000.0,557000000.0,2521000000.0,206000000.0,0.23,0.667,9842000000.0,1164000000.0,8678000000.0,9842000000.0,0.0,380000000.0,3668000000.0,0.018,0.25,295000000.0,675000000.0,0.186,675000000.0,295000000.0,204000000.0,0.26,0.26,0.26,23852000000.0,,23852000000.0,40779022490.0,18.0,10.851,-61000000.0,-0.074,1.0,1099000000.0,0.304,4820000000.0,91000000.0,37707000000.0,,365000000.0,0.0,0.0,0.0,15911000000.0,6521000000.0,9390000000.0,31939022490.0,92000000.0,0.0,0.0,397000000.0,-198000000.0,171000000.0,-1467000000.0,0.0,1389000000.0,-1000000.0,206000000.0,206000000.0,206000000.0,0.0,0.0,0.057,820000000.0,279000000.0,552000000.0,0.962,1.339,16.731,16.104,32822000000.0,0.0,38.81,2.12,2.12,360000000.0,17186000000.0,3620000000.0,3620000000.0,0.0,,,,,12000000.0,440000000.0,1.0,822958580.0,822958580.0,,4.399,34943000000.0,0.0,-2000000.0,0.0,42.46,-5022000000.0
42,CCL,MRQ,2011-03-31,2011-02-28,2011-02-28,2021-09-30,141000000.0,37965000000.0,,1365000000.0,36600000000.0,,28.501,-172000000.0,465000000.0,465000000.0,2395000000.0,152000000.0,0.227,0.62,9305000000.0,1490000000.0,7815000000.0,9305000000.0,0.0,367000000.0,2882000000.0,0.013,0.25,243000000.0,610000000.0,0.178,610000000.0,243000000.0,157000000.0,0.19,0.19,0.19,23435000000.0,,23435000000.0,44020528171.0,19.0,11.639,240000000.0,0.292,1.0,1024000000.0,0.3,4708000000.0,86000000.0,36088000000.0,,343000000.0,0.0,0.0,0.0,14530000000.0,6009000000.0,8521000000.0,35085528171.0,36000000.0,0.0,0.0,-198000000.0,-79000000.0,-230000000.0,-158000000.0,0.0,412000000.0,12000000.0,152000000.0,152000000.0,152000000.0,0.0,0.0,0.044,789000000.0,235000000.0,516000000.0,1.316,1.497,17.947,17.275,31225000000.0,0.0,42.67,2.385,2.385,308000000.0,17178000000.0,3419000000.0,3419000000.0,0.0,,,,,17000000.0,422000000.0,1.0,822252828.0,822252828.0,,4.158,33257000000.0,0.0,5000000.0,0.0,40.446,-4644000000.0
43,CCL,MRQ,2010-12-31,2010-11-30,2010-11-30,2021-09-30,-254000000.0,37490000000.0,,1244000000.0,36246000000.0,,28.077,-741000000.0,429000000.0,429000000.0,2356000000.0,248000000.0,0.216,0.628,9364000000.0,1353000000.0,8011000000.0,9364000000.0,0.0,367000000.0,2805000000.0,0.01,0.1,348000000.0,715000000.0,0.204,715000000.0,348000000.0,255000000.0,0.31,0.31,0.31,23031000000.0,,23031000000.0,42570377453.0,18.0,11.283,-7000000.0,-0.009,1.0,1141000000.0,0.326,4640000000.0,93000000.0,36030000000.0,,320000000.0,0.0,0.0,0.0,14459000000.0,5755000000.0,8704000000.0,33885377453.0,-98000000.0,0.0,1000000.0,35000000.0,-79000000.0,-77000000.0,-765000000.0,0.0,734000000.0,10000000.0,248000000.0,248000000.0,248000000.0,0.0,0.0,0.071,800000000.0,341000000.0,503000000.0,0.323,1.471,17.131,16.458,30967000000.0,0.0,41.31,2.342,2.342,248000000.0,17224000000.0,3497000000.0,3497000000.0,0.0,,,,,10000000.0,433000000.0,1.0,820270575.0,820270575.0,,4.263,32850000000.0,0.0,7000000.0,0.0,40.048,-4511000000.0
44,CCL,MRQ,2010-09-30,2010-08-31,2010-08-31,2021-09-30,-545000000.0,36847000000.0,,1445000000.0,35402000000.0,,27.358,-670000000.0,527000000.0,527000000.0,2389000000.0,1303000000.0,0.246,0.631,9212000000.0,1568000000.0,7644000000.0,9212000000.0,0.0,355000000.0,2776000000.0,0.01,0.1,1403000000.0,1758000000.0,0.388,1758000000.0,1403000000.0,1313000000.0,1.65,1.62,1.65,22595000000.0,,22595000000.0,34917229216.0,15.0,9.429,620000000.0,0.751,1.0,2138000000.0,0.472,4597000000.0,90000000.0,35059000000.0,,291000000.0,0.0,0.0,0.0,14252000000.0,5876000000.0,8376000000.0,25751229216.0,-67000000.0,0.0,8000000.0,-705000000.0,-79000000.0,-752000000.0,-642000000.0,0.0,1290000000.0,37000000.0,1303000000.0,1303000000.0,1303000000.0,0.0,0.0,0.288,736000000.0,1402000000.0,541000000.0,0.061,1.14,13.391,12.831,30162000000.0,0.0,31.18,1.778,1.778,388000000.0,17055000000.0,4527000000.0,4527000000.0,0.0,,,,,10000000.0,381000000.0,1.0,825889327.0,825889327.0,,5.481,32250000000.0,0.0,10000000.0,0.0,39.049,-4431000000.0
45,CCL,MRQ,2010-06-30,2010-05-31,2010-05-31,2021-09-30,-1029000000.0,36029000000.0,,1586000000.0,34443000000.0,,25.075,-999000000.0,594000000.0,594000000.0,2165000000.0,252000000.0,0.235,0.727,9760000000.0,2079000000.0,7681000000.0,9760000000.0,0.0,349000000.0,3208000000.0,0.006,0.1,350000000.0,699000000.0,0.214,699000000.0,350000000.0,251000000.0,0.32,0.32,0.32,20864000000.0,,20864000000.0,40037529670.0,19.0,11.528,399000000.0,0.48,1.0,1102000000.0,0.337,4503000000.0,99000000.0,33929000000.0,,297000000.0,0.0,0.0,0.0,15165000000.0,6763000000.0,8402000000.0,30145529670.0,-159000000.0,0.0,9000000.0,-492000000.0,-79000000.0,-551000000.0,-978000000.0,0.0,1398000000.0,-28000000.0,252000000.0,252000000.0,252000000.0,0.0,0.0,0.077,753000000.0,349000000.0,548000000.0,0.312,1.445,17.806,16.93,29317000000.0,0.0,36.23,2.139,2.139,455000000.0,15830000000.0,3267000000.0,3267000000.0,0.0,,,,,8000000.0,404000000.0,1.0,832059886.0,832059886.0,,3.926,31526000000.0,0.0,-1000000.0,0.0,37.889,-5177000000.0
46,CCL,MRQ,2010-03-31,2010-02-28,2010-02-28,2021-09-30,-273000000.0,36732000000.0,,1745000000.0,34987000000.0,,25.698,-1169000000.0,753000000.0,753000000.0,2182000000.0,175000000.0,0.308,0.715,10645000000.0,1712000000.0,8933000000.0,10645000000.0,0.0,345000000.0,2515000000.0,0.003,0.1,256000000.0,601000000.0,0.189,601000000.0,256000000.0,160000000.0,0.22,0.22,0.22,21419000000.0,,21419000000.0,39481103303.0,19.0,11.44,-773000000.0,-0.927,1.0,996000000.0,0.313,4642000000.0,96000000.0,36315000000.0,,321000000.0,0.0,0.0,0.0,15313000000.0,5667000000.0,9646000000.0,29972103303.0,215000000.0,0.0,3000000.0,970000000.0,0.0,976000000.0,-1116000000.0,0.0,396000000.0,-41000000.0,175000000.0,175000000.0,175000000.0,0.0,0.0,0.055,741000000.0,255000000.0,528000000.0,0.455,1.399,17.579,16.648,29702000000.0,0.0,35.96,2.176,2.176,392000000.0,15657000000.0,3178000000.0,3178000000.0,0.0,,,,,15000000.0,396000000.0,1.0,833484519.0,833484519.0,,3.813,32090000000.0,0.0,-15000000.0,0.0,38.501,-3922000000.0
47,CCL,MRQ,2009-12-31,2009-11-30,2009-11-30,2021-09-30,462000000.0,36835000000.0,,1518000000.0,35317000000.0,,26.31,-978000000.0,538000000.0,538000000.0,2446000000.0,193000000.0,0.306,0.671,10047000000.0,950000000.0,9097000000.0,10047000000.0,0.0,345000000.0,2575000000.0,0.0,0.0,300000000.0,645000000.0,0.184,645000000.0,300000000.0,201000000.0,0.24,0.24,0.24,22039000000.0,,22039000000.0,35968762440.0,16.0,10.291,-266000000.0,-0.318,1.0,1063000000.0,0.303,4797000000.0,99000000.0,36580000000.0,,320000000.0,0.0,0.0,0.0,14796000000.0,4967000000.0,9829000000.0,26830762440.0,-438000000.0,0.0,7000000.0,-216000000.0,0.0,-216000000.0,-930000000.0,0.0,712000000.0,-4000000.0,193000000.0,193000000.0,193000000.0,0.0,0.0,0.055,769000000.0,294000000.0,568000000.0,0.0,1.217,14.989,14.11,29870000000.0,0.0,32.03,1.993,1.993,362000000.0,15561000000.0,3509000000.0,3509000000.0,0.0,,,,,9000000.0,424000000.0,1.0,837676005.0,837676005.0,,4.189,32038000000.0,0.0,8000000.0,0.0,38.246,-3449000000.0
48,CCL,MRQ,2009-09-30,2009-08-31,2009-08-31,2021-09-30,199000000.0,36359000000.0,,2098000000.0,34261000000.0,,25.687,-446000000.0,976000000.0,976000000.0,2226000000.0,1073000000.0,0.363,0.686,10114000000.0,1741000000.0,8373000000.0,10114000000.0,0.0,336000000.0,2536000000.0,0.014,0.0,1192000000.0,1528000000.0,0.369,1528000000.0,1192000000.0,1097000000.0,1.36,1.33,1.36,21560000000.0,,21560000000.0,34344176164.0,15.0,9.438,743000000.0,0.885,1.0,1913000000.0,0.462,4734000000.0,95000000.0,34988000000.0,,309000000.0,0.0,0.0,0.0,14799000000.0,5775000000.0,9024000000.0,24550176164.0,491000000.0,0.0,0.0,-201000000.0,0.0,-211000000.0,-492000000.0,0.0,1189000000.0,5000000.0,1073000000.0,1073000000.0,1073000000.0,0.0,0.0,0.259,717000000.0,1196000000.0,612000000.0,0.0,1.139,12.513,11.7,28882000000.0,0.0,29.25,1.811,1.811,476000000.0,15577000000.0,4139000000.0,4139000000.0,0.0,,,,,9000000.0,381000000.0,1.0,839322262.0,839322262.0,,4.931,31625000000.0,0.0,24000000.0,0.0,37.679,-3677000000.0
49,CCL,MRQ,2009-06-30,2009-05-31,2009-05-31,2021-09-30,107000000.0,35545000000.0,,1534000000.0,34011000000.0,,24.289,-1650000000.0,485000000.0,485000000.0,1885000000.0,264000000.0,0.249,0.744,10279000000.0,1962000000.0,8317000000.0,10279000000.0,0.0,317000000.0,2852000000.0,0.031,0.0,360000000.0,677000000.0,0.23,677000000.0,360000000.0,270000000.0,0.34,0.33,0.34,20385000000.0,,20385000000.0,30259148851.0,11.0,7.705,-514000000.0,-0.612,1.0,1063000000.0,0.361,4716000000.0,90000000.0,34456000000.0,,308000000.0,0.0,0.0,0.0,15160000000.0,6167000000.0,8993000000.0,21351148851.0,-122000000.0,0.0,0.0,388000000.0,0.0,354000000.0,-1649000000.0,0.0,1136000000.0,37000000.0,264000000.0,264000000.0,264000000.0,0.0,0.0,0.09,710000000.0,353000000.0,543000000.0,0.0,1.047,9.609,8.958,28663000000.0,0.0,25.44,1.501,1.501,424000000.0,14504000000.0,2948000000.0,2948000000.0,0.0,,,,,13000000.0,393000000.0,1.0,839274719.0,839274719.0,,3.513,30829000000.0,0.0,6000000.0,0.0,36.733,-4633000000.0
50,CCL,MRQ,2009-03-31,2009-02-28,2009-02-28,2021-09-30,-847000000.0,32836000000.0,,1559000000.0,31277000000.0,,22.84,-306000000.0,607000000.0,607000000.0,1850000000.0,260000000.0,0.292,0.714,9515000000.0,1825000000.0,7690000000.0,9515000000.0,0.0,311000000.0,2280000000.0,0.061,0.0,334000000.0,645000000.0,0.225,645000000.0,334000000.0,238000000.0,0.33,0.33,0.33,19154000000.0,,19154000000.0,25096494535.0,9.0,6.181,-1000000.0,-0.001,1.0,1014000000.0,0.354,4506000000.0,96000000.0,31898000000.0,,305000000.0,0.0,0.0,0.0,13682000000.0,5340000000.0,8342000000.0,16403494535.0,-43000000.0,0.0,1000000.0,184000000.0,-314000000.0,-20000000.0,-313000000.0,0.0,305000000.0,-15000000.0,260000000.0,260000000.0,260000000.0,0.0,0.0,0.091,703000000.0,311000000.0,496000000.0,0.0,0.856,6.986,6.52,26225000000.0,0.0,19.56,1.119,1.119,402000000.0,14240000000.0,2864000000.0,2864000000.0,0.0,,,,,19000000.0,392000000.0,1.0,838624465.0,838624465.0,,3.415,28330000000.0,0.0,-22000000.0,0.0,33.782,-3781000000.0
51,CCL,MRQ,2008-12-31,2008-11-30,2008-11-30,2021-09-30,-623000000.0,33400000000.0,,1650000000.0,31750000000.0,,22.803,-630000000.0,650000000.0,650000000.0,2433000000.0,365000000.0,0.285,0.749,9343000000.0,1608000000.0,7735000000.0,9343000000.0,0.0,313000000.0,2519000000.0,0.076,0.4,476000000.0,789000000.0,0.219,789000000.0,476000000.0,364000000.0,0.47,0.47,0.47,19098000000.0,,19098000000.0,26324224122.0,9.0,6.516,-118000000.0,-0.141,1.0,1170000000.0,0.325,4560000000.0,112000000.0,31752000000.0,,315000000.0,0.0,0.0,0.0,14302000000.0,5781000000.0,8521000000.0,17588224122.0,-142000000.0,0.0,-83000000.0,269000000.0,-316000000.0,-57000000.0,-541000000.0,0.0,512000000.0,-56000000.0,365000000.0,365000000.0,365000000.0,0.0,0.0,0.101,720000000.0,450000000.0,512000000.0,0.851,0.921,7.568,7.095,26457000000.0,0.0,21.0,1.177,1.177,418000000.0,13980000000.0,3603000000.0,3603000000.0,0.0,,,,,9000000.0,407000000.0,1.0,837534482.0,837534482.0,,4.302,28840000000.0,0.0,-1000000.0,0.0,34.434,-4131000000.0
52,CCL,MRQ,2008-09-30,2008-08-31,2008-08-31,2021-09-30,666000000.0,35278000000.0,,2053000000.0,33225000000.0,,24.266,-1130000000.0,792000000.0,792000000.0,2634000000.0,1333000000.0,0.352,0.736,9528000000.0,1183000000.0,8345000000.0,9528000000.0,0.0,323000000.0,2917000000.0,0.043,0.4,1493000000.0,1816000000.0,0.377,1816000000.0,1493000000.0,1385000000.0,1.7,1.65,1.7,20321000000.0,,20321000000.0,39497105991.0,14.0,9.916,-66000000.0,-0.079,1.0,2180000000.0,0.453,4859000000.0,108000000.0,33326000000.0,,365000000.0,0.0,0.0,0.0,14957000000.0,5829000000.0,9128000000.0,31035105991.0,-196000000.0,0.0,84000000.0,288000000.0,-315000000.0,-34000000.0,-1136000000.0,0.0,1064000000.0,-90000000.0,1333000000.0,1333000000.0,1333000000.0,0.0,0.0,0.277,695000000.0,1485000000.0,505000000.0,0.235,1.527,13.395,12.52,27735000000.0,0.0,37.06,2.145,2.145,642000000.0,13925000000.0,4814000000.0,4814000000.0,0.0,,,,,11000000.0,372000000.0,1.0,837428656.0,837428656.0,,5.749,30419000000.0,0.0,52000000.0,0.0,36.324,-3776000000.0
53,CCL,MRQ,2008-06-30,2008-05-31,2008-05-31,2021-09-30,1306000000.0,35472000000.0,,2179000000.0,33293000000.0,,23.807,-1335000000.0,988000000.0,988000000.0,2159000000.0,390000000.0,0.307,0.78,9450000000.0,1761000000.0,7689000000.0,9450000000.0,0.0,312000000.0,3605000000.0,0.039,0.4,498000000.0,810000000.0,0.24,810000000.0,498000000.0,396000000.0,0.5,0.49,0.5,19930000000.0,,19930000000.0,41760268459.0,15.0,10.554,107000000.0,0.128,1.0,1219000000.0,0.361,5007000000.0,102000000.0,31838000000.0,,349000000.0,0.0,0.0,0.0,15542000000.0,7089000000.0,8453000000.0,33536268459.0,22000000.0,0.0,0.0,188000000.0,-314000000.0,-128000000.0,-1317000000.0,0.0,1442000000.0,25000000.0,390000000.0,390000000.0,390000000.0,0.0,0.0,0.115,737000000.0,482000000.0,454000000.0,0.8,1.683,14.204,13.398,27666000000.0,0.0,40.06,2.4,2.4,542000000.0,12907000000.0,3378000000.0,3378000000.0,0.0,,,,,11000000.0,425000000.0,1.0,837150985.0,837150985.0,,4.035,30465000000.0,0.0,6000000.0,0.0,36.391,-4910000000.0
54,CCL,MRQ,2008-03-31,2008-02-29,2008-02-29,2021-09-30,1219000000.0,34145000000.0,,2023000000.0,32122000000.0,,23.59,-258000000.0,966000000.0,966000000.0,2114000000.0,236000000.0,0.274,0.73,9190000000.0,2919000000.0,6271000000.0,9190000000.0,0.0,301000000.0,2794000000.0,0.038,0.4,324000000.0,625000000.0,0.198,625000000.0,324000000.0,226000000.0,0.3,0.3,0.3,19740000000.0,,19740000000.0,40837333611.0,15.0,10.487,115000000.0,0.137,1.0,1038000000.0,0.329,4982000000.0,98000000.0,29994000000.0,,331000000.0,0.0,0.0,0.0,14405000000.0,7393000000.0,7012000000.0,32928333611.0,23000000.0,0.0,-84000000.0,297000000.0,-316000000.0,-96000000.0,-261000000.0,0.0,373000000.0,7000000.0,236000000.0,236000000.0,236000000.0,0.0,0.0,0.075,726000000.0,312000000.0,477000000.0,1.333,1.668,13.947,13.205,26542000000.0,0.0,39.35,2.44,2.44,434000000.0,12832000000.0,3152000000.0,3152000000.0,0.0,,,,,19000000.0,425000000.0,1.0,836806445.0,836806445.0,,3.767,29163000000.0,0.0,-10000000.0,0.0,34.85,-5370000000.0
55,CCL,MRQ,2007-12-31,2007-11-30,2007-11-30,2021-09-30,1296000000.0,34181000000.0,,1976000000.0,32205000000.0,,23.846,-936000000.0,943000000.0,943000000.0,1985000000.0,358000000.0,0.272,0.712,8852000000.0,2539000000.0,6313000000.0,8852000000.0,0.0,290000000.0,2807000000.0,0.03,0.4,442000000.0,732000000.0,0.234,732000000.0,442000000.0,348000000.0,0.46,0.44,0.46,19963000000.0,,19963000000.0,44942911917.0,16.0,11.548,-79000000.0,-0.094,1.0,1139000000.0,0.365,5003000000.0,94000000.0,29827000000.0,,331000000.0,0.0,0.0,0.0,14218000000.0,7260000000.0,6958000000.0,37772911917.0,-469000000.0,-339000000.0,-263000000.0,23000000.0,-277000000.0,-468000000.0,-898000000.0,300000000.0,857000000.0,40000000.0,358000000.0,358000000.0,358000000.0,0.0,0.0,0.115,716000000.0,423000000.0,561000000.0,0.87,1.892,15.686,14.842,26639000000.0,0.0,45.12,2.898,2.898,436000000.0,12921000000.0,3124000000.0,3124000000.0,0.0,,,,,13000000.0,426000000.0,1.0,837165601.0,837165601.0,,3.732,29178000000.0,0.0,-10000000.0,0.0,34.853,-5284000000.0
56,CCL,MRQ,2007-09-30,2007-08-31,2007-08-31,2021-09-30,885000000.0,33188000000.0,,2722000000.0,30466000000.0,,23.546,-384000000.0,1412000000.0,1412000000.0,2189000000.0,1377000000.0,0.381,0.684,8582000000.0,2847000000.0,5735000000.0,8582000000.0,0.0,279000000.0,2620000000.0,0.027,0.35,1511000000.0,1790000000.0,0.414,1790000000.0,1511000000.0,1416000000.0,1.73,1.67,1.73,19708000000.0,,19708000000.0,45427620257.0,16.0,11.606,737000000.0,0.881,1.0,2132000000.0,0.493,4690000000.0,95000000.0,28521000000.0,,297000000.0,341000000.0,341000000.0,0.0,13480000000.0,7147000000.0,6333000000.0,38159620257.0,-447000000.0,0.0,-103000000.0,-601000000.0,-278000000.0,-982000000.0,-594000000.0,-127000000.0,1121000000.0,8000000.0,1377000000.0,1377000000.0,1377000000.0,0.0,0.0,0.319,642000000.0,1490000000.0,468000000.0,0.202,1.936,15.474,14.659,25134000000.0,0.0,45.59,3.0,3.0,423000000.0,12878000000.0,4321000000.0,4321000000.0,0.0,,,,,19000000.0,363000000.0,1.0,837017334.0,837017334.0,,5.162,28498000000.0,0.0,39000000.0,0.0,34.047,-4425000000.0
57,CCL,MRQ,2007-06-30,2007-05-31,2007-05-31,2021-09-30,772000000.0,33187000000.0,,3019000000.0,30168000000.0,,22.211,-1355000000.0,1859000000.0,1859000000.0,1763000000.0,390000000.0,0.351,0.786,9127000000.0,3702000000.0,5425000000.0,9127000000.0,0.0,272000000.0,3200000000.0,0.023,0.35,475000000.0,747000000.0,0.258,747000000.0,475000000.0,381000000.0,0.49,0.48,0.49,18579000000.0,,18579000000.0,49251342794.0,18.0,13.229,139000000.0,0.166,1.0,1137000000.0,0.392,4659000000.0,94000000.0,27187000000.0,,282000000.0,214000000.0,214000000.0,0.0,14608000000.0,8609000000.0,5999000000.0,42192342794.0,1278000000.0,0.0,11000000.0,1448000000.0,-218000000.0,1237000000.0,-1464000000.0,-110000000.0,1494000000.0,11000000.0,390000000.0,390000000.0,390000000.0,0.0,0.0,0.134,678000000.0,459000000.0,498000000.0,0.714,2.271,18.179,17.215,25019000000.0,0.0,50.44,3.429,3.429,401000000.0,11778000000.0,2900000000.0,2900000000.0,0.0,,,,,13000000.0,406000000.0,1.0,836485781.0,836485781.0,,3.467,28528000000.0,0.0,-9000000.0,0.0,34.105,-5590000000.0
58,CCL,MRQ,2007-03-31,2007-02-28,2007-02-28,2021-09-30,673000000.0,30461000000.0,,1509000000.0,28952000000.0,,21.952,-637000000.0,581000000.0,581000000.0,1691000000.0,283000000.0,0.282,0.661,7640000000.0,1468000000.0,6172000000.0,7640000000.0,0.0,260000000.0,2417000000.0,0.023,0.275,363000000.0,623000000.0,0.232,623000000.0,363000000.0,279000000.0,0.36,0.35,0.36,18338000000.0,,18338000000.0,45478368897.0,17.0,12.399,-40000000.0,-0.048,1.0,997000000.0,0.371,4637000000.0,84000000.0,27527000000.0,,265000000.0,104000000.0,104000000.0,0.0,12123000000.0,5356000000.0,6767000000.0,38794368897.0,-582000000.0,0.0,29000000.0,-202000000.0,-217000000.0,-391000000.0,-790000000.0,-83000000.0,597000000.0,2000000.0,283000000.0,283000000.0,283000000.0,0.0,0.0,0.105,644000000.0,353000000.0,408000000.0,0.764,2.116,16.787,15.959,23837000000.0,0.0,46.44,3.215,3.215,287000000.0,11665000000.0,2688000000.0,2688000000.0,0.0,,,,,19000000.0,384000000.0,1.0,835365394.0,835365394.0,,3.218,25824000000.0,0.0,-4000000.0,0.0,30.913,-3847000000.0
59,CCL,MRQ,2006-12-31,2006-11-30,2006-11-30,2021-09-30,661000000.0,30552000000.0,,1995000000.0,28557000000.0,,21.799,-298000000.0,1163000000.0,1163000000.0,1680000000.0,416000000.0,0.368,0.678,7847000000.0,1492000000.0,6355000000.0,7847000000.0,0.0,261000000.0,2336000000.0,0.021,0.275,493000000.0,754000000.0,0.268,754000000.0,493000000.0,413000000.0,0.53,0.52,0.53,18210000000.0,,18210000000.0,47888550652.0,18.0,13.236,507000000.0,0.607,1.0,1130000000.0,0.402,4634000000.0,80000000.0,27187000000.0,,263000000.0,0.0,0.0,0.0,12342000000.0,5415000000.0,6927000000.0,40924550652.0,569000000.0,0.0,-90000000.0,252000000.0,-198000000.0,27000000.0,-250000000.0,0.0,805000000.0,-13000000.0,416000000.0,416000000.0,416000000.0,0.0,0.0,0.148,654000000.0,476000000.0,438000000.0,0.519,2.247,17.957,17.189,23458000000.0,0.0,48.99,3.457,3.457,280000000.0,11600000000.0,2810000000.0,2810000000.0,0.0,,,,,18000000.0,393000000.0,1.0,835365394.0,835365394.0,,3.364,25918000000.0,0.0,-3000000.0,0.0,31.026,-3420000000.0
60,CCL,MRQ,2006-09-30,2006-08-31,2006-08-31,2021-09-30,522000000.0,29866000000.0,,1551000000.0,28315000000.0,,21.299,-699000000.0,594000000.0,594000000.0,1975000000.0,1232000000.0,0.322,0.67,7558000000.0,1002000000.0,6556000000.0,7558000000.0,0.0,255000000.0,2326000000.0,0.024,0.25,1344000000.0,1599000000.0,0.409,1599000000.0,1344000000.0,1263000000.0,1.55,1.49,1.55,17879000000.0,,17879000000.0,41849624367.0,16.0,11.822,244000000.0,0.291,1.0,1930000000.0,0.494,4592000000.0,81000000.0,27428000000.0,,278000000.0,21000000.0,21000000.0,0.0,11987000000.0,4810000000.0,7177000000.0,35172624367.0,24000000.0,0.0,-314000000.0,289000000.0,-201000000.0,-221000000.0,-709000000.0,-8000000.0,943000000.0,11000000.0,1232000000.0,1232000000.0,1232000000.0,0.0,0.0,0.315,590000000.0,1340000000.0,498000000.0,0.161,1.967,15.995,15.236,23263000000.0,0.0,41.9,3.031,3.031,396000000.0,11402000000.0,3905000000.0,3905000000.0,0.0,,,,,16000000.0,335000000.0,1.0,839442109.0,839442109.0,,4.652,25274000000.0,0.0,31000000.0,0.0,30.108,-3259000000.0
61,CCL,MRQ,2006-06-30,2006-05-31,2006-05-31,2021-09-30,473000000.0,29304000000.0,,1506000000.0,27798000000.0,,20.08,-726000000.0,570000000.0,570000000.0,1620000000.0,380000000.0,0.273,0.714,7247000000.0,1202000000.0,6045000000.0,7247000000.0,0.0,240000000.0,2953000000.0,0.024,0.25,452000000.0,692000000.0,0.26,692000000.0,452000000.0,377000000.0,0.47,0.46,0.47,17095000000.0,,17095000000.0,40514378555.0,16.0,11.659,546000000.0,0.641,1.0,1042000000.0,0.391,4598000000.0,75000000.0,25871000000.0,,278000000.0,13000000.0,13000000.0,0.0,12209000000.0,5512000000.0,6697000000.0,33976378555.0,175000000.0,0.0,-468000000.0,286000000.0,-202000000.0,-384000000.0,-718000000.0,-1000000.0,1272000000.0,5000000.0,380000000.0,380000000.0,380000000.0,0.0,0.0,0.143,594000000.0,448000000.0,411000000.0,0.532,1.988,15.818,15.004,22772000000.0,0.0,39.91,3.005,3.005,405000000.0,10369000000.0,2662000000.0,2662000000.0,0.0,,,,,14000000.0,354000000.0,1.0,851324945.0,851324945.0,,3.127,24706000000.0,0.0,-3000000.0,0.0,29.021,-4006000000.0
62,CCL,MRQ,2006-03-31,2006-02-28,2006-02-28,2021-09-30,170000000.0,28316000000.0,,1307000000.0,27009000000.0,,20.187,-757000000.0,395000000.0,395000000.0,1516000000.0,251000000.0,0.267,0.648,6933000000.0,1272000000.0,5661000000.0,6933000000.0,0.0,232000000.0,2221000000.0,0.017,0.25,341000000.0,573000000.0,0.233,573000000.0,341000000.0,265000000.0,0.31,0.31,0.31,17179000000.0,,17179000000.0,50127375560.0,20.0,14.413,-144000000.0,-0.169,1.0,947000000.0,0.384,4494000000.0,76000000.0,25465000000.0,,266000000.0,11000000.0,11000000.0,0.0,11137000000.0,4895000000.0,6242000000.0,43953375560.0,-783000000.0,0.0,31000000.0,-462000000.0,-202000000.0,-634000000.0,-766000000.0,-3000000.0,613000000.0,4000000.0,251000000.0,251000000.0,251000000.0,0.0,0.0,0.102,598000000.0,349000000.0,656000000.0,0.806,2.559,20.387,19.345,21957000000.0,0.0,51.65,3.939,3.939,425000000.0,10310000000.0,2463000000.0,2463000000.0,0.0,,,,,20000000.0,366000000.0,1.0,850985006.0,850985006.0,,2.894,23822000000.0,0.0,14000000.0,0.0,27.993,-3588000000.0
63,CCL,MRQ,2005-12-31,2005-11-30,2005-11-30,2021-09-30,159000000.0,28349000000.0,,2121000000.0,26228000000.0,,19.875,-345000000.0,1178000000.0,1178000000.0,1552000000.0,336000000.0,0.409,0.679,7352000000.0,1625000000.0,5727000000.0,7352000000.0,0.0,230000000.0,2051000000.0,0.015,0.25,446000000.0,676000000.0,0.263,676000000.0,446000000.0,366000000.0,0.42,0.41,0.42,16883000000.0,,16883000000.0,52729821096.0,20.0,14.824,273000000.0,0.321,1.0,1021000000.0,0.397,4488000000.0,80000000.0,24850000000.0,,250000000.0,0.0,0.0,0.0,11466000000.0,5185000000.0,6281000000.0,46287821096.0,39000000.0,0.0,-345000000.0,48000000.0,-164000000.0,-455000000.0,-126000000.0,225000000.0,618000000.0,2000000.0,336000000.0,336000000.0,336000000.0,0.0,0.0,0.131,587000000.0,434000000.0,477000000.0,0.595,2.742,20.545,19.461,21312000000.0,0.0,54.49,4.172,4.172,430000000.0,10141000000.0,2573000000.0,2573000000.0,0.0,,,,,2000000.0,357000000.0,1.0,849473685.0,849473685.0,,3.029,23861000000.0,0.0,30000000.0,0.0,28.089,-3064000000.0
64,CCL,MRQ,2005-09-30,2005-08-31,2005-08-31,2021-09-30,270000000.0,28766000000.0,,2412000000.0,26354000000.0,,20.179,-523000000.0,1139000000.0,1139000000.0,1760000000.0,1181000000.0,0.499,0.683,7581000000.0,1307000000.0,6274000000.0,7581000000.0,0.0,226000000.0,2102000000.0,0.014,0.2,1308000000.0,1534000000.0,0.425,1534000000.0,1308000000.0,1226000000.0,1.46,1.4,1.46,17090000000.0,,17090000000.0,48818699038.0,19.0,14.35,508000000.0,0.6,1.0,1847000000.0,0.512,4526000000.0,82000000.0,25851000000.0,,253000000.0,234000000.0,234000000.0,0.0,11676000000.0,4831000000.0,6845000000.0,41787699038.0,418000000.0,0.0,15000000.0,2000000.0,-161000000.0,-150000000.0,-451000000.0,69000000.0,1031000000.0,-12000000.0,1181000000.0,1181000000.0,1181000000.0,0.0,0.0,0.327,526000000.0,1321000000.0,682000000.0,0.137,2.445,19.328,18.479,21434000000.0,0.0,49.34,3.883,3.883,434000000.0,10081000000.0,3607000000.0,3607000000.0,0.0,,,,,3000000.0,300000000.0,1.0,846933503.0,846933503.0,,4.259,24240000000.0,0.0,45000000.0,0.0,28.621,-2419000000.0
65,CCL,MRQ,2005-06-30,2005-05-31,2005-05-31,2021-09-30,358000000.0,28306000000.0,,2099000000.0,26207000000.0,,18.957,-553000000.0,721000000.0,721000000.0,1488000000.0,388000000.0,0.389,0.763,7752000000.0,1447000000.0,6305000000.0,7752000000.0,0.0,225000000.0,2585000000.0,0.012,0.2,470000000.0,695000000.0,0.276,695000000.0,470000000.0,388000000.0,0.48,0.47,0.48,16060000000.0,,16060000000.0,52260218358.0,22.0,16.13,665000000.0,0.785,1.0,1028000000.0,0.409,4547000000.0,82000000.0,25392000000.0,,253000000.0,303000000.0,303000000.0,0.0,12246000000.0,5398000000.0,6848000000.0,44815218358.0,400000000.0,0.0,-16000000.0,131000000.0,-121000000.0,-5000000.0,-807000000.0,-255000000.0,1218000000.0,-6000000.0,388000000.0,388000000.0,388000000.0,0.0,0.0,0.154,566000000.0,462000000.0,647000000.0,0.417,2.79,22.341,21.245,21249000000.0,0.0,52.9,4.307,4.307,418000000.0,9092000000.0,2516000000.0,2516000000.0,0.0,,,,,3000000.0,342000000.0,1.0,847168589.0,847168589.0,,2.97,23759000000.0,0.0,0.0,0.0,28.045,-3299000000.0
66,CCL,MRQ,2005-03-31,2005-02-28,2005-02-28,2021-09-30,549000000.0,27599000000.0,,1356000000.0,26243000000.0,,18.916,-556000000.0,321000000.0,321000000.0,1423000000.0,345000000.0,0.259,0.723,7766000000.0,1887000000.0,5879000000.0,7766000000.0,0.0,221000000.0,1939000000.0,0.01,0.15,428000000.0,649000000.0,0.271,649000000.0,428000000.0,342000000.0,0.43,0.42,0.43,16017000000.0,,16017000000.0,53356719291.0,23.0,16.955,-13000000.0,-0.015,1.0,973000000.0,0.406,4627000000.0,86000000.0,25174000000.0,,245000000.0,0.0,0.0,0.0,11582000000.0,5243000000.0,6339000000.0,46046719291.0,-322000000.0,0.0,23000000.0,-183000000.0,-120000000.0,-282000000.0,-586000000.0,-31000000.0,543000000.0,3000000.0,345000000.0,345000000.0,345000000.0,0.0,0.0,0.144,555000000.0,418000000.0,611000000.0,0.349,2.875,23.614,22.471,21228000000.0,0.0,54.38,4.541,4.541,332000000.0,8847000000.0,2396000000.0,2396000000.0,0.0,,,,,4000000.0,334000000.0,1.0,846758354.0,846758354.0,,2.83,22972000000.0,0.0,-3000000.0,0.0,27.129,-3887000000.0
67,CCL,MRQ,2004-12-31,2004-11-30,2004-11-30,2021-09-30,541000000.0,27636000000.0,,1728000000.0,25908000000.0,,18.644,-721000000.0,643000000.0,643000000.0,1386000000.0,248000000.0,0.343,0.754,7953000000.0,1662000000.0,6291000000.0,7953000000.0,0.0,213000000.0,1873000000.0,0.009,0.15,311000000.0,524000000.0,0.234,524000000.0,311000000.0,239000000.0,0.3,0.3,0.3,15760000000.0,,15760000000.0,51727803301.0,24.0,17.523,-127000000.0,-0.15,1.0,856000000.0,0.382,4627000000.0,72000000.0,25285000000.0,,240000000.0,17000000.0,17000000.0,0.0,11876000000.0,5034000000.0,6842000000.0,44810803301.0,235000000.0,0.0,31000000.0,273000000.0,-100000000.0,205000000.0,-560000000.0,170000000.0,594000000.0,-4000000.0,248000000.0,248000000.0,248000000.0,0.0,0.0,0.111,554000000.0,302000000.0,631000000.0,0.5,2.843,24.771,23.56,20823000000.0,0.0,53.01,4.607,4.607,409000000.0,8623000000.0,2242000000.0,2242000000.0,0.0,,,,,11000000.0,341000000.0,1.0,845327359.0,845327359.0,,2.652,23009000000.0,0.0,-9000000.0,0.0,27.219,-3306000000.0
68,CCL,MRQ,2004-09-30,2004-08-31,2004-08-31,2021-09-30,292000000.0,26436000000.0,,1582000000.0,24854000000.0,,18.111,-217000000.0,594000000.0,594000000.0,1574000000.0,1025000000.0,0.361,0.728,7511000000.0,1287000000.0,6224000000.0,7511000000.0,0.0,211000000.0,1715000000.0,0.01,0.125,1161000000.0,1372000000.0,0.422,1372000000.0,1161000000.0,1085000000.0,1.28,1.22,1.28,15302000000.0,,15302000000.0,46224182908.0,22.0,16.084,698000000.0,0.826,1.0,1676000000.0,0.516,4538000000.0,76000000.0,24435000000.0,,223000000.0,0.0,0.0,0.0,11134000000.0,4380000000.0,6754000000.0,38687182908.0,-35000000.0,0.0,14000000.0,-461000000.0,-101000000.0,-549000000.0,-405000000.0,-185000000.0,915000000.0,4000000.0,1025000000.0,1025000000.0,1025000000.0,0.0,0.0,0.315,516000000.0,1160000000.0,728000000.0,0.098,2.528,21.919,21.101,19899000000.0,0.0,45.79,4.159,4.159,434000000.0,8450000000.0,3250000000.0,3250000000.0,0.0,,,,,0.0,306000000.0,1.0,844882789.0,844882789.0,,3.847,21898000000.0,0.0,60000000.0,0.0,25.918,-2798000000.0
69,CCL,MRQ,2004-06-30,2004-05-31,2004-05-31,2021-09-30,327000000.0,26403000000.0,,1450000000.0,24953000000.0,,17.053,-1285000000.0,443000000.0,443000000.0,1326000000.0,332000000.0,0.303,0.834,7980000000.0,1357000000.0,6623000000.0,7980000000.0,0.0,200000000.0,2111000000.0,0.011,0.1,402000000.0,602000000.0,0.267,602000000.0,402000000.0,332000000.0,0.41,0.4,0.41,14397000000.0,,14397000000.0,43237630940.0,24.0,17.302,-120000000.0,-0.142,1.0,927000000.0,0.411,4561000000.0,70000000.0,24589000000.0,,211000000.0,0.0,0.0,0.0,12006000000.0,4790000000.0,7216000000.0,35973630940.0,27000000.0,0.0,10000000.0,111000000.0,-99000000.0,23000000.0,-1150000000.0,145000000.0,1165000000.0,-11000000.0,332000000.0,332000000.0,332000000.0,0.0,0.0,0.147,522000000.0,405000000.0,711000000.0,0.244,2.499,24.405,23.541,19948000000.0,0.0,42.61,4.195,4.195,425000000.0,7526000000.0,2253000000.0,2253000000.0,0.0,,,,,0.0,322000000.0,1.0,844253249.0,844253249.0,,2.669,21842000000.0,0.0,0.0,0.0,25.871,-3340000000.0
70,CCL,MRQ,2004-03-31,2004-02-29,2004-02-29,2021-09-30,356000000.0,25506000000.0,,1592000000.0,23914000000.0,,16.834,-1286000000.0,563000000.0,563000000.0,1217000000.0,203000000.0,0.451,0.798,7827000000.0,580000000.0,7247000000.0,7827000000.0,548000000.0,188000000.0,1561000000.0,0.01,0.125,264000000.0,452000000.0,0.228,452000000.0,264000000.0,199000000.0,0.25,0.25,0.25,14182000000.0,,14182000000.0,43714887028.0,29.0,19.888,-744000000.0,-0.883,1.0,764000000.0,0.386,4480000000.0,65000000.0,24761000000.0,,200000000.0,0.0,0.0,0.0,11324000000.0,3529000000.0,7795000000.0,37380887028.0,-194000000.0,0.0,87000000.0,260000000.0,-100000000.0,242000000.0,-974000000.0,314000000.0,542000000.0,-4000000.0,203000000.0,203000000.0,203000000.0,0.0,0.0,0.102,504000000.0,260000000.0,689000000.0,0.5,2.636,29.434,27.906,18928000000.0,0.0,44.37,4.877,4.877,445000000.0,7294000000.0,1981000000.0,1981000000.0,0.0,,,,,0.0,316000000.0,1.0,842481114.0,842481114.0,,2.351,21026000000.0,0.0,-4000000.0,0.0,24.957,-1937000000.0
71,CCL,MRQ,2003-12-31,2003-11-30,2003-11-30,2021-09-30,160000000.0,24491000000.0,,2132000000.0,22359000000.0,,16.423,-620000000.0,610000000.0,610000000.0,1089000000.0,205000000.0,0.644,0.776,7404000000.0,486000000.0,6918000000.0,7404000000.0,0.0,168000000.0,1358000000.0,0.025,0.125,280000000.0,448000000.0,0.247,448000000.0,280000000.0,214000000.0,0.23,0.21,0.23,13793000000.0,,13793000000.0,35567840448.0,25.0,17.757,-82000000.0,-0.098,1.0,728000000.0,0.401,4355000000.0,66000000.0,23620000000.0,,171000000.0,461000000.0,461000000.0,0.0,10698000000.0,3310000000.0,7388000000.0,29554629448.0,-18000000.0,-1000000.0,13000000.0,200000000.0,-85000000.0,126000000.0,-703000000.0,-58000000.0,538000000.0,21000000.0,205000000.0,205000000.0,205000000.0,0.0,0.0,0.113,454000000.0,274000000.0,634000000.0,0.543,2.143,24.753,21.199,17522000000.0,0.0,35.19,4.399,4.399,403000000.0,7191000000.0,1817000000.0,1817000000.0,0.0,,,,,0.0,286000000.0,1.0,839858751.0,839858751.0,,2.163,20136000000.0,0.0,9000000.0,0.0,23.975,-1178000000.0
72,CCL,MRQ,2003-09-30,2003-08-31,2003-08-31,2021-09-30,102447000.0,23397015000.0,,1910388000.0,21486627000.0,,16.173,-1283000000.0,988008000.0,988008000.0,1278000000.0,734000000.0,0.661,0.724,7001219000.0,365059000.0,6636160000.0,7001219000.0,277544000.0,176000000.0,1201078000.0,0.025,0.105,821000000.0,997000000.0,0.395,997000000.0,821000000.0,763000000.0,0.92,0.9,0.92,13568744000.0,,13568744000.0,34693327232.0,26.0,18.743,-553000000.0,-0.659,1.0,1246000000.0,0.494,3615858000.0,58000000.0,22905471000.0,,159644000.0,60974000.0,60974000.0,0.0,9828271000.0,2888897000.0,6939374000.0,29020217232.0,-393000000.0,-15000000.0,26000000.0,217000000.0,-84000000.0,158000000.0,-1293000000.0,0.0,730000000.0,12000000.0,734000000.0,734000000.0,734000000.0,0.0,0.0,0.291,437000000.0,809000000.0,639088000.0,0.114,2.139,24.585,20.964,17508139000.0,0.0,34.59,4.886,4.886,347188000.0,7085427000.0,2524000000.0,2524000000.0,0.0,,,,,0.0,261000000.0,1.0,838977081.0,838977081.0,,3.008,19781157000.0,0.0,29000000.0,0.0,23.578,-978509000.0
73,CCL,MRQ,2003-06-30,2003-05-31,2003-05-31,2021-09-30,165878000.0,23363465000.0,,2547086000.0,20816379000.0,,16.316,-481000000.0,1381033000.0,1381033000.0,827000000.0,128000000.0,0.783,0.798,7054143000.0,346302000.0,6707841000.0,7054143000.0,307495000.0,135000000.0,1436914000.0,0.028,0.105,166000000.0,301000000.0,0.224,301000000.0,166000000.0,124000000.0,0.19,0.19,0.19,12993576000.0,,12993576000.0,26946382657.0,27.0,18.532,13000000.0,0.016,1.0,515000000.0,0.384,3649236000.0,42000000.0,22132315000.0,,157779000.0,67999000.0,67999000.0,0.0,10369889000.0,3255024000.0,7114865000.0,24368936657.0,648000000.0,156000000.0,13000000.0,624000000.0,-61000000.0,564000000.0,-351000000.0,0.0,494000000.0,-59000000.0,128000000.0,128000000.0,128000000.0,0.0,0.0,0.095,347000000.0,168000000.0,615782000.0,0.553,1.875,25.728,19.367,16708612000.0,0.0,30.6,5.018,5.018,347054000.0,6434958000.0,1342000000.0,1342000000.0,0.0,,,,,0.0,212000000.0,1.0,796370479.0,796370479.0,,1.685,19714229000.0,0.0,-4000000.0,0.0,24.755,-707938000.0
74,CCL,MRQ,2003-03-31,2003-02-28,2003-02-28,2021-09-30,59568000.0,12493118000.0,,1222737000.0,11270381000.0,,9.464,-81000000.0,732919000.0,732919000.0,620000000.0,127000000.0,0.735,0.658,3310365000.0,226744000.0,3083621000.0,3310365000.0,190003000.0,106000000.0,728998000.0,0.037,0.539,151000000.0,257000000.0,0.248,257000000.0,151000000.0,122000000.0,0.22,0.22,0.22,7537032000.0,,7537032000.0,20786287658.0,20.0,14.221,90000000.0,0.113,1.0,415000000.0,0.401,706490000.0,29000000.0,12700825000.0,,95410000.0,37575000.0,37575000.0,0.0,4956086000.0,1663249000.0,3292837000.0,18292376658.0,66000000.0,0.0,1000000.0,39000000.0,-62000000.0,-22000000.0,-86000000.0,0.0,171000000.0,3000000.0,127000000.0,127000000.0,127000000.0,0.0,0.0,0.123,283000000.0,132000000.0,304938000.0,2.45,2.427,18.051,13.355,10238832000.0,0.0,22.97,4.061,4.061,110132000.0,6391097000.0,1035000000.0,1035000000.0,0.0,,,,,0.0,177000000.0,1.0,796359454.0,796359454.0,,1.3,11786628000.0,0.0,-5000000.0,0.0,14.801,-440512000.0
75,CCL,MRQ,2002-12-31,2002-11-30,2002-11-30,2021-09-30,8000000.0,12335000000.0,,1132000000.0,11203000000.0,,9.317,-963607000.0,667000000.0,667000000.0,582982000.0,191395000.0,0.699,0.663,3169000000.0,155000000.0,3014000000.0,3169000000.0,170000000.0,100569000.0,771000000.0,0.015,0.105,195436000.0,296005000.0,0.285,296005000.0,195436000.0,170867000.0,0.32,0.29,0.32,7418000000.0,,7418000000.0,24102220196.0,23.0,16.599,-663034000.0,-0.833,1.0,455991000.0,0.439,681000000.0,24569000.0,12536000000.0,,91000000.0,39000000.0,39000000.0,0.0,4917000000.0,1620000000.0,3297000000.0,22332474196.0,-674142000.0,-2166000.0,73000.0,78180000.0,-61288000.0,15864000.0,-991993000.0,-32563000.0,300573000.0,1414000.0,191395000.0,191395000.0,191395000.0,0.0,0.0,0.184,268638000.0,187353000.0,269000000.0,0.328,3.011,21.981,16.214,10116000000.0,0.0,28.05,5.095,5.095,108000000.0,6326000000.0,1038973000.0,1038973000.0,0.0,,,,,0.0,168069000.0,1.0,796166638.0,796166638.0,,1.305,11654000000.0,0.0,-20528000.0,0.0,14.638,-488000000.0
76,CCL,MRQ,2002-09-30,2002-08-31,2002-08-31,2021-09-30,13383000.0,12196722000.0,,1801590000.0,10395132000.0,,9.16,-424038000.0,1300442000.0,1300442000.0,685668000.0,500764000.0,1.194,0.673,3070188000.0,25700000.0,3044488000.0,3070188000.0,167877000.0,99088000.0,744656000.0,0.017,0.105,500930000.0,600018000.0,0.417,600018000.0,500930000.0,472091000.0,0.85,0.85,0.85,7291703000.0,,7291703000.0,21297741921.0,21.0,15.416,37576000.0,0.047,1.0,754919000.0,0.524,678380000.0,28839000.0,11779621000.0,,91042000.0,46969000.0,46969000.0,0.0,4905019000.0,1508467000.0,3396552000.0,19479569921.0,3340000.0,-10993000.0,1961000.0,-103176000.0,-61592000.0,-162515000.0,-295835000.0,153451000.0,461614000.0,76000.0,500764000.0,500764000.0,500764000.0,0.0,0.0,0.348,266495000.0,488424000.0,317313000.0,0.124,2.671,20.707,15.39,9251822000.0,0.0,24.47,4.52,4.52,129291000.0,6196125000.0,1440587000.0,1440587000.0,0.0,,,,,0.0,147407000.0,1.0,796059253.0,796059253.0,,1.81,11518342000.0,0.0,-28673000.0,0.0,14.469,293123000.0
77,CCL,MRQ,2002-06-30,2002-05-31,2002-05-31,2021-09-30,-1336000.0,12056409000.0,,1987998000.0,10068411000.0,,8.587,-152594000.0,1297102000.0,1297102000.0,534777000.0,194201000.0,1.195,0.764,3115274000.0,24936000.0,3090338000.0,3115274000.0,165393000.0,92589000.0,922671000.0,0.014,0.105,216076000.0,308665000.0,0.312,308665000.0,216076000.0,188065000.0,0.33,0.33,0.33,6834592000.0,,6834592000.0,26014429856.0,25.0,18.451,339316000.0,0.426,1.0,455122000.0,0.46,665710000.0,28011000.0,11545066000.0,,89163000.0,203380000.0,203380000.0,0.0,5221817000.0,1663805000.0,3558012000.0,24194801856.0,135456000.0,-16841000.0,3410000.0,39165000.0,-61572000.0,-19015000.0,-326609000.0,-159888000.0,491910000.0,-10830000.0,194201000.0,194201000.0,194201000.0,0.0,0.0,0.196,234711000.0,220411000.0,276948000.0,0.318,3.54,25.879,19.241,8879609000.0,0.0,30.4,5.551,5.551,112011000.0,5756972000.0,989899000.0,989899000.0,0.0,,,,,0.0,142122000.0,1.0,795881640.0,795881640.0,,1.244,11390699000.0,0.0,-6136000.0,0.0,14.312,324193000.0
78,CCL,MRQ,2002-03-31,2002-02-28,2002-02-28,2021-09-30,-38076000.0,11714421000.0,,1705016000.0,10009405000.0,,8.37,-441761000.0,1161646000.0,1161646000.0,519562000.0,129640000.0,1.153,0.759,2981274000.0,21255000.0,2960019000.0,2981274000.0,165612000.0,89754000.0,687985000.0,0.015,0.105,157434000.0,247188000.0,0.273,247188000.0,157434000.0,127979000.0,0.22,0.22,0.22,6660499000.0,,6660499000.0,23271455985.0,22.0,16.529,-226858000.0,-0.285,1.0,386969000.0,0.427,644803000.0,29455000.0,11411010000.0,,90369000.0,39250000.0,39250000.0,0.0,5053922000.0,1478236000.0,3575686000.0,21716137985.0,-259654000.0,0.0,1556000.0,27831000.0,-61548000.0,-32334000.0,-446563000.0,0.0,214903000.0,4340000.0,129640000.0,129640000.0,129640000.0,0.0,0.0,0.143,241157000.0,145812000.0,271284000.0,0.477,3.26,23.409,17.382,8775886000.0,0.0,27.29,4.882,4.882,109121000.0,5624366000.0,906531000.0,906531000.0,0.0,,,,,0.0,151403000.0,1.0,795754415.0,795754415.0,,1.139,11069618000.0,0.0,-1661000.0,0.0,13.911,226780000.0
79,CCL,MRQ,2001-12-31,2001-11-30,2001-11-30,2021-09-30,-36932000.0,11563552000.0,,1958988000.0,9604564000.0,,8.285,-98672000.0,1421300000.0,1421300000.0,561168000.0,116112000.0,1.323,0.755,2976618000.0,21764000.0,2954854000.0,2976618000.0,157998000.0,91042000.0,627698000.0,0.02,0.105,134597000.0,225639000.0,0.232,225639000.0,134597000.0,105807000.0,0.19,0.2,0.19,6590777000.0,,6590777000.0,22277023222.0,22.0,15.833,34779000.0,0.044,1.0,411183000.0,0.423,651814000.0,28790000.0,10986816000.0,,91996000.0,36784000.0,36784000.0,0.0,4972775000.0,1480240000.0,3492535000.0,20771929222.0,266046000.0,531000000.0,-76000.0,339180000.0,-61703000.0,268752000.0,-136212000.0,-564471000.0,133451000.0,55000.0,116112000.0,116112000.0,116112000.0,0.0,0.0,0.119,291401000.0,119782000.0,269467000.0,0.553,3.152,22.432,16.525,8390230000.0,0.0,26.11,4.566,4.566,90763000.0,5556296000.0,972351000.0,972351000.0,0.0,,,,,0.0,161748000.0,1.0,795554547.0,795554547.0,,1.222,10911738000.0,0.0,-10305000.0,0.0,13.716,478748000.0
80,CCL,MRQ,2001-09-30,2001-08-31,2001-08-31,2021-09-30,-25139000.0,11275806000.0,,1625734000.0,9650072000.0,,8.23,-121801000.0,1155236000.0,1155236000.0,719378000.0,494975000.0,0.944,0.722,2660330000.0,181848000.0,2478482000.0,2660330000.0,145984000.0,97008000.0,750393000.0,0.017,0.105,531451000.0,628459000.0,0.422,628459000.0,531451000.0,501351000.0,0.84,0.84,0.84,6546416000.0,,6546416000.0,27049986123.0,24.0,18.463,343469000.0,0.432,1.0,770540000.0,0.517,662339000.0,30100000.0,10397292000.0,,96337000.0,0.0,0.0,0.0,4729390000.0,1721269000.0,3008121000.0,24882065123.0,488646000.0,0.0,2181000.0,-243830000.0,-61531000.0,-319531000.0,353285000.0,531471000.0,465270000.0,-10378000.0,494975000.0,494975000.0,494975000.0,0.0,0.0,0.332,345194000.0,425346000.0,299534000.0,0.125,3.801,24.791,18.292,8427846000.0,0.0,31.28,5.621,5.621,113455000.0,5501532000.0,1489918000.0,1489918000.0,0.0,,,,,0.0,146797000.0,1.0,795462440.0,795462440.0,,1.873,10613467000.0,0.0,6376000.0,0.0,13.343,-95535000.0
81,CCL,MRQ,2001-06-30,2001-05-31,2001-05-31,2021-09-30,-88935000.0,11304895000.0,,1144377000.0,10160518000.0,,7.623,-470698000.0,666590000.0,666590000.0,601334000.0,186963000.0,0.546,0.867,2834511000.0,417818000.0,2416693000.0,2834511000.0,143839000.0,92359000.0,928210000.0,0.019,0.105,214287000.0,306646000.0,0.284,306646000.0,214287000.0,184049000.0,0.32,0.32,0.32,6053790000.0,,6053790000.0,24645494461.0,25.0,18.545,2467000.0,0.003,1.0,477791000.0,0.443,684891000.0,30238000.0,10693643000.0,,100628000.0,361987000.0,0.0,361987000.0,5251105000.0,2094282000.0,3156823000.0,22417995461.0,533479000.0,0.0,809000.0,544412000.0,-61395000.0,483826000.0,-432049000.0,0.0,473165000.0,8537000.0,186963000.0,186963000.0,186963000.0,0.0,0.0,0.173,246923000.0,230868000.0,314866000.0,0.328,3.703,24.774,18.331,8381309000.0,0.0,28.23,5.382,5.382,113743000.0,5076008000.0,1079125000.0,1079125000.0,0.0,,,,,0.0,154564000.0,1.0,794119570.0,794119570.0,,1.359,10620004000.0,0.0,-2914000.0,0.0,13.373,-949905000.0
82,CCL,MRQ,2001-03-31,2001-02-28,2001-02-28,2021-09-30,-72785000.0,10285311000.0,,585173000.0,9700138000.0,,7.483,-120829000.0,133111000.0,133111000.0,600120000.0,127950000.0,0.296,0.731,2360610000.0,505891000.0,1854719000.0,2360610000.0,149582000.0,91591000.0,770605000.0,0.016,0.21,154665000.0,246256000.0,0.244,246256000.0,154665000.0,122793000.0,0.22,0.22,0.22,5942562000.0,,5942562000.0,28633458497.0,29.0,22.045,46285000.0,0.058,1.0,407486000.0,0.404,706700000.0,31872000.0,9830950000.0,,101316000.0,423590000.0,0.0,423590000.0,4342749000.0,1975160000.0,2367589000.0,26475444497.0,-56171000.0,0.0,2086000.0,-36762000.0,-61371000.0,-96047000.0,-127024000.0,0.0,167114000.0,-214000.0,127950000.0,127950000.0,127950000.0,0.0,0.0,0.127,247482000.0,160004000.0,302802000.0,0.955,4.455,28.719,21.372,8076334000.0,0.0,33.34,6.684,6.684,109030000.0,4950578000.0,1007606000.0,1007606000.0,0.0,,,,,0.0,155891000.0,1.0,794104514.0,794104514.0,,1.269,9578611000.0,0.0,-5157000.0,0.0,12.062,-1389987000.0
83,CCL,MRQ,2000-12-31,2000-11-30,2000-11-30,2021-09-30,-75059000.0,9831320000.0,,549482000.0,9281838000.0,,7.395,-69538000.0,189282000.0,189282000.0,481057000.0,193795000.0,0.32,0.675,2347296000.0,248219000.0,2099077000.0,2347296000.0,146332000.0,76527000.0,770425000.0,0.019,0.105,207237000.0,283764000.0,0.334,283764000.0,207237000.0,191063000.0,0.33,0.33,0.33,5870617000.0,,5870617000.0,19354065089.0,19.0,14.938,208327000.0,0.262,1.0,369269000.0,0.434,701385000.0,16174000.0,9572655000.0,,100451000.0,442861000.0,5470000.0,437391000.0,3960703000.0,1715294000.0,2245409000.0,18012679089.0,48141000.0,-383943000.0,134000.0,246208000.0,-61369000.0,184973000.0,-414697000.0,22170000.0,277865000.0,0.0,193795000.0,193795000.0,193795000.0,0.0,0.0,0.228,202895000.0,166374000.0,332694000.0,0.318,3.068,18.657,14.093,8001318000.0,0.0,22.69,4.767,4.767,95361000.0,4884023000.0,850326000.0,850326000.0,0.0,,,,,0.0,126368000.0,1.0,793859810.0,793859810.0,,1.071,9129935000.0,0.0,-2732000.0,0.0,11.501,-1165812000.0
84,CCL,MRQ,2000-09-30,2000-08-31,2000-08-31,2021-09-30,-49805000.0,8592170000.0,,469163000.0,8123007000.0,,7.222,-490023000.0,141141000.0,141141000.0,614724000.0,396190000.0,0.374,0.489,1482527000.0,6696000.0,1475831000.0,1482527000.0,91606000.0,75248000.0,701682000.0,0.021,0.105,417045000.0,492293000.0,0.401,492293000.0,417045000.0,407307000.0,0.67,0.67,0.67,5769186000.0,,5769186000.0,16728267452.0,16.0,12.553,-102930000.0,-0.129,1.0,613487000.0,0.499,452679000.0,9738000.0,8225330000.0,,92353000.0,520796000.0,4455000.0,516341000.0,2822984000.0,1255547000.0,1567437000.0,15943922452.0,-154426000.0,303000.0,-368022000.0,385879000.0,-63371000.0,-45514000.0,-496005000.0,-23596000.0,387093000.0,0.0,396190000.0,396190000.0,396190000.0,0.0,0.0,0.323,194577000.0,418910000.0,228623000.0,0.157,2.764,15.59,11.741,7102225000.0,0.0,19.96,4.287,4.287,109066000.0,4758448000.0,1228211000.0,1228211000.0,0.0,,,,,0.0,119329000.0,1.0,798793710.0,798793710.0,,1.538,8139491000.0,0.0,11117000.0,0.0,10.19,-786384000.0
85,CCL,MRQ,2000-06-30,2000-05-31,2000-05-31,2021-09-30,-35807000.0,8342174000.0,,622437000.0,7719737000.0,,7.146,-299391000.0,295567000.0,295567000.0,497121000.0,203956000.0,0.398,0.434,1079912000.0,208864000.0,871048000.0,1079912000.0,91235000.0,68288000.0,854383000.0,0.015,0.105,208288000.0,276576000.0,0.316,276576000.0,208288000.0,201417000.0,0.34,0.34,0.34,5815595000.0,,5815595000.0,22698014706.0,21.0,16.901,149926000.0,0.184,1.0,378006000.0,0.432,455314000.0,6871000.0,7106909000.0,,94691000.0,546230000.0,4584000.0,541646000.0,2526579000.0,1564296000.0,962283000.0,22177295706.0,-257197000.0,0.0,-334118000.0,-74000.0,-64819000.0,-399011000.0,-307503000.0,7133000.0,449317000.0,0.0,203956000.0,203956000.0,203956000.0,0.0,0.0,0.233,189115000.0,188891000.0,194623000.0,0.309,3.813,21.291,15.936,6674115000.0,0.0,27.25,6.071,6.071,96718000.0,4423788000.0,875127000.0,875127000.0,0.0,,,,,0.0,120827000.0,1.0,813845714.0,813845714.0,,1.075,7886860000.0,0.0,-2539000.0,0.0,9.691,-941859000.0
86,CCL,MRQ,2000-03-31,2000-02-29,2000-02-29,2021-09-30,-18355000.0,8332673000.0,,852180000.0,7480493000.0,,7.289,-93046000.0,552764000.0,552764000.0,465440000.0,171517000.0,0.63,0.383,1073483000.0,207817000.0,865666000.0,1073483000.0,89409000.0,67604000.0,660653000.0,0.014,0.105,175354000.0,242958000.0,0.295,242958000.0,175354000.0,166765000.0,0.28,0.28,0.28,6025623000.0,,6025623000.0,24367656734.0,22.0,18.194,72214000.0,0.087,1.0,359438000.0,0.436,458846000.0,8589000.0,7042571000.0,,86760000.0,549402000.0,5553000.0,543849000.0,2307050000.0,1351975000.0,955075000.0,23815645734.0,30993000.0,0.0,4680000.0,-351000.0,-64774000.0,-60445000.0,-73822000.0,16463000.0,165260000.0,0.0,171517000.0,171517000.0,171517000.0,0.0,0.0,0.208,188483000.0,170955000.0,197521000.0,0.375,3.952,22.878,16.947,6439471000.0,0.0,28.81,6.663,6.663,82288000.0,4283203000.0,824878000.0,824878000.0,0.0,,,,,0.0,120879000.0,1.0,826645114.0,826645114.0,,0.998,7873827000.0,0.0,-4752000.0,0.0,9.525,-499795000.0
87,CCL,MRQ,1999-12-31,1999-11-30,1999-11-30,2021-09-30,1116000.0,8286355000.0,,791636000.0,7494719000.0,,9.664,-387741000.0,521771000.0,521771000.0,441694000.0,251044000.0,0.563,0.397,1073782000.0,206267000.0,867515000.0,1073782000.0,82680000.0,63759000.0,675816000.0,0.008,0.105,256980000.0,320739000.0,0.405,320739000.0,256980000.0,248205000.0,0.41,0.4,0.41,5931247000.0,,5931247000.0,27817372188.0,26.0,21.064,-124538000.0,-0.203,1.0,349548000.0,0.442,462340000.0,8775000.0,6971113000.0,,84019000.0,586922000.0,0.0,586922000.0,2355108000.0,1404913000.0,950195000.0,27083462188.0,37536000.0,-54715000.0,758000.0,-144591000.0,-55233000.0,-198941000.0,-26726000.0,431730000.0,263203000.0,0.0,251044000.0,251044000.0,251044000.0,0.0,0.0,0.317,184791000.0,164757000.0,195879000.0,0.256,4.566,26.365,26.268,6410527000.0,0.0,44.13,7.744,7.744,62887000.0,4176498000.0,791242000.0,791242000.0,0.0,,,,,0.0,121032000.0,1.0,613719968.0,613719968.0,,1.289,7824015000.0,0.0,-2839000.0,0.0,12.749,-613277000.0
88,CCL,MRQ,1999-09-30,1999-08-31,1999-08-31,2021-09-30,0.0,8227601000.0,,1222692000.0,7004909000.0,,9.121,-372383000.0,484235000.0,484235000.0,572413000.0,415093000.0,0.998,0.471,1218145000.0,33667000.0,1184478000.0,1218145000.0,75420000.0,63084000.0,716804000.0,0.008,0.09,439656000.0,502740000.0,0.433,502740000.0,439656000.0,428355000.0,0.68,0.67,0.68,5594307000.0,,5594307000.0,28303474242.0,27.0,21.997,40764000.0,0.066,1.0,589408000.0,0.507,402443000.0,11301000.0,7333566000.0,,79151000.0,947721000.0,455823000.0,491898000.0,2633294000.0,1225502000.0,1407792000.0,27411450242.0,101595000.0,0.0,6935000.0,-56573000.0,-55182000.0,-104824000.0,-206728000.0,164658000.0,413147000.0,0.0,415093000.0,415093000.0,415093000.0,0.0,0.0,0.357,173000000.0,416408000.0,189562000.0,0.132,4.9,27.499,27.25,6083400000.0,0.0,44.69,7.981,7.981,115600000.0,3990235000.0,1161821000.0,1161821000.0,0.0,,,,,0.0,109916000.0,1.0,613368768.0,613368768.0,,1.894,7825158000.0,0.0,13262000.0,0.0,12.758,-2810000.0
89,CCL,MRQ,1999-06-30,1999-05-31,1999-05-31,2021-09-30,0.0,7999308000.0,,1281899000.0,6717409000.0,,8.55,-61883000.0,382640000.0,382640000.0,432426000.0,203342000.0,0.99,0.526,1274664000.0,33667000.0,1240997000.0,1274664000.0,82791000.0,58911000.0,822719000.0,0.008,0.09,213993000.0,272904000.0,0.343,272904000.0,213993000.0,200503000.0,0.33,0.33,0.33,5242499000.0,,5242499000.0,25988153460.0,26.0,21.343,382698000.0,0.624,1.0,363723000.0,0.457,406708000.0,13490000.0,7190315000.0,,81035000.0,1108984000.0,614799000.0,494185000.0,2756809000.0,1294309000.0,1462500000.0,25140136460.0,-191614000.0,0.0,3070000.0,-147657000.0,-55174000.0,-199765000.0,-436430000.0,-397592000.0,444581000.0,0.0,203342000.0,203342000.0,203342000.0,0.0,0.0,0.255,164428000.0,199295000.0,180115000.0,0.273,4.795,27.135,26.623,5770921000.0,0.0,41.0,7.539,7.539,103214000.0,3630364000.0,796149000.0,796149000.0,0.0,,,,,0.0,105517000.0,1.0,613174060.0,613174060.0,,1.298,7592600000.0,0.0,-2839000.0,0.0,12.382,-12410000.0
90,CCL,MRQ,1999-03-31,1999-02-28,1999-02-28,2021-09-30,0.0,7830485000.0,,1036788000.0,6793697000.0,,8.344,-50977000.0,574254000.0,574254000.0,416103000.0,157761000.0,0.911,0.531,1422271000.0,66702000.0,1355569000.0,1422271000.0,88910000.0,57904000.0,655944000.0,0.007,0.09,166345000.0,224249000.0,0.3,224249000.0,166345000.0,152955000.0,0.26,0.26,0.26,5113902000.0,,5113902000.0,28767572038.0,30.0,24.774,157816000.0,0.257,1.0,332155000.0,0.444,434171000.0,13390000.0,7106013000.0,,77626000.0,751406000.0,216993000.0,534413000.0,2716583000.0,1138318000.0,1578265000.0,27274205038.0,436981000.0,0.0,730812000.0,-208421000.0,-53590000.0,468684000.0,-240496000.0,-210686000.0,208793000.0,0.0,157761000.0,157761000.0,157761000.0,0.0,0.0,0.211,168674000.0,163481000.0,156612000.0,0.346,5.333,30.863,30.068,5764498000.0,0.0,44.5,8.524,8.524,72947000.0,3482215000.0,748258000.0,748258000.0,0.0,,,,,0.0,110770000.0,1.0,612903484.0,612903484.0,,1.221,7396314000.0,0.0,-4806000.0,0.0,12.068,-101530000.0
91,CCL,MRQ,1998-12-31,1998-11-30,1998-11-30,2021-09-30,24699000.0,7179323000.0,,370279000.0,6809044000.0,,7.197,-295234000.0,137273000.0,137273000.0,409083000.0,220623000.0,0.326,0.675,1630640000.0,67626000.0,1563014000.0,1630640000.0,63036000.0,53979000.0,638383000.0,0.009,0.09,232821000.0,286800000.0,0.394,286800000.0,232821000.0,218561000.0,0.37,0.37,0.37,4285476000.0,,4285476000.0,21864086056.0,24.0,19.91,-81284000.0,-0.137,1.0,319488000.0,0.439,437464000.0,14260000.0,7100113000.0,,75449000.0,552649000.0,5956000.0,546693000.0,2893847000.0,1135113000.0,1758734000.0,20541894056.0,12146000.0,4681000.0,-1164000.0,183268000.0,-44656000.0,137369000.0,-339173000.0,-2537000.0,213950000.0,0.0,220623000.0,220623000.0,220623000.0,0.0,0.0,0.303,160898000.0,158590000.0,168546000.0,0.243,4.793,24.575,24.643,5768114000.0,0.0,34.5,6.826,6.826,60837000.0,3379628000.0,728571000.0,728571000.0,0.0,,,,,0.0,106919000.0,1.0,595417219.0,595417219.0,,1.224,6741859000.0,0.0,-2062000.0,0.0,11.323,-764834000.0
92,CCL,MRQ,1998-09-30,1998-08-31,1998-08-31,2021-09-30,0.0,6792349000.0,,382912000.0,6409437000.0,,6.894,-105967000.0,125127000.0,125127000.0,540343000.0,344752000.0,0.339,0.655,1447319000.0,72423000.0,1374896000.0,1447319000.0,52679000.0,57423000.0,630668000.0,0.01,0.075,376267000.0,433690000.0,0.409,433690000.0,376267000.0,357490000.0,0.58,0.58,0.58,4104383000.0,,4104383000.0,18687934781.0,23.0,18.355,179061000.0,0.301,1.0,521196000.0,0.491,439721000.0,18777000.0,6546212000.0,,74150000.0,474315000.0,21411000.0,452904000.0,2687966000.0,1128608000.0,1559358000.0,17193061781.0,4527000.0,-1452000.0,8465000.0,-168206000.0,-44619000.0,-204540000.0,-75961000.0,2213000.0,285028000.0,0.0,344752000.0,344752000.0,344752000.0,0.0,0.0,0.325,156189000.0,365007000.0,160988000.0,0.129,4.189,22.311,22.388,5481600000.0,0.0,28.88,6.129,6.129,73268000.0,3212595000.0,1061539000.0,1061539000.0,0.0,,,,,0.0,98766000.0,1.0,595327624.0,595327624.0,,1.783,6352628000.0,0.0,12738000.0,0.0,10.671,-745696000.0
93,CCL,MRQ,1998-06-30,1998-05-31,1998-05-31,2021-09-30,0.0,6711836000.0,,375497000.0,6336339000.0,,6.374,-340445000.0,120600000.0,120600000.0,362356000.0,160596000.0,0.309,0.77,1615473000.0,58457000.0,1557016000.0,1615473000.0,0.0,46258000.0,755890000.0,0.008,0.075,170198000.0,216456000.0,0.327,216456000.0,170198000.0,158022000.0,0.27,0.27,0.27,3791923000.0,,3791923000.0,21278262595.0,27.0,22.34,38254000.0,0.064,1.0,299002000.0,0.452,403077000.0,12176000.0,6587721000.0,,76226000.0,435129000.0,9414000.0,425715000.0,2919913000.0,1215911000.0,1704002000.0,20151655595.0,6528000.0,-246097000.0,1713000.0,216996000.0,-44605000.0,172103000.0,-544274000.0,304000.0,378699000.0,0.0,160596000.0,160596000.0,160596000.0,0.0,0.0,0.243,131208000.0,167794000.0,187897000.0,0.278,5.314,27.843,27.996,5469814000.0,0.0,33.875,7.906,7.906,66503000.0,2912499000.0,661358000.0,661358000.0,0.0,,,,,0.0,84950000.0,1.0,594882822.0,594882822.0,,1.112,6308759000.0,0.0,-2574000.0,0.0,10.605,-840414000.0
94,CCL,MRQ,1998-03-31,1998-02-28,1998-02-28,2021-09-30,0.0,5719688000.0,,326964000.0,5392724000.0,,6.182,-361739000.0,114072000.0,114072000.0,307595000.0,109914000.0,0.394,0.555,1240679000.0,50900000.0,1189779000.0,1240679000.0,22481000.0,43008000.0,483301000.0,0.009,0.075,118186000.0,161194000.0,0.289,161194000.0,118186000.0,105627000.0,0.18,0.18,0.18,3677211000.0,,3677211000.0,18445188496.0,25.0,20.103,-147576000.0,-0.248,1.0,250243000.0,0.449,210861000.0,12559000.0,5805217000.0,,56026000.0,467302000.0,9718000.0,457584000.0,2042477000.0,830217000.0,1212260000.0,17510263496.0,-25917000.0,0.0,2385000.0,165751000.0,-44578000.0,121565000.0,-361645000.0,20000.0,214163000.0,0.0,109914000.0,109914000.0,109914000.0,0.0,0.0,0.197,121842000.0,128401000.0,99475000.0,0.417,4.762,25.355,25.6,4647968000.0,0.0,29.44,7.049,7.049,61349000.0,2796519000.0,557838000.0,557838000.0,0.0,,,,,0.0,78834000.0,1.0,594777972.0,594777972.0,,0.938,5508827000.0,0.0,-4287000.0,0.0,9.262,-503253000.0
95,CCL,MRQ,1997-12-31,1997-11-30,1997-11-30,2021-09-30,0.0,5426775000.0,,336025000.0,5090750000.0,,6.066,-321703000.0,139989000.0,139989000.0,299927000.0,155350000.0,0.427,0.505,1074914000.0,59620000.0,1015294000.0,1074914000.0,20241000.0,41401000.0,420908000.0,0.009,0.075,165414000.0,206815000.0,0.394,206815000.0,165414000.0,153026000.0,0.26,0.26,0.26,3605098000.0,,3605098000.0,16838647823.0,23.0,18.804,-153123000.0,-0.258,1.0,224424000.0,0.428,212607000.0,12388000.0,5362951000.0,,54970000.0,489067000.0,9738000.0,479329000.0,1821677000.0,786142000.0,1035535000.0,16065509823.0,-75449000.0,1942000.0,-1282000.0,86328000.0,-32687000.0,52359000.0,-296388000.0,575000.0,168580000.0,0.0,155350000.0,155350000.0,155350000.0,0.0,0.0,0.296,116232000.0,108192000.0,106783000.0,0.288,4.456,24.121,24.134,4327413000.0,0.0,27.03,6.564,6.564,57090000.0,2731213000.0,524351000.0,524351000.0,0.0,,,,,0.0,74831000.0,1.0,594358484.0,594358484.0,,0.882,5214168000.0,0.0,-2324000.0,0.0,8.773,-450117000.0
96,CCL,MRQ,1997-09-30,1997-08-31,1997-08-31,2021-09-30,0.0,5241765000.0,,405032000.0,4836733000.0,,5.881,-74781000.0,215438000.0,215438000.0,388120000.0,297893000.0,0.544,0.5,988576000.0,62089000.0,926487000.0,988576000.0,75434000.0,43228000.0,394598000.0,0.01,0.055,324777000.0,368005000.0,0.457,368005000.0,324777000.0,312803000.0,0.5,0.5,0.5,3495240000.0,,3495240000.0,13870190996.0,20.0,16.258,197321000.0,0.332,1.0,417301000.0,0.518,214352000.0,11974000.0,5055947000.0,,54394000.0,438031000.0,10313000.0,427718000.0,1746525000.0,744604000.0,1001921000.0,12964621996.0,121812000.0,-36766000.0,2451000.0,-10628000.0,-32679000.0,-40856000.0,-109434000.0,2067000.0,272102000.0,0.0,297893000.0,297893000.0,297893000.0,0.0,0.0,0.37,108711000.0,308590000.0,112021000.0,0.11,3.709,20.726,20.678,4131672000.0,0.0,21.815,5.406,5.406,49753000.0,2620440000.0,805421000.0,805421000.0,0.0,,,,,0.0,65483000.0,1.0,594298510.0,594298510.0,,1.355,5027413000.0,0.0,14910000.0,0.0,8.459,-339572000.0
97,CCL,MRQ,1997-06-30,1997-05-31,1997-05-31,2021-09-30,0.0,5070282000.0,,301989000.0,4768293000.0,,5.437,-21786000.0,93626000.0,93626000.0,337684000.0,127447000.0,0.371,0.57,999195000.0,62090000.0,937105000.0,999195000.0,89621000.0,41961000.0,490632000.0,0.011,0.055,139565000.0,181526000.0,0.304,181526000.0,139565000.0,125119000.0,0.21,0.21,0.21,3230330000.0,,3230330000.0,12382011772.0,19.0,14.998,220512000.0,0.371,1.0,258930000.0,0.434,216098000.0,14446000.0,4946527000.0,,54902000.0,397403000.0,12380000.0,385023000.0,1839952000.0,813226000.0,1026726000.0,11288336772.0,4698000.0,3851000.0,589000.0,-183418000.0,-32674000.0,-215503000.0,-22097000.0,63000.0,242298000.0,0.0,127447000.0,127447000.0,127447000.0,0.0,0.0,0.214,118677000.0,140253000.0,108135000.0,0.262,3.494,18.948,18.719,4104135000.0,0.0,19.0,4.774,4.774,49280000.0,2355235000.0,596614000.0,596614000.0,0.0,,,,,0.0,76716000.0,1.0,594122988.0,594122988.0,,1.004,4854184000.0,0.0,-2328000.0,0.0,8.17,-511237000.0
98,CCL,MRQ,1997-03-31,1997-02-28,1997-02-28,2021-09-30,0.0,5087025000.0,,282751000.0,4804274000.0,,5.301,-62346000.0,88928000.0,88928000.0,296938000.0,85360000.0,0.387,0.615,1182603000.0,66368000.0,1116235000.0,1182603000.0,91385000.0,40697000.0,404462000.0,0.011,0.055,98425000.0,139122000.0,0.267,139122000.0,98425000.0,81335000.0,0.145,0.145,0.145,3149310000.0,,3149310000.0,11741894314.0,18.0,14.657,132254000.0,0.223,1.0,224144000.0,0.43,217843000.0,17090000.0,5232762000.0,,53667000.0,417566000.0,12443000.0,405123000.0,1937715000.0,730095000.0,1207620000.0,10470522314.0,-22701000.0,32135000.0,3404000.0,-161307000.0,-32416000.0,-190319000.0,-26982000.0,43000.0,194600000.0,0.0,85360000.0,85360000.0,85360000.0,0.0,0.0,0.164,120200000.0,103944000.0,110021000.0,0.379,3.325,18.222,17.803,4122496000.0,0.0,17.625,4.583,4.583,42860000.0,2260467000.0,521082000.0,521082000.0,0.0,,,,,0.0,79503000.0,1.0,594072188.0,594072188.0,,0.877,4869182000.0,0.0,-4025000.0,0.0,8.196,-447344000.0
99,CCL,MRQ,1996-12-31,1996-11-30,1996-11-30,2021-09-30,0.0,5101888000.0,,290933000.0,4810955000.0,,5.102,-293460000.0,111629000.0,111629000.0,278834000.0,114823000.0,0.439,0.683,1383001000.0,66369000.0,1316632000.0,1383001000.0,91630000.0,37390000.0,352698000.0,0.012,0.055,127065000.0,164455000.0,0.346,164455000.0,127065000.0,112862000.0,0.2,,0.2,3030884000.0,,3030884000.0,,,,-208179000.0,-0.35,1.0,196125000.0,0.413,219589000.0,14203000.0,5490929000.0,,53281000.0,442816000.0,12486000.0,430330000.0,2071004000.0,662742000.0,1408262000.0,9356636961.0,25878000.0,-1461000.0,729000.0,257065000.0,-26488000.0,231306000.0,-290709000.0,6375000.0,85281000.0,0.0,114823000.0,114823000.0,114823000.0,0.0,0.0,0.242,103024000.0,93101000.0,84748000.0,0.275,3.087,16.522,16.071,4099038000.0,0.0,15.75,4.229,4.229,38109000.0,2207781000.0,474959000.0,474959000.0,0.0,,,,,0.0,65634000.0,1.0,594072188.0,594072188.0,,0.799,4882299000.0,0.0,-1961000.0,0.0,8.218,-371809000.0
100,CCL,MRQ,1996-09-30,1996-08-31,1996-08-31,2021-09-30,,,,,,,,-57858000.0,,,396195000.0,268131000.0,,,,,,,,39661000.0,,0.012,0.045,300833000.0,340494000.0,0.441,340494000.0,300833000.0,284160000.0,0.46,,0.46,,,,,,,169347000.0,,1.0,375794000.0,0.487,,16673000.0,,,,,,,,,,,-3416000.0,1545000.0,1454000.0,-224585000.0,-26121000.0,-249252000.0,18631000.0,7236000.0,227205000.0,0.0,268131000.0,268131000.0,268131000.0,0.0,0.0,0.347,108639000.0,267155000.0,,0.098,,,,,0.0,14.625,,,,,771989000.0,771989000.0,0.0,,,,,0.0,68978000.0,1.0,,,,,,,16029000.0,,,
101,CCL,MRQ,1996-06-30,1996-05-31,1996-05-31,2021-09-30,,,,,,,,-202844000.0,,,302378000.0,106283000.0,,,,,,,,35101000.0,,0.012,0.045,121964000.0,157065000.0,0.304,157065000.0,121964000.0,104786000.0,0.185,,0.185,,,,,,,58279000.0,,1.0,214458000.0,0.415,,17178000.0,,,,,,,,,,,-202527000.0,-187893000.0,259000.0,-125732000.0,-25636000.0,-151109000.0,-312541000.0,3073000.0,261123000.0,0.0,106283000.0,106283000.0,106283000.0,0.0,0.0,0.206,104062000.0,110396000.0,,0.243,,,,,0.0,14.312,,,,,516836000.0,516836000.0,0.0,,,,,0.0,68961000.0,1.0,,,,,,,-1497000.0,,,
102,CCL,MRQ,1996-03-31,1996-02-29,1996-02-29,2021-09-30,,,,,,,,-253452000.0,,,263696000.0,77065000.0,,,,,,,,32835000.0,,0.012,0.045,89577000.0,122412000.0,0.273,122412000.0,89577000.0,73539000.0,0.135,,0.135,,,,,,,-85538000.0,,1.0,185092000.0,0.412,,16038000.0,,,,,,,,,,,238329000.0,794000.0,1286000.0,329367000.0,-25632000.0,305021000.0,-234606000.0,21026000.0,167914000.0,0.0,77065000.0,77065000.0,77065000.0,0.0,0.0,0.172,104117000.0,80975000.0,,0.333,,,,,0.0,14.062,,,,,448788000.0,448788000.0,0.0,,,,,0.0,71282000.0,1.0,,,,,,,-3526000.0,,,
103,CCL,MRQ,1995-12-31,1995-11-30,1995-11-30,2021-09-30,0.0,4105487000.0,,256378000.0,3849109000.0,,,,53365000.0,53365000.0,,,0.431,0.751,1222783000.0,72752000.0,1150031000.0,1222783000.0,15873000.0,,292606000.0,0.012,0.045,,,,,,,,,,2344873000.0,,2344873000.0,,,,,,1.0,,,226571000.0,,4453624000.0,,48820000.0,102189000.0,50395000.0,51794000.0,1760614000.0,594710000.0,1165904000.0,,,,,,,,,,,,,,,,,,,,90237000.0,,,,16.352,3414823000.0,,13.0,,,33080000.0,1752140000.0,,,,,,,,,,1.0,,,,,3878916000.0,0.0,,0.0,,-338332000.0
0,CCL,MRT,2021-09-30,2021-08-31,2021-08-31,2021-09-30,-1349000000.0,53514000000.0,54849250000.0,8909000000.0,44605000000.0,0.012,12.836,-4427000000.0,7151000000.0,7151000000.0,2861000000.0,-9103000000.0,0.939,2.6,32644000000.0,4544000000.0,28100000000.0,32644000000.0,0.0,2502000000.0,2707000000.0,0.0,0.0,-7534000000.0,-5032000000.0,-7.671,-5032000000.0,-7534000000.0,-9135000000.0,-8.3,-8.3,-8.3,14863000000.0,18276750000.0,14863000000.0,53120083573.0,-7.0,-10.556,-9820000000.0,-8.48,1.0,-2205000000.0,-3.361,2000000000.0,1601000000.0,67516000000.0,67102750000.0,322000000.0,647000000.0,647000000.0,0.0,38651000000.0,9491000000.0,29160000000.0,27953083573.0,-863000000.0,-90000000.0,3485000000.0,6423000000.0,0.0,9850000000.0,-5323000000.0,-646000000.0,-5393000000.0,3000000.0,-9103000000.0,-9103000000.0,-9103000000.0,0.0,0.0,-13.877,4633000000.0,-6838000000.0,672000000.0,0.0,1.881,-3.071,-2.908,40283000000.0,0.0,24.14,42.611,42.611,281000000.0,9194000000.0,656000000.0,656000000.0,0.0,-0.166,-0.498,-0.112,-11.485,148000000.0,1747000000.0,1.0,1157957066.0,1157957066.0,,0.567,51514000000.0,0.0,-32000000.0,0.0,44.487,-582000000.0
1,CCL,MRT,2021-06-30,2021-05-31,2021-05-31,2021-09-30,-1126000000.0,55064000000.0,54175250000.0,10198000000.0,44866000000.0,0.003,15.443,-3687000000.0,7067000000.0,7067000000.0,2359000000.0,-9125000000.0,1.165,2.08,32234000000.0,4949000000.0,27285000000.0,32234000000.0,0.0,2495000000.0,1992000000.0,0.0,0.0,-7643000000.0,-5148000000.0,-36.511,-5148000000.0,-7643000000.0,-9136000000.0,-9.49,-9.49,-9.49,17876000000.0,19436750000.0,17876000000.0,57272578597.0,-7.0,-11.125,-11046000000.0,-9.542,1.0,-2218000000.0,-15.73,2016000000.0,1493000000.0,69461000000.0,64425500000.0,308000000.0,2204000000.0,2204000000.0,0.0,37188000000.0,8754000000.0,28434000000.0,34217578597.0,321000000.0,-90000000.0,3699000000.0,10108000000.0,0.0,13748000000.0,-6139000000.0,-2204000000.0,-7359000000.0,71000000.0,-9125000000.0,-9125000000.0,-9125000000.0,0.0,0.0,-64.716,4897000000.0,-7115000000.0,499000000.0,0.0,1.914,-3.75,-3.115,40914000000.0,0.0,29.56,242.678,242.678,218000000.0,12030000000.0,141000000.0,141000000.0,0.0,-0.168,-0.469,-0.119,-54.206,133000000.0,1587000000.0,1.0,1157563552.0,1157563552.0,,0.122,53048000000.0,0.0,-11000000.0,0.0,45.827,1444000000.0
2,CCL,MRT,2021-03-31,2021-02-28,2021-02-28,2021-09-30,-1233000000.0,57226000000.0,52863500000.0,12459000000.0,44767000000.0,0.016,17.749,-3951000000.0,9674000000.0,9674000000.0,3623000000.0,-11427000000.0,1.446,1.888,32729000000.0,4951000000.0,27778000000.0,32729000000.0,0.0,2527000000.0,1826000000.0,0.0,0.0,-10223000000.0,-7696000000.0,-9.261,-7696000000.0,-10223000000.0,-11461000000.0,-13.73,-13.73,-13.73,19813000000.0,20177750000.0,19813000000.0,48728444199.0,-5.0,-6.332,-12671000000.0,-11.351,1.0,-2792000000.0,-3.36,2009000000.0,1238000000.0,69653000000.0,59902750000.0,312000000.0,1840000000.0,1840000000.0,0.0,37413000000.0,8619000000.0,28794000000.0,29861444199.0,8461000000.0,0.0,4256000000.0,18923000000.0,-345000000.0,22777000000.0,-5668000000.0,-1840000000.0,-8720000000.0,74000000.0,-11427000000.0,-11427000000.0,-11427000000.0,0.0,0.0,-13.751,6886000000.0,-9678000000.0,505000000.0,0.0,1.507,-2.613,-1.948,40937000000.0,0.0,26.75,35.934,35.934,250000000.0,14102000000.0,831000000.0,831000000.0,0.0,-0.216,-0.566,-0.171,-12.302,125000000.0,1662000000.0,1.0,1116315671.0,1116315671.0,,0.744,55217000000.0,0.0,-34000000.0,0.0,49.464,3840000000.0
3,CCL,MRT,2020-12-31,2020-11-30,2020-11-30,2021-09-30,-1436000000.0,53593000000.0,50292750000.0,10563000000.0,43030000000.0,0.111,22.757,-3286000000.0,9513000000.0,9513000000.0,6278000000.0,-10236000000.0,1.216,1.607,28380000000.0,4977000000.0,23403000000.0,28380000000.0,0.0,2413000000.0,1940000000.0,0.025,0.5,-9358000000.0,-6945000000.0,-1.241,-6945000000.0,-9358000000.0,-10253000000.0,-13.2,-13.2,-13.2,20555000000.0,21297000000.0,20555000000.0,36212751124.0,-4.0,-5.214,-9587000000.0,-10.614,1.0,-683000000.0,-0.122,1993000000.0,895000000.0,61781000000.0,53975000000.0,335000000.0,0.0,0.0,0.0,33038000000.0,8686000000.0,24352000000.0,18046751124.0,9161000000.0,-81000000.0,3237000000.0,16251000000.0,-689000000.0,18650000000.0,-3240000000.0,0.0,-6301000000.0,53000000.0,-10236000000.0,-10236000000.0,-10236000000.0,0.0,0.0,-1.829,8182000000.0,-8865000000.0,624000000.0,-0.038,0.878,-1.763,-1.514,39443000000.0,0.0,19.98,3.226,3.226,273000000.0,16075000000.0,5595000000.0,5595000000.0,0.0,-0.204,-0.481,-0.173,-1.673,105000000.0,1878000000.0,1.0,903240797.0,903240797.0,,6.194,51600000000.0,0.0,-17000000.0,0.0,57.128,1877000000.0
4,CCL,MRT,2020-09-30,2020-08-31,2020-08-31,2021-09-30,-1439000000.0,50818000000.0,48159000000.0,9268000000.0,41550000000.0,0.215,24.901,-3598000000.0,8176000000.0,8176000000.0,8800000000.0,-7590000000.0,0.91,1.606,26342000000.0,6145000000.0,20197000000.0,26342000000.0,0.0,2389000000.0,2150000000.0,0.061,1.0,-6981000000.0,-4592000000.0,-0.444,-4592000000.0,-6981000000.0,-7577000000.0,-10.28,-10.29,-10.28,19503000000.0,22499500000.0,19503000000.0,28276731620.0,-4.0,-6.158,-7186000000.0,-9.175,1.0,1542000000.0,0.149,1993000000.0,596000000.0,56807000000.0,49237000000.0,349000000.0,0.0,0.0,0.0,31315000000.0,10184000000.0,21131000000.0,12907731620.0,7022000000.0,-81000000.0,647000000.0,14378000000.0,-1035000000.0,13956000000.0,-3412000000.0,0.0,-3588000000.0,65000000.0,-7590000000.0,-7590000000.0,-7590000000.0,0.0,0.0,-0.734,8279000000.0,-6737000000.0,691000000.0,-0.097,0.662,-1.701,-1.603,38305000000.0,0.0,16.48,1.248,1.248,376000000.0,18297000000.0,10342000000.0,10342000000.0,0.0,-0.158,-0.337,-0.142,-0.675,60000000.0,2102000000.0,1.0,783236142.0,783236142.0,,13.204,48825000000.0,0.0,13000000.0,0.0,62.338,-916000000.0
5,CCL,MRT,2020-06-30,2020-05-31,2020-05-31,2021-09-30,-1962000000.0,49817000000.0,46454750000.0,8222000000.0,41595000000.0,0.363,29.337,-3820000000.0,6881000000.0,6881000000.0,11670000000.0,-2952000000.0,0.693,1.39,22250000000.0,6088000000.0,16162000000.0,22250000000.0,0.0,2347000000.0,2618000000.0,0.095,1.5,-2552000000.0,-205000000.0,-0.012,-205000000.0,-2552000000.0,-2890000000.0,-4.01,-4.02,-4.01,20840000000.0,23947500000.0,20840000000.0,24244980019.0,-10.0,-118.268,-3318000000.0,-4.671,1.0,5174000000.0,0.307,1958000000.0,338000000.0,51370000000.0,45185750000.0,362000000.0,0.0,0.0,0.0,28977000000.0,11858000000.0,17119000000.0,11180980019.0,5681000000.0,-81000000.0,261000000.0,9959000000.0,-1382000000.0,8796000000.0,-3615000000.0,0.0,502000000.0,-3000000.0,-2952000000.0,-2952000000.0,-2952000000.0,0.0,0.0,-0.175,7687000000.0,-2513000000.0,1809000000.0,-0.374,0.537,-3.788,-3.925,38552000000.0,0.0,15.74,0.664,0.664,604000000.0,21155000000.0,16844000000.0,16844000000.0,0.0,-0.064,-0.123,-0.056,-0.152,57000000.0,2400000000.0,1.0,710354512.0,710354512.0,,23.712,47859000000.0,0.0,62000000.0,0.0,67.373,-3636000000.0
6,CCL,MRT,2020-03-31,2020-02-29,2020-02-29,2021-09-30,-2028000000.0,46943000000.0,45128500000.0,2885000000.0,44058000000.0,0.464,34.203,-4374000000.0,1354000000.0,1354000000.0,12933000000.0,1873000000.0,0.269,0.933,14418000000.0,3368000000.0,11050000000.0,14418000000.0,0.0,2256000000.0,4690000000.0,0.06,2.0,2164000000.0,4420000000.0,0.211,4420000000.0,2164000000.0,1954000000.0,2.71,2.7,2.71,24290000000.0,24764500000.0,24290000000.0,34746420601.0,16.0,7.861,901000000.0,1.269,1.0,8009000000.0,0.382,3349000000.0,210000000.0,45942000000.0,42350250000.0,440000000.0,0.0,0.0,0.0,22653000000.0,10716000000.0,11937000000.0,23762420601.0,704000000.0,-81000000.0,-335000000.0,1599000000.0,-1383000000.0,-178000000.0,-4379000000.0,0.0,5275000000.0,-17000000.0,1873000000.0,1873000000.0,1873000000.0,0.0,0.0,0.089,5828000000.0,2181000000.0,904000000.0,0.738,0.978,12.687,12.347,39492000000.0,0.0,33.46,1.135,1.135,405000000.0,25527000000.0,20942000000.0,20942000000.0,0.0,0.042,0.076,0.051,0.103,46000000.0,2529000000.0,1.0,710173957.0,710173957.0,,29.489,43594000000.0,0.0,81000000.0,0.0,61.385,-7831000000.0
7,CCL,MRT,2019-12-31,2019-11-30,2019-11-30,2021-09-30,-2066000000.0,45058000000.0,44375250000.0,2059000000.0,42999000000.0,0.469,35.598,-5403000000.0,518000000.0,518000000.0,12882000000.0,2990000000.0,0.226,0.776,11502000000.0,1827000000.0,9675000000.0,11502000000.0,0.0,2160000000.0,4735000000.0,0.044,2.0,3267000000.0,5427000000.0,0.261,5427000000.0,3267000000.0,3061000000.0,4.34,4.32,4.34,25365000000.0,24752250000.0,25365000000.0,41706453271.0,13.0,7.685,72000000.0,0.101,1.0,7943000000.0,0.381,4086000000.0,206000000.0,42829000000.0,41140000000.0,427000000.0,0.0,0.0,0.0,19693000000.0,9127000000.0,10566000000.0,32121453271.0,-465000000.0,0.0,-599000000.0,1418000000.0,-1387000000.0,-655000000.0,-5277000000.0,0.0,5475000000.0,-9000000.0,2990000000.0,2990000000.0,2990000000.0,0.0,0.0,0.144,4666000000.0,3277000000.0,756000000.0,0.461,1.266,10.743,10.387,38131000000.0,0.0,45.08,1.542,1.542,444000000.0,26653000000.0,20825000000.0,20825000000.0,0.0,0.067,0.121,0.079,0.157,46000000.0,2480000000.0,1.0,712543329.0,712543329.0,,29.226,40972000000.0,0.0,71000000.0,0.0,57.501,-7068000000.0
8,CCL,MRT,2019-09-30,2019-08-31,2019-08-31,2021-09-30,-2183000000.0,44001000000.0,43711000000.0,2712000000.0,41289000000.0,0.469,35.309,-4291000000.0,1153000000.0,1153000000.0,12535000000.0,3060000000.0,0.304,0.74,10738000000.0,1845000000.0,8893000000.0,10738000000.0,0.0,2114000000.0,4674000000.0,0.045,2.0,3335000000.0,5449000000.0,0.266,5449000000.0,3335000000.0,3131000000.0,4.43,4.43,4.43,25295000000.0,24521750000.0,25295000000.0,41550327411.0,12.0,7.625,1236000000.0,1.725,1.0,7965000000.0,0.389,4052000000.0,204000000.0,40602000000.0,40042000000.0,482000000.0,0.0,0.0,0.0,18706000000.0,8932000000.0,9774000000.0,31578327411.0,628000000.0,-135000000.0,-728000000.0,1524000000.0,-1393000000.0,-665000000.0,-4214000000.0,0.0,5527000000.0,-19000000.0,3060000000.0,3060000000.0,3060000000.0,0.0,0.0,0.149,4621000000.0,3344000000.0,695000000.0,0.451,1.248,10.32,9.95,36466000000.0,0.0,44.08,1.54,1.54,441000000.0,26576000000.0,20500000000.0,20500000000.0,0.0,0.07,0.125,0.083,0.163,54000000.0,2469000000.0,1.0,716386738.0,716386738.0,,28.616,39949000000.0,0.0,71000000.0,0.0,55.765,-6220000000.0
9,CCL,MRT,2019-06-30,2019-05-31,2019-05-31,2021-09-30,-2076000000.0,44512000000.0,43149000000.0,2835000000.0,41677000000.0,0.459,33.624,-4276000000.0,1202000000.0,1202000000.0,11984000000.0,2987000000.0,0.273,0.846,11174000000.0,2094000000.0,9080000000.0,11174000000.0,0.0,2076000000.0,5815000000.0,0.039,2.0,3249000000.0,5325000000.0,0.269,5325000000.0,3249000000.0,3048000000.0,4.27,4.26,4.27,24108000000.0,24361500000.0,24108000000.0,47639311344.0,15.0,8.946,1355000000.0,1.89,1.0,7819000000.0,0.395,4079000000.0,201000000.0,40028000000.0,39564750000.0,501000000.0,0.0,0.0,0.0,20404000000.0,10377000000.0,10027000000.0,36702311344.0,148000000.0,-135000000.0,-1266000000.0,1595000000.0,-1403000000.0,-1147000000.0,-4329000000.0,0.0,5631000000.0,-8000000.0,2987000000.0,2987000000.0,2987000000.0,0.0,0.0,0.151,4571000000.0,3248000000.0,792000000.0,0.468,1.522,12.287,11.988,36814000000.0,0.0,51.19,1.853,1.853,405000000.0,25138000000.0,19803000000.0,19803000000.0,0.0,0.069,0.123,0.082,0.164,60000000.0,2479000000.0,1.0,716982054.0,716982054.0,,27.62,40433000000.0,0.0,61000000.0,0.0,56.393,-7542000000.0
10,CCL,MRT,2019-03-31,2019-02-28,2019-02-28,2021-09-30,-1869000000.0,43930000000.0,42567000000.0,2101000000.0,41829000000.0,0.454,33.734,-4915000000.0,649000000.0,649000000.0,11506000000.0,3097000000.0,0.218,0.812,11586000000.0,2452000000.0,9134000000.0,11586000000.0,0.0,2045000000.0,4755000000.0,0.035,2.0,3349000000.0,5394000000.0,0.279,5394000000.0,3349000000.0,3153000000.0,4.41,4.39,4.41,24241000000.0,24317750000.0,24241000000.0,50847082549.0,15.0,9.427,686000000.0,0.955,1.0,7816000000.0,0.405,4124000000.0,196000000.0,41101000000.0,38944500000.0,444000000.0,0.0,0.0,0.0,19689000000.0,9642000000.0,10047000000.0,41506082549.0,183000000.0,-135000000.0,-1521000000.0,2549000000.0,-1380000000.0,-420000000.0,-4985000000.0,0.0,5601000000.0,-12000000.0,3097000000.0,3097000000.0,3097000000.0,0.0,0.0,0.16,4525000000.0,3291000000.0,798000000.0,0.454,1.712,13.402,13.098,37005000000.0,0.0,57.76,2.148,2.148,406000000.0,25033000000.0,19322000000.0,19322000000.0,0.0,0.073,0.127,0.086,0.173,67000000.0,2463000000.0,1.0,718595612.0,718595612.0,,26.889,39806000000.0,0.0,56000000.0,0.0,55.394,-7541000000.0
11,CCL,MRT,2018-12-31,2018-11-30,2018-11-30,2021-09-30,-1949000000.0,42401000000.0,41944750000.0,2225000000.0,40176000000.0,0.45,33.706,-3360000000.0,982000000.0,982000000.0,11074000000.0,3152000000.0,0.242,0.735,10323000000.0,2426000000.0,7897000000.0,10323000000.0,0.0,2017000000.0,4395000000.0,0.032,1.95,3400000000.0,5417000000.0,0.287,5417000000.0,3400000000.0,3206000000.0,4.45,4.44,4.45,24443000000.0,24353000000.0,24443000000.0,52811781457.0,16.0,9.749,2189000000.0,3.019,1.0,7807000000.0,0.413,4101000000.0,194000000.0,38437000000.0,38040250000.0,450000000.0,0.0,0.0,0.0,17958000000.0,9204000000.0,8754000000.0,43720781457.0,574000000.0,-135000000.0,-1465000000.0,1403000000.0,-1355000000.0,-1460000000.0,-3514000000.0,0.0,5549000000.0,-1000000.0,3152000000.0,3152000000.0,3152000000.0,0.0,0.0,0.167,4483000000.0,3324000000.0,730000000.0,0.438,1.789,13.871,13.548,35336000000.0,0.0,60.29,2.316,2.316,358000000.0,25066000000.0,18881000000.0,18881000000.0,0.0,0.075,0.129,0.089,0.18,65000000.0,2450000000.0,1.0,725174680.0,725174680.0,,26.036,38300000000.0,0.0,54000000.0,0.0,52.815,-6979000000.0
12,CCL,MRT,2018-09-30,2018-08-31,2018-08-31,2021-09-30,-1840000000.0,41753000000.0,41539000000.0,1755000000.0,39998000000.0,0.45,33.461,-3150000000.0,526000000.0,526000000.0,10965000000.0,3205000000.0,0.219,0.694,9617000000.0,1320000000.0,8297000000.0,9617000000.0,0.0,1988000000.0,4418000000.0,0.031,1.9,3453000000.0,5441000000.0,0.291,5441000000.0,3453000000.0,3259000000.0,4.51,4.48,4.51,24654000000.0,24296250000.0,24654000000.0,54109593665.0,16.0,9.945,2310000000.0,3.135,1.0,7719000000.0,0.413,4131000000.0,194000000.0,38693000000.0,37583750000.0,405000000.0,0.0,0.0,0.0,17099000000.0,8020000000.0,9079000000.0,45305593665.0,-7000000.0,0.0,-1452000000.0,620000000.0,-1293000000.0,-2155000000.0,-3320000000.0,0.0,5460000000.0,7000000.0,3205000000.0,3205000000.0,3205000000.0,0.0,0.0,0.172,4399000000.0,3320000000.0,666000000.0,0.421,1.838,14.136,13.634,35178000000.0,0.0,61.49,2.425,2.425,366000000.0,24921000000.0,18684000000.0,18684000000.0,0.0,0.077,0.132,0.092,0.185,64000000.0,2410000000.0,1.0,736796124.0,736796124.0,,25.358,37622000000.0,0.0,54000000.0,0.0,51.062,-6265000000.0
13,CCL,MRT,2018-06-30,2018-05-31,2018-05-31,2021-09-30,-1855000000.0,42184000000.0,41261500000.0,2278000000.0,39906000000.0,0.445,32.268,-3184000000.0,1053000000.0,1053000000.0,11020000000.0,2827000000.0,0.245,0.763,9857000000.0,1685000000.0,8172000000.0,9857000000.0,0.0,1950000000.0,5308000000.0,0.029,1.8,3077000000.0,5027000000.0,0.274,5027000000.0,3077000000.0,2883000000.0,3.93,3.9,3.93,23933000000.0,24175750000.0,23933000000.0,55298484215.0,18.0,11.0,2376000000.0,3.203,1.0,7343000000.0,0.4,4133000000.0,194000000.0,37547000000.0,37198250000.0,402000000.0,0.0,0.0,0.0,18251000000.0,9308000000.0,8943000000.0,46192484215.0,411000000.0,0.0,-913000000.0,304000000.0,-1226000000.0,-1856000000.0,-3291000000.0,0.0,5560000000.0,-1000000.0,2827000000.0,2827000000.0,2827000000.0,0.0,0.0,0.154,4424000000.0,2919000000.0,745000000.0,0.458,1.93,16.34,15.847,35227000000.0,0.0,62.28,2.516,2.516,342000000.0,23564000000.0,18363000000.0,18363000000.0,0.0,0.069,0.117,0.083,0.168,61000000.0,2384000000.0,1.0,741690498.0,741690498.0,,24.758,38051000000.0,0.0,56000000.0,0.0,51.303,-7030000000.0
14,CCL,MRT,2018-03-31,2018-02-28,2018-02-28,2021-09-30,-1486000000.0,41441000000.0,40828250000.0,1667000000.0,39774000000.0,0.44,32.793,-3106000000.0,453000000.0,453000000.0,10775000000.0,2645000000.0,0.188,0.7,9559000000.0,2114000000.0,7445000000.0,9559000000.0,0.0,1895000000.0,4288000000.0,0.025,1.7,2898000000.0,4793000000.0,0.267,4793000000.0,2898000000.0,2703000000.0,3.66,3.64,3.66,24382000000.0,23933500000.0,24382000000.0,58548711831.0,20.0,12.215,2348000000.0,3.158,1.0,7176000000.0,0.4,4212000000.0,195000000.0,37484000000.0,36805250000.0,394000000.0,0.0,0.0,0.0,17059000000.0,8851000000.0,8208000000.0,49748711831.0,-15000000.0,0.0,-701000000.0,-382000000.0,-1156000000.0,-2265000000.0,-3236000000.0,0.0,5454000000.0,32000000.0,2645000000.0,2645000000.0,2645000000.0,0.0,0.0,0.147,4316000000.0,2860000000.0,795000000.0,0.464,2.04,18.809,18.281,35027000000.0,0.0,66.91,2.771,2.771,345000000.0,23360000000.0,17951000000.0,17951000000.0,0.0,0.065,0.111,0.079,0.161,61000000.0,2332000000.0,1.0,743516841.0,743516841.0,,24.143,37229000000.0,0.0,58000000.0,0.0,50.071,-7184000000.0
15,CCL,MRT,2017-12-31,2017-11-30,2017-11-30,2021-09-30,-1782000000.0,40778000000.0,40143750000.0,1596000000.0,39182000000.0,0.436,32.413,-2944000000.0,395000000.0,395000000.0,10501000000.0,2606000000.0,0.181,0.684,9195000000.0,2202000000.0,6993000000.0,9195000000.0,0.0,1846000000.0,3958000000.0,0.024,1.6,2864000000.0,4710000000.0,0.269,4710000000.0,2864000000.0,2666000000.0,3.61,3.59,3.61,24216000000.0,23503000000.0,24216000000.0,57720994452.0,20.0,12.255,2378000000.0,3.183,1.0,7009000000.0,0.4,4167000000.0,198000000.0,36611000000.0,36360000000.0,387000000.0,0.0,0.0,0.0,16562000000.0,8800000000.0,7762000000.0,49039994452.0,-241000000.0,0.0,-552000000.0,-789000000.0,-1087000000.0,-2452000000.0,-3122000000.0,0.0,5322000000.0,11000000.0,2606000000.0,2606000000.0,2606000000.0,0.0,0.0,0.149,4200000000.0,2809000000.0,762000000.0,0.443,2.025,18.818,18.183,34430000000.0,0.0,65.64,2.801,2.801,312000000.0,23292000000.0,17510000000.0,17510000000.0,0.0,0.065,0.111,0.079,0.164,63000000.0,2265000000.0,1.0,747105339.0,747105339.0,,23.437,36611000000.0,0.0,60000000.0,0.0,49.004,-7204000000.0
16,CCL,MRT,2017-09-30,2017-08-31,2017-08-31,2021-09-30,-1845000000.0,40643000000.0,39669500000.0,1661000000.0,38982000000.0,0.433,32.227,-2935000000.0,489000000.0,489000000.0,10203000000.0,2668000000.0,0.208,0.681,9170000000.0,1447000000.0,7723000000.0,9170000000.0,0.0,1803000000.0,4038000000.0,0.022,1.5,2924000000.0,4727000000.0,0.275,4727000000.0,2924000000.0,2719000000.0,3.68,3.67,3.68,24172000000.0,23098250000.0,24172000000.0,60934107285.0,21.0,12.891,2387000000.0,3.182,1.0,6983000000.0,0.406,4204000000.0,205000000.0,37151000000.0,36312250000.0,357000000.0,0.0,0.0,0.0,16471000000.0,7969000000.0,8502000000.0,52113107285.0,27000000.0,0.0,-535000000.0,-543000000.0,-1053000000.0,-2169000000.0,-3120000000.0,0.0,5322000000.0,-6000000.0,2668000000.0,2668000000.0,2668000000.0,0.0,0.0,0.155,4125000000.0,2858000000.0,639000000.0,0.408,2.156,19.533,18.88,34172000000.0,0.0,69.48,3.032,3.032,324000000.0,23066000000.0,17186000000.0,17186000000.0,0.0,0.067,0.116,0.081,0.17,63000000.0,2233000000.0,1.0,750044722.0,750044722.0,,22.913,36439000000.0,0.0,51000000.0,0.0,48.582,-6308000000.0
17,CCL,MRT,2017-06-30,2017-05-31,2017-05-31,2021-09-30,-2154000000.0,40451000000.0,39341750000.0,1774000000.0,38677000000.0,0.426,30.588,-2948000000.0,597000000.0,597000000.0,9753000000.0,2763000000.0,0.196,0.761,9418000000.0,1783000000.0,7635000000.0,9418000000.0,0.0,1773000000.0,4778000000.0,0.023,1.45,3033000000.0,4806000000.0,0.287,4806000000.0,3033000000.0,2816000000.0,3.77,3.77,3.77,22964000000.0,22780250000.0,22964000000.0,56755766366.0,19.0,11.809,2354000000.0,3.136,1.0,7015000000.0,0.418,4239000000.0,217000000.0,35975000000.0,36251750000.0,351000000.0,0.0,0.0,0.0,17487000000.0,9058000000.0,8429000000.0,48100766366.0,78000000.0,0.0,-1091000000.0,9000000.0,-1025000000.0,-2145000000.0,-3084000000.0,0.0,5302000000.0,5000000.0,2763000000.0,2763000000.0,2763000000.0,0.0,0.0,0.165,3988000000.0,3027000000.0,690000000.0,0.385,2.095,17.409,16.995,33823000000.0,0.0,64.07,2.869,2.869,319000000.0,22026000000.0,16768000000.0,16768000000.0,0.0,0.07,0.121,0.084,0.181,61000000.0,2215000000.0,1.0,750753338.0,750753338.0,,22.335,36212000000.0,0.0,53000000.0,0.0,48.234,-7284000000.0
18,CCL,MRT,2017-03-31,2017-02-28,2017-02-28,2021-09-30,-2440000000.0,38703000000.0,39191750000.0,1597000000.0,37106000000.0,0.422,30.138,-3118000000.0,437000000.0,437000000.0,9575000000.0,2989000000.0,0.214,0.708,9092000000.0,1296000000.0,7796000000.0,9092000000.0,0.0,1754000000.0,3734000000.0,0.025,1.4,3263000000.0,5017000000.0,0.304,5017000000.0,3263000000.0,3039000000.0,4.06,4.05,4.06,22660000000.0,22737000000.0,22660000000.0,50918357909.0,16.0,10.149,2150000000.0,2.86,1.0,6953000000.0,0.421,4190000000.0,224000000.0,35703000000.0,36407000000.0,361000000.0,0.0,0.0,0.0,16043000000.0,7465000000.0,8578000000.0,42067357909.0,-341000000.0,0.0,-1493000000.0,259000000.0,-999000000.0,-2259000000.0,-3338000000.0,0.0,5268000000.0,-12000000.0,2989000000.0,2989000000.0,2989000000.0,0.0,0.0,0.181,3948000000.0,3005000000.0,669000000.0,0.345,1.856,14.074,13.781,32328000000.0,0.0,55.95,2.545,2.545,307000000.0,21939000000.0,16528000000.0,16528000000.0,0.0,0.076,0.131,0.09,0.197,59000000.0,2194000000.0,1.0,751874136.0,751874136.0,,21.982,34513000000.0,0.0,50000000.0,0.0,45.903,-5868000000.0
19,CCL,MRT,2016-12-31,2016-11-30,2016-11-30,2021-09-30,-2454000000.0,38881000000.0,39127500000.0,1689000000.0,37192000000.0,0.419,29.967,-3036000000.0,603000000.0,603000000.0,9383000000.0,2779000000.0,0.239,0.721,9399000000.0,1097000000.0,8302000000.0,9399000000.0,0.0,1738000000.0,3522000000.0,0.026,1.35,3051000000.0,4789000000.0,0.292,4789000000.0,3051000000.0,2828000000.0,3.73,3.72,3.73,22597000000.0,22728250000.0,22597000000.0,47697183575.0,16.0,9.96,2098000000.0,2.782,1.0,7006000000.0,0.427,4185000000.0,223000000.0,36420000000.0,36430750000.0,322000000.0,0.0,0.0,0.0,16284000000.0,7072000000.0,9212000000.0,38766183575.0,-792000000.0,0.0,-2300000000.0,711000000.0,-977000000.0,-2591000000.0,-3323000000.0,0.0,5134000000.0,-12000000.0,2779000000.0,2779000000.0,2779000000.0,0.0,0.0,0.17,3935000000.0,3071000000.0,713000000.0,0.362,1.716,13.95,13.783,32429000000.0,0.0,51.41,2.365,2.365,298000000.0,21843000000.0,16389000000.0,16389000000.0,0.0,0.071,0.122,0.084,0.186,55000000.0,2197000000.0,1.0,754059202.0,754059202.0,,21.734,34696000000.0,0.0,49000000.0,0.0,46.012,-5383000000.0
20,CCL,MRT,2016-09-30,2016-08-31,2016-08-31,2021-09-30,-2012000000.0,39332000000.0,39216500000.0,1554000000.0,37778000000.0,0.412,29.843,-3012000000.0,462000000.0,462000000.0,9282000000.0,2441000000.0,0.219,0.718,9393000000.0,1073000000.0,8320000000.0,9393000000.0,0.0,1723000000.0,3585000000.0,0.027,1.3,2706000000.0,4429000000.0,0.274,4429000000.0,2706000000.0,2486000000.0,3.27,3.26,3.27,22900000000.0,23021750000.0,22900000000.0,45589209640.0,17.0,10.293,2076000000.0,2.705,1.0,6882000000.0,0.426,4254000000.0,220000000.0,36909000000.0,36164500000.0,314000000.0,0.0,0.0,0.0,16432000000.0,7100000000.0,9332000000.0,36679209640.0,-77000000.0,0.0,-2340000000.0,1469000000.0,-953000000.0,-1859000000.0,-3295000000.0,0.0,5088000000.0,-11000000.0,2441000000.0,2441000000.0,2441000000.0,0.0,0.0,0.151,3898000000.0,2984000000.0,704000000.0,0.398,1.602,15.026,14.618,32864000000.0,0.0,47.8,2.269,2.269,423000000.0,21488000000.0,16164000000.0,16164000000.0,0.0,0.062,0.106,0.075,0.167,57000000.0,2175000000.0,1.0,767347482.0,767347482.0,,21.065,35078000000.0,0.0,45000000.0,0.0,45.713,-5546000000.0
21,CCL,MRT,2016-06-30,2016-05-31,2016-05-31,2021-09-30,-1648000000.0,39851000000.0,39082750000.0,1600000000.0,38251000000.0,0.408,29.272,-2885000000.0,519000000.0,519000000.0,9209000000.0,2233000000.0,0.204,0.749,9429000000.0,1246000000.0,8183000000.0,9429000000.0,0.0,1680000000.0,4275000000.0,0.026,1.25,2483000000.0,4163000000.0,0.261,4163000000.0,2483000000.0,2271000000.0,2.9,2.89,2.9,22791000000.0,23385000000.0,22791000000.0,45460033591.0,18.0,10.92,2055000000.0,2.639,1.0,6741000000.0,0.423,4324000000.0,212000000.0,36596000000.0,35704750000.0,315000000.0,0.0,0.0,0.0,17060000000.0,7841000000.0,9219000000.0,37170033591.0,221000000.0,0.0,-1630000000.0,1083000000.0,-887000000.0,-1462000000.0,-3224000000.0,0.0,4940000000.0,-33000000.0,2233000000.0,2233000000.0,2233000000.0,0.0,0.0,0.14,3809000000.0,2932000000.0,667000000.0,0.431,1.631,16.646,16.462,33244000000.0,0.0,47.74,2.33,2.33,442000000.0,20320000000.0,15950000000.0,15950000000.0,0.0,0.057,0.095,0.07,0.156,58000000.0,2130000000.0,1.0,778593079.0,778593079.0,,20.486,35527000000.0,0.0,38000000.0,0.0,45.63,-6241000000.0
22,CCL,MRT,2016-03-31,2016-02-29,2016-02-29,2021-09-30,-1943000000.0,38446000000.0,38772750000.0,1860000000.0,36586000000.0,0.408,28.488,-1682000000.0,778000000.0,778000000.0,9355000000.0,1850000000.0,0.279,0.699,9068000000.0,1078000000.0,7990000000.0,9068000000.0,0.0,1648000000.0,3335000000.0,0.024,1.15,2102000000.0,3750000000.0,0.237,3750000000.0,2102000000.0,1890000000.0,2.38,2.38,2.38,22625000000.0,23500250000.0,22625000000.0,45481868162.0,22.0,12.128,2890000000.0,3.639,1.0,6480000000.0,0.409,4274000000.0,212000000.0,35798000000.0,35208500000.0,333000000.0,0.0,0.0,0.0,15821000000.0,6664000000.0,9157000000.0,38089868162.0,498000000.0,0.0,-1145000000.0,-14000000.0,-854000000.0,-2040000000.0,-1963000000.0,0.0,4572000000.0,-71000000.0,1850000000.0,1850000000.0,1850000000.0,0.0,0.0,0.117,3737000000.0,2743000000.0,619000000.0,0.483,1.684,20.589,20.151,31677000000.0,0.0,47.96,2.405,2.405,423000000.0,19976000000.0,15835000000.0,15835000000.0,0.0,0.048,0.079,0.06,0.133,60000000.0,2089000000.0,1.0,794200754.0,794200754.0,,19.938,34172000000.0,0.0,40000000.0,0.0,43.027,-4804000000.0
23,CCL,MRT,2015-12-31,2015-11-30,2015-11-30,2021-09-30,-1741000000.0,39237000000.0,38839750000.0,2451000000.0,36786000000.0,0.405,29.472,-2294000000.0,1395000000.0,1395000000.0,9447000000.0,1757000000.0,0.352,0.651,8787000000.0,1374000000.0,7413000000.0,8787000000.0,0.0,1626000000.0,3272000000.0,0.022,1.1,2016000000.0,3642000000.0,0.232,3642000000.0,2016000000.0,1799000000.0,2.26,2.26,2.26,23771000000.0,23681500000.0,23771000000.0,48076752290.0,24.0,13.201,2251000000.0,2.791,1.0,6267000000.0,0.399,4318000000.0,217000000.0,35355000000.0,35222500000.0,330000000.0,0.0,0.0,0.0,15466000000.0,6956000000.0,8510000000.0,40755752290.0,1064000000.0,0.0,-269000000.0,170000000.0,-816000000.0,-942000000.0,-2478000000.0,0.0,4545000000.0,-61000000.0,1757000000.0,1757000000.0,1757000000.0,0.0,0.0,0.112,3693000000.0,2574000000.0,627000000.0,0.487,1.715,23.196,22.358,31818000000.0,0.0,50.53,2.594,2.594,303000000.0,20060000000.0,15714000000.0,15714000000.0,0.0,0.045,0.074,0.057,0.128,55000000.0,2067000000.0,1.0,806565452.0,806565452.0,,19.483,34919000000.0,0.0,42000000.0,0.0,43.293,-4505000000.0
24,CCL,MRT,2015-09-30,2015-08-31,2015-08-31,2021-09-30,-1378000000.0,38797000000.0,38892500000.0,1617000000.0,37180000000.0,0.404,30.08,-2585000000.0,539000000.0,539000000.0,9727000000.0,1384000000.0,0.24,0.593,7860000000.0,1256000000.0,6604000000.0,7860000000.0,0.0,1614000000.0,3314000000.0,0.021,1.05,1674000000.0,3288000000.0,0.209,3288000000.0,1674000000.0,1432000000.0,1.78,1.77,1.78,24353000000.0,23789750000.0,24353000000.0,47828141358.0,29.0,14.546,1619000000.0,2.0,1.0,5996000000.0,0.381,4299000000.0,242000000.0,35070000000.0,35605500000.0,305000000.0,0.0,0.0,0.0,14444000000.0,6749000000.0,7695000000.0,39857141358.0,103000000.0,0.0,1000000.0,-559000000.0,-778000000.0,-1349000000.0,-2695000000.0,0.0,4204000000.0,-57000000.0,1384000000.0,1384000000.0,1384000000.0,0.0,0.0,0.088,3665000000.0,2331000000.0,578000000.0,0.59,1.637,28.799,27.657,32232000000.0,0.0,49.23,2.535,2.535,452000000.0,20023000000.0,15723000000.0,15723000000.0,0.0,0.036,0.058,0.047,0.106,53000000.0,2051000000.0,1.0,809610834.0,809610834.0,,19.42,34498000000.0,0.0,48000000.0,0.0,42.611,-5132000000.0
25,CCL,MRT,2015-06-30,2015-05-31,2015-05-31,2021-09-30,-1479000000.0,38611000000.0,39192500000.0,1479000000.0,37132000000.0,0.403,28.722,-2610000000.0,298000000.0,298000000.0,9997000000.0,1409000000.0,0.193,0.661,8269000000.0,1621000000.0,6648000000.0,8269000000.0,0.0,1629000000.0,3907000000.0,0.022,1.0,1681000000.0,3310000000.0,0.21,3310000000.0,1681000000.0,1423000000.0,1.82,1.81,1.82,23252000000.0,23990750000.0,23252000000.0,46365287862.0,28.0,14.008,1433000000.0,1.77,1.0,5790000000.0,0.367,4288000000.0,258000000.0,34611000000.0,36058250000.0,327000000.0,0.0,0.0,0.0,15359000000.0,7683000000.0,7676000000.0,37506287862.0,-45000000.0,0.0,0.0,-568000000.0,-776000000.0,-1370000000.0,-2666000000.0,0.0,4043000000.0,-52000000.0,1409000000.0,1409000000.0,1409000000.0,0.0,0.0,0.089,3677000000.0,2113000000.0,637000000.0,0.549,1.613,26.619,25.456,32179000000.0,0.0,46.33,2.376,2.376,556000000.0,19041000000.0,15787000000.0,15787000000.0,0.0,0.036,0.059,0.047,0.106,51000000.0,2048000000.0,1.0,809546468.0,809546468.0,,19.501,34323000000.0,0.0,14000000.0,0.0,42.398,-6204000000.0
26,CCL,MRT,2015-03-31,2015-02-28,2015-02-28,2021-09-30,-1339000000.0,38714000000.0,39671250000.0,1426000000.0,37288000000.0,0.399,28.872,-3130000000.0,280000000.0,280000000.0,10165000000.0,1285000000.0,0.192,0.658,9139000000.0,2195000000.0,6944000000.0,9139000000.0,0.0,1633000000.0,3147000000.0,0.023,1.0,1569000000.0,3202000000.0,0.202,3202000000.0,1569000000.0,1296000000.0,1.66,1.65,1.66,23350000000.0,24269000000.0,23350000000.0,44333501985.0,28.0,13.846,594000000.0,0.734,1.0,5665000000.0,0.358,4307000000.0,273000000.0,35854000000.0,36829000000.0,332000000.0,0.0,0.0,0.0,15364000000.0,7412000000.0,7952000000.0,35576501985.0,-141000000.0,0.0,0.0,91000000.0,-776000000.0,-715000000.0,-3132000000.0,0.0,3724000000.0,-18000000.0,1285000000.0,1285000000.0,1285000000.0,0.0,0.0,0.081,3694000000.0,1971000000.0,594000000.0,0.602,1.524,27.686,26.5,32294000000.0,0.0,43.99,2.247,2.247,492000000.0,19013000000.0,15830000000.0,15830000000.0,0.0,0.032,0.053,0.043,0.099,50000000.0,2061000000.0,1.0,808740668.0,808740668.0,,19.574,34407000000.0,0.0,11000000.0,0.0,42.544,-5986000000.0
27,CCL,MRT,2014-12-31,2014-11-30,2014-11-30,2021-09-30,-616000000.0,39448000000.0,39969000000.0,1488000000.0,37960000000.0,0.397,29.931,-2541000000.0,331000000.0,331000000.0,10421000000.0,1216000000.0,0.215,0.63,9088000000.0,1725000000.0,7363000000.0,9088000000.0,0.0,1637000000.0,3032000000.0,0.023,1.0,1513000000.0,3150000000.0,0.198,3150000000.0,1513000000.0,1225000000.0,1.57,1.56,1.57,24204000000.0,24549000000.0,24204000000.0,44141689544.0,29.0,14.013,889000000.0,1.099,1.0,5463000000.0,0.344,4397000000.0,288000000.0,36887000000.0,37336500000.0,349000000.0,0.0,0.0,0.0,15244000000.0,6921000000.0,8323000000.0,35710689544.0,-131000000.0,0.0,0.0,-223000000.0,-776000000.0,-1028000000.0,-2507000000.0,0.0,3430000000.0,-26000000.0,1216000000.0,1216000000.0,1216000000.0,0.0,0.0,0.077,3691000000.0,1772000000.0,626000000.0,0.637,1.475,29.367,28.127,32819000000.0,0.0,44.16,2.248,2.248,486000000.0,19158000000.0,15884000000.0,15884000000.0,0.0,0.03,0.05,0.041,0.095,52000000.0,2054000000.0,1.0,808665977.0,808665977.0,,19.642,35051000000.0,0.0,9000000.0,0.0,43.344,-5433000000.0
28,CCL,MRT,2014-09-30,2014-08-31,2014-08-31,2021-09-30,-28000000.0,39997000000.0,40133000000.0,1602000000.0,38395000000.0,0.394,31.12,-1972000000.0,436000000.0,436000000.0,10566000000.0,1362000000.0,0.227,0.59,8867000000.0,1900000000.0,6967000000.0,8867000000.0,0.0,1633000000.0,3130000000.0,0.026,1.0,1650000000.0,3283000000.0,0.207,3283000000.0,1650000000.0,1355000000.0,1.75,1.76,1.75,25157000000.0,24637000000.0,25157000000.0,39714232386.0,24.0,12.097,1296000000.0,1.603,1.0,5257000000.0,0.332,4491000000.0,295000000.0,36881000000.0,37609750000.0,358000000.0,0.0,0.0,0.0,14840000000.0,7056000000.0,7784000000.0,30621232386.0,-545000000.0,0.0,0.0,-1147000000.0,-776000000.0,-1939000000.0,-1866000000.0,0.0,3268000000.0,-8000000.0,1362000000.0,1362000000.0,1362000000.0,0.0,0.0,0.086,3671000000.0,1586000000.0,610000000.0,0.571,1.217,22.483,21.646,33073000000.0,0.0,37.88,1.935,1.935,478000000.0,19538000000.0,15823000000.0,15823000000.0,0.0,0.034,0.055,0.044,0.104,47000000.0,2038000000.0,1.0,808374667.0,808374667.0,,19.574,35506000000.0,0.0,-7000000.0,0.0,43.923,-5454000000.0
29,CCL,MRT,2014-06-30,2014-05-31,2014-05-31,2021-09-30,243000000.0,40526000000.0,40232000000.0,1625000000.0,38901000000.0,0.388,30.142,-1989000000.0,343000000.0,343000000.0,10723000000.0,1055000000.0,0.22,0.663,9436000000.0,1556000000.0,7880000000.0,9436000000.0,0.0,1625000000.0,3698000000.0,0.025,1.0,1351000000.0,2976000000.0,0.191,2976000000.0,1351000000.0,1049000000.0,1.35,1.36,1.35,24365000000.0,24412750000.0,24365000000.0,41546702449.0,31.0,13.961,962000000.0,1.19,1.0,4879000000.0,0.313,4524000000.0,302000000.0,37694000000.0,37765500000.0,383000000.0,0.0,0.0,0.0,16161000000.0,7401000000.0,8760000000.0,32357702449.0,-368000000.0,0.0,0.0,-611000000.0,-775000000.0,-1383000000.0,-1951000000.0,0.0,2951000000.0,15000000.0,1055000000.0,1055000000.0,1055000000.0,0.0,0.0,0.068,3634000000.0,1245000000.0,627000000.0,0.741,1.328,30.671,29.652,33515000000.0,0.0,40.03,2.074,2.074,587000000.0,18485000000.0,15602000000.0,15602000000.0,0.0,0.026,0.043,0.036,0.087,44000000.0,1996000000.0,1.0,808336309.0,808336309.0,,19.301,36002000000.0,0.0,-6000000.0,0.0,44.538,-5776000000.0
30,CCL,MRT,2014-03-31,2014-02-28,2014-02-28,2021-09-30,273000000.0,39905000000.0,40095250000.0,1645000000.0,38260000000.0,0.385,30.286,-2261000000.0,421000000.0,421000000.0,10638000000.0,998000000.0,0.246,0.631,9610000000.0,1618000000.0,7992000000.0,9610000000.0,0.0,1606000000.0,3080000000.0,0.025,1.0,1299000000.0,2905000000.0,0.188,2905000000.0,1299000000.0,991000000.0,1.27,1.28,1.27,24470000000.0,24141500000.0,24470000000.0,41141396785.0,32.0,14.162,651000000.0,0.806,1.0,4810000000.0,0.311,4522000000.0,308000000.0,37884000000.0,37502750000.0,381000000.0,0.0,0.0,0.0,15435000000.0,6688000000.0,8747000000.0,32043396785.0,-55000000.0,0.0,-25000000.0,56000000.0,-776000000.0,-739000000.0,-2238000000.0,0.0,2912000000.0,10000000.0,998000000.0,998000000.0,998000000.0,0.0,0.0,0.065,3560000000.0,1250000000.0,554000000.0,0.787,1.309,32.108,31.228,32991000000.0,0.0,39.66,2.074,2.074,527000000.0,18573000000.0,15448000000.0,15448000000.0,0.0,0.025,0.041,0.035,0.084,37000000.0,1941000000.0,1.0,807952516.0,807952516.0,,19.12,35383000000.0,0.0,-7000000.0,0.0,43.793,-5043000000.0
31,CCL,MRT,2013-12-31,2013-11-30,2013-11-30,2021-09-30,161000000.0,40104000000.0,39787750000.0,1937000000.0,38167000000.0,0.388,30.406,-2079000000.0,462000000.0,462000000.0,10645000000.0,1055000000.0,0.288,0.633,9560000000.0,1468000000.0,8092000000.0,9560000000.0,0.0,1590000000.0,3031000000.0,0.042,1.5,1368000000.0,2958000000.0,0.191,2958000000.0,1368000000.0,1049000000.0,1.36,1.36,1.36,24556000000.0,23904750000.0,24556000000.0,38200037123.0,28.0,12.914,755000000.0,0.935,1.0,4811000000.0,0.311,4502000000.0,319000000.0,37980000000.0,37121250000.0,374000000.0,0.0,0.0,0.0,15548000000.0,6720000000.0,8828000000.0,29163037123.0,-3000000.0,0.0,-103000000.0,479000000.0,-1164000000.0,-780000000.0,-2056000000.0,0.0,2834000000.0,-1000000.0,1055000000.0,1055000000.0,1055000000.0,0.0,0.0,0.068,3482000000.0,1329000000.0,639000000.0,1.103,1.188,27.643,26.551,32905000000.0,0.0,36.11,1.887,1.887,786000000.0,18782000000.0,15456000000.0,15456000000.0,0.0,0.027,0.044,0.037,0.089,42000000.0,1879000000.0,1.0,807616647.0,807616647.0,,19.138,35602000000.0,0.0,-6000000.0,0.0,44.083,-4783000000.0
32,CCL,MRT,2013-09-30,2013-08-31,2013-08-31,2021-09-30,-251000000.0,40393000000.0,39552000000.0,2634000000.0,37759000000.0,0.389,30.059,-1910000000.0,981000000.0,981000000.0,10554000000.0,1105000000.0,0.352,0.665,10018000000.0,2226000000.0,7792000000.0,10018000000.0,0.0,1578000000.0,2980000000.0,0.042,1.5,1422000000.0,3000000000.0,0.195,3000000000.0,1422000000.0,1108000000.0,1.42,1.42,1.42,24260000000.0,23748000000.0,24260000000.0,38278426506.0,27.0,12.759,972000000.0,1.204,1.0,4822000000.0,0.314,4438000000.0,314000000.0,37504000000.0,36568750000.0,388000000.0,0.0,0.0,0.0,16133000000.0,7488000000.0,8645000000.0,29127426506.0,413000000.0,0.0,-124000000.0,784000000.0,-1165000000.0,-482000000.0,-1979000000.0,0.0,2882000000.0,-8000000.0,1105000000.0,1105000000.0,1105000000.0,0.0,0.0,0.072,3398000000.0,1424000000.0,601000000.0,1.056,1.201,26.36,25.415,32498000000.0,0.0,36.09,1.894,1.894,894000000.0,18911000000.0,15376000000.0,15376000000.0,0.0,0.028,0.047,0.039,0.092,41000000.0,1807000000.0,1.0,807077487.0,807077487.0,,19.051,35955000000.0,0.0,3000000.0,0.0,44.55,-4854000000.0
33,CCL,MRT,2013-06-30,2013-05-31,2013-05-31,2021-09-30,-473000000.0,39979000000.0,39224250000.0,2324000000.0,37655000000.0,0.391,28.83,-1712000000.0,711000000.0,711000000.0,10234000000.0,1501000000.0,0.289,0.717,9862000000.0,2014000000.0,7848000000.0,9862000000.0,0.0,1555000000.0,3626000000.0,0.045,1.5,1831000000.0,3386000000.0,0.221,3386000000.0,1831000000.0,1509000000.0,1.93,1.93,1.93,23280000000.0,23731250000.0,23280000000.0,35639034718.0,19.0,10.525,1385000000.0,1.715,1.0,5100000000.0,0.333,4432000000.0,322000000.0,36643000000.0,36487000000.0,381000000.0,0.0,0.0,0.0,16699000000.0,8055000000.0,8644000000.0,26728034718.0,-189000000.0,0.0,-193000000.0,-245000000.0,-1168000000.0,-1589000000.0,-1689000000.0,0.0,3097000000.0,-8000000.0,1501000000.0,1501000000.0,1501000000.0,0.0,0.0,0.098,3332000000.0,1768000000.0,627000000.0,0.777,1.148,17.807,17.15,32481000000.0,0.0,33.1,1.743,1.743,1045000000.0,18170000000.0,15334000000.0,15334000000.0,0.0,0.038,0.063,0.05,0.119,41000000.0,1777000000.0,1.0,807493496.0,807493496.0,,18.99,35547000000.0,0.0,8000000.0,0.0,44.021,-5731000000.0
34,CCL,MRT,2013-03-31,2013-02-28,2013-02-28,2021-09-30,-399000000.0,38675000000.0,39095000000.0,1792000000.0,36883000000.0,0.394,29.121,-2236000000.0,476000000.0,476000000.0,10225000000.0,1474000000.0,0.264,0.644,9387000000.0,1765000000.0,7622000000.0,9387000000.0,0.0,1540000000.0,3015000000.0,0.042,1.5,1813000000.0,3353000000.0,0.218,3353000000.0,1813000000.0,1482000000.0,1.9,1.9,1.9,23523000000.0,23667750000.0,23523000000.0,37331168910.0,21.0,11.134,840000000.0,1.04,1.0,5168000000.0,0.336,4446000000.0,331000000.0,36358000000.0,36542000000.0,383000000.0,0.0,0.0,0.0,15152000000.0,6782000000.0,8370000000.0,28894168910.0,5000000.0,0.0,-168000000.0,-20000000.0,-1167000000.0,-1343000000.0,-1691000000.0,0.0,3076000000.0,-37000000.0,1474000000.0,1474000000.0,1474000000.0,0.0,0.0,0.096,3299000000.0,1869000000.0,570000000.0,0.789,1.228,19.603,18.826,31726000000.0,0.0,35.77,1.877,1.877,737000000.0,18322000000.0,15393000000.0,15393000000.0,0.0,0.038,0.062,0.05,0.118,43000000.0,1759000000.0,1.0,807776598.0,807776598.0,,19.056,34229000000.0,0.0,8000000.0,0.0,42.374,-4990000000.0
35,CCL,MRT,2012-12-31,2012-11-30,2012-11-30,2021-09-30,-207000000.0,39161000000.0,39167000000.0,1821000000.0,37340000000.0,0.393,29.555,-2286000000.0,465000000.0,465000000.0,10320000000.0,1298000000.0,0.248,0.637,8902000000.0,1734000000.0,7168000000.0,8902000000.0,0.0,1527000000.0,3076000000.0,0.026,1.0,1638000000.0,3165000000.0,0.206,3165000000.0,1638000000.0,1302000000.0,1.67,1.67,1.67,23929000000.0,23700250000.0,23929000000.0,39784873264.0,24.0,12.57,713000000.0,0.881,1.0,5062000000.0,0.329,4488000000.0,336000000.0,35770000000.0,36694500000.0,390000000.0,0.0,0.0,0.0,15232000000.0,7340000000.0,7892000000.0,31300873264.0,15000000.0,0.0,-90000000.0,-330000000.0,-779000000.0,-1190000000.0,-1772000000.0,0.0,2999000000.0,-22000000.0,1298000000.0,1298000000.0,1298000000.0,0.0,0.0,0.084,3420000000.0,1642000000.0,549000000.0,0.599,1.308,24.115,23.15,32137000000.0,0.0,38.66,2.035,2.035,730000000.0,18479000000.0,15382000000.0,15382000000.0,0.0,0.033,0.055,0.045,0.106,39000000.0,1720000000.0,1.0,809644937.0,809644937.0,,18.998,34673000000.0,0.0,4000000.0,0.0,42.825,-5519000000.0
36,CCL,MRT,2012-09-30,2012-08-31,2012-08-31,2021-09-30,-434000000.0,39082000000.0,39036000000.0,1941000000.0,37141000000.0,0.397,29.817,-2379000000.0,568000000.0,568000000.0,10338000000.0,1422000000.0,0.327,0.615,9052000000.0,763000000.0,8289000000.0,9052000000.0,0.0,1520000000.0,3078000000.0,0.029,1.0,1769000000.0,3289000000.0,0.212,3289000000.0,1769000000.0,1418000000.0,1.84,1.83,1.84,24193000000.0,23676000000.0,24193000000.0,37238821986.0,21.0,11.322,847000000.0,1.044,1.0,5163000000.0,0.333,4453000000.0,351000000.0,37177000000.0,36947750000.0,364000000.0,0.0,0.0,0.0,14889000000.0,5936000000.0,8953000000.0,28138821986.0,138000000.0,0.0,-235000000.0,-207000000.0,-781000000.0,-1222000000.0,-1836000000.0,0.0,3226000000.0,-30000000.0,1422000000.0,1422000000.0,1422000000.0,0.0,0.0,0.092,3389000000.0,1774000000.0,561000000.0,0.543,1.163,19.788,18.848,31972000000.0,0.0,34.68,1.815,1.815,788000000.0,18969000000.0,15501000000.0,15501000000.0,0.0,0.036,0.06,0.048,0.114,37000000.0,1696000000.0,1.0,811384717.0,811384717.0,,19.104,34629000000.0,0.0,-4000000.0,0.0,42.679,-3995000000.0
37,CCL,MRT,2012-06-30,2012-05-31,2012-05-31,2021-09-30,-521000000.0,39462000000.0,39272000000.0,2169000000.0,37293000000.0,0.404,28.378,-3025000000.0,900000000.0,900000000.0,10555000000.0,1429000000.0,0.299,0.714,10000000000.0,1608000000.0,8392000000.0,10000000000.0,0.0,1527000000.0,3634000000.0,0.031,1.0,1787000000.0,3314000000.0,0.209,3314000000.0,1787000000.0,1424000000.0,1.82,1.81,1.82,23026000000.0,23815750000.0,23026000000.0,35093993574.0,20.0,10.59,398000000.0,0.491,1.0,5320000000.0,0.335,4437000000.0,363000000.0,36863000000.0,37081250000.0,377000000.0,0.0,0.0,0.0,16436000000.0,7262000000.0,9174000000.0,26037993574.0,343000000.0,0.0,-454000000.0,686000000.0,-782000000.0,-551000000.0,-2477000000.0,0.0,3423000000.0,-52000000.0,1429000000.0,1429000000.0,1429000000.0,0.0,0.0,0.09,3408000000.0,1912000000.0,532000000.0,0.549,1.131,18.221,17.632,32133000000.0,0.0,32.09,1.64,1.64,689000000.0,17835000000.0,15875000000.0,15875000000.0,0.0,0.036,0.06,0.048,0.113,39000000.0,1708000000.0,1.0,811405222.0,811405222.0,,19.565,35025000000.0,0.0,-5000000.0,0.0,43.166,-5093000000.0
38,CCL,MRT,2012-03-31,2012-02-29,2012-02-29,2021-09-30,-67000000.0,38963000000.0,39347250000.0,2173000000.0,36790000000.0,0.406,29.164,-2745000000.0,471000000.0,471000000.0,10598000000.0,1621000000.0,0.332,0.647,9527000000.0,1563000000.0,7964000000.0,9527000000.0,0.0,1531000000.0,3046000000.0,0.033,1.0,1981000000.0,3512000000.0,0.22,3512000000.0,1981000000.0,1614000000.0,2.06,2.05,2.06,23653000000.0,24022250000.0,23653000000.0,33469199263.0,17.0,9.53,931000000.0,1.148,1.0,5359000000.0,0.336,4507000000.0,367000000.0,36968000000.0,37292250000.0,381000000.0,0.0,0.0,0.0,15310000000.0,6544000000.0,8766000000.0,24566199263.0,6000000.0,0.0,-454000000.0,347000000.0,-786000000.0,-913000000.0,-2736000000.0,0.0,3676000000.0,-21000000.0,1621000000.0,1621000000.0,1621000000.0,0.0,0.0,0.102,3421000000.0,1938000000.0,517000000.0,0.485,1.039,15.155,14.704,31475000000.0,0.0,30.29,1.54,1.54,1137000000.0,18015000000.0,15957000000.0,15957000000.0,0.0,0.041,0.067,0.053,0.124,43000000.0,1717000000.0,1.0,811033320.0,811033320.0,,19.675,34456000000.0,0.0,-7000000.0,0.0,42.484,-4371000000.0
39,CCL,MRT,2011-12-31,2011-11-30,2011-11-30,2021-09-30,-209000000.0,38637000000.0,39097750000.0,1312000000.0,37325000000.0,0.404,29.418,-2696000000.0,450000000.0,450000000.0,10299000000.0,1912000000.0,0.215,0.621,9353000000.0,1300000000.0,8053000000.0,9353000000.0,0.0,1522000000.0,3106000000.0,0.03,1.0,2277000000.0,3799000000.0,0.241,3799000000.0,2277000000.0,1912000000.0,2.43,2.42,2.43,23832000000.0,23967750000.0,23832000000.0,36287851598.0,16.0,9.552,1070000000.0,1.321,1.0,5494000000.0,0.348,4652000000.0,365000000.0,36783000000.0,37072250000.0,374000000.0,0.0,0.0,0.0,14805000000.0,6105000000.0,8700000000.0,26895851598.0,21000000.0,0.0,-454000000.0,4000000.0,-671000000.0,-1093000000.0,-2646000000.0,0.0,3766000000.0,-6000000.0,1912000000.0,1912000000.0,1912000000.0,0.0,0.0,0.121,3239000000.0,2255000000.0,576000000.0,0.412,1.129,14.067,13.663,32054000000.0,0.0,33.2,1.703,1.703,293000000.0,18349000000.0,15793000000.0,15793000000.0,0.0,0.049,0.08,0.061,0.144,46000000.0,1717000000.0,1.0,810116012.0,810116012.0,,19.495,33985000000.0,0.0,0.0,0.0,41.951,-4793000000.0
40,CCL,MRT,2011-09-30,2011-08-31,2011-08-31,2021-09-30,585000000.0,40026000000.0,38811000000.0,1397000000.0,38629000000.0,0.402,30.074,-3176000000.0,430000000.0,430000000.0,10086000000.0,1943000000.0,0.203,0.617,9822000000.0,2108000000.0,7714000000.0,9822000000.0,0.0,1504000000.0,3141000000.0,0.026,0.85,2324000000.0,3828000000.0,0.245,3828000000.0,2324000000.0,1958000000.0,2.45,2.45,2.45,24752000000.0,23767500000.0,24752000000.0,36469761592.0,16.0,9.527,574000000.0,0.697,1.0,5508000000.0,0.353,4826000000.0,366000000.0,37711000000.0,36884000000.0,366000000.0,0.0,0.0,0.0,15274000000.0,6881000000.0,8393000000.0,27184761592.0,-97000000.0,0.0,-287000000.0,169000000.0,-553000000.0,-685000000.0,-3175000000.0,0.0,3750000000.0,13000000.0,1943000000.0,1943000000.0,1943000000.0,0.0,0.0,0.125,3220000000.0,2288000000.0,548000000.0,0.347,1.098,13.991,13.482,33243000000.0,0.0,33.03,1.743,1.743,353000000.0,18319000000.0,15594000000.0,15594000000.0,0.0,0.05,0.082,0.063,0.149,49000000.0,1716000000.0,1.0,823032443.0,823032443.0,,18.947,35200000000.0,0.0,15000000.0,0.0,42.769,-5484000000.0
41,CCL,MRT,2011-06-30,2011-05-31,2011-05-31,2021-09-30,542000000.0,39763000000.0,38016250000.0,1499000000.0,38264000000.0,0.396,28.983,-3033000000.0,557000000.0,557000000.0,9661000000.0,1909000000.0,0.23,0.667,9842000000.0,1164000000.0,8678000000.0,9842000000.0,0.0,1469000000.0,3668000000.0,0.018,0.7,2289000000.0,3758000000.0,0.249,3758000000.0,2289000000.0,1929000000.0,2.41,2.38,2.41,23852000000.0,23228250000.0,23852000000.0,40779022490.0,18.0,10.851,792000000.0,0.962,1.0,5402000000.0,0.359,4820000000.0,360000000.0,37707000000.0,36221000000.0,365000000.0,0.0,0.0,0.0,15911000000.0,6521000000.0,9390000000.0,31939022490.0,-37000000.0,0.0,9000000.0,-471000000.0,-435000000.0,-888000000.0,-3032000000.0,0.0,3825000000.0,58000000.0,1909000000.0,1909000000.0,1909000000.0,0.0,0.0,0.127,3145000000.0,2257000000.0,552000000.0,0.29,1.339,16.731,16.104,32822000000.0,0.0,38.81,2.12,2.12,360000000.0,17186000000.0,15063000000.0,15063000000.0,0.0,0.05,0.082,0.063,0.152,49000000.0,1676000000.0,1.0,822958580.0,822958580.0,,18.303,34943000000.0,0.0,20000000.0,0.0,42.46,-5022000000.0
42,CCL,MRT,2011-03-31,2011-02-28,2011-02-28,2021-09-30,141000000.0,37965000000.0,37082750000.0,1365000000.0,36600000000.0,0.397,28.501,-2582000000.0,465000000.0,465000000.0,9305000000.0,1955000000.0,0.227,0.62,9305000000.0,1490000000.0,7815000000.0,9305000000.0,0.0,1438000000.0,2882000000.0,0.013,0.55,2344000000.0,3782000000.0,0.257,3782000000.0,2344000000.0,1976000000.0,2.47,2.44,2.47,23435000000.0,22481250000.0,23435000000.0,44020528171.0,19.0,11.639,1252000000.0,1.523,1.0,5405000000.0,0.367,4708000000.0,368000000.0,36088000000.0,35276500000.0,343000000.0,0.0,0.0,0.0,14530000000.0,6009000000.0,8521000000.0,35085528171.0,-288000000.0,0.0,18000000.0,-1360000000.0,-316000000.0,-1610000000.0,-2543000000.0,0.0,3834000000.0,31000000.0,1955000000.0,1955000000.0,1955000000.0,0.0,0.0,0.133,3078000000.0,2327000000.0,516000000.0,0.223,1.497,17.947,17.275,31225000000.0,0.0,42.67,2.385,2.385,308000000.0,17178000000.0,14710000000.0,14710000000.0,0.0,0.053,0.087,0.066,0.159,45000000.0,1640000000.0,1.0,822252828.0,822252828.0,,17.89,33257000000.0,0.0,21000000.0,0.0,40.446,-4644000000.0
43,CCL,MRT,2010-12-31,2010-11-30,2010-11-30,2021-09-30,-254000000.0,37490000000.0,36774500000.0,1244000000.0,36246000000.0,0.393,28.077,-3579000000.0,429000000.0,429000000.0,9092000000.0,1978000000.0,0.216,0.628,9364000000.0,1353000000.0,8011000000.0,9364000000.0,0.0,1416000000.0,2805000000.0,0.01,0.4,2357000000.0,3773000000.0,0.261,3773000000.0,2357000000.0,1979000000.0,2.51,2.47,2.51,23031000000.0,21977250000.0,23031000000.0,42570377453.0,18.0,11.283,239000000.0,0.291,1.0,5377000000.0,0.372,4640000000.0,378000000.0,36030000000.0,35333250000.0,320000000.0,0.0,0.0,0.0,14459000000.0,5755000000.0,8704000000.0,33885377453.0,-109000000.0,0.0,21000000.0,-192000000.0,-237000000.0,-404000000.0,-3501000000.0,0.0,3818000000.0,-22000000.0,1978000000.0,1978000000.0,1978000000.0,0.0,0.0,0.137,3030000000.0,2347000000.0,503000000.0,0.159,1.471,17.131,16.458,30967000000.0,0.0,41.31,2.342,2.342,248000000.0,17224000000.0,14469000000.0,14469000000.0,0.0,0.054,0.09,0.067,0.163,43000000.0,1614000000.0,1.0,820270575.0,820270575.0,,17.639,32850000000.0,0.0,1000000.0,0.0,40.048,-4511000000.0
44,CCL,MRT,2010-09-30,2010-08-31,2010-08-31,2021-09-30,-545000000.0,36847000000.0,36610750000.0,1445000000.0,35402000000.0,0.396,27.358,-3816000000.0,527000000.0,527000000.0,9182000000.0,1923000000.0,0.246,0.631,9212000000.0,1568000000.0,7644000000.0,9212000000.0,0.0,1394000000.0,2776000000.0,0.01,0.3,2309000000.0,3703000000.0,0.256,3703000000.0,2309000000.0,1925000000.0,2.43,2.4,2.43,22595000000.0,21729250000.0,22595000000.0,34917229216.0,15.0,9.429,-20000000.0,-0.024,1.0,5299000000.0,0.366,4597000000.0,384000000.0,35059000000.0,35470750000.0,291000000.0,0.0,0.0,0.0,14252000000.0,5876000000.0,8376000000.0,25751229216.0,-449000000.0,0.0,27000000.0,-443000000.0,-158000000.0,-543000000.0,-3666000000.0,0.0,3796000000.0,-36000000.0,1923000000.0,1923000000.0,1923000000.0,0.0,0.0,0.133,2999000000.0,2300000000.0,541000000.0,0.123,1.14,13.391,12.831,30162000000.0,0.0,31.18,1.778,1.778,388000000.0,17055000000.0,14481000000.0,14481000000.0,0.0,0.053,0.088,0.065,0.159,42000000.0,1605000000.0,1.0,825889327.0,825889327.0,,17.534,32250000000.0,0.0,2000000.0,0.0,39.049,-4431000000.0
45,CCL,MRT,2010-06-30,2010-05-31,2010-05-31,2021-09-30,-1029000000.0,36029000000.0,36488750000.0,1586000000.0,34443000000.0,0.386,25.075,-3592000000.0,594000000.0,594000000.0,9019000000.0,1693000000.0,0.235,0.727,9760000000.0,2079000000.0,7681000000.0,9760000000.0,0.0,1375000000.0,3208000000.0,0.006,0.2,2098000000.0,3473000000.0,0.246,3473000000.0,2098000000.0,1709000000.0,2.14,2.11,2.14,20864000000.0,21470500000.0,20864000000.0,40037529670.0,19.0,11.528,103000000.0,0.124,1.0,5074000000.0,0.36,4503000000.0,389000000.0,33929000000.0,35453000000.0,297000000.0,0.0,0.0,0.0,15165000000.0,6763000000.0,8402000000.0,30145529670.0,109000000.0,0.0,19000000.0,61000000.0,-79000000.0,-2000000.0,-3516000000.0,0.0,3695000000.0,-68000000.0,1693000000.0,1693000000.0,1693000000.0,0.0,0.0,0.12,2980000000.0,2094000000.0,548000000.0,0.093,1.445,17.806,16.93,29317000000.0,0.0,36.23,2.139,2.139,455000000.0,15830000000.0,14093000000.0,14093000000.0,0.0,0.046,0.079,0.059,0.149,41000000.0,1605000000.0,1.0,832059886.0,832059886.0,,16.937,31526000000.0,0.0,16000000.0,0.0,37.889,-5177000000.0
46,CCL,MRT,2010-03-31,2010-02-28,2010-02-28,2021-09-30,-273000000.0,36732000000.0,36367750000.0,1745000000.0,34987000000.0,0.379,25.698,-4243000000.0,753000000.0,753000000.0,8739000000.0,1705000000.0,0.308,0.715,10645000000.0,1712000000.0,8933000000.0,10645000000.0,0.0,1343000000.0,2515000000.0,0.003,0.1,2108000000.0,3451000000.0,0.251,3451000000.0,2108000000.0,1728000000.0,2.16,2.12,2.16,21419000000.0,21350750000.0,21419000000.0,39481103303.0,19.0,11.44,-810000000.0,-0.972,1.0,5035000000.0,0.366,4642000000.0,380000000.0,36315000000.0,35584750000.0,321000000.0,0.0,0.0,0.0,15313000000.0,5667000000.0,9646000000.0,29972103303.0,146000000.0,0.0,10000000.0,941000000.0,0.0,903000000.0,-4187000000.0,0.0,3433000000.0,-3000000.0,1705000000.0,1705000000.0,1705000000.0,0.0,0.0,0.124,2937000000.0,2098000000.0,528000000.0,0.046,1.399,17.579,16.648,29702000000.0,0.0,35.96,2.176,2.176,392000000.0,15657000000.0,13774000000.0,13774000000.0,0.0,0.047,0.08,0.059,0.153,46000000.0,1594000000.0,1.0,833484519.0,833484519.0,,16.526,32090000000.0,0.0,23000000.0,0.0,38.501,-3922000000.0
47,CCL,MRT,2009-12-31,2009-11-30,2009-11-30,2021-09-30,462000000.0,36835000000.0,35393750000.0,1518000000.0,35317000000.0,0.38,26.31,-3380000000.0,538000000.0,538000000.0,8407000000.0,1790000000.0,0.306,0.671,10047000000.0,950000000.0,9097000000.0,10047000000.0,0.0,1309000000.0,2575000000.0,0.0,0.0,2186000000.0,3495000000.0,0.26,3495000000.0,2186000000.0,1806000000.0,2.27,2.24,2.27,22039000000.0,20784500000.0,22039000000.0,35968762440.0,16.0,10.291,-38000000.0,-0.045,1.0,5053000000.0,0.375,4797000000.0,380000000.0,36580000000.0,34480500000.0,320000000.0,0.0,0.0,0.0,14796000000.0,4967000000.0,9829000000.0,26830762440.0,-112000000.0,0.0,8000000.0,155000000.0,-314000000.0,-93000000.0,-3384000000.0,0.0,3342000000.0,23000000.0,1790000000.0,1790000000.0,1790000000.0,0.0,0.0,0.133,2899000000.0,2154000000.0,568000000.0,0.0,1.217,14.989,14.11,29870000000.0,0.0,32.03,1.993,1.993,362000000.0,15561000000.0,13460000000.0,13460000000.0,0.0,0.051,0.086,0.063,0.162,50000000.0,1590000000.0,1.0,837676005.0,837676005.0,,16.068,32038000000.0,0.0,16000000.0,0.0,38.246,-3449000000.0
48,CCL,MRT,2009-09-30,2009-08-31,2009-08-31,2021-09-30,199000000.0,36359000000.0,34535000000.0,2098000000.0,34261000000.0,0.392,25.687,-3032000000.0,976000000.0,976000000.0,8394000000.0,1962000000.0,0.363,0.686,10114000000.0,1741000000.0,8373000000.0,10114000000.0,0.0,1277000000.0,2536000000.0,0.014,0.4,2362000000.0,3639000000.0,0.268,3639000000.0,2362000000.0,1969000000.0,2.5,2.46,2.5,21560000000.0,20049250000.0,21560000000.0,34344176164.0,15.0,9.438,110000000.0,0.131,1.0,5160000000.0,0.381,4734000000.0,393000000.0,34988000000.0,33273500000.0,309000000.0,0.0,0.0,0.0,14799000000.0,5775000000.0,9024000000.0,24550176164.0,184000000.0,0.0,-82000000.0,640000000.0,-630000000.0,66000000.0,-2995000000.0,0.0,3142000000.0,-29000000.0,1962000000.0,1962000000.0,1962000000.0,0.0,0.0,0.145,2850000000.0,2310000000.0,612000000.0,0.16,1.139,12.513,11.7,28882000000.0,0.0,29.25,1.811,1.811,476000000.0,15577000000.0,13554000000.0,13554000000.0,0.0,0.057,0.098,0.071,0.174,50000000.0,1573000000.0,1.0,839322262.0,839322262.0,,16.149,31625000000.0,0.0,7000000.0,0.0,37.679,-3677000000.0
49,CCL,MRT,2009-06-30,2009-05-31,2009-05-31,2021-09-30,107000000.0,35545000000.0,34264750000.0,1534000000.0,34011000000.0,0.415,24.289,-3716000000.0,485000000.0,485000000.0,8802000000.0,2222000000.0,0.249,0.744,10279000000.0,1962000000.0,8317000000.0,10279000000.0,0.0,1264000000.0,2852000000.0,0.031,0.8,2663000000.0,3927000000.0,0.276,3927000000.0,2663000000.0,2257000000.0,2.84,2.78,2.84,20385000000.0,19739500000.0,20385000000.0,30259148851.0,11.0,7.705,-699000000.0,-0.833,1.0,5427000000.0,0.381,4716000000.0,406000000.0,34456000000.0,32858000000.0,308000000.0,0.0,0.0,0.0,15160000000.0,6167000000.0,8993000000.0,21351148851.0,-503000000.0,0.0,2000000.0,1129000000.0,-945000000.0,243000000.0,-3639000000.0,0.0,3017000000.0,-124000000.0,2222000000.0,2222000000.0,2222000000.0,0.0,0.0,0.156,2828000000.0,2599000000.0,543000000.0,0.282,1.047,9.609,8.958,28663000000.0,0.0,25.44,1.501,1.501,424000000.0,14504000000.0,14229000000.0,14229000000.0,0.0,0.065,0.113,0.081,0.187,52000000.0,1564000000.0,1.0,839274719.0,839274719.0,,16.954,30829000000.0,0.0,35000000.0,0.0,36.733,-4633000000.0
50,CCL,MRT,2009-03-31,2009-02-28,2009-02-28,2021-09-30,-847000000.0,32836000000.0,34246500000.0,1559000000.0,31277000000.0,0.428,22.84,-3401000000.0,607000000.0,607000000.0,9076000000.0,2348000000.0,0.292,0.714,9515000000.0,1825000000.0,7690000000.0,9515000000.0,0.0,1259000000.0,2280000000.0,0.061,1.2,2801000000.0,4060000000.0,0.277,4060000000.0,2801000000.0,2383000000.0,3.0,2.94,3.0,19154000000.0,19625750000.0,19154000000.0,25096494535.0,9.0,6.181,-78000000.0,-0.093,1.0,5583000000.0,0.381,4506000000.0,418000000.0,31898000000.0,32203500000.0,305000000.0,0.0,0.0,0.0,13682000000.0,5340000000.0,8342000000.0,16403494535.0,-359000000.0,0.0,2000000.0,929000000.0,-1259000000.0,-239000000.0,-3307000000.0,0.0,3323000000.0,-136000000.0,2348000000.0,2348000000.0,2348000000.0,0.0,0.0,0.16,2855000000.0,2728000000.0,496000000.0,0.4,0.856,6.986,6.52,26225000000.0,0.0,19.56,1.119,1.119,402000000.0,14240000000.0,14659000000.0,14659000000.0,0.0,0.069,0.12,0.087,0.191,50000000.0,1596000000.0,1.0,838624465.0,838624465.0,,17.48,28330000000.0,0.0,35000000.0,0.0,33.782,-3781000000.0
51,CCL,MRT,2008-12-31,2008-11-30,2008-11-30,2021-09-30,-623000000.0,33400000000.0,34573750000.0,1650000000.0,31750000000.0,0.432,22.803,-3353000000.0,650000000.0,650000000.0,9340000000.0,2324000000.0,0.285,0.749,9343000000.0,1608000000.0,7735000000.0,9343000000.0,0.0,1249000000.0,2519000000.0,0.076,1.6,2791000000.0,4040000000.0,0.27,4040000000.0,2791000000.0,2371000000.0,2.96,2.9,2.96,19098000000.0,19772250000.0,19098000000.0,26324224122.0,9.0,6.516,38000000.0,0.045,1.0,5607000000.0,0.375,4560000000.0,420000000.0,31752000000.0,31727500000.0,315000000.0,0.0,0.0,0.0,14302000000.0,5781000000.0,8521000000.0,17588224122.0,-293000000.0,0.0,-83000000.0,1042000000.0,-1261000000.0,-315000000.0,-3255000000.0,0.0,3391000000.0,-114000000.0,2324000000.0,2324000000.0,2324000000.0,0.0,0.0,0.155,2878000000.0,2729000000.0,512000000.0,0.541,0.921,7.568,7.095,26457000000.0,0.0,21.0,1.177,1.177,418000000.0,13980000000.0,14947000000.0,14947000000.0,0.0,0.067,0.118,0.088,0.187,50000000.0,1629000000.0,1.0,837534482.0,837534482.0,,17.846,28840000000.0,0.0,47000000.0,0.0,34.434,-4131000000.0
52,CCL,MRT,2008-09-30,2008-08-31,2008-08-31,2021-09-30,666000000.0,35278000000.0,34769000000.0,2053000000.0,33225000000.0,0.416,24.266,-3659000000.0,792000000.0,792000000.0,8892000000.0,2317000000.0,0.352,0.736,9528000000.0,1183000000.0,8345000000.0,9528000000.0,0.0,1226000000.0,2917000000.0,0.043,1.6,2757000000.0,3983000000.0,0.275,3983000000.0,2757000000.0,2355000000.0,2.96,2.88,2.96,20321000000.0,19988500000.0,20321000000.0,39497105991.0,14.0,9.916,77000000.0,0.092,1.0,5576000000.0,0.385,4859000000.0,402000000.0,33326000000.0,31246250000.0,365000000.0,0.0,0.0,0.0,14957000000.0,5829000000.0,9128000000.0,31035105991.0,-620000000.0,-339000000.0,-263000000.0,796000000.0,-1222000000.0,-726000000.0,-3612000000.0,300000000.0,3736000000.0,-18000000.0,2317000000.0,2317000000.0,2317000000.0,0.0,0.0,0.16,2874000000.0,2702000000.0,505000000.0,0.541,1.527,13.395,12.52,27735000000.0,0.0,37.06,2.145,2.145,642000000.0,13925000000.0,14468000000.0,14468000000.0,0.0,0.067,0.116,0.088,0.191,54000000.0,1648000000.0,1.0,837428656.0,837428656.0,,17.277,30419000000.0,0.0,38000000.0,0.0,36.324,-3776000000.0
53,CCL,MRT,2008-06-30,2008-05-31,2008-05-31,2021-09-30,1306000000.0,35472000000.0,34246500000.0,2179000000.0,33293000000.0,0.408,23.807,-2913000000.0,988000000.0,988000000.0,8447000000.0,2361000000.0,0.307,0.78,9450000000.0,1761000000.0,7689000000.0,9450000000.0,0.0,1182000000.0,3605000000.0,0.039,1.55,2775000000.0,3957000000.0,0.283,3957000000.0,2775000000.0,2386000000.0,2.99,2.9,2.99,19930000000.0,19835250000.0,19930000000.0,41760268459.0,15.0,10.554,880000000.0,1.051,1.0,5528000000.0,0.396,5007000000.0,389000000.0,31838000000.0,30045000000.0,349000000.0,0.0,0.0,0.0,15542000000.0,7089000000.0,8453000000.0,33536268459.0,-871000000.0,-339000000.0,-450000000.0,-93000000.0,-1185000000.0,-1674000000.0,-3070000000.0,173000000.0,3793000000.0,80000000.0,2361000000.0,2361000000.0,2361000000.0,0.0,0.0,0.169,2821000000.0,2707000000.0,454000000.0,0.518,1.683,14.204,13.398,27666000000.0,0.0,40.06,2.4,2.4,542000000.0,12907000000.0,13975000000.0,13975000000.0,0.0,0.069,0.119,0.092,0.199,62000000.0,1639000000.0,1.0,837150985.0,837150985.0,,16.694,30465000000.0,0.0,25000000.0,0.0,36.391,-4910000000.0
54,CCL,MRT,2008-03-31,2008-02-29,2008-02-29,2021-09-30,1219000000.0,34145000000.0,33675250000.0,2023000000.0,32122000000.0,0.401,23.59,-2933000000.0,966000000.0,966000000.0,8051000000.0,2361000000.0,0.274,0.73,9190000000.0,2919000000.0,6271000000.0,9190000000.0,0.0,1142000000.0,2794000000.0,0.038,1.5,2752000000.0,3894000000.0,0.289,3894000000.0,2752000000.0,2371000000.0,2.98,2.89,2.98,19740000000.0,19497500000.0,19740000000.0,40837333611.0,15.0,10.487,912000000.0,1.09,1.0,5446000000.0,0.403,4982000000.0,381000000.0,29994000000.0,28882250000.0,331000000.0,0.0,0.0,0.0,14405000000.0,7393000000.0,7012000000.0,32928333611.0,385000000.0,-339000000.0,-439000000.0,1167000000.0,-1089000000.0,-309000000.0,-3217000000.0,63000000.0,3845000000.0,66000000.0,2361000000.0,2361000000.0,2361000000.0,0.0,0.0,0.175,2762000000.0,2684000000.0,477000000.0,0.503,1.668,13.947,13.205,26542000000.0,0.0,39.35,2.44,2.44,434000000.0,12832000000.0,13497000000.0,13497000000.0,0.0,0.07,0.121,0.095,0.204,64000000.0,1620000000.0,1.0,836806445.0,836806445.0,,16.129,29163000000.0,0.0,10000000.0,0.0,34.85,-5370000000.0
55,CCL,MRT,2007-12-31,2007-11-30,2007-11-30,2021-09-30,1296000000.0,34181000000.0,32754250000.0,1976000000.0,32205000000.0,0.398,23.846,-3312000000.0,943000000.0,943000000.0,7628000000.0,2408000000.0,0.272,0.712,8852000000.0,2539000000.0,6313000000.0,8852000000.0,0.0,1101000000.0,2807000000.0,0.03,1.375,2791000000.0,3892000000.0,0.299,3892000000.0,2791000000.0,2424000000.0,3.04,2.95,3.04,19963000000.0,19147000000.0,19963000000.0,44942911917.0,16.0,11.548,757000000.0,0.904,1.0,5405000000.0,0.415,5003000000.0,367000000.0,29827000000.0,28265500000.0,331000000.0,0.0,0.0,0.0,14218000000.0,7260000000.0,6958000000.0,37772911917.0,-220000000.0,-339000000.0,-326000000.0,668000000.0,-990000000.0,-604000000.0,-3746000000.0,-20000000.0,4069000000.0,61000000.0,2408000000.0,2408000000.0,2408000000.0,0.0,0.0,0.185,2680000000.0,2725000000.0,561000000.0,0.452,1.892,15.686,14.842,26639000000.0,0.0,45.12,2.898,2.898,436000000.0,12921000000.0,13033000000.0,13033000000.0,0.0,0.074,0.126,0.099,0.214,64000000.0,1579000000.0,1.0,837165601.0,837165601.0,,15.568,29178000000.0,0.0,16000000.0,0.0,34.853,-5284000000.0
56,CCL,MRT,2007-09-30,2007-08-31,2007-08-31,2021-09-30,885000000.0,33188000000.0,31847000000.0,2722000000.0,30466000000.0,0.399,23.546,-2674000000.0,1412000000.0,1412000000.0,7323000000.0,2466000000.0,0.381,0.684,8582000000.0,2847000000.0,5735000000.0,8582000000.0,0.0,1072000000.0,2620000000.0,0.027,1.25,2842000000.0,3914000000.0,0.308,3914000000.0,2842000000.0,2489000000.0,3.11,3.02,3.11,19708000000.0,18708750000.0,19708000000.0,45427620257.0,16.0,11.606,1343000000.0,1.605,1.0,5396000000.0,0.424,4690000000.0,353000000.0,28521000000.0,27605500000.0,297000000.0,341000000.0,341000000.0,0.0,13480000000.0,7147000000.0,6333000000.0,38159620257.0,818000000.0,0.0,-153000000.0,897000000.0,-911000000.0,-109000000.0,-3098000000.0,-320000000.0,4017000000.0,8000000.0,2466000000.0,2466000000.0,2466000000.0,0.0,0.0,0.194,2618000000.0,2778000000.0,468000000.0,0.402,1.936,15.474,14.659,25134000000.0,0.0,45.59,3.0,3.0,423000000.0,12878000000.0,12719000000.0,12719000000.0,0.0,0.077,0.132,0.103,0.223,69000000.0,1546000000.0,1.0,837017334.0,837017334.0,,15.196,28498000000.0,0.0,23000000.0,0.0,34.047,-4425000000.0
57,CCL,MRT,2007-06-30,2007-05-31,2007-05-31,2021-09-30,772000000.0,33187000000.0,31016500000.0,3019000000.0,30168000000.0,0.397,22.211,-2989000000.0,1859000000.0,1859000000.0,7109000000.0,2321000000.0,0.351,0.786,9127000000.0,3702000000.0,5425000000.0,9127000000.0,0.0,1048000000.0,3200000000.0,0.023,1.15,2675000000.0,3723000000.0,0.303,3723000000.0,2675000000.0,2336000000.0,2.93,2.84,2.93,18579000000.0,18251500000.0,18579000000.0,49251342794.0,18.0,13.229,850000000.0,1.016,1.0,5194000000.0,0.422,4659000000.0,339000000.0,27187000000.0,27332250000.0,282000000.0,214000000.0,214000000.0,0.0,14608000000.0,8609000000.0,5999000000.0,42192342794.0,1289000000.0,0.0,-364000000.0,1787000000.0,-834000000.0,652000000.0,-3213000000.0,-201000000.0,3839000000.0,11000000.0,2321000000.0,2321000000.0,2321000000.0,0.0,0.0,0.189,2566000000.0,2628000000.0,498000000.0,0.392,2.271,18.179,17.215,25019000000.0,0.0,50.44,3.429,3.429,401000000.0,11778000000.0,12303000000.0,12303000000.0,0.0,0.075,0.127,0.098,0.217,66000000.0,1518000000.0,1.0,836485781.0,836485781.0,,14.708,28528000000.0,0.0,15000000.0,0.0,34.105,-5590000000.0
58,CCL,MRT,2007-03-31,2007-02-28,2007-02-28,2021-09-30,673000000.0,30461000000.0,30045750000.0,1509000000.0,28952000000.0,0.402,21.952,-2360000000.0,581000000.0,581000000.0,6966000000.0,2311000000.0,0.282,0.661,7640000000.0,1468000000.0,6172000000.0,7640000000.0,0.0,1016000000.0,2417000000.0,0.023,1.05,2652000000.0,3668000000.0,0.304,3668000000.0,2652000000.0,2332000000.0,2.91,2.82,2.91,18338000000.0,17880500000.0,18338000000.0,45478368897.0,17.0,12.399,1257000000.0,1.505,1.0,5099000000.0,0.423,4637000000.0,320000000.0,27527000000.0,27003250000.0,265000000.0,104000000.0,104000000.0,0.0,12123000000.0,5356000000.0,6767000000.0,38794368897.0,186000000.0,0.0,-843000000.0,625000000.0,-818000000.0,-969000000.0,-2467000000.0,-92000000.0,3617000000.0,5000000.0,2311000000.0,2311000000.0,2311000000.0,0.0,0.0,0.192,2482000000.0,2617000000.0,408000000.0,0.361,2.116,16.787,15.959,23837000000.0,0.0,46.44,3.215,3.215,287000000.0,11665000000.0,12065000000.0,12065000000.0,0.0,0.077,0.129,0.098,0.22,67000000.0,1466000000.0,1.0,835365394.0,835365394.0,,14.443,25824000000.0,0.0,21000000.0,0.0,30.913,-3847000000.0
59,CCL,MRT,2006-12-31,2006-11-30,2006-11-30,2021-09-30,661000000.0,30552000000.0,29509500000.0,1995000000.0,28557000000.0,0.401,21.799,-2480000000.0,1163000000.0,1163000000.0,6791000000.0,2279000000.0,0.368,0.678,7847000000.0,1492000000.0,6355000000.0,7847000000.0,0.0,988000000.0,2336000000.0,0.021,1.025,2630000000.0,3618000000.0,0.306,3618000000.0,2630000000.0,2318000000.0,2.85,2.77,2.85,18210000000.0,17590750000.0,18210000000.0,47888550652.0,18.0,13.236,1153000000.0,1.38,1.0,5048000000.0,0.426,4634000000.0,312000000.0,27187000000.0,26487750000.0,263000000.0,0.0,0.0,0.0,12342000000.0,5415000000.0,6927000000.0,40924550652.0,-15000000.0,0.0,-841000000.0,365000000.0,-803000000.0,-1212000000.0,-2443000000.0,-12000000.0,3633000000.0,7000000.0,2279000000.0,2279000000.0,2279000000.0,0.0,0.0,0.192,2435000000.0,2613000000.0,438000000.0,0.36,2.247,17.957,17.189,23458000000.0,0.0,48.99,3.457,3.457,280000000.0,11600000000.0,11839000000.0,11839000000.0,0.0,0.077,0.13,0.099,0.222,68000000.0,1447000000.0,1.0,835365394.0,835365394.0,,14.172,25918000000.0,0.0,39000000.0,0.0,31.026,-3420000000.0
60,CCL,MRT,2006-09-30,2006-08-31,2006-08-31,2021-09-30,522000000.0,29866000000.0,28958750000.0,1551000000.0,28315000000.0,0.401,21.299,-2527000000.0,594000000.0,594000000.0,6663000000.0,2199000000.0,0.322,0.67,7558000000.0,1002000000.0,6556000000.0,7558000000.0,0.0,957000000.0,2326000000.0,0.024,1.0,2583000000.0,3540000000.0,0.305,3540000000.0,2583000000.0,2271000000.0,2.75,2.67,2.75,17879000000.0,17259000000.0,17879000000.0,41849624367.0,16.0,11.822,919000000.0,1.095,1.0,4940000000.0,0.426,4592000000.0,312000000.0,27428000000.0,25903500000.0,278000000.0,21000000.0,21000000.0,0.0,11987000000.0,4810000000.0,7177000000.0,35172624367.0,-545000000.0,0.0,-1096000000.0,161000000.0,-769000000.0,-1694000000.0,-2319000000.0,213000000.0,3446000000.0,22000000.0,2199000000.0,2199000000.0,2199000000.0,0.0,0.0,0.19,2369000000.0,2571000000.0,498000000.0,0.364,1.967,15.995,15.236,23263000000.0,0.0,41.9,3.031,3.031,396000000.0,11402000000.0,11603000000.0,11603000000.0,0.0,0.076,0.127,0.1,0.223,52000000.0,1412000000.0,1.0,839442109.0,839442109.0,,13.822,25274000000.0,0.0,72000000.0,0.0,30.108,-3259000000.0
61,CCL,MRT,2006-06-30,2006-05-31,2006-05-31,2021-09-30,473000000.0,29304000000.0,28683750000.0,1506000000.0,27798000000.0,0.394,20.08,-2351000000.0,570000000.0,570000000.0,6448000000.0,2148000000.0,0.273,0.714,7247000000.0,1202000000.0,6045000000.0,7247000000.0,0.0,928000000.0,2953000000.0,0.024,0.95,2547000000.0,3475000000.0,0.307,3475000000.0,2547000000.0,2234000000.0,2.66,2.58,2.66,17095000000.0,17061750000.0,17095000000.0,40514378555.0,16.0,11.659,1183000000.0,1.39,1.0,4857000000.0,0.43,4598000000.0,313000000.0,25871000000.0,25509250000.0,278000000.0,13000000.0,13000000.0,0.0,12209000000.0,5512000000.0,6697000000.0,33976378555.0,-151000000.0,0.0,-767000000.0,-126000000.0,-729000000.0,-1623000000.0,-2061000000.0,290000000.0,3534000000.0,-1000000.0,2148000000.0,2148000000.0,2148000000.0,0.0,0.0,0.19,2305000000.0,2552000000.0,411000000.0,0.357,1.988,15.818,15.004,22772000000.0,0.0,39.91,3.005,3.005,405000000.0,10369000000.0,11305000000.0,11305000000.0,0.0,0.075,0.126,0.1,0.225,39000000.0,1377000000.0,1.0,851324945.0,851324945.0,,13.279,24706000000.0,0.0,86000000.0,0.0,29.021,-4006000000.0
62,CCL,MRT,2006-03-31,2006-02-28,2006-02-28,2021-09-30,170000000.0,28316000000.0,28434250000.0,1307000000.0,27009000000.0,0.392,20.187,-2178000000.0,395000000.0,395000000.0,6316000000.0,2156000000.0,0.267,0.648,6933000000.0,1272000000.0,5661000000.0,6933000000.0,0.0,913000000.0,2221000000.0,0.017,0.9,2565000000.0,3478000000.0,0.312,3478000000.0,2565000000.0,2245000000.0,2.67,2.59,2.67,17179000000.0,16803000000.0,17179000000.0,50127375560.0,20.0,14.413,1302000000.0,1.53,1.0,4843000000.0,0.434,4494000000.0,320000000.0,25465000000.0,25389500000.0,266000000.0,11000000.0,11000000.0,0.0,11137000000.0,4895000000.0,6242000000.0,43953375560.0,74000000.0,0.0,-315000000.0,-281000000.0,-648000000.0,-1244000000.0,-2150000000.0,36000000.0,3480000000.0,-12000000.0,2156000000.0,2156000000.0,2156000000.0,0.0,0.0,0.193,2277000000.0,2566000000.0,656000000.0,0.337,2.559,20.387,19.345,21957000000.0,0.0,51.65,3.939,3.939,425000000.0,10310000000.0,11159000000.0,11159000000.0,0.0,0.076,0.128,0.101,0.23,28000000.0,1365000000.0,1.0,850985006.0,850985006.0,,13.113,23822000000.0,0.0,89000000.0,0.0,27.993,-3588000000.0
63,CCL,MRT,2005-12-31,2005-11-30,2005-11-30,2021-09-30,159000000.0,28349000000.0,28255000000.0,2121000000.0,26228000000.0,0.393,19.875,-1977000000.0,1178000000.0,1178000000.0,6218000000.0,2253000000.0,0.409,0.679,7352000000.0,1625000000.0,5727000000.0,7352000000.0,0.0,902000000.0,2051000000.0,0.015,0.8,2655000000.0,3557000000.0,0.321,3557000000.0,2655000000.0,2325000000.0,2.8,2.7,2.8,16883000000.0,16512500000.0,16883000000.0,52729821096.0,20.0,14.824,1433000000.0,1.687,1.0,4876000000.0,0.44,4488000000.0,330000000.0,24850000000.0,25316750000.0,250000000.0,0.0,0.0,0.0,11466000000.0,5185000000.0,6281000000.0,46287821096.0,535000000.0,0.0,-323000000.0,-2000000.0,-566000000.0,-892000000.0,-1970000000.0,8000000.0,3410000000.0,-13000000.0,2253000000.0,2253000000.0,2253000000.0,0.0,0.0,0.203,2237000000.0,2639000000.0,477000000.0,0.286,2.742,20.545,19.461,21312000000.0,0.0,54.49,4.172,4.172,430000000.0,10141000000.0,11094000000.0,11094000000.0,0.0,0.08,0.136,0.105,0.239,12000000.0,1335000000.0,1.0,849473685.0,849473685.0,,13.06,23861000000.0,0.0,72000000.0,0.0,28.089,-3064000000.0
64,CCL,MRT,2005-09-30,2005-08-31,2005-08-31,2021-09-30,270000000.0,28766000000.0,28076750000.0,2412000000.0,26354000000.0,0.383,20.179,-2353000000.0,1139000000.0,1139000000.0,6057000000.0,2162000000.0,0.499,0.683,7581000000.0,1307000000.0,6274000000.0,7581000000.0,0.0,885000000.0,2102000000.0,0.014,0.7,2517000000.0,3402000000.0,0.316,3402000000.0,2517000000.0,2195000000.0,2.67,2.59,2.67,17090000000.0,16231750000.0,17090000000.0,48818699038.0,19.0,14.35,1033000000.0,1.22,1.0,4704000000.0,0.437,4526000000.0,322000000.0,25851000000.0,25425500000.0,253000000.0,234000000.0,234000000.0,0.0,11676000000.0,4831000000.0,6845000000.0,41787699038.0,731000000.0,0.0,53000000.0,223000000.0,-502000000.0,-232000000.0,-2404000000.0,-47000000.0,3386000000.0,-19000000.0,2162000000.0,2162000000.0,2162000000.0,0.0,0.0,0.201,2201000000.0,2503000000.0,682000000.0,0.262,2.445,19.328,18.479,21434000000.0,0.0,49.34,3.883,3.883,434000000.0,10081000000.0,10761000000.0,10761000000.0,0.0,0.077,0.133,0.099,0.234,21000000.0,1317000000.0,1.0,846933503.0,846933503.0,,12.706,24240000000.0,0.0,33000000.0,0.0,28.621,-2419000000.0
65,CCL,MRT,2005-06-30,2005-05-31,2005-05-31,2021-09-30,358000000.0,28306000000.0,27494250000.0,2099000000.0,26207000000.0,0.378,18.957,-2047000000.0,721000000.0,721000000.0,5871000000.0,2006000000.0,0.389,0.763,7752000000.0,1447000000.0,6305000000.0,7752000000.0,0.0,870000000.0,2585000000.0,0.012,0.625,2370000000.0,3240000000.0,0.311,3240000000.0,2370000000.0,2054000000.0,2.49,2.41,2.49,16060000000.0,15784750000.0,16060000000.0,52260218358.0,22.0,16.13,1223000000.0,1.444,1.0,4533000000.0,0.436,4547000000.0,316000000.0,25392000000.0,25071500000.0,253000000.0,303000000.0,303000000.0,0.0,12246000000.0,5398000000.0,6848000000.0,44815218358.0,278000000.0,0.0,52000000.0,-240000000.0,-442000000.0,-631000000.0,-2358000000.0,-301000000.0,3270000000.0,-3000000.0,2006000000.0,2006000000.0,2006000000.0,0.0,0.0,0.193,2191000000.0,2342000000.0,647000000.0,0.251,2.79,22.341,21.245,21249000000.0,0.0,52.9,4.307,4.307,418000000.0,9092000000.0,10404000000.0,10404000000.0,0.0,0.073,0.127,0.095,0.228,18000000.0,1323000000.0,1.0,847168589.0,847168589.0,,12.281,23759000000.0,0.0,48000000.0,0.0,28.045,-3299000000.0
66,CCL,MRT,2005-03-31,2005-02-28,2005-02-28,2021-09-30,549000000.0,27599000000.0,27018500000.0,1356000000.0,26243000000.0,0.375,18.916,-2779000000.0,321000000.0,321000000.0,5709000000.0,1950000000.0,0.259,0.723,7766000000.0,1887000000.0,5879000000.0,7766000000.0,0.0,845000000.0,1939000000.0,0.01,0.525,2302000000.0,3147000000.0,0.31,3147000000.0,2302000000.0,1998000000.0,2.42,2.34,2.42,16017000000.0,15369000000.0,16017000000.0,53356719291.0,23.0,16.955,438000000.0,0.517,1.0,4432000000.0,0.437,4627000000.0,304000000.0,25174000000.0,24870750000.0,245000000.0,0.0,0.0,0.0,11582000000.0,5243000000.0,6339000000.0,46046719291.0,-95000000.0,0.0,78000000.0,-260000000.0,-420000000.0,-603000000.0,-2701000000.0,99000000.0,3217000000.0,-8000000.0,1950000000.0,1950000000.0,1950000000.0,0.0,0.0,0.192,2147000000.0,2285000000.0,611000000.0,0.217,2.875,23.614,22.471,21228000000.0,0.0,54.38,4.541,4.541,332000000.0,8847000000.0,10141000000.0,10141000000.0,0.0,0.072,0.127,0.093,0.227,15000000.0,1303000000.0,1.0,846758354.0,846758354.0,,11.976,22972000000.0,0.0,48000000.0,0.0,27.129,-3887000000.0
67,CCL,MRT,2004-12-31,2004-11-30,2004-11-30,2021-09-30,541000000.0,27636000000.0,26495250000.0,1728000000.0,25908000000.0,0.367,18.644,-3509000000.0,643000000.0,643000000.0,5502000000.0,1809000000.0,0.343,0.754,7953000000.0,1662000000.0,6291000000.0,7953000000.0,0.0,812000000.0,1873000000.0,0.009,0.5,2140000000.0,2952000000.0,0.303,2952000000.0,2140000000.0,1856000000.0,2.25,2.18,2.25,15760000000.0,14910250000.0,15760000000.0,51727803301.0,24.0,17.523,-293000000.0,-0.347,1.0,4225000000.0,0.434,4627000000.0,284000000.0,25285000000.0,24767500000.0,240000000.0,17000000.0,17000000.0,0.0,11876000000.0,5034000000.0,6842000000.0,44810803301.0,33000000.0,0.0,142000000.0,183000000.0,-400000000.0,-79000000.0,-3089000000.0,444000000.0,3216000000.0,-15000000.0,1809000000.0,1809000000.0,1809000000.0,0.0,0.0,0.186,2097000000.0,2128000000.0,631000000.0,0.222,2.843,24.771,23.56,20823000000.0,0.0,53.01,4.607,4.607,409000000.0,8623000000.0,9727000000.0,9727000000.0,0.0,0.068,0.121,0.086,0.22,11000000.0,1285000000.0,1.0,845327359.0,845327359.0,,11.507,23009000000.0,0.0,47000000.0,0.0,27.219,-3306000000.0
68,CCL,MRT,2004-09-30,2004-08-31,2004-08-31,2021-09-30,292000000.0,26436000000.0,25709000000.0,1582000000.0,24854000000.0,0.362,18.111,-3408000000.0,594000000.0,594000000.0,5206000000.0,1765000000.0,0.361,0.728,7511000000.0,1287000000.0,6224000000.0,7511000000.0,0.0,767000000.0,1715000000.0,0.01,0.475,2107000000.0,2874000000.0,0.309,2874000000.0,2107000000.0,1830000000.0,2.17,2.08,2.17,15302000000.0,14418500000.0,15302000000.0,46224182908.0,22.0,16.084,-248000000.0,-0.294,1.0,4095000000.0,0.44,4538000000.0,277000000.0,24435000000.0,24351250000.0,223000000.0,0.0,0.0,0.0,11134000000.0,4380000000.0,6754000000.0,38687182908.0,-220000000.0,-1000000.0,124000000.0,110000000.0,-385000000.0,-158000000.0,-3232000000.0,216000000.0,3160000000.0,10000000.0,1765000000.0,1765000000.0,1765000000.0,0.0,0.0,0.19,1996000000.0,2099000000.0,728000000.0,0.219,2.528,21.919,21.101,19899000000.0,0.0,45.79,4.159,4.159,434000000.0,8450000000.0,9301000000.0,9301000000.0,0.0,0.069,0.122,0.087,0.227,0.0,1230000000.0,1.0,844882789.0,844882789.0,,11.009,21898000000.0,0.0,65000000.0,0.0,25.918,-2798000000.0
69,CCL,MRT,2004-06-30,2004-05-31,2004-05-31,2021-09-30,327000000.0,26403000000.0,24949253750.0,1450000000.0,24953000000.0,0.344,17.053,-4474000000.0,443000000.0,443000000.0,4910000000.0,1474000000.0,0.303,0.834,7980000000.0,1357000000.0,6623000000.0,7980000000.0,0.0,732000000.0,2111000000.0,0.011,0.455,1767000000.0,2499000000.0,0.291,2499000000.0,1767000000.0,1508000000.0,1.81,1.76,1.81,14397000000.0,13985186000.0,14397000000.0,43237630940.0,24.0,17.302,-1499000000.0,-1.776,1.0,3665000000.0,0.427,4561000000.0,259000000.0,24589000000.0,23968867750.0,211000000.0,0.0,0.0,0.0,12006000000.0,4790000000.0,7216000000.0,35973630940.0,-578000000.0,-16000000.0,136000000.0,788000000.0,-368000000.0,549000000.0,-4120000000.0,401000000.0,2975000000.0,18000000.0,1474000000.0,1474000000.0,1474000000.0,0.0,0.0,0.172,1917000000.0,1748000000.0,711000000.0,0.251,2.499,24.405,23.541,19948000000.0,0.0,42.61,4.195,4.195,425000000.0,7526000000.0,8575000000.0,8575000000.0,0.0,0.059,0.105,0.074,0.206,0.0,1185000000.0,1.0,844253249.0,844253249.0,,10.157,21842000000.0,0.0,34000000.0,0.0,25.871,-3340000000.0
70,CCL,MRT,2004-03-31,2004-02-29,2004-02-29,2021-09-30,356000000.0,25506000000.0,24189370000.0,1592000000.0,23914000000.0,0.317,16.834,-3670000000.0,563000000.0,563000000.0,4411000000.0,1270000000.0,0.451,0.798,7827000000.0,580000000.0,7247000000.0,7827000000.0,548000000.0,667000000.0,1561000000.0,0.01,0.46,1531000000.0,2198000000.0,0.287,2198000000.0,1531000000.0,1300000000.0,1.59,1.55,1.59,14182000000.0,13634330000.0,14182000000.0,43714887028.0,29.0,19.888,-1366000000.0,-1.621,1.0,3253000000.0,0.424,4480000000.0,231000000.0,24761000000.0,23354696500.0,200000000.0,0.0,0.0,0.0,11324000000.0,3529000000.0,7795000000.0,37380887028.0,43000000.0,140000000.0,139000000.0,1301000000.0,-330000000.0,1090000000.0,-3321000000.0,256000000.0,2304000000.0,-30000000.0,1270000000.0,1270000000.0,1270000000.0,0.0,0.0,0.166,1742000000.0,1511000000.0,689000000.0,0.289,2.636,29.434,27.906,18928000000.0,0.0,44.37,4.877,4.877,445000000.0,7294000000.0,7664000000.0,7664000000.0,0.0,0.053,0.093,0.066,0.2,0.0,1075000000.0,1.0,842481114.0,842481114.0,,9.097,21026000000.0,0.0,30000000.0,0.0,24.957,-1937000000.0
71,CCL,MRT,2003-12-31,2003-11-30,2003-11-30,2021-09-30,160000000.0,24491000000.0,20936149500.0,2132000000.0,22359000000.0,0.321,16.423,-2465000000.0,610000000.0,610000000.0,3814000000.0,1194000000.0,0.644,0.776,7404000000.0,486000000.0,6918000000.0,7404000000.0,0.0,585000000.0,1358000000.0,0.025,0.874,1418000000.0,2003000000.0,0.298,2003000000.0,1418000000.0,1223000000.0,1.66,1.63,1.66,13793000000.0,11973088000.0,13793000000.0,35567840448.0,25.0,17.757,-532000000.0,-0.633,1.0,2904000000.0,0.432,4355000000.0,195000000.0,23620000000.0,20339652750.0,171000000.0,461000000.0,461000000.0,0.0,10698000000.0,3310000000.0,7388000000.0,29554629448.0,303000000.0,140000000.0,53000000.0,1080000000.0,-292000000.0,826000000.0,-2433000000.0,-58000000.0,1933000000.0,-23000000.0,1194000000.0,1194000000.0,1194000000.0,0.0,0.0,0.178,1521000000.0,1383000000.0,634000000.0,0.527,2.143,24.753,21.199,17522000000.0,0.0,35.19,4.399,4.399,403000000.0,7191000000.0,6718000000.0,6718000000.0,0.0,0.057,0.1,0.07,0.211,0.0,936000000.0,1.0,839858751.0,839858751.0,,7.999,20136000000.0,0.0,29000000.0,0.0,23.975,-1178000000.0
72,CCL,MRT,2003-09-30,2003-08-31,2003-08-31,2021-09-30,102447000.0,23397015000.0,17897149500.0,1910388000.0,21486627000.0,0.332,16.173,-2808607000.0,988008000.0,988008000.0,3307982000.0,1180395000.0,0.661,0.724,7001219000.0,365059000.0,6636160000.0,7001219000.0,277544000.0,517569000.0,1201078000.0,0.025,0.854,1333436000.0,1851005000.0,0.312,1851005000.0,1333436000.0,1179867000.0,1.65,1.6,1.65,13568744000.0,10379338000.0,13568744000.0,34693327232.0,26.0,18.743,-1113034000.0,-1.327,1.0,2631991000.0,0.443,3615858000.0,153569000.0,22905471000.0,17568652750.0,159644000.0,60974000.0,60974000.0,0.0,9828271000.0,2888897000.0,6939374000.0,29020217232.0,-353142000.0,138834000.0,40073000.0,958180000.0,-268288000.0,715864000.0,-2721993000.0,-32563000.0,1695573000.0,-42586000.0,1180395000.0,1180395000.0,1180395000.0,0.0,0.0,0.199,1335638000.0,1296353000.0,639088000.0,0.518,2.139,24.585,20.964,17508139000.0,0.0,34.59,4.886,4.886,347188000.0,7085427000.0,5939973000.0,5939973000.0,0.0,0.066,0.114,0.076,0.224,0.0,818069000.0,1.0,838977081.0,838977081.0,,7.08,19781157000.0,0.0,-528000.0,0.0,23.578,-978509000.0
73,CCL,MRT,2003-06-30,2003-05-31,2003-05-31,2021-09-30,165878000.0,23363465000.0,15097076250.0,2547086000.0,20816379000.0,0.322,16.316,-1949645000.0,1381033000.0,1381033000.0,2715650000.0,947159000.0,0.783,0.798,7054143000.0,346302000.0,6707841000.0,7054143000.0,307495000.0,440657000.0,1436914000.0,0.028,0.854,1013366000.0,1454023000.0,0.299,1454023000.0,1013366000.0,888958000.0,1.58,1.55,1.58,12993576000.0,8810077750.0,12993576000.0,26946382657.0,27.0,18.532,-522458000.0,-0.656,1.0,2140910000.0,0.441,3649236000.0,124408000.0,22132315000.0,14787190250.0,157779000.0,67999000.0,67999000.0,0.0,10369889000.0,3255024000.0,7114865000.0,24368936657.0,43198000.0,142841000.0,16034000.0,638004000.0,-245880000.0,395349000.0,-1724828000.0,120888000.0,1427187000.0,-54510000.0,947159000.0,947159000.0,947159000.0,0.0,0.0,0.195,1165133000.0,975777000.0,615782000.0,0.541,1.875,25.728,19.367,16708612000.0,0.0,30.6,5.018,5.018,347054000.0,6434958000.0,4856560000.0,4856560000.0,0.0,0.063,0.108,0.069,0.209,0.0,704476000.0,1.0,796370479.0,796370479.0,,6.098,19714229000.0,0.0,-58201000.0,0.0,24.755,-707938000.0
74,CCL,MRT,2003-03-31,2003-02-28,2003-02-28,2021-09-30,59568000.0,12493118000.0,12270312250.0,1222737000.0,11270381000.0,0.367,9.464,-1621239000.0,732919000.0,732919000.0,2423427000.0,1013360000.0,0.735,0.658,3310365000.0,226744000.0,3083621000.0,3310365000.0,190003000.0,398246000.0,728998000.0,0.037,0.854,1063442000.0,1461688000.0,0.324,1461688000.0,1063442000.0,953023000.0,1.72,1.69,1.72,7537032000.0,7270331750.0,7537032000.0,20786287658.0,20.0,14.221,-196142000.0,-0.246,1.0,2081032000.0,0.462,706490000.0,110419000.0,12700825000.0,12140378000.0,95410000.0,37575000.0,37575000.0,0.0,4956086000.0,1663249000.0,3292837000.0,18292376658.0,-469346000.0,-30000000.0,6444000.0,53169000.0,-246452000.0,-187666000.0,-1700437000.0,-39000000.0,1425097000.0,-6340000.0,1013360000.0,1013360000.0,1013360000.0,0.0,0.0,0.225,1052844000.0,1028188000.0,304938000.0,0.497,2.427,18.051,13.355,10238832000.0,0.0,22.97,4.061,4.061,110132000.0,6391097000.0,4504459000.0,4504459000.0,0.0,0.083,0.139,0.088,0.236,0.0,634598000.0,1.0,796359454.0,796359454.0,,5.656,11786628000.0,0.0,-60337000.0,0.0,14.801,-440512000.0
75,CCL,MRT,2002-12-31,2002-11-30,2002-11-30,2021-09-30,8000000.0,12335000000.0,12075638000.0,1132000000.0,11203000000.0,0.363,9.317,-1982000000.0,667000000.0,667000000.0,2330000000.0,1016000000.0,0.699,0.663,3169000000.0,155000000.0,3014000000.0,3169000000.0,170000000.0,382000000.0,771000000.0,0.015,0.42,1070000000.0,1452000000.0,0.331,1452000000.0,1070000000.0,959000000.0,1.73,1.69,1.73,7418000000.0,7051198500.0,7418000000.0,24102220196.0,23.0,16.599,-513000000.0,-0.644,1.0,2053000000.0,0.468,681000000.0,111000000.0,12536000000.0,11817924250.0,91000000.0,39000000.0,39000000.0,0.0,4917000000.0,1620000000.0,3297000000.0,22332474196.0,-795000000.0,-30000000.0,7000000.0,42000000.0,-246000000.0,-198000000.0,-2061000000.0,-39000000.0,1469000000.0,-5000000.0,1016000000.0,1016000000.0,1016000000.0,0.0,0.0,0.232,1011000000.0,1042000000.0,269000000.0,0.243,3.011,21.981,16.214,10116000000.0,0.0,28.05,5.095,5.095,108000000.0,6326000000.0,4383000000.0,4383000000.0,0.0,0.084,0.144,0.091,0.244,0.0,609000000.0,1.0,796166638.0,796166638.0,,5.505,11654000000.0,0.0,-57000000.0,0.0,14.638,-488000000.0
76,CCL,MRT,2002-09-30,2002-08-31,2002-08-31,2021-09-30,13383000.0,12196722000.0,11882776000.0,1801590000.0,10395132000.0,0.363,9.16,-1117065000.0,1300442000.0,1300442000.0,2301175000.0,940717000.0,1.194,0.673,3070188000.0,25700000.0,3044488000.0,3070188000.0,167877000.0,372473000.0,744656000.0,0.017,0.42,1009037000.0,1381510000.0,0.321,1381510000.0,1009037000.0,893942000.0,1.59,1.6,1.59,7291703000.0,6844392750.0,7291703000.0,21297741921.0,21.0,15.416,184813000.0,0.232,1.0,2008193000.0,0.466,678380000.0,115095000.0,11779621000.0,11430628250.0,91042000.0,46969000.0,46969000.0,0.0,4905019000.0,1508467000.0,3396552000.0,19479569921.0,145188000.0,503166000.0,6851000.0,303000000.0,-246415000.0,54888000.0,-1205219000.0,-570908000.0,1301878000.0,-6359000.0,940717000.0,940717000.0,940717000.0,0.0,0.0,0.218,1033764000.0,974429000.0,317313000.0,0.264,2.671,20.707,15.39,9251822000.0,0.0,24.47,4.52,4.52,129291000.0,6196125000.0,4309368000.0,4309368000.0,0.0,0.079,0.137,0.088,0.234,0.0,602680000.0,1.0,796059253.0,796059253.0,,5.413,11518342000.0,0.0,-46775000.0,0.0,14.469,293123000.0
77,CCL,MRT,2002-06-30,2002-05-31,2002-05-31,2021-09-30,-1336000.0,12056409000.0,11652547000.0,1987998000.0,10068411000.0,0.374,8.587,-814828000.0,1297102000.0,1297102000.0,2334885000.0,934928000.0,1.195,0.764,3115274000.0,24936000.0,3090338000.0,3115274000.0,165393000.0,370393000.0,922671000.0,0.014,0.42,1039558000.0,1409951000.0,0.323,1409951000.0,1039558000.0,923202000.0,1.58,1.59,1.58,6834592000.0,6658071000.0,6834592000.0,26014429856.0,25.0,18.451,490706000.0,0.617,1.0,2023814000.0,0.464,665710000.0,116356000.0,11545066000.0,11085046000.0,89163000.0,203380000.0,203380000.0,0.0,5221817000.0,1663805000.0,3558012000.0,24194801856.0,630494000.0,514159000.0,7071000.0,162346000.0,-246354000.0,-102128000.0,-556099000.0,-192888000.0,1305534000.0,-16813000.0,934928000.0,934928000.0,934928000.0,0.0,0.0,0.214,1112463000.0,911351000.0,276948000.0,0.266,3.54,25.879,19.241,8879609000.0,0.0,30.4,5.551,5.551,112011000.0,5756972000.0,4358699000.0,4358699000.0,0.0,0.08,0.14,0.094,0.239,0.0,602070000.0,1.0,795881640.0,795881640.0,,5.477,11390699000.0,0.0,-11726000.0,0.0,14.312,324193000.0
78,CCL,MRT,2002-03-31,2002-02-28,2002-02-28,2021-09-30,-38076000.0,11714421000.0,11464668500.0,1705016000.0,10009405000.0,0.388,8.37,-1132932000.0,1161646000.0,1161646000.0,2401442000.0,927690000.0,1.153,0.759,2981274000.0,21255000.0,2960019000.0,2981274000.0,165612000.0,370163000.0,687985000.0,0.015,0.42,1037769000.0,1407932000.0,0.317,1407932000.0,1037769000.0,919186000.0,1.57,1.58,1.57,6660499000.0,6462870500.0,6660499000.0,23271455985.0,22.0,16.529,153857000.0,0.193,1.0,2046483000.0,0.46,644803000.0,118583000.0,11411010000.0,10872190250.0,90369000.0,39250000.0,39250000.0,0.0,5053922000.0,1478236000.0,3575686000.0,21716137985.0,1028517000.0,531000000.0,4470000.0,667593000.0,-246177000.0,400713000.0,-661539000.0,-33000000.0,1286789000.0,2554000.0,927690000.0,927690000.0,927690000.0,0.0,0.0,0.209,1124675000.0,921808000.0,271284000.0,0.268,3.26,23.409,17.382,8775886000.0,0.0,27.29,4.882,4.882,109121000.0,5624366000.0,4447925000.0,4447925000.0,0.0,0.081,0.144,0.095,0.233,0.0,614512000.0,1.0,795754415.0,795754415.0,,5.59,11069618000.0,0.0,-8504000.0,0.0,13.911,226780000.0
79,CCL,MRT,2001-12-31,2001-11-30,2001-11-30,2021-09-30,-36932000.0,11563552000.0,11107391000.0,1958988000.0,9604564000.0,0.41,8.285,-812000000.0,1421300000.0,1421300000.0,2482000000.0,926000000.0,1.323,0.755,2976618000.0,21764000.0,2954854000.0,2976618000.0,157998000.0,372000000.0,627698000.0,0.02,0.525,1035000000.0,1407000000.0,0.309,1407000000.0,1035000000.0,914000000.0,1.58,1.58,1.58,6590777000.0,6283386250.0,6590777000.0,22277023222.0,22.0,15.833,427000000.0,0.537,1.0,2067000000.0,0.454,651814000.0,121000000.0,10986816000.0,10477175250.0,91996000.0,36784000.0,36784000.0,0.0,4972775000.0,1480240000.0,3492535000.0,20771929222.0,1232000000.0,531000000.0,5000000.0,603000000.0,-246000000.0,337000000.0,-342000000.0,-33000000.0,1239000000.0,-2000000.0,926000000.0,926000000.0,926000000.0,0.0,0.0,0.204,1131000000.0,936000000.0,269467000.0,0.332,3.152,22.432,16.525,8390230000.0,0.0,26.11,4.566,4.566,90763000.0,5556296000.0,4549000000.0,4549000000.0,0.0,0.083,0.147,0.099,0.228,0.0,619000000.0,1.0,795554547.0,795554547.0,,5.718,10911738000.0,0.0,-12000000.0,0.0,13.716,478748000.0
80,CCL,MRT,2001-09-30,2001-08-31,2001-08-31,2021-09-30,-25139000.0,11275806000.0,10674333000.0,1625734000.0,9650072000.0,0.415,8.23,-782866000.0,1155236000.0,1155236000.0,2401889000.0,1003683000.0,0.944,0.722,2660330000.0,181848000.0,2478482000.0,2660330000.0,145984000.0,357485000.0,750393000.0,0.017,0.525,1107640000.0,1465125000.0,0.331,1465125000.0,1107640000.0,999256000.0,1.71,1.71,1.71,6546416000.0,6103346250.0,6546416000.0,27049986123.0,24.0,18.463,600548000.0,0.755,1.0,2025086000.0,0.457,662339000.0,108384000.0,10397292000.0,10123635000.0,96337000.0,0.0,0.0,0.0,4729390000.0,1721269000.0,3008121000.0,24882065123.0,1014095000.0,-383943000.0,5210000.0,510028000.0,-245666000.0,253221000.0,-620485000.0,553641000.0,1383414000.0,-2055000.0,1003683000.0,1003683000.0,1003683000.0,0.0,0.0,0.227,1042494000.0,982592000.0,299534000.0,0.307,3.801,24.791,18.292,8427846000.0,0.0,31.28,5.621,5.621,113455000.0,5501532000.0,4426975000.0,4426975000.0,0.0,0.094,0.164,0.109,0.25,0.0,583620000.0,1.0,795462440.0,795462440.0,,5.565,10613467000.0,0.0,-4427000.0,0.0,13.343,-95535000.0
81,CCL,MRT,2001-06-30,2001-05-31,2001-05-31,2021-09-30,-88935000.0,11304895000.0,10003424000.0,1144377000.0,10160518000.0,0.416,7.623,-1151088000.0,666590000.0,666590000.0,2297235000.0,904898000.0,0.546,0.867,2834511000.0,417818000.0,2416693000.0,2834511000.0,143839000.0,335725000.0,928210000.0,0.019,0.525,993234000.0,1328959000.0,0.319,1328959000.0,993234000.0,905212000.0,1.54,1.54,1.54,6053790000.0,5909038750.0,6053790000.0,24645494461.0,25.0,18.545,154149000.0,0.194,1.0,1868033000.0,0.448,684891000.0,88022000.0,10693643000.0,9580644500.0,100628000.0,361987000.0,0.0,361987000.0,5251105000.0,2094282000.0,3156823000.0,22417995461.0,371023000.0,-383640000.0,-364993000.0,1139737000.0,-247506000.0,527238000.0,-1469775000.0,-1426000.0,1305237000.0,8323000.0,904898000.0,904898000.0,904898000.0,0.0,0.0,0.217,891877000.0,976156000.0,314866000.0,0.341,3.703,24.774,18.331,8381309000.0,0.0,28.23,5.382,5.382,113743000.0,5076008000.0,4165268000.0,4165268000.0,0.0,0.09,0.153,0.104,0.238,0.0,556152000.0,1.0,794119570.0,794119570.0,,5.245,10620004000.0,0.0,314000.0,0.0,13.373,-949905000.0
82,CCL,MRT,2001-03-31,2001-02-28,2001-02-28,2021-09-30,-72785000.0,10285311000.0,9262743750.0,585173000.0,9700138000.0,0.428,7.483,-979781000.0,133111000.0,133111000.0,2193022000.0,921891000.0,0.296,0.731,2360610000.0,505891000.0,1854719000.0,2360610000.0,149582000.0,311654000.0,770605000.0,0.016,0.525,987235000.0,1298889000.0,0.328,1298889000.0,987235000.0,922580000.0,1.56,1.56,1.56,5942562000.0,5849490000.0,5942562000.0,28633458497.0,29.0,22.045,301608000.0,0.38,1.0,1768248000.0,0.446,706700000.0,64655000.0,9830950000.0,8683961000.0,101316000.0,423590000.0,0.0,423590000.0,4342749000.0,1975160000.0,2367589000.0,26475444497.0,-419653000.0,-383640000.0,-699920000.0,595251000.0,-250930000.0,-355599000.0,-1345229000.0,5707000.0,1281389000.0,-214000.0,921891000.0,921891000.0,921891000.0,0.0,0.0,0.233,834069000.0,934179000.0,302802000.0,0.337,4.455,28.719,21.372,8076334000.0,0.0,33.34,6.684,6.684,109030000.0,4950578000.0,3961270000.0,3961270000.0,0.0,0.1,0.158,0.114,0.249,0.0,522415000.0,1.0,794104514.0,794104514.0,,4.988,9578611000.0,0.0,689000.0,0.0,12.062,-1389987000.0
83,CCL,MRT,2000-12-31,2000-11-30,2000-11-30,2021-09-30,-75059000.0,9831320000.0,8774584250.0,549482000.0,9281838000.0,0.431,7.395,-951998000.0,189282000.0,189282000.0,2058342000.0,965458000.0,0.32,0.675,2347296000.0,248219000.0,2099077000.0,2347296000.0,146332000.0,287667000.0,770425000.0,0.019,0.42,1007924000.0,1295591000.0,0.343,1295591000.0,1007924000.0,966552000.0,1.61,1.6,1.61,5870617000.0,5870255250.0,5870617000.0,19354065089.0,19.0,14.938,327537000.0,0.413,1.0,1720200000.0,0.455,701385000.0,41372000.0,9572655000.0,7986866250.0,100451000.0,442861000.0,5470000.0,437391000.0,3960703000.0,1715294000.0,2245409000.0,18012679089.0,-332489000.0,-383640000.0,-697326000.0,631662000.0,-254333000.0,-319997000.0,-1292027000.0,22170000.0,1279535000.0,0.0,965458000.0,965458000.0,965458000.0,0.0,0.0,0.256,775070000.0,945130000.0,332694000.0,0.261,3.068,18.657,14.093,8001318000.0,0.0,22.69,4.767,4.767,95361000.0,4884023000.0,3778542000.0,3778542000.0,0.0,0.11,0.164,0.126,0.267,0.0,487403000.0,1.0,793859810.0,793859810.0,,4.76,9129935000.0,0.0,1094000.0,0.0,11.501,-1165812000.0
84,CCL,MRT,2000-09-30,2000-08-31,2000-08-31,2021-09-30,-49805000.0,8592170000.0,8388343000.0,469163000.0,8123007000.0,0.443,7.222,-1270201000.0,141141000.0,141141000.0,2018979000.0,1022707000.0,0.374,0.489,1482527000.0,6696000.0,1475831000.0,1482527000.0,91606000.0,274899000.0,701682000.0,0.021,0.42,1057667000.0,1332566000.0,0.358,1332566000.0,1057667000.0,1023694000.0,1.7,1.69,1.7,5769186000.0,5885412750.0,5769186000.0,16728267452.0,16.0,12.553,-5328000.0,-0.007,1.0,1700479000.0,0.457,452679000.0,33973000.0,8225330000.0,7336480750.0,92353000.0,520796000.0,4455000.0,516341000.0,2822984000.0,1255547000.0,1567437000.0,15943922452.0,-343094000.0,-54412000.0,-696702000.0,240863000.0,-248197000.0,-703911000.0,-904056000.0,431730000.0,1264873000.0,0.0,1022707000.0,1022707000.0,1022707000.0,0.0,0.0,0.275,756966000.0,943513000.0,228623000.0,0.247,2.764,15.59,11.741,7102225000.0,0.0,19.96,4.287,4.287,109066000.0,4758448000.0,3719458000.0,3719458000.0,0.0,0.122,0.174,0.144,0.284,0.0,482067000.0,1.0,798793710.0,798793710.0,,4.656,8139491000.0,0.0,987000.0,0.0,10.19,-786384000.0
85,CCL,MRT,2000-06-30,2000-05-31,2000-05-31,2021-09-30,-35807000.0,8342174000.0,8297200750.0,622437000.0,7719737000.0,0.44,7.146,-1152561000.0,295567000.0,295567000.0,1976668000.0,1041610000.0,0.398,0.434,1079912000.0,208864000.0,871048000.0,1079912000.0,91235000.0,262735000.0,854383000.0,0.015,0.405,1080278000.0,1343013000.0,0.368,1343013000.0,1080278000.0,1044742000.0,1.71,1.69,1.71,5815595000.0,5841693000.0,5815595000.0,22698014706.0,21.0,16.901,138366000.0,0.17,1.0,1676400000.0,0.459,455314000.0,35536000.0,7106909000.0,7113539750.0,94691000.0,546230000.0,4584000.0,541646000.0,2526579000.0,1564296000.0,962283000.0,22177295706.0,-87073000.0,-54715000.0,-321745000.0,-201589000.0,-240008000.0,-763221000.0,-614779000.0,619984000.0,1290927000.0,0.0,1041610000.0,1041610000.0,1041610000.0,0.0,0.0,0.285,735389000.0,941011000.0,194623000.0,0.237,3.813,21.291,15.936,6674115000.0,0.0,27.25,6.071,6.071,96718000.0,4423788000.0,3653068000.0,3653068000.0,0.0,0.126,0.178,0.152,0.296,0.0,472654000.0,1.0,813845714.0,813845714.0,,4.489,7886860000.0,0.0,3132000.0,0.0,9.691,-941859000.0
86,CCL,MRT,2000-03-31,2000-02-29,2000-02-29,2021-09-30,-18355000.0,8332673000.0,8211484250.0,852180000.0,7480493000.0,0.435,7.289,-915053000.0,552764000.0,552764000.0,1911973000.0,1040996000.0,0.63,0.383,1073483000.0,207817000.0,865666000.0,1073483000.0,89409000.0,253358000.0,660653000.0,0.014,0.39,1085983000.0,1339341000.0,0.375,1339341000.0,1085983000.0,1043828000.0,1.7,1.68,1.7,6025623000.0,5698419000.0,6025623000.0,24367656734.0,22.0,18.194,371138000.0,0.449,1.0,1662117000.0,0.465,458846000.0,42155000.0,7042571000.0,7134391250.0,86760000.0,549402000.0,5553000.0,543849000.0,2307050000.0,1351975000.0,955075000.0,23815645734.0,-21490000.0,-54715000.0,15443000.0,-349172000.0,-230363000.0,-563975000.0,-743706000.0,215259000.0,1286191000.0,0.0,1040996000.0,1040996000.0,1040996000.0,0.0,0.0,0.291,710702000.0,951415000.0,197521000.0,0.229,3.952,22.878,16.947,6439471000.0,0.0,28.81,6.663,6.663,82288000.0,4283203000.0,3574090000.0,3574090000.0,0.0,0.127,0.183,0.152,0.304,0.0,457344000.0,1.0,826645114.0,826645114.0,,4.324,7873827000.0,0.0,2832000.0,0.0,9.525,-499795000.0
87,CCL,MRT,1999-12-31,1999-11-30,1999-11-30,2021-09-30,1116000.0,8286355000.0,8085937250.0,791636000.0,7494719000.0,0.433,9.664,-872984000.0,521771000.0,521771000.0,1862636000.0,1027240000.0,0.563,0.397,1073782000.0,206267000.0,867515000.0,1073782000.0,82680000.0,243658000.0,675816000.0,0.008,0.375,1076974000.0,1320632000.0,0.378,1320632000.0,1076974000.0,1030018000.0,1.68,1.66,1.68,5931247000.0,5470488750.0,5931247000.0,27817372188.0,26.0,21.064,456740000.0,0.744,1.0,1634834000.0,0.467,462340000.0,46956000.0,6971113000.0,7150251750.0,84019000.0,586922000.0,0.0,586922000.0,2355108000.0,1404913000.0,950195000.0,27083462188.0,384498000.0,-54715000.0,741575000.0,-557242000.0,-219179000.0,-34846000.0,-910380000.0,-11890000.0,1329724000.0,0.0,1027240000.0,1027240000.0,1027240000.0,0.0,0.0,0.294,690893000.0,943941000.0,195879000.0,0.223,4.566,26.365,26.268,6410527000.0,0.0,44.13,7.744,7.744,62887000.0,4176498000.0,3497470000.0,3497470000.0,0.0,0.127,0.188,0.151,0.308,0.0,447235000.0,1.0,613719968.0,613719968.0,,5.699,7824015000.0,0.0,2778000.0,0.0,12.749,-613277000.0
88,CCL,MRT,1999-09-30,1999-08-31,1999-08-31,2021-09-30,0.0,8227601000.0,7809179250.0,1222692000.0,7004909000.0,0.44,9.121,-780477000.0,484235000.0,484235000.0,1830025000.0,996819000.0,0.998,0.471,1218145000.0,33667000.0,1184478000.0,1218145000.0,75420000.0,233878000.0,716804000.0,0.008,0.36,1052815000.0,1286693000.0,0.375,1286693000.0,1052815000.0,1000374000.0,1.64,1.63,1.64,5594307000.0,5059046000.0,5594307000.0,28303474242.0,27.0,21.997,499994000.0,0.815,1.0,1604774000.0,0.467,402443000.0,52441000.0,7333566000.0,7182501750.0,79151000.0,947721000.0,455823000.0,491898000.0,2633294000.0,1225502000.0,1407792000.0,27411450242.0,359108000.0,4681000.0,739653000.0,-229383000.0,-208602000.0,301464000.0,-1222827000.0,-446157000.0,1280471000.0,0.0,996819000.0,996819000.0,996819000.0,0.0,0.0,0.29,667000000.0,937774000.0,189562000.0,0.22,4.9,27.499,27.25,6083400000.0,0.0,44.69,7.981,7.981,115600000.0,3990235000.0,3434799000.0,3434799000.0,0.0,0.128,0.197,0.147,0.307,0.0,433122000.0,1.0,613368768.0,613368768.0,,5.6,7825158000.0,0.0,3555000.0,0.0,12.758,-2810000.0
89,CCL,MRT,1999-06-30,1999-05-31,1999-05-31,2021-09-30,0.0,7999308000.0,7450366250.0,1281899000.0,6717409000.0,0.448,8.55,-514061000.0,382640000.0,382640000.0,1797955000.0,926478000.0,0.99,0.526,1274664000.0,33667000.0,1240997000.0,1274664000.0,82791000.0,228217000.0,822719000.0,0.008,0.345,989426000.0,1217643000.0,0.365,1217643000.0,989426000.0,929509000.0,1.54,1.54,1.54,5242499000.0,4686565000.0,5242499000.0,25988153460.0,26.0,21.343,638291000.0,1.041,1.0,1536562000.0,0.461,406708000.0,59917000.0,7190315000.0,6985663250.0,81035000.0,1108984000.0,614799000.0,494185000.0,2756809000.0,1294309000.0,1462500000.0,25140136460.0,262040000.0,3229000.0,741183000.0,-341016000.0,-198039000.0,201748000.0,-1092060000.0,-608602000.0,1152352000.0,0.0,926478000.0,926478000.0,926478000.0,0.0,0.0,0.278,650189000.0,886373000.0,180115000.0,0.224,4.795,27.135,26.623,5770921000.0,0.0,41.0,7.539,7.539,103214000.0,3630364000.0,3334517000.0,3334517000.0,0.0,0.124,0.198,0.142,0.297,0.0,421972000.0,1.0,613174060.0,613174060.0,,5.438,7592600000.0,0.0,3031000.0,0.0,12.382,-12410000.0
90,CCL,MRT,1999-03-31,1999-02-28,1999-02-28,2021-09-30,0.0,7830485000.0,7128498250.0,1036788000.0,6793697000.0,0.449,8.344,-792623000.0,574254000.0,574254000.0,1727885000.0,883732000.0,0.911,0.531,1422271000.0,66702000.0,1355569000.0,1422271000.0,88910000.0,215564000.0,655944000.0,0.007,0.33,945631000.0,1161195000.0,0.363,1161195000.0,945631000.0,887028000.0,1.48,1.48,1.48,5113902000.0,4323921000.0,5113902000.0,28767572038.0,30.0,24.774,293847000.0,0.479,1.0,1471841000.0,0.46,434171000.0,58603000.0,7106013000.0,6835014750.0,77626000.0,751406000.0,216993000.0,534413000.0,2716583000.0,1138318000.0,1578265000.0,27274205038.0,460182000.0,-242868000.0,739826000.0,23637000.0,-187470000.0,573616000.0,-1199904000.0,-210706000.0,1086470000.0,0.0,883732000.0,883732000.0,883732000.0,0.0,0.0,0.276,616969000.0,854872000.0,156612000.0,0.223,5.333,30.863,30.068,5764498000.0,0.0,44.5,8.524,8.524,72947000.0,3482215000.0,3199726000.0,3199726000.0,0.0,0.124,0.204,0.138,0.296,0.0,401405000.0,1.0,612903484.0,612903484.0,,5.221,7396314000.0,0.0,3296000.0,0.0,12.068,-101530000.0
91,CCL,MRT,1998-12-31,1998-11-30,1998-11-30,2021-09-30,24699000.0,7179323000.0,6600799000.0,370279000.0,6809044000.0,0.456,7.197,-1103385000.0,137273000.0,137273000.0,1619377000.0,835885000.0,0.326,0.675,1630640000.0,67626000.0,1563014000.0,1630640000.0,63036000.0,200668000.0,638383000.0,0.009,0.315,897472000.0,1098140000.0,0.365,1098140000.0,897472000.0,839700000.0,1.4,1.4,1.4,4285476000.0,3964748250.0,4285476000.0,21864086056.0,24.0,19.91,-11545000.0,-0.019,1.0,1389929000.0,0.462,437464000.0,57772000.0,7100113000.0,6509815750.0,75449000.0,552649000.0,5956000.0,546693000.0,2893847000.0,1135113000.0,1758734000.0,20541894056.0,-2716000.0,-242868000.0,11399000.0,397809000.0,-178458000.0,226497000.0,-1321053000.0,0.0,1091840000.0,0.0,835885000.0,835885000.0,835885000.0,0.0,0.0,0.278,570137000.0,819792000.0,168546000.0,0.225,4.793,24.575,24.643,5768114000.0,0.0,34.5,6.826,6.826,60837000.0,3379628000.0,3009306000.0,3009306000.0,0.0,0.127,0.211,0.138,0.298,0.0,369469000.0,1.0,595417219.0,595417219.0,,5.054,6741859000.0,0.0,3815000.0,0.0,11.323,-764834000.0
92,CCL,MRT,1998-09-30,1998-08-31,1998-08-31,2021-09-30,0.0,6792349000.0,6162662000.0,382912000.0,6409437000.0,0.455,6.894,-1129854000.0,125127000.0,125127000.0,1510221000.0,770612000.0,0.339,0.655,1447319000.0,72423000.0,1374896000.0,1447319000.0,52679000.0,188090000.0,630668000.0,0.01,0.3,830065000.0,1018155000.0,0.363,1018155000.0,830065000.0,774165000.0,1.29,1.29,1.29,4104383000.0,3794653750.0,4104383000.0,18687934781.0,23.0,18.355,-83384000.0,-0.14,1.0,1294865000.0,0.462,439721000.0,55900000.0,6546212000.0,6075525250.0,74150000.0,474315000.0,21411000.0,452904000.0,2687966000.0,1128608000.0,1559358000.0,17193061781.0,-90311000.0,-245607000.0,11281000.0,300869000.0,-166489000.0,141487000.0,-1278268000.0,3112000.0,1046470000.0,0.0,770612000.0,770612000.0,770612000.0,0.0,0.0,0.275,525471000.0,769394000.0,160988000.0,0.233,4.189,22.311,22.388,5481600000.0,0.0,28.88,6.129,6.129,73268000.0,3212595000.0,2805086000.0,2805086000.0,0.0,0.125,0.203,0.137,0.296,0.0,337381000.0,1.0,595327624.0,595327624.0,,4.712,6352628000.0,0.0,3553000.0,0.0,10.671,-745696000.0
93,CCL,MRT,1998-06-30,1998-05-31,1998-05-31,2021-09-30,0.0,6711836000.0,5775016000.0,375497000.0,6336339000.0,0.441,6.374,-1098668000.0,120600000.0,120600000.0,1357998000.0,723753000.0,0.309,0.77,1615473000.0,58457000.0,1557016000.0,1615473000.0,0.0,173895000.0,755890000.0,0.008,0.28,778575000.0,952470000.0,0.374,952470000.0,778575000.0,729478000.0,1.21,1.21,1.21,3791923000.0,3642368000.0,3791923000.0,21278262595.0,27.0,22.34,-65124000.0,-0.109,1.0,1190970000.0,0.467,403077000.0,49097000.0,6587721000.0,5702959000.0,76226000.0,435129000.0,9414000.0,425715000.0,2919913000.0,1215911000.0,1704002000.0,20151655595.0,26974000.0,-280921000.0,5267000.0,458447000.0,-154549000.0,305171000.0,-1311741000.0,2966000.0,1033544000.0,0.0,723753000.0,723753000.0,723753000.0,0.0,0.0,0.284,477993000.0,712977000.0,187897000.0,0.231,5.314,27.843,27.996,5469814000.0,0.0,33.875,7.906,7.906,66503000.0,2912499000.0,2548968000.0,2548968000.0,0.0,0.125,0.199,0.137,0.305,0.0,304098000.0,1.0,594882822.0,594882822.0,,4.285,6308759000.0,0.0,5725000.0,0.0,10.605,-840414000.0
94,CCL,MRT,1998-03-31,1998-02-28,1998-02-28,2021-09-30,0.0,5719688000.0,5364627500.0,326964000.0,5392724000.0,0.463,6.182,-780009000.0,114072000.0,114072000.0,1333326000.0,690604000.0,0.394,0.555,1240679000.0,50900000.0,1189779000.0,1240679000.0,22481000.0,169598000.0,483301000.0,0.009,0.26,747942000.0,917540000.0,0.369,917540000.0,747942000.0,696575000.0,1.15,1.15,1.15,3677211000.0,3501969750.0,3677211000.0,18445188496.0,25.0,20.103,117134000.0,0.197,1.0,1150898000.0,0.463,210861000.0,51367000.0,5805217000.0,5292660500.0,56026000.0,467302000.0,9718000.0,457584000.0,2042477000.0,830217000.0,1212260000.0,17510263496.0,25144000.0,-30973000.0,4143000.0,58033000.0,-142618000.0,-82435000.0,-789564000.0,2725000.0,897143000.0,0.0,690604000.0,690604000.0,690604000.0,0.0,0.0,0.278,465462000.0,685436000.0,99475000.0,0.226,4.762,25.355,25.6,4647968000.0,0.0,29.44,7.049,7.049,61349000.0,2796519000.0,2484224000.0,2484224000.0,0.0,0.129,0.197,0.141,0.301,0.0,295864000.0,1.0,594777972.0,594777972.0,,4.177,5508827000.0,0.0,5971000.0,0.0,9.262,-503253000.0
95,CCL,MRT,1997-12-31,1997-11-30,1997-11-30,2021-09-30,0.0,5426775000.0,5206461750.0,336025000.0,5090750000.0,0.47,6.066,-480616000.0,139989000.0,139989000.0,1322669000.0,666050000.0,0.427,0.505,1074914000.0,59620000.0,1015294000.0,1074914000.0,20241000.0,167287000.0,420908000.0,0.009,0.24,728181000.0,895468000.0,0.366,895468000.0,728181000.0,672283000.0,1.12,1.12,1.12,3605098000.0,3369994500.0,3605098000.0,16838647823.0,23.0,18.804,396964000.0,0.668,1.0,1124799000.0,0.46,212607000.0,55898000.0,5362951000.0,5149546750.0,54970000.0,489067000.0,9738000.0,479329000.0,1821677000.0,786142000.0,1035535000.0,16065509823.0,28360000.0,1162000.0,5162000.0,-269025000.0,-130456000.0,-394319000.0,-454901000.0,2748000.0,877580000.0,0.0,666050000.0,666050000.0,666050000.0,0.0,0.0,0.272,463820000.0,660979000.0,106783000.0,0.214,4.456,24.121,24.134,4327413000.0,0.0,27.03,6.564,6.564,57090000.0,2731213000.0,2447468000.0,2447468000.0,0.0,0.128,0.198,0.141,0.298,0.0,296533000.0,1.0,594358484.0,594358484.0,,4.118,5214168000.0,0.0,6233000.0,0.0,8.773,-450117000.0
96,CCL,MRT,1997-09-30,1997-08-31,1997-08-31,2021-09-30,0.0,5241765000.0,5125240000.0,405032000.0,4836733000.0,0.468,5.881,-452373000.0,215438000.0,215438000.0,1301576000.0,625523000.0,0.544,0.5,988576000.0,62089000.0,926487000.0,988576000.0,75434000.0,163276000.0,394598000.0,0.01,0.22,689832000.0,853108000.0,0.356,853108000.0,689832000.0,632119000.0,1.055,,1.055,3495240000.0,3226441000.0,3495240000.0,13870190996.0,20.0,16.258,341908000.0,0.575,1.0,1096500000.0,0.457,214352000.0,57713000.0,5055947000.0,5181541250.0,54394000.0,438031000.0,10313000.0,427718000.0,1746525000.0,744604000.0,1001921000.0,12964621996.0,129687000.0,-2241000.0,7173000.0,-98288000.0,-124257000.0,-215372000.0,-449222000.0,8548000.0,794281000.0,0.0,625523000.0,625523000.0,625523000.0,0.0,0.0,0.261,450612000.0,645888000.0,112021000.0,0.209,3.709,20.726,20.678,4131672000.0,0.0,21.815,5.406,5.406,49753000.0,2620440000.0,2398076000.0,2398076000.0,0.0,0.122,0.194,0.133,0.288,0.0,287336000.0,1.0,594298510.0,594298510.0,,4.035,5027413000.0,0.0,6596000.0,0.0,8.459,-339572000.0
97,CCL,MRT,1997-06-30,1997-05-31,1997-05-31,2021-09-30,0.0,5070282000.0,,301989000.0,4768293000.0,,5.437,-435450000.0,93626000.0,93626000.0,1309651000.0,595761000.0,0.371,0.57,999195000.0,62090000.0,937105000.0,999195000.0,89621000.0,159709000.0,490632000.0,0.011,0.21,665888000.0,825597000.0,0.349,825597000.0,665888000.0,603476000.0,1.015,,1.015,3230330000.0,,3230330000.0,12382011772.0,19.0,14.998,313934000.0,0.528,1.0,1054993000.0,0.446,216098000.0,62412000.0,4946527000.0,,54902000.0,397403000.0,12380000.0,385023000.0,1839952000.0,813226000.0,1026726000.0,11288336772.0,4459000.0,36070000.0,6176000.0,-312245000.0,-117699000.0,-423768000.0,-321157000.0,13717000.0,749384000.0,0.0,595761000.0,595761000.0,595761000.0,0.0,0.0,0.252,450540000.0,604453000.0,108135000.0,0.207,3.494,18.948,18.719,4104135000.0,0.0,19.0,4.774,4.774,49280000.0,2355235000.0,2364644000.0,2364644000.0,0.0,,,,0.282,0.0,290831000.0,1.0,594122988.0,594122988.0,,3.98,4854184000.0,0.0,7715000.0,0.0,8.17,-511237000.0
98,CCL,MRT,1997-03-31,1997-02-28,1997-02-28,2021-09-30,0.0,5087025000.0,,282751000.0,4804274000.0,,5.301,-616508000.0,88928000.0,88928000.0,1274345000.0,574597000.0,0.387,0.615,1182603000.0,66368000.0,1116235000.0,1182603000.0,91385000.0,152849000.0,404462000.0,0.011,0.2,648287000.0,801136000.0,0.351,801136000.0,648287000.0,583143000.0,0.99,,0.99,3149310000.0,,3149310000.0,11741894314.0,18.0,14.657,151701000.0,0.255,1.0,1010521000.0,0.442,217843000.0,65144000.0,5232762000.0,,53667000.0,417566000.0,12443000.0,405123000.0,1937715000.0,730095000.0,1207620000.0,10470522314.0,-202766000.0,-155674000.0,5846000.0,-254559000.0,-110661000.0,-359374000.0,-611601000.0,16727000.0,768209000.0,0.0,574597000.0,574597000.0,574597000.0,0.0,0.0,0.251,435925000.0,574596000.0,110021000.0,0.202,3.325,18.222,17.803,4122496000.0,0.0,17.625,4.583,4.583,42860000.0,2260467000.0,2284866000.0,2284866000.0,0.0,,,,0.284,0.0,283076000.0,1.0,594072188.0,594072188.0,,3.846,4869182000.0,0.0,8546000.0,0.0,8.196,-447344000.0
99,CCL,MRT,1996-12-31,1996-11-30,1996-11-30,2021-09-30,0.0,5101888000.0,4603687500.0,290933000.0,4810955000.0,0.481,5.102,-807614000.0,111629000.0,111629000.0,1241269000.0,566302000.0,0.439,0.683,1383001000.0,66369000.0,1316632000.0,1383001000.0,91630000.0,144987000.0,352698000.0,0.012,0.19,639439000.0,784426000.0,0.355,784426000.0,639439000.0,575347000.0,0.98,0.96,0.98,3030884000.0,2687878500.0,3030884000.0,,,,-66091000.0,-0.111,1.0,971303000.0,0.439,219589000.0,64092000.0,5490929000.0,4972276500.0,53281000.0,442816000.0,12486000.0,430330000.0,2071004000.0,662742000.0,1408262000.0,9356636961.0,58264000.0,-187015000.0,3728000.0,236115000.0,-103877000.0,135966000.0,-819225000.0,37710000.0,741523000.0,0.0,566302000.0,566302000.0,566302000.0,0.0,0.0,0.256,419842000.0,551461000.0,84748000.0,0.194,3.087,16.522,16.071,4099038000.0,0.0,15.75,4.229,4.229,38109000.0,2207781000.0,2212572000.0,2212572000.0,0.0,0.123,0.211,0.129,0.289,0.0,274855000.0,1.0,594072188.0,594072188.0,,3.724,4882299000.0,0.0,9045000.0,0.0,8.218,-371809000.0
100,CCL,MRT,1996-09-30,1996-08-31,1996-08-31,2021-09-30,,,,,,,,,,,,,,,,,,,,,,0.012,0.18,,,,,,,,,,,,,,,,,,1.0,,,,,,,,,,,,,,,,,,,,,,,,,,,,,,,,,,,,,,,,14.625,,,,,,,,,,,,,,1.0,,,,,,,,,,
101,CCL,MRT,1996-06-30,1996-05-31,1996-05-31,2021-09-30,,,,,,,,,,,,,,,,,,,,,,0.012,0.173,,,,,,,,,,,,,,,,,,1.0,,,,,,,,,,,,,,,,,,,,,,,,,,,,,,,,,,,,,,,,14.312,,,,,,,,,,,,,,1.0,,,,,,,,,,
102,CCL,MRT,1996-03-31,1996-02-29,1996-02-29,2021-09-30,,,,,,,,,,,,,,,,,,,,,,0.012,0.165,,,,,,,,,,,,,,,,,,1.0,,,,,,,,,,,,,,,,,,,,,,,,,,,,,,,,,,,,,,,,14.062,,,,,,,,,,,,,,1.0,,,,,,,,,,
103,CCL,MRT,1995-12-31,1995-11-30,1995-11-30,2021-09-30,0.0,4105487000.0,,256378000.0,3849109000.0,,,-483901000.0,53365000.0,53365000.0,1131113000.0,451091000.0,0.431,0.751,1222783000.0,72752000.0,1150031000.0,1222783000.0,15873000.0,128433000.0,292606000.0,0.012,0.158,523545000.0,651978000.0,0.326,651978000.0,523545000.0,460465000.0,0.795,,0.795,2344873000.0,,2344873000.0,,,,103305000.0,,1.0,867037000.0,0.434,226571000.0,63080000.0,4453624000.0,,48820000.0,102189000.0,50395000.0,51794000.0,1760614000.0,594710000.0,1165904000.0,,-740000.0,11783000.0,49032000.0,-23800000.0,-85098000.0,-59866000.0,-528080000.0,19720000.0,587206000.0,0.0,451091000.0,451091000.0,451091000.0,0.0,0.0,0.226,376999000.0,490038000.0,90237000.0,0.199,,,16.352,3414823000.0,0.0,13.0,,,33080000.0,1752140000.0,1998150000.0,1998150000.0,0.0,,,,0.262,0.0,248566000.0,1.0,,,,,3878916000.0,0.0,9374000.0,0.0,,-338332000.0
104,CCL,MRT,1994-12-31,1994-11-30,1994-11-30,2021-09-30,,,,,,,,-594789000.0,,,1028475000.0,381765000.0,,,,,,,,110595000.0,,0.013,0.143,443196000.0,553791000.0,0.307,553791000.0,443196000.0,391818000.0,0.675,,0.675,,,,,,,-57653000.0,,1.0,777541000.0,0.431,,51378000.0,,,,,,,,,,,-6138000.0,-31340000.0,2297000.0,123690000.0,-79072000.0,46915000.0,-590189000.0,15249000.0,537136000.0,0.0,381765000.0,381765000.0,381765000.0,0.0,0.0,0.211,333867000.0,443674000.0,,0.212,,,16.019,,0.0,10.812,,,,,1806016000.0,1806016000.0,0.0,,,,0.245,0.0,223272000.0,1.0,,,,,,,10053000.0,,,
