None,ticker,dimension,calendardate,datekey,reportperiod,lastupdated,accoci,assets,assetsavg,assetsc,assetsnc,assetturnover,bvps,capex,cashneq,cashnequsd,cor,consolinc,currentratio,de,debt,debtc,debtnc,debtusd,deferredrev,depamor,deposits,divyield,dps,ebit,ebitda,ebitdamargin,ebitdausd,ebitusd,ebt,eps,epsdil,epsusd,equity,equityavg,equityusd,ev,evebit,evebitda,fcf,fcfps,fxusd,gp,grossmargin,intangibles,intexp,invcap,invcapavg,inventory,investments,investmentsc,investmentsnc,liabilities,liabilitiesc,liabilitiesnc,marketcap,ncf,ncfbus,ncfcommon,ncfdebt,ncfdiv,ncff,ncfi,ncfinv,ncfo,ncfx,netinc,netinccmn,netinccmnusd,netincdis,netincnci,netmargin,opex,opinc,payables,payoutratio,pb,pe,pe1,ppnenet,prefdivis,price,ps,ps1,receivables,retearn,revenue,revenueusd,rnd,roa,roe,roic,ros,sbcomp,sgna,sharefactor,sharesbas,shareswa,shareswadil,sps,tangibles,taxassets,taxexp,taxliabilities,tbvps,workingcapital
0,UIS,MRY,2020-12-31,2020-12-31,2020-12-31,2021-08-02,-3939500000.0,2707900000.0,2621550000.0,1506000000.0,1201900000.0,0.773,-5.66,-130100000.0,906700000.0,906700000.0,1543300000.0,750700000.0,1.611,-8.464,692300000.0,102800000.0,589500000.0,692300000.0,395000000.0,95500000.0,0.0,0.0,0.0,825300000.0,920800000.0,0.454,920800000.0,825300000.0,796100000.0,11.93,11.93,11.93,-356800000.0,-278425000.0,-356800000.0,654184927.0,1.0,0.71,-811300000.0,-12.87,1.0,483000000.0,0.238,108600000.0,29200000.0,1449800000.0,1080575000.0,13400000.0,193600000.0,0.0,193600000.0,3020000000.0,935100000.0,2084900000.0,1240584927.0,354900000.0,1162900000.0,0.0,18800000.0,0.0,5100000.0,1041600000.0,9300000.0,-681200000.0,-10600000.0,750700000.0,750700000.0,750700000.0,-1068400000.0,0.0,0.37,396000000.0,87000000.0,223200000.0,0.0,-3.477,1.653,1.65,363700000.0,0.0,19.68,0.612,0.612,460500000.0,-960500000.0,2026300000.0,2026300000.0,26600000.0,0.286,-2.696,0.764,0.407,14500000.0,369400000.0,1.0,63037852.0,63037852.0,,32.144,2599300000.0,136200000.0,45400000.0,0.0,41.234,570900000.0
1,UIS,MRY,2019-12-31,2019-12-31,2019-12-31,2021-08-02,-4088600000.0,2504000000.0,2475525000.0,1221300000.0,1282700000.0,0.898,-20.281,-160100000.0,551800000.0,551800000.0,1688800000.0,-17200000.0,1.317,-2.95,635400000.0,13500000.0,621900000.0,635400000.0,393400000.0,99100000.0,0.0,0.0,0.0,72600000.0,171700000.0,0.077,171700000.0,72600000.0,10500000.0,-0.31,-0.31,-0.31,-1265400000.0,-1255050000.0,-1265400000.0,967501593.0,13.0,5.635,-36200000.0,-0.58,1.0,534000000.0,0.24,110400000.0,62100000.0,1549900000.0,1641725000.0,16400000.0,186800000.0,0.0,186800000.0,3732300000.0,927300000.0,2805000000.0,740001593.0,-72300000.0,0.0,0.0,-40600000.0,0.0,-38000000.0,-158200000.0,2800000.0,123900000.0,0.0,-17200000.0,-17200000.0,-17200000.0,-75000000.0,0.0,-0.008,396100000.0,137900000.0,204300000.0,0.0,-0.585,-43.023,-38.258,389500000.0,0.0,11.86,0.333,0.333,417700000.0,-1711200000.0,2222800000.0,2222800000.0,31300000.0,-0.007,0.014,0.044,0.033,13200000.0,364800000.0,1.0,62394738.0,62394738.0,,35.625,2393600000.0,114000000.0,27700000.0,0.0,38.362,294000000.0
2,UIS,MRY,2018-12-31,2018-12-31,2018-12-31,2021-08-02,-4084800000.0,2457600000.0,2417550000.0,1301400000.0,1156200000.0,0.931,-26.33,-170100000.0,624100000.0,624100000.0,1666900000.0,75500000.0,1.41,-2.797,652800000.0,10000000.0,642800000.0,652800000.0,451600000.0,107200000.0,0.0,0.0,0.0,185500000.0,292700000.0,0.13,292700000.0,185500000.0,121500000.0,1.48,1.47,1.48,-1343500000.0,-1289075000.0,-1343500000.0,709516121.0,4.0,2.424,-96200000.0,-1.885,1.0,584300000.0,0.26,177800000.0,64000000.0,1385200000.0,1404200000.0,27300000.0,162100000.0,0.0,162100000.0,3757200000.0,923300000.0,2833900000.0,593416121.0,-140000000.0,0.0,0.0,-2300000.0,0.0,-4800000.0,-185000000.0,-14000000.0,73900000.0,-24100000.0,75500000.0,75500000.0,75500000.0,-53900000.0,0.0,0.034,372200000.0,212100000.0,268900000.0,0.0,-0.442,7.86,7.858,337700000.0,0.0,11.63,0.264,0.264,509200000.0,-1694000000.0,2251200000.0,2251200000.0,31900000.0,0.031,-0.059,0.132,0.082,13200000.0,340300000.0,1.0,51024602.0,51024602.0,,44.12,2279800000.0,109300000.0,46000000.0,0.0,44.68,378100000.0
3,UIS,MRY,2017-12-31,2017-12-31,2017-12-31,2021-08-02,-3815800000.0,2542400000.0,2280125000.0,1389500000.0,1152900000.0,1.202,-26.84,-176500000.0,764100000.0,764100000.0,2194100000.0,-66600000.0,1.43,-2.856,644700000.0,10800000.0,633900000.0,644700000.0,486500000.0,93400000.0,0.0,0.0,0.0,-18000000.0,75400000.0,0.028,75400000.0,-18000000.0,-70800000.0,-1.3,-1.3,-1.3,-1354700000.0,-1554250000.0,-1354700000.0,434157403.0,-24.0,5.758,-10100000.0,-0.2,1.0,547700000.0,0.2,180800000.0,52800000.0,1270600000.0,1150325000.0,26100000.0,138300000.0,0.0,138300000.0,3868900000.0,971600000.0,2897300000.0,411357403.0,363000000.0,0.0,0.0,345400000.0,0.0,329900000.0,-152500000.0,24800000.0,166400000.0,19200000.0,-65300000.0,-65300000.0,-65300000.0,0.0,-1300000.0,-0.024,450600000.0,97100000.0,241800000.0,0.0,-0.304,-6.3,-6.269,344800000.0,0.0,8.15,0.15,0.15,503300000.0,-1963100000.0,2741800000.0,2741800000.0,38700000.0,-0.029,0.042,-0.016,-0.007,11200000.0,411900000.0,1.0,50473301.0,50473301.0,,54.322,2361600000.0,119900000.0,-5500000.0,0.0,46.789,417900000.0
4,UIS,MRY,2016-12-31,2016-12-31,2016-12-31,2021-08-02,-4152800000.0,2021600000.0,2176100000.0,1027300000.0,994300000.0,1.296,-32.566,-147100000.0,401100000.0,401100000.0,2203300000.0,-36700000.0,1.047,-2.25,300000000.0,106000000.0,194000000.0,300000000.0,455000000.0,90800000.0,0.0,0.0,0.0,36900000.0,127700000.0,0.045,127700000.0,36900000.0,9500000.0,-0.95,-0.95,-0.95,-1631000000.0,-1390625000.0,-1631000000.0,727645649.0,20.0,5.698,71100000.0,1.42,1.0,617400000.0,0.219,178600000.0,27400000.0,760300000.0,973250000.0,29000000.0,137000000.0,0.0,137000000.0,3669000000.0,981600000.0,2687400000.0,748745649.0,4300000.0,0.0,0.0,17900000.0,0.0,-17100000.0,-182100000.0,-34100000.0,218200000.0,-14700000.0,-47700000.0,-47700000.0,-47700000.0,0.0,11000000.0,-0.017,488200000.0,129200000.0,189000000.0,0.0,-0.459,-15.697,-15.737,317800000.0,0.0,14.95,0.265,0.265,505800000.0,-1893400000.0,2820700000.0,2820700000.0,47000000.0,-0.022,0.034,0.038,0.013,9500000.0,441200000.0,1.0,50083321.0,50083321.0,,56.32,1843000000.0,146100000.0,57200000.0,0.0,36.799,45700000.0
5,UIS,MRY,2015-12-31,2015-12-31,2015-12-31,2021-08-02,-3945300000.0,2130000000.0,2130750000.0,1111500000.0,1018500000.0,1.415,-27.831,-213700000.0,365200000.0,365200000.0,2474200000.0,-103200000.0,1.156,-2.525,310500000.0,76800000.0,233700000.0,310500000.0,458400000.0,113200000.0,0.0,0.0,0.0,-53600000.0,59600000.0,0.02,59600000.0,-53600000.0,-65500000.0,-2.2,-2.2,-2.2,-1389700000.0,-1440900000.0,-1389700000.0,568967551.0,-11.0,9.546,-208000000.0,-4.166,1.0,540900000.0,0.179,177400000.0,11900000.0,936800000.0,955500000.0,43800000.0,138500000.0,0.0,138500000.0,3508600000.0,961100000.0,2547500000.0,551767551.0,-133400000.0,0.0,3700000.0,87200000.0,0.0,89800000.0,-181300000.0,25400000.0,5700000.0,-47600000.0,-109900000.0,-109900000.0,-109900000.0,0.0,6700000.0,-0.036,596000000.0,-55100000.0,219300000.0,0.0,-0.397,-5.021,-5.023,335800000.0,0.0,11.05,0.183,0.183,581600000.0,-1845700000.0,3015100000.0,3015100000.0,76400000.0,-0.052,0.076,-0.056,-0.018,9400000.0,519600000.0,1.0,49933715.0,49933715.0,,60.382,1952600000.0,127400000.0,44400000.0,0.0,39.104,150400000.0
6,UIS,MRY,2014-12-31,2014-12-31,2014-12-31,2021-08-02,-4113400000.0,2348700000.0,2340850000.0,1317300000.0,1031400000.0,1.434,-29.243,-212800000.0,494300000.0,494300000.0,2578600000.0,59300000.0,1.32,-2.603,224000000.0,1800000.0,222200000.0,224000000.0,467800000.0,110100000.0,0.0,0.0,0.0,142100000.0,252200000.0,0.075,252200000.0,142100000.0,132900000.0,0.89,0.89,0.89,-1460000000.0,-851875000.0,-1460000000.0,1210457010.0,9.0,4.8,-91400000.0,-1.831,1.0,777800000.0,0.232,183900000.0,9200000.0,896800000.0,875750000.0,46700000.0,144100000.0,0.0,144100000.0,3801100000.0,997700000.0,2803400000.0,1471857010.0,-145500000.0,0.0,-32300000.0,0.0,0.0,-36900000.0,-195300000.0,13700000.0,121400000.0,-34700000.0,46700000.0,44000000.0,44000000.0,0.0,12600000.0,0.013,622900000.0,154900000.0,262500000.0,0.0,-1.008,33.451,33.124,319600000.0,2700000.0,29.48,0.439,0.439,619300000.0,-1735800000.0,3356400000.0,3356400000.0,68800000.0,0.019,-0.052,0.162,0.042,10400000.0,554100000.0,1.0,49927307.0,49927307.0,,67.226,2164800000.0,171000000.0,86200000.0,0.0,43.359,319600000.0
7,UIS,MRY,2013-12-31,2013-12-31,2013-12-31,2021-08-02,-3333400000.0,2510000000.0,2336675000.0,1540800000.0,969200000.0,1.479,-15.952,-151400000.0,639800000.0,639800000.0,2608100000.0,120100000.0,1.504,-4.531,210000000.0,0.0,210000000.0,210000000.0,525100000.0,100200000.0,0.0,0.0,0.0,217700000.0,317900000.0,0.092,317900000.0,217700000.0,207800000.0,2.1,2.08,2.1,-700500000.0,-1335975000.0,-700500000.0,1128334232.0,5.0,3.549,36000000.0,0.82,1.0,848400000.0,0.245,188700000.0,9900000.0,866700000.0,797425000.0,55100000.0,129100000.0,0.0,129100000.0,3173900000.0,1024800000.0,2149100000.0,1474134232.0,-15800000.0,0.0,-6800000.0,0.0,0.0,-23000000.0,-162700000.0,-9900000.0,187400000.0,-17500000.0,108500000.0,92300000.0,92300000.0,0.0,11600000.0,0.027,628900000.0,219500000.0,246700000.0,0.0,-2.104,15.971,15.986,290200000.0,16200000.0,33.57,0.426,0.426,683100000.0,-1782500000.0,3456500000.0,3456500000.0,69500000.0,0.04,-0.069,0.273,0.063,12500000.0,559400000.0,1.0,43912250.0,43912250.0,,78.714,2321300000.0,136400000.0,99300000.0,0.0,52.862,516000000.0
8,UIS,MRY,2012-12-31,2012-12-31,2012-12-31,2021-08-02,-4133600000.0,2420400000.0,2382100000.0,1512400000.0,908000000.0,1.556,-36.39,-132600000.0,655600000.0,655600000.0,2732900000.0,156800000.0,1.468,-2.505,210300000.0,300000.0,210000000.0,210300000.0,512600000.0,112600000.0,0.0,0.0,0.0,270400000.0,383000000.0,0.103,383000000.0,270400000.0,242900000.0,2.95,2.84,2.95,-1600200000.0,-1302625000.0,-1600200000.0,429943297.0,2.0,1.123,128700000.0,2.927,1.0,973500000.0,0.263,192300000.0,27500000.0,752500000.0,812150000.0,50000000.0,124200000.0,0.0,124200000.0,4009100000.0,1030300000.0,2978800000.0,760743297.0,-59300000.0,0.0,400000.0,-184100000.0,0.0,-204400000.0,-126700000.0,1300000.0,261300000.0,10500000.0,145600000.0,129400000.0,129400000.0,0.0,11200000.0,0.035,654300000.0,319200000.0,228600000.0,0.0,-0.475,5.879,5.864,302700000.0,16200000.0,17.3,0.205,0.205,670200000.0,-1891000000.0,3706400000.0,3706400000.0,81500000.0,0.054,-0.099,0.333,0.073,14300000.0,572800000.0,1.0,43973601.0,43973601.0,,84.287,2228100000.0,184300000.0,97300000.0,0.0,50.669,482100000.0
9,UIS,MRY,2011-12-31,2011-12-31,2011-12-31,2021-08-02,-3700900000.0,2612200000.0,2692825000.0,1603400000.0,1008800000.0,1.431,-30.415,-134400000.0,714900000.0,714900000.0,2866800000.0,141200000.0,1.437,-2.976,359700000.0,900000.0,358800000.0,359700000.0,568400000.0,129100000.0,0.0,0.0,0.0,261900000.0,391000000.0,0.101,391000000.0,261900000.0,198800000.0,2.79,2.71,2.79,-1318100000.0,-824275000.0,-1318100000.0,632188846.0,2.0,1.617,182800000.0,4.218,1.0,987000000.0,0.256,192500000.0,63100000.0,948400000.0,1096525000.0,64800000.0,129800000.0,0.0,129800000.0,3923200000.0,1116100000.0,2807100000.0,854188846.0,-113400000.0,-15600000.0,1400000.0,-555700000.0,0.0,-319400000.0,-96300000.0,3000000.0,317200000.0,-14900000.0,134000000.0,120500000.0,120500000.0,0.0,7200000.0,0.031,662400000.0,324600000.0,241600000.0,0.0,-0.648,7.089,7.065,329200000.0,13500000.0,19.71,0.222,0.222,673000000.0,-2036600000.0,3853800000.0,3853800000.0,76100000.0,0.045,-0.146,0.239,0.068,13900000.0,586300000.0,1.0,43337841.0,43337841.0,,88.925,2419700000.0,208600000.0,64800000.0,0.0,55.833,487300000.0
10,UIS,MRY,2010-12-31,2010-12-31,2010-12-31,2021-08-02,-2928300000.0,3020900000.0,2821800000.0,1875400000.0,1145500000.0,1.424,-21.99,-203100000.0,828300000.0,828300000.0,2947900000.0,241300000.0,1.403,-4.219,824000000.0,800000.0,823200000.0,824000000.0,705700000.0,187700000.0,0.0,0.0,0.0,396700000.0,584400000.0,0.145,584400000.0,396700000.0,294900000.0,5.55,5.45,5.55,-937300000.0,-1068350000.0,-937300000.0,1252357004.0,3.0,2.143,133700000.0,3.137,1.0,1071700000.0,0.267,197900000.0,101800000.0,1482000000.0,1596450000.0,88900000.0,143800000.0,0.0,143800000.0,3954700000.0,1336700000.0,2618000000.0,1103557004.0,180700000.0,117200000.0,1400000.0,-92800000.0,0.0,-91500000.0,-61600000.0,900000.0,336800000.0,-3000000.0,236100000.0,236100000.0,236100000.0,-77200000.0,5200000.0,0.059,696000000.0,375700000.0,260700000.0,0.0,-1.177,4.674,4.665,382000000.0,0.0,25.89,0.275,0.275,789700000.0,-2170600000.0,4019600000.0,4019600000.0,78900000.0,0.084,-0.221,0.248,0.099,9400000.0,617100000.0,1.0,42624836.0,42624836.0,,94.302,2823000000.0,220300000.0,58800000.0,0.0,66.229,538700000.0
11,UIS,MRY,2009-12-31,2009-12-31,2009-12-31,2021-08-02,-3013500000.0,2956900000.0,2766075000.0,1773400000.0,1183500000.0,1.586,-29.998,-201300000.0,647600000.0,647600000.0,3272700000.0,193000000.0,1.223,-3.334,911700000.0,65800000.0,845900000.0,911700000.0,588300000.0,247900000.0,0.0,0.0,0.0,326800000.0,574700000.0,0.131,574700000.0,326800000.0,231600000.0,4.82,4.75,4.82,-1268300000.0,-1314600000.0,-1268300000.0,2067696093.0,6.0,3.598,195500000.0,4.624,1.0,1113000000.0,0.254,198500000.0,95200000.0,1572300000.0,1617525000.0,100500000.0,151500000.0,0.0,151500000.0,4228600000.0,1450200000.0,2778400000.0,1630296093.0,103600000.0,15500000.0,0.0,-30000000.0,0.0,-46100000.0,-271300000.0,1300000.0,396800000.0,24200000.0,189300000.0,189300000.0,189300000.0,0.0,3700000.0,0.043,783000000.0,330000000.0,292200000.0,0.0,-1.285,8.612,8.0,439400000.0,0.0,38.56,0.372,0.372,767400000.0,-2406700000.0,4385700000.0,4385700000.0,101900000.0,0.068,-0.144,0.202,0.075,700000.0,681100000.0,1.0,42279463.0,42279463.0,,103.731,2758400000.0,200500000.0,42300000.0,0.0,65.242,323200000.0
12,UIS,MRY,2008-12-31,2008-12-31,2008-12-31,2021-08-02,-2904600000.0,2824100000.0,3483200000.0,1638400000.0,1185700000.0,1.423,-39.816,-294500000.0,544000000.0,544000000.0,3868500000.0,-130100000.0,1.149,-2.945,1060600000.0,1500000.0,1059100000.0,1060600000.0,0.0,268300000.0,0.0,0.0,0.0,-4100000.0,264200000.0,0.053,264200000.0,-4100000.0,-89200000.0,-3.62,-3.62,-3.62,-1442400000.0,-80400000.0,-1442400000.0,876027274.0,-214.0,3.316,-39900000.0,-1.101,1.0,1086400000.0,0.219,189400000.0,85100000.0,1724900000.0,2349775000.0,135400000.0,202000000.0,0.0,202000000.0,4247900000.0,1426400000.0,2821500000.0,307927274.0,-286200000.0,-6400000.0,0.0,-200100000.0,0.0,-200900000.0,-283000000.0,17900000.0,254600000.0,-56900000.0,-130100000.0,-130100000.0,-130100000.0,-20800000.0,0.0,-0.026,1084300000.0,2100000.0,379200000.0,0.0,-0.213,-2.367,-2.348,591400000.0,0.0,8.5,0.062,0.062,818500000.0,-2596000000.0,4954900000.0,4954900000.0,129000000.0,-0.037,1.618,-0.002,-0.001,1100000.0,955300000.0,1.0,36226738.0,36226738.0,,136.775,2634700000.0,111400000.0,40900000.0,0.0,72.728,212000000.0
13,UIS,MRY,2007-12-31,2007-12-31,2007-12-31,2021-08-02,-1182900000.0,4137100000.0,3924050000.0,2212200000.0,1924900000.0,1.44,10.429,-309000000.0,830200000.0,830200000.0,4365500000.0,-53300000.0,1.167,10.285,1262700000.0,204400000.0,1058300000.0,1262700000.0,0.0,258900000.0,0.0,0.0,0.0,79900000.0,338800000.0,0.06,338800000.0,79900000.0,3600000.0,-2.26,-2.26,-2.26,366600000.0,93025000.0,366600000.0,2263913732.0,28.0,6.682,-135900000.0,-3.866,1.0,1287000000.0,0.228,200600000.0,76300000.0,2473000000.0,2361975000.0,171100000.0,268800000.0,0.0,268800000.0,3770500000.0,1896000000.0,1874500000.0,1662713732.0,110900000.0,28100000.0,12300000.0,203100000.0,0.0,209600000.0,-290700000.0,-9800000.0,173100000.0,18900000.0,-79100000.0,-79100000.0,-79100000.0,0.0,25800000.0,-0.014,1201100000.0,85900000.0,419600000.0,0.0,4.535,-21.02,-20.929,741600000.0,0.0,47.3,0.294,0.294,1059200000.0,-2465900000.0,5652500000.0,5652500000.0,179000000.0,-0.02,-0.85,0.034,0.014,7700000.0,1022100000.0,1.0,35152510.0,35152510.0,,160.799,3936500000.0,111800000.0,82700000.0,0.0,111.983,316200000.0
14,UIS,MRY,2006-12-31,2006-12-31,2006-12-31,2021-08-02,-1626000000.0,4037900000.0,4885625000.0,2238500000.0,1799400000.0,1.178,-1.863,-256500000.0,719300000.0,719300000.0,4747600000.0,-278700000.0,1.159,-63.896,1050800000.0,1700000.0,1049100000.0,1050800000.0,0.0,255600000.0,0.0,0.0,0.0,-173700000.0,81900000.0,0.014,81900000.0,-173700000.0,-250900000.0,-8.1,-8.1,-8.1,-64200000.0,909525000.0,-64200000.0,3140089278.0,-18.0,38.341,-227800000.0,-6.611,1.0,1009600000.0,0.175,193900000.0,77200000.0,2243800000.0,3148500000.0,176200000.0,304300000.0,0.0,304300000.0,4102100000.0,1931700000.0,2170400000.0,2701489278.0,76800000.0,379500000.0,1600000.0,-74900000.0,0.0,-77900000.0,109100000.0,-13900000.0,28700000.0,16900000.0,-278700000.0,-278700000.0,-278700000.0,0.0,0.0,-0.048,1336400000.0,-326800000.0,460900000.0,0.0,-42.079,-9.693,-9.679,742400000.0,0.0,78.4,0.469,0.469,1164600000.0,-2386800000.0,5757200000.0,5757200000.0,231700000.0,-0.057,-0.306,-0.055,-0.03,6700000.0,1104700000.0,1.0,34457771.0,34457771.0,,167.08,3844000000.0,221300000.0,27800000.0,0.0,111.557,306800000.0
15,UIS,MRY,2005-12-31,2005-12-31,2005-12-31,2021-08-02,-1844900000.0,4028900000.0,4639100000.0,2153300000.0,1875600000.0,1.241,-0.955,-381500000.0,642500000.0,642500000.0,4597300000.0,-1731900000.0,1.187,-124.586,1125900000.0,76900000.0,1049000000.0,1125900000.0,0.0,249500000.0,0.0,0.0,0.0,-106200000.0,143300000.0,0.025,143300000.0,-106200000.0,-170900000.0,-50.9,-50.9,-50.9,-32600000.0,699275000.0,-32600000.0,2640915585.0,-25.0,18.429,-99500000.0,-2.916,1.0,1161400000.0,0.202,192000000.0,64700000.0,2505500000.0,3190950000.0,194100000.0,535400000.0,0.0,535400000.0,4061500000.0,1814800000.0,2246700000.0,1989615585.0,-18000000.0,21900000.0,12800000.0,49600000.0,0.0,62400000.0,-343000000.0,16600000.0,282000000.0,-19400000.0,-1731900000.0,-1731900000.0,-1731900000.0,0.0,0.0,-0.301,1323800000.0,-162400000.0,444600000.0,0.0,-61.031,-1.149,-1.145,802400000.0,0.0,58.3,0.345,0.345,1111500000.0,-2108100000.0,5758700000.0,5758700000.0,263900000.0,-0.373,-2.477,-0.033,-0.018,600000.0,1059900000.0,1.0,34127197.0,34127197.0,,168.742,3836900000.0,206600000.0,1561000000.0,0.0,112.429,338500000.0
16,UIS,MRY,2004-12-31,2004-12-31,2004-12-31,2021-08-02,-2004500000.0,5620900000.0,5505350000.0,2417600000.0,3203300000.0,1.057,44.846,-434100000.0,660500000.0,660500000.0,4458300000.0,38600000.0,1.195,2.731,1051100000.0,152700000.0,898400000.0,1051100000.0,0.0,259800000.0,0.0,0.0,0.0,-7000000.0,252800000.0,0.043,252800000.0,-7000000.0,-76000000.0,1.2,1.1,1.2,1506500000.0,1500175000.0,1506500000.0,3916376806.0,-559.0,15.492,35700000.0,1.063,1.0,1362400000.0,0.234,189900000.0,69000000.0,3798800000.0,3695450000.0,216100000.0,533900000.0,0.0,533900000.0,4114400000.0,2022800000.0,2091600000.0,3419776806.0,24600000.0,-17700000.0,38800000.0,-23500000.0,0.0,15300000.0,-479600000.0,-27800000.0,469800000.0,19100000.0,38600000.0,38600000.0,38600000.0,0.0,0.0,0.007,1397200000.0,-34800000.0,487400000.0,0.0,2.27,88.595,84.833,856000000.0,0.0,101.8,0.588,0.588,1136800000.0,-376200000.0,5820700000.0,5820700000.0,294300000.0,0.007,0.026,-0.002,-0.001,1400000.0,1102900000.0,1.0,33593092.0,33593092.0,,173.271,5431000000.0,1686400000.0,-114600000.0,0.0,161.67,394800000.0
17,UIS,MRY,2003-12-31,2003-12-31,2003-12-31,2021-08-02,-2011900000.0,5469600000.0,5215850000.0,2258000000.0,3211600000.0,1.133,42.225,-437000000.0,635900000.0,635900000.0,4196200000.0,258700000.0,1.1,2.92,1068200000.0,19900000.0,1048300000.0,1068200000.0,0.0,226700000.0,0.0,0.0,0.0,450100000.0,676800000.0,0.114,676800000.0,450100000.0,380500000.0,7.9,7.8,7.9,1395200000.0,1093675000.0,1395200000.0,5573494796.0,12.0,8.235,133800000.0,4.049,1.0,1715000000.0,0.29,177500000.0,69600000.0,3670900000.0,3712625000.0,238600000.0,485500000.0,0.0,485500000.0,4074400000.0,2053500000.0,2020900000.0,4906694796.0,334100000.0,-5300000.0,31500000.0,224000000.0,0.0,255500000.0,-510400000.0,-68100000.0,570800000.0,18200000.0,258700000.0,258700000.0,258700000.0,0.0,0.0,0.044,1287300000.0,427700000.0,513800000.0,0.0,3.517,18.967,18.797,901700000.0,0.0,148.5,0.83,0.83,1027800000.0,-414800000.0,5911200000.0,5911200000.0,280100000.0,0.05,0.237,0.121,0.076,0.0,1007200000.0,1.0,33041716.0,33041716.0,,178.901,5292100000.0,1654600000.0,121800000.0,214100000.0,160.164,204500000.0
18,UIS,MRY,2002-12-31,2002-12-31,2002-12-31,2021-08-02,-2236900000.0,4981400000.0,5406125000.0,1946000000.0,3035400000.0,1.037,26.381,-401700000.0,301800000.0,301800000.0,3918900000.0,223000000.0,0.903,4.819,829700000.0,81700000.0,748000000.0,829700000.0,0.0,190100000.0,0.0,0.0,0.0,399300000.0,589400000.0,0.105,589400000.0,399300000.0,332800000.0,6.9,6.9,6.9,856000000.0,1855725000.0,856000000.0,3909508331.0,10.0,6.633,-11600000.0,-0.357,1.0,1688500000.0,0.301,160600000.0,66500000.0,3192800000.0,3778975000.0,292800000.0,423600000.0,0.0,423600000.0,4125400000.0,2155900000.0,1969500000.0,3212308331.0,-24100000.0,-4800000.0,29000000.0,-3700000.0,0.0,25300000.0,-444800000.0,-38300000.0,390100000.0,5300000.0,223000000.0,223000000.0,223000000.0,0.0,0.0,0.04,1265300000.0,423200000.0,532500000.0,0.0,3.753,14.405,14.348,767800000.0,0.0,99.0,0.573,0.573,955600000.0,-673500000.0,5607400000.0,5607400000.0,273300000.0,0.041,0.12,0.106,0.071,0.0,992000000.0,1.0,32447559.0,32447559.0,,172.814,4820800000.0,1787300000.0,109800000.0,228900000.0,148.572,-209900000.0
19,UIS,MRY,2001-12-31,2001-12-31,2001-12-31,2021-08-02,-706800000.0,5769100000.0,5682675000.0,2204100000.0,3565000000.0,1.059,66.207,-336200000.0,325900000.0,325900000.0,4534800000.0,-67100000.0,0.953,1.731,826100000.0,81100000.0,745000000.0,826100000.0,0.0,156000000.0,0.0,0.0,0.0,-3000000.0,153000000.0,0.025,153000000.0,-3000000.0,-73000000.0,-2.1,-2.1,-2.1,2112700000.0,2225150000.0,2112700000.0,4676493692.0,-1559.0,30.565,-133800000.0,-4.193,1.0,1483300000.0,0.246,159000000.0,70000000.0,3796800000.0,3588250000.0,345800000.0,500200000.0,0.0,500200000.0,3656400000.0,2313500000.0,1342900000.0,4001593692.0,-52100000.0,-9100000.0,33600000.0,38000000.0,0.0,71600000.0,-325600000.0,19700000.0,202400000.0,-500000.0,-67100000.0,-67100000.0,-67100000.0,0.0,0.0,-0.011,1487800000.0,-4500000.0,694900000.0,0.0,1.894,-59.636,-59.714,549600000.0,0.0,125.4,0.665,0.665,1093700000.0,-896500000.0,6018100000.0,6018100000.0,331500000.0,-0.012,-0.03,-0.001,0.0,0.0,1156300000.0,1.0,31910636.0,31910636.0,,188.592,5610100000.0,1090400000.0,-5900000.0,234600000.0,175.807,-109400000.0
20,UIS,MRY,2000-12-31,2000-12-31,2000-12-31,2021-08-02,-643700000.0,5713300000.0,5744550000.0,2587000000.0,3126300000.0,1.199,69.591,-330700000.0,378000000.0,378000000.0,4795900000.0,225000000.0,0.98,1.613,762600000.0,226300000.0,536300000.0,762600000.0,0.0,135600000.0,0.0,0.0,0.0,439000000.0,574600000.0,0.083,574600000.0,439000000.0,359200000.0,7.2,,7.2,2186100000.0,2140300000.0,2186100000.0,5387803726.0,12.0,9.377,89200000.0,2.84,1.0,2089100000.0,0.303,186300000.0,79800000.0,3270500000.0,3414250000.0,425500000.0,522500000.0,0.0,522500000.0,3527200000.0,2641100000.0,886100000.0,4595803726.0,-86000000.0,-13900000.0,51100000.0,-268400000.0,0.0,-217300000.0,-270900000.0,73700000.0,419900000.0,-17700000.0,225000000.0,225000000.0,225000000.0,0.0,0.0,0.033,1662300000.0,426800000.0,847700000.0,0.0,2.102,20.426,20.319,509900000.0,0.0,146.3,0.668,0.668,1247400000.0,-829400000.0,6885000000.0,6885000000.0,333600000.0,0.039,0.105,0.129,0.064,0.0,1328700000.0,1.0,31413559.0,31413559.0,,219.173,5527000000.0,1044200000.0,134200000.0,288300000.0,175.943,-54100000.0
21,UIS,MRY,1999-12-31,1999-12-31,1999-12-31,2021-08-02,-570400000.0,5889700000.0,5557675000.0,2845700000.0,3044000000.0,1.358,63.029,-294500000.0,464000000.0,464000000.0,4859900000.0,510700000.0,1.087,2.015,1000000000.0,49800000.0,950200000.0,1000000000.0,0.0,134500000.0,0.0,0.0,0.0,886000000.0,1020500000.0,0.135,1020500000.0,886000000.0,758200000.0,16.5,,16.5,1953300000.0,1683725000.0,1953300000.0,10544975569.0,12.0,10.333,223100000.0,7.199,1.0,2684700000.0,0.356,259800000.0,127800000.0,3547400000.0,3466075000.0,372900000.0,225500000.0,0.0,225500000.0,3936400000.0,2618500000.0,1317900000.0,9898375569.0,-152400000.0,-53900000.0,87700000.0,-159700000.0,0.0,-328400000.0,-328400000.0,20000000.0,517600000.0,-13200000.0,510700000.0,474000000.0,474000000.0,0.0,0.0,0.063,1724000000.0,960700000.0,833200000.0,0.0,5.068,20.883,19.358,620800000.0,36700000.0,319.4,1.312,1.312,1430500000.0,-1054400000.0,7544600000.0,7544600000.0,339400000.0,0.085,0.282,0.256,0.117,0.0,1384600000.0,1.0,30990531.0,30990531.0,,243.449,5629900000.0,1128300000.0,247500000.0,348900000.0,181.665,227200000.0
22,UIS,MRY,1998-12-31,1998-12-31,1998-12-31,2021-08-02,-531600000.0,5613200000.0,5469075000.0,2844100000.0,2769100000.0,1.325,60.171,-258300000.0,616400000.0,616400000.0,4775900000.0,376400000.0,1.095,2.655,1163000000.0,56300000.0,1106700000.0,1163000000.0,0.0,149200000.0,0.0,0.0,0.0,765900000.0,915100000.0,0.126,915100000.0,765900000.0,594200000.0,10.7,,10.7,1535600000.0,1367100000.0,1535600000.0,9468449110.0,12.0,10.347,383900000.0,15.043,1.0,2468000000.0,0.341,247700000.0,171700000.0,3315500000.0,3500225000.0,471000000.0,184600000.0,0.0,184600000.0,4077600000.0,2596600000.0,1481000000.0,8789249110.0,-207800000.0,-3900000.0,79500000.0,-542300000.0,0.0,-569300000.0,-277700000.0,-15500000.0,642200000.0,-3000000.0,376400000.0,269900000.0,269900000.0,0.0,0.0,0.037,1669000000.0,799000000.0,928500000.0,0.0,5.724,32.565,32.187,585400000.0,106500000.0,344.4,1.213,1.213,1239000000.0,-1532200000.0,7243900000.0,7243900000.0,308300000.0,0.049,0.197,0.219,0.106,0.0,1360700000.0,1.0,25520468.0,25520468.0,,283.847,5365500000.0,1123200000.0,217800000.0,277000000.0,210.243,247500000.0
23,UIS,MRY,1997-12-31,1997-12-31,1997-12-31,2021-08-02,-448100000.0,5591300000.0,6279200000.0,2886500000.0,2704800000.0,1.061,48.144,-312400000.0,803000000.0,803000000.0,4387000000.0,-852900000.0,1.12,3.637,1692000000.0,253700000.0,1438300000.0,1692000000.0,0.0,159100000.0,0.0,0.0,0.0,-514900000.0,-355800000.0,-0.053,-355800000.0,-514900000.0,-748100000.0,-52.5,,-52.5,1205900000.0,1405950000.0,1205900000.0,,,,58100000.0,2.32,1.0,2275900000.0,0.342,259000000.0,233200000.0,3643900000.0,4213250000.0,560800000.0,215700000.0,0.0,215700000.0,4385400000.0,2577400000.0,1808000000.0,3476595346.0,-223400000.0,-22200000.0,8600000.0,28300000.0,0.0,-252600000.0,-297300000.0,37300000.0,370500000.0,-24900000.0,-852900000.0,-964000000.0,-964000000.0,0.0,0.0,-0.145,2684300000.0,-408400000.0,817100000.0,0.0,2.883,-3.606,-2.644,581200000.0,111100000.0,138.8,0.522,0.522,967300000.0,-1736800000.0,6662900000.0,6662900000.0,314800000.0,-0.154,-0.686,-0.122,-0.077,0.0,1446600000.0,1.0,25047517.0,25047517.0,,266.01,5332300000.0,1127100000.0,104800000.0,172800000.0,212.887,309100000.0
24,UIS,MRY,1996-12-31,1996-12-31,1996-12-31,2021-08-02,0.0,6967100000.0,,3133100000.0,3834000000.0,,,-201100000.0,1029200000.0,1029200000.0,4259100000.0,45100000.0,1.271,3.338,2291100000.0,19700000.0,2271400000.0,2291100000.0,0.0,182000000.0,0.0,0.0,0.0,324300000.0,506300000.0,0.079,506300000.0,324300000.0,74600000.0,-4.4,,-4.4,1606000000.0,,1606000000.0,,,,-290800000.0,,1.0,2111400000.0,0.331,981300000.0,249700000.0,4782600000.0,,642300000.0,244400000.0,0.0,244400000.0,5361100000.0,2465100000.0,2896000000.0,,-85100000.0,-17900000.0,600000.0,371400000.0,0.0,251200000.0,-218800000.0,200000.0,-89700000.0,-7300000.0,45100000.0,-75700000.0,-75700000.0,0.0,0.0,-0.012,1791000000.0,320400000.0,871100000.0,0.0,,,-15.341,621800000.0,120800000.0,67.5,,,1018300000.0,-770100000.0,6370500000.0,6370500000.0,342900000.0,,,,0.051,0.0,1448100000.0,1.0,,,,,5985800000.0,1044500000.0,29500000.0,94300000.0,,668000000.0
25,UIS,MRY,1995-12-31,1995-12-31,1995-12-31,2021-08-02,,,,,,,,-287700000.0,,,4650100000.0,-624600000.0,,,,,,,,203000000.0,,0.0,0.0,-576300000.0,-373300000.0,-0.059,-373300000.0,-576300000.0,-778400000.0,-43.5,,-43.5,,,,,,,-190000000.0,,1.0,1692200000.0,0.267,,202100000.0,,,,,,,,,,,245900000.0,-42300000.0,0.0,-65100000.0,0.0,-182500000.0,-333300000.0,-3300000.0,97700000.0,5700000.0,-624600000.0,-744900000.0,-744900000.0,-2700000.0,0.0,-0.117,2254300000.0,-562100000.0,,0.0,,,-1.264,,120300000.0,55.0,,,,,6342300000.0,6342300000.0,404500000.0,,,,-0.091,0.0,1849800000.0,1.0,,,,,,,-153800000.0,,,
0,UIS,MRQ,2021-06-30,2021-06-30,2021-06-30,2021-08-02,-3596100000.0,2376300000.0,,1146200000.0,1230100000.0,,-4.607,-22900000.0,606200000.0,606200000.0,375100000.0,-140800000.0,1.688,-8.55,591000000.0,19400000.0,571600000.0,591000000.0,385300000.0,25200000.0,0.0,0.0,0.0,-185500000.0,-160300000.0,-0.31,-160300000.0,-185500000.0,-193900000.0,-2.1,-2.1,-2.1,-308800000.0,,-308800000.0,1568439475.0,-3.0,-4.137,19000000.0,0.283,1.0,142200000.0,0.275,260200000.0,8400000.0,1422000000.0,,6100000.0,188900000.0,0.0,188900000.0,2640100000.0,678900000.0,1961200000.0,1696339475.0,-120300000.0,-150100000.0,1000000.0,-3800000.0,0.0,-3100000.0,-167800000.0,5200000.0,41900000.0,8700000.0,-140800000.0,-140800000.0,-140800000.0,0.0,0.0,-0.272,101400000.0,40800000.0,131000000.0,0.0,-5.493,-3.5,-3.37,325000000.0,0.0,25.31,0.808,0.808,400700000.0,-1259100000.0,517300000.0,517300000.0,6800000.0,,,,,3700000.0,94600000.0,1.0,67022500.0,67022500.0,,7.718,2116100000.0,153500000.0,-53100000.0,0.0,31.573,467300000.0
1,UIS,MRQ,2021-03-31,2021-03-31,2021-03-31,2021-08-02,-3755200000.0,2456700000.0,,1280600000.0,1176100000.0,,-5.26,-27500000.0,726500000.0,726500000.0,370600000.0,-157800000.0,1.754,-8.271,598600000.0,19900000.0,578700000.0,598600000.0,386300000.0,23700000.0,0.0,0.0,0.0,-139300000.0,-115600000.0,-0.227,-115600000.0,-139300000.0,-149400000.0,-2.45,-2.45,-2.45,-331600000.0,,-331600000.0,1388149755.0,-4.0,-5.36,-70400000.0,-1.117,1.0,139200000.0,0.273,108600000.0,10100000.0,1490300000.0,,9600000.0,195500000.0,0.0,195500000.0,2742500000.0,729900000.0,2012600000.0,1602549755.0,-180200000.0,0.0,2700000.0,-90100000.0,0.0,-94800000.0,-33900000.0,-6000000.0,-42900000.0,-8600000.0,-157800000.0,-157800000.0,-157800000.0,0.0,0.0,-0.31,95600000.0,43600000.0,172700000.0,0.0,-4.833,-3.794,-3.817,341300000.0,0.0,25.42,0.793,0.793,410300000.0,-1118300000.0,509800000.0,509800000.0,5600000.0,,,,,3300000.0,90000000.0,1.0,63042870.0,63042870.0,,8.087,2348100000.0,134100000.0,8400000.0,0.0,37.246,550700000.0
2,UIS,MRQ,2020-12-31,2020-12-31,2020-12-31,2021-08-02,-3939500000.0,2707900000.0,,1506000000.0,1201900000.0,,-5.66,-35000000.0,906700000.0,906700000.0,401800000.0,-173100000.0,1.611,-8.464,692300000.0,102800000.0,589500000.0,692300000.0,395000000.0,24600000.0,0.0,0.0,0.0,-146000000.0,-121400000.0,-0.21,-121400000.0,-146000000.0,-154300000.0,-2.76,-2.76,-2.76,-356800000.0,,-356800000.0,654184927.0,1.0,0.71,-390400000.0,-6.193,1.0,175100000.0,0.304,108600000.0,8300000.0,1449800000.0,,13400000.0,193600000.0,0.0,193600000.0,3020000000.0,935100000.0,2084900000.0,1240584927.0,122600000.0,0.0,0.0,486400000.0,0.0,477500000.0,-14200000.0,20800000.0,-355400000.0,14700000.0,-173100000.0,-173100000.0,-173100000.0,-1600000.0,0.0,-0.3,127400000.0,47700000.0,223200000.0,0.0,-3.477,1.653,1.65,363700000.0,0.0,19.68,0.612,0.612,460500000.0,-960500000.0,576900000.0,576900000.0,10500000.0,,,,,3400000.0,116900000.0,1.0,63037852.0,63037852.0,,9.152,2599300000.0,136200000.0,18800000.0,0.0,41.234,570900000.0
3,UIS,MRQ,2020-09-30,2020-09-30,2020-09-30,2021-08-02,-3990300000.0,2407400000.0,,1302600000.0,1104800000.0,,-3.775,-32000000.0,784100000.0,784100000.0,375300000.0,-12900000.0,1.729,-10.961,197700000.0,100000000.0,97700000.0,197700000.0,319900000.0,22600000.0,0.0,0.0,0.0,-4400000.0,18200000.0,0.037,18200000.0,-4400000.0,-6800000.0,-0.2,-0.2,-0.2,-237900000.0,,-237900000.0,132993940.0,0.0,0.124,34300000.0,0.544,1.0,119900000.0,0.242,108600000.0,2400000.0,959200000.0,,14500000.0,191500000.0,0.0,191500000.0,2607700000.0,753200000.0,1854500000.0,672393940.0,-8300000.0,3500000.0,0.0,-83500000.0,0.0,-59900000.0,-19700000.0,9100000.0,66300000.0,5000000.0,-12900000.0,-12900000.0,-12900000.0,-400000.0,0.0,-0.026,92200000.0,27700000.0,183400000.0,0.0,-2.826,0.736,0.732,352000000.0,0.0,10.67,0.337,0.337,364100000.0,-787400000.0,495200000.0,495200000.0,6700000.0,,,,,3100000.0,85500000.0,1.0,63017239.0,63017239.0,,7.858,2298800000.0,121600000.0,6100000.0,0.0,36.479,549400000.0
4,UIS,MRQ,2020-06-30,2020-06-30,2020-06-30,2021-08-02,-4036600000.0,2399300000.0,,1320100000.0,1079200000.0,,-4.356,-35400000.0,792400000.0,792400000.0,363900000.0,-78600000.0,1.665,-9.617,253000000.0,157800000.0,95200000.0,253000000.0,348200000.0,24100000.0,0.0,0.0,0.0,-64300000.0,-40200000.0,-0.092,-40200000.0,-64300000.0,-68900000.0,-1.25,-1.25,-1.25,-274300000.0,,-274300000.0,89702765.0,0.0,0.082,-49600000.0,-0.788,1.0,74900000.0,0.171,108600000.0,4600000.0,958500000.0,,14800000.0,187500000.0,0.0,187500000.0,2638000000.0,792800000.0,1845200000.0,687002765.0,-495100000.0,-5300000.0,0.0,-439600000.0,0.0,-463300000.0,-18300000.0,21100000.0,-14200000.0,700000.0,-78600000.0,-78600000.0,-78600000.0,2100000.0,0.0,-0.179,83400000.0,-8500000.0,161600000.0,0.0,-2.505,0.753,0.75,356900000.0,0.0,10.91,0.335,0.335,364500000.0,-774500000.0,438800000.0,438800000.0,3200000.0,,,,,2900000.0,80200000.0,1.0,62970006.0,62970006.0,,6.968,2290700000.0,109000000.0,9700000.0,0.0,36.378,527300000.0
5,UIS,MRQ,2020-03-31,2020-03-31,2020-03-31,2021-08-02,-4082700000.0,2971600000.0,,1883300000.0,1088300000.0,,-3.921,-27700000.0,1287500000.0,1287500000.0,402300000.0,1015300000.0,1.437,-13.0,690200000.0,589600000.0,100600000.0,690200000.0,359100000.0,24200000.0,0.0,0.0,0.0,1040000000.0,1064200000.0,2.065,1064200000.0,1040000000.0,1026100000.0,16.21,16.21,16.21,-244700000.0,,-244700000.0,882061378.0,1.0,0.732,-405600000.0,-6.5,1.0,113100000.0,0.219,108600000.0,13900000.0,954800000.0,,10400000.0,190500000.0,0.0,190500000.0,3181000000.0,1310900000.0,1870100000.0,770661378.0,735700000.0,1164700000.0,0.0,55500000.0,0.0,50800000.0,1093800000.0,-41700000.0,-377900000.0,-31000000.0,1015300000.0,1015300000.0,1015300000.0,-1068500000.0,0.0,1.97,93000000.0,20100000.0,201100000.0,0.0,-3.149,0.757,0.758,366800000.0,0.0,12.35,0.353,0.353,421300000.0,-695900000.0,515400000.0,515400000.0,6200000.0,,,,,5100000.0,86800000.0,1.0,62401731.0,62401731.0,,8.259,2863000000.0,107700000.0,10800000.0,0.0,45.88,572400000.0
6,UIS,MRQ,2019-12-31,2019-12-31,2019-12-31,2021-08-02,-4088600000.0,2504000000.0,,1221300000.0,1282700000.0,,-20.281,-30200000.0,551800000.0,551800000.0,430500000.0,-10800000.0,1.317,-2.95,635400000.0,13500000.0,621900000.0,635400000.0,393400000.0,25100000.0,0.0,0.0,0.0,8700000.0,33800000.0,0.062,33800000.0,8700000.0,-6500000.0,-0.19,-0.19,-0.19,-1265400000.0,,-1265400000.0,967501593.0,13.0,5.635,95500000.0,1.531,1.0,116300000.0,0.213,110400000.0,15200000.0,1549900000.0,,16400000.0,186800000.0,0.0,186800000.0,3732300000.0,927300000.0,2805000000.0,740001593.0,118500000.0,0.0,0.0,-700000.0,0.0,-700000.0,-16500000.0,13700000.0,125700000.0,10000000.0,-10800000.0,-10800000.0,-10800000.0,-20200000.0,0.0,-0.02,106000000.0,10300000.0,204300000.0,0.0,-0.585,-43.023,-38.258,389500000.0,0.0,11.86,0.333,0.333,417700000.0,-1711200000.0,546800000.0,546800000.0,9200000.0,,,,,3100000.0,96800000.0,1.0,62394738.0,62394738.0,,8.764,2393600000.0,114000000.0,4300000.0,0.0,38.362,294000000.0
7,UIS,MRQ,2019-09-30,2019-09-30,2019-09-30,2021-08-02,-3998000000.0,2405800000.0,,1119000000.0,1286800000.0,,-22.538,-32000000.0,433300000.0,433300000.0,412100000.0,-13200000.0,1.312,-3.019,660800000.0,13400000.0,647400000.0,660800000.0,378400000.0,24500000.0,0.0,0.0,0.0,12400000.0,36900000.0,0.067,36900000.0,12400000.0,-2800000.0,-0.23,-0.23,-0.23,-1167100000.0,,-1167100000.0,639458337.0,6.0,3.172,-14300000.0,-0.276,1.0,140000000.0,0.254,176200000.0,15200000.0,1604200000.0,,28200000.0,183300000.0,0.0,183300000.0,3523200000.0,852900000.0,2670300000.0,384758337.0,-84200000.0,0.0,0.0,-57500000.0,0.0,-50400000.0,-40600000.0,-8100000.0,17700000.0,-10900000.0,-13200000.0,-13200000.0,-13200000.0,-16000000.0,0.0,-0.024,90600000.0,49400000.0,240600000.0,0.0,-0.33,20.686,19.051,457500000.0,0.0,7.43,0.207,0.207,504400000.0,-1700400000.0,552100000.0,552100000.0,5900000.0,,,,,2800000.0,84700000.0,1.0,51784433.0,51784433.0,,10.662,2229600000.0,102000000.0,10400000.0,0.0,43.055,266100000.0
8,UIS,MRQ,2019-06-30,2019-06-30,2019-06-30,2021-08-02,-4010900000.0,2507800000.0,,1205800000.0,1302000000.0,,-24.355,-39700000.0,517500000.0,517500000.0,416800000.0,26200000.0,1.383,-2.952,772200000.0,7500000.0,764700000.0,772200000.0,435300000.0,24500000.0,0.0,0.0,0.0,46000000.0,70500000.0,0.124,70500000.0,46000000.0,29800000.0,0.51,0.5,0.51,-1260800000.0,,-1260800000.0,757978953.0,6.0,3.32,11200000.0,0.216,1.0,152600000.0,0.268,177800000.0,16200000.0,1713000000.0,,27900000.0,177800000.0,0.0,177800000.0,3721500000.0,871700000.0,2849800000.0,503178953.0,700000.0,0.0,0.0,-1400000.0,0.0,-1500000.0,-49200000.0,-9500000.0,50900000.0,500000.0,26200000.0,26200000.0,26200000.0,-25500000.0,0.0,0.046,99600000.0,53000000.0,233500000.0,0.0,-0.399,13.276,13.135,468400000.0,0.0,9.72,0.252,0.252,496400000.0,-1687200000.0,569400000.0,569400000.0,7200000.0,,,,,2600000.0,92400000.0,1.0,51767382.0,51767382.0,,10.999,2330000000.0,104000000.0,3600000.0,0.0,45.009,334100000.0
9,UIS,MRQ,2019-03-31,2019-03-31,2019-03-31,2021-08-02,-4048400000.0,2484500000.0,,1207300000.0,1277200000.0,,-26.0,-58200000.0,516800000.0,516800000.0,429400000.0,-19400000.0,1.401,-2.839,771600000.0,7300000.0,764300000.0,771600000.0,450300000.0,25000000.0,0.0,0.0,0.0,5500000.0,30500000.0,0.055,30500000.0,5500000.0,-10000000.0,-0.38,-0.38,-0.38,-1326900000.0,,-1326900000.0,624273794.0,6.0,2.866,-128600000.0,-2.52,1.0,125100000.0,0.226,177600000.0,15500000.0,1699800000.0,,24900000.0,170700000.0,0.0,170700000.0,3767000000.0,861900000.0,2905100000.0,595573794.0,-107300000.0,0.0,0.0,19000000.0,0.0,14600000.0,-51900000.0,6700000.0,-70400000.0,400000.0,-19400000.0,-19400000.0,-19400000.0,-13300000.0,0.0,-0.035,99900000.0,25200000.0,213800000.0,0.0,-0.449,38.424,38.9,454300000.0,0.0,11.67,0.284,0.284,522700000.0,-1713400000.0,554500000.0,554500000.0,9000000.0,,,,,4700000.0,90900000.0,1.0,51034601.0,51034601.0,,10.865,2306900000.0,111000000.0,9400000.0,0.0,45.203,345400000.0
10,UIS,MRQ,2018-12-31,2018-12-31,2018-12-31,2021-08-02,-4084800000.0,2457600000.0,,1301400000.0,1156200000.0,,-26.33,-48200000.0,624100000.0,624100000.0,110700000.0,20800000.0,1.41,-2.797,652800000.0,10000000.0,642800000.0,652800000.0,451600000.0,27300000.0,0.0,0.0,0.0,36400000.0,63700000.0,0.34,63700000.0,36400000.0,20600000.0,0.49,0.58,0.49,-1343500000.0,,-1343500000.0,709516121.0,4.0,2.424,103100000.0,2.021,1.0,76400000.0,0.408,177800000.0,15800000.0,1385200000.0,,27300000.0,162100000.0,0.0,162100000.0,3757200000.0,923300000.0,2833900000.0,593416121.0,90200000.0,0.0,0.0,-300000.0,0.0,-400000.0,-59100000.0,-10900000.0,151300000.0,-1600000.0,25000000.0,25000000.0,25000000.0,-53900000.0,-4200000.0,0.134,75900000.0,500000.0,268900000.0,0.0,-0.442,7.86,7.858,337700000.0,0.0,11.63,0.264,0.264,509200000.0,-1694000000.0,187100000.0,187100000.0,10100000.0,,,,,3200000.0,65800000.0,1.0,51024602.0,51024602.0,,3.667,2279800000.0,109300000.0,-4400000.0,0.0,44.68,378100000.0
11,UIS,MRQ,2018-09-30,2018-09-30,2018-09-30,2021-08-02,-3942900000.0,2328000000.0,,1207200000.0,1120800000.0,,-24.229,-48200000.0,533900000.0,533900000.0,534500000.0,7000000.0,1.433,-2.857,650000000.0,9900000.0,640100000.0,650000000.0,422100000.0,26400000.0,0.0,0.0,0.0,37200000.0,63600000.0,0.092,63600000.0,37200000.0,21300000.0,0.12,0.12,0.12,-1236000000.0,,-1236000000.0,1087868892.0,6.0,3.709,-63700000.0,-1.249,1.0,153800000.0,0.223,178100000.0,15900000.0,1423800000.0,,23000000.0,157200000.0,0.0,157200000.0,3531800000.0,842200000.0,2689600000.0,1040668892.0,-67200000.0,0.0,0.0,-700000.0,0.0,-1000000.0,-45500000.0,2700000.0,-15500000.0,-5200000.0,6100000.0,6100000.0,6100000.0,0.0,900000.0,0.009,98000000.0,55800000.0,225700000.0,0.0,-0.842,10.304,10.251,321800000.0,0.0,20.4,0.37,0.37,492200000.0,-1725300000.0,688300000.0,688300000.0,7100000.0,,,,,2700000.0,90900000.0,1.0,51013181.0,51013181.0,,13.493,2149900000.0,97300000.0,15200000.0,0.0,42.144,365000000.0
12,UIS,MRQ,2018-06-30,2018-06-30,2018-06-30,2021-08-02,-3765200000.0,2370900000.0,,1246900000.0,1124000000.0,,-25.027,-25200000.0,601100000.0,601100000.0,514500000.0,6000000.0,1.495,-2.834,648300000.0,10200000.0,638100000.0,648300000.0,461900000.0,26200000.0,0.0,0.0,0.0,33800000.0,60000000.0,0.09,60000000.0,33800000.0,18100000.0,0.07,0.07,0.07,-1275500000.0,,-1275500000.0,621242450.0,4.0,2.585,-36900000.0,-0.724,1.0,152900000.0,0.229,178700000.0,15700000.0,1405600000.0,,22700000.0,150700000.0,0.0,150700000.0,3615000000.0,833800000.0,2781200000.0,657442450.0,-81900000.0,0.0,0.0,-600000.0,0.0,-600000.0,-45500000.0,-19800000.0,-11700000.0,-24100000.0,3800000.0,3800000.0,3800000.0,0.0,2200000.0,0.006,98900000.0,54000000.0,219900000.0,0.0,-0.515,12.22,12.17,324500000.0,0.0,12.9,0.236,0.236,484000000.0,-1940100000.0,667400000.0,667400000.0,6200000.0,,,,,3300000.0,92700000.0,1.0,50964531.0,50964531.0,,13.095,2192200000.0,106500000.0,14300000.0,0.0,43.014,413100000.0
13,UIS,MRQ,2018-03-31,2018-03-31,2018-03-31,2021-08-02,-3783100000.0,2513700000.0,,1332800000.0,1180900000.0,,-25.776,-48500000.0,683000000.0,683000000.0,507200000.0,41700000.0,1.49,-2.908,646800000.0,10600000.0,636200000.0,646800000.0,509700000.0,27300000.0,0.0,0.0,0.0,78100000.0,105400000.0,0.149,105400000.0,78100000.0,61500000.0,0.8,0.62,0.8,-1301300000.0,,-1301300000.0,423303430.0,6.0,2.462,-98700000.0,-1.955,1.0,201200000.0,0.284,181000000.0,16600000.0,1402200000.0,,22200000.0,142600000.0,0.0,142600000.0,3784500000.0,894300000.0,2890200000.0,542703430.0,-81100000.0,0.0,0.0,-700000.0,0.0,-2800000.0,-34900000.0,14000000.0,-50200000.0,6800000.0,40600000.0,40600000.0,40600000.0,0.0,1100000.0,0.057,99400000.0,101800000.0,214500000.0,0.0,-0.417,67.838,67.188,350300000.0,0.0,10.75,0.195,0.195,492500000.0,-1943900000.0,708400000.0,708400000.0,8500000.0,,,,,4000000.0,90900000.0,1.0,50484040.0,50484040.0,,14.032,2332700000.0,116000000.0,20900000.0,0.0,46.207,438500000.0
14,UIS,MRQ,2017-12-31,2017-12-31,2017-12-31,2021-08-02,-3815800000.0,2542400000.0,,1389500000.0,1152900000.0,,-26.84,-48000000.0,764100000.0,764100000.0,558000000.0,54500000.0,1.43,-2.856,644700000.0,10800000.0,633900000.0,644700000.0,486500000.0,24500000.0,0.0,0.0,0.0,39800000.0,64300000.0,0.086,64300000.0,39800000.0,23400000.0,1.0,1.0,1.0,-1354700000.0,,-1354700000.0,434157403.0,-24.0,5.758,154700000.0,3.065,1.0,186800000.0,0.251,180800000.0,16400000.0,1270600000.0,,26100000.0,138300000.0,0.0,138300000.0,3868900000.0,971600000.0,2897300000.0,411357403.0,144100000.0,0.0,0.0,-1200000.0,0.0,-4800000.0,-53900000.0,-5900000.0,202700000.0,100000.0,50500000.0,50500000.0,50500000.0,0.0,4000000.0,0.068,105100000.0,81700000.0,241800000.0,0.0,-0.304,-6.3,-6.269,344800000.0,0.0,8.15,0.15,0.15,503300000.0,-1963100000.0,744800000.0,744800000.0,7400000.0,,,,,2600000.0,97700000.0,1.0,50473301.0,50473301.0,,14.756,2361600000.0,119900000.0,-27100000.0,0.0,46.789,417900000.0
15,UIS,MRQ,2017-09-30,2017-09-30,2017-09-30,2021-08-02,-4036300000.0,2296900000.0,,1262100000.0,1034800000.0,,-32.261,-46900000.0,620000000.0,620000000.0,562700000.0,-52900000.0,1.37,-2.424,642800000.0,11300000.0,631500000.0,642800000.0,435200000.0,22800000.0,0.0,0.0,0.0,-12200000.0,10600000.0,0.016,10600000.0,-12200000.0,-28600000.0,-0.81,-0.81,-0.81,-1628200000.0,,-1628200000.0,479893954.0,-17.0,7.629,7000000.0,0.139,1.0,103600000.0,0.155,181200000.0,16400000.0,1217000000.0,,32800000.0,136400000.0,0.0,136400000.0,3946800000.0,921500000.0,3025300000.0,428993954.0,29800000.0,0.0,0.0,-700000.0,0.0,1200000.0,-31600000.0,15800000.0,53900000.0,6300000.0,-41100000.0,-41100000.0,-41100000.0,0.0,-11800000.0,-0.062,106500000.0,-2900000.0,195500000.0,0.0,-0.263,-3.667,-3.68,339300000.0,0.0,8.5,0.158,0.158,511800000.0,-2013600000.0,666300000.0,666300000.0,8700000.0,,,,,2400000.0,97800000.0,1.0,50469877.0,50469877.0,,13.202,2115700000.0,150800000.0,12500000.0,0.0,41.92,340600000.0
16,UIS,MRQ,2017-06-30,2017-06-30,2017-06-30,2021-08-02,-4067400000.0,2318900000.0,,1312500000.0,1006400000.0,,-32.15,-46400000.0,590200000.0,590200000.0,547500000.0,-38500000.0,1.481,-2.437,641100000.0,11300000.0,629800000.0,641100000.0,462900000.0,23100000.0,0.0,0.0,0.0,-31500000.0,-8400000.0,-0.013,-8400000.0,-31500000.0,-45800000.0,-0.83,-0.83,-0.83,-1620600000.0,,-1620600000.0,611109818.0,-23.0,9.402,-95600000.0,-1.897,1.0,118700000.0,0.178,180000000.0,14300000.0,1303800000.0,,32400000.0,134000000.0,0.0,134000000.0,3949000000.0,886000000.0,3063000000.0,645209818.0,254700000.0,0.0,0.0,348000000.0,0.0,336300000.0,-38900000.0,7500000.0,-49200000.0,6500000.0,-42000000.0,-42000000.0,-42000000.0,0.0,3500000.0,-0.063,122200000.0,-3500000.0,199000000.0,0.0,-0.398,-6.198,-6.214,329500000.0,0.0,12.8,0.236,0.236,573900000.0,-1972500000.0,666200000.0,666200000.0,10800000.0,,,,,2500000.0,111400000.0,1.0,50407017.0,50407017.0,,13.216,2138900000.0,149900000.0,-3800000.0,0.0,42.433,426500000.0
17,UIS,MRQ,2017-03-31,2017-03-31,2017-03-31,2021-08-02,-4099500000.0,1962300000.0,,958100000.0,1004200000.0,,-32.21,-35200000.0,335500000.0,335500000.0,525900000.0,-29700000.0,1.021,-2.224,301400000.0,106300000.0,195100000.0,301400000.0,443900000.0,23000000.0,0.0,0.0,0.0,-14100000.0,8900000.0,0.013,8900000.0,-14100000.0,-19800000.0,-0.65,-0.65,-0.65,-1613500000.0,,-1613500000.0,628209584.0,12.0,4.306,-76200000.0,-1.521,1.0,138600000.0,0.209,179500000.0,5700000.0,809900000.0,,29400000.0,135100000.0,0.0,135100000.0,3589000000.0,938800000.0,2650200000.0,698809584.0,-65600000.0,0.0,0.0,-700000.0,0.0,-2800000.0,-28100000.0,7400000.0,-41000000.0,6300000.0,-32700000.0,-32700000.0,-32700000.0,0.0,3000000.0,-0.049,116800000.0,21800000.0,200100000.0,0.0,-0.433,-17.255,-17.438,318100000.0,0.0,13.95,0.248,0.248,504900000.0,-1930500000.0,664500000.0,664500000.0,11800000.0,,,,,3700000.0,105000000.0,1.0,50093877.0,50093877.0,,13.265,1782800000.0,144000000.0,12900000.0,0.0,35.589,19300000.0
18,UIS,MRQ,2016-12-31,2016-12-31,2016-12-31,2021-08-02,-4152800000.0,2021600000.0,,1027300000.0,994300000.0,,-32.566,-40300000.0,401100000.0,401100000.0,502700000.0,1600000.0,1.047,-2.25,300000000.0,106000000.0,194000000.0,300000000.0,455000000.0,22500000.0,0.0,0.0,0.0,29300000.0,51800000.0,0.072,51800000.0,29300000.0,21800000.0,-0.02,-0.02,-0.02,-1631000000.0,,-1631000000.0,727645649.0,20.0,5.698,74900000.0,1.496,1.0,219000000.0,0.303,178600000.0,7500000.0,760300000.0,,29000000.0,137000000.0,0.0,137000000.0,3669000000.0,981600000.0,2687400000.0,748745649.0,-75100000.0,0.0,0.0,-127700000.0,0.0,-127700000.0,-50200000.0,-9800000.0,115200000.0,-12400000.0,-1200000.0,-1200000.0,-1200000.0,0.0,2800000.0,-0.002,101900000.0,117100000.0,189000000.0,0.0,-0.459,-15.697,-15.737,317800000.0,0.0,14.95,0.265,0.265,505800000.0,-1893400000.0,721700000.0,721700000.0,6500000.0,,,,,1800000.0,95400000.0,1.0,50083321.0,50083321.0,,14.41,1843000000.0,146100000.0,23000000.0,0.0,36.799,45700000.0
19,UIS,MRQ,2016-09-30,2016-09-30,2016-09-30,2021-08-02,-3797000000.0,2176100000.0,,1133700000.0,1042400000.0,,-25.476,-36800000.0,442700000.0,442700000.0,561700000.0,-25100000.0,1.062,-2.692,421600000.0,220400000.0,201200000.0,421600000.0,461100000.0,23300000.0,0.0,0.0,0.0,-10600000.0,12700000.0,0.019,12700000.0,-10600000.0,-18300000.0,-0.56,-0.56,-0.56,-1275900000.0,,-1275900000.0,444097014.0,19.0,3.427,9300000.0,0.186,1.0,121600000.0,0.178,180100000.0,7700000.0,907000000.0,,39500000.0,137700000.0,0.0,137700000.0,3434200000.0,1067900000.0,2366300000.0,487797014.0,-17600000.0,0.0,0.0,-800000.0,0.0,-800000.0,-60500000.0,-23100000.0,46100000.0,-2400000.0,-28200000.0,-28200000.0,-28200000.0,0.0,3100000.0,-0.041,131400000.0,-9800000.0,175500000.0,0.0,-0.382,-10.744,-10.703,326000000.0,0.0,9.74,0.169,0.169,532500000.0,-1892200000.0,683300000.0,683300000.0,11400000.0,,,,,2400000.0,120000000.0,1.0,50081829.0,50081829.0,,13.644,1996000000.0,117500000.0,9900000.0,0.0,39.855,65800000.0
20,UIS,MRQ,2016-06-30,2016-06-30,2016-06-30,2021-08-02,-3836000000.0,2241600000.0,,1194200000.0,1047400000.0,,-25.75,-34000000.0,463600000.0,463600000.0,570600000.0,25500000.0,1.351,-2.727,419900000.0,11100000.0,408800000.0,419900000.0,473000000.0,24300000.0,0.0,0.0,0.0,48200000.0,72500000.0,0.097,72500000.0,48200000.0,40400000.0,0.43,0.36,0.43,-1289000000.0,,-1289000000.0,315619146.0,7.0,2.081,-3000000.0,-0.06,1.0,178300000.0,0.238,179700000.0,7800000.0,1134300000.0,,39100000.0,136300000.0,0.0,136300000.0,3515200000.0,883900000.0,2631300000.0,364419146.0,-53800000.0,0.0,0.0,-42900000.0,0.0,-47000000.0,-32400000.0,1600000.0,31000000.0,-5400000.0,21600000.0,21600000.0,21600000.0,0.0,3900000.0,0.029,128800000.0,49500000.0,187200000.0,0.0,-0.283,-13.598,-13.481,330800000.0,0.0,7.28,0.124,0.124,561100000.0,-1864000000.0,748900000.0,748900000.0,13100000.0,,,,,2100000.0,115700000.0,1.0,50057575.0,50057575.0,,14.961,2061900000.0,130500000.0,18800000.0,0.0,41.191,310300000.0
21,UIS,MRQ,2016-03-31,2016-03-31,2016-03-31,2021-08-02,-3889300000.0,2265100000.0,,1207000000.0,1058100000.0,,-27.361,-36000000.0,513800000.0,513800000.0,568300000.0,-38700000.0,1.277,-2.648,465000000.0,76800000.0,388200000.0,465000000.0,474900000.0,20700000.0,0.0,0.0,0.0,-30000000.0,-9300000.0,-0.014,-9300000.0,-30000000.0,-34400000.0,-0.8,-0.8,-0.8,-1366600000.0,,-1366600000.0,331685440.0,-6.0,6.235,-10100000.0,-0.202,1.0,98500000.0,0.148,179400000.0,4400000.0,1091400000.0,,46500000.0,136500000.0,0.0,136500000.0,3619400000.0,945500000.0,2673900000.0,384585440.0,150800000.0,0.0,0.0,189300000.0,0.0,158400000.0,-39000000.0,-2800000.0,25900000.0,5500000.0,-39900000.0,-39900000.0,-39900000.0,0.0,1200000.0,-0.06,126100000.0,-27600000.0,216000000.0,0.0,-0.281,-3.608,-3.598,342200000.0,0.0,7.7,0.13,0.13,520800000.0,-1885600000.0,666800000.0,666800000.0,16000000.0,,,,,3200000.0,110100000.0,1.0,49946161.0,49946161.0,,13.35,2085700000.0,133300000.0,5500000.0,0.0,41.759,261500000.0
22,UIS,MRQ,2015-12-31,2015-12-31,2015-12-31,2021-08-02,-3945300000.0,2130000000.0,,1111500000.0,1018500000.0,,-27.831,-46300000.0,365200000.0,365200000.0,630900000.0,1300000.0,1.156,-2.525,310500000.0,76800000.0,233700000.0,310500000.0,458400000.0,37900000.0,0.0,0.0,0.0,15800000.0,53700000.0,0.068,53700000.0,15800000.0,12200000.0,0.02,0.02,0.02,-1389700000.0,,-1389700000.0,568967551.0,-11.0,9.546,67900000.0,1.36,1.0,159000000.0,0.201,177400000.0,3600000.0,936800000.0,,43800000.0,138500000.0,0.0,138500000.0,3508600000.0,961100000.0,2547500000.0,551767551.0,67800000.0,0.0,0.0,1700000.0,0.0,800000.0,-39800000.0,5600000.0,114200000.0,-7400000.0,1100000.0,1100000.0,1100000.0,0.0,200000.0,0.001,143200000.0,15800000.0,219300000.0,0.0,-0.397,-5.021,-5.023,335800000.0,0.0,11.05,0.183,0.183,581600000.0,-1845700000.0,789900000.0,789900000.0,13200000.0,,,,,1500000.0,130000000.0,1.0,49933715.0,49933715.0,,15.819,1952600000.0,127400000.0,11100000.0,0.0,39.104,150400000.0
23,UIS,MRQ,2015-09-30,2015-09-30,2015-09-30,2021-08-02,-4023400000.0,2097900000.0,,1042400000.0,1055500000.0,,-29.443,-56600000.0,293100000.0,293100000.0,598600000.0,-7600000.0,1.136,-2.414,310300000.0,66200000.0,244100000.0,310300000.0,410400000.0,26500000.0,0.0,0.0,0.0,8300000.0,34800000.0,0.047,34800000.0,8300000.0,5300000.0,-0.19,-0.19,-0.19,-1470200000.0,,-1470200000.0,484911208.0,26.0,4.001,-100700000.0,-2.017,1.0,140600000.0,0.19,177300000.0,3000000.0,1020100000.0,,52500000.0,140100000.0,0.0,140100000.0,3549200000.0,917700000.0,2631500000.0,594211208.0,-71700000.0,0.0,0.0,54300000.0,0.0,54100000.0,-57700000.0,-8900000.0,-44100000.0,-24000000.0,-9600000.0,-9600000.0,-9600000.0,0.0,2000000.0,-0.013,132000000.0,8600000.0,221500000.0,0.0,-0.404,-12.077,-12.143,346900000.0,0.0,11.9,0.19,0.19,551500000.0,-1846800000.0,739200000.0,739200000.0,16600000.0,,,,,1700000.0,115400000.0,1.0,49933715.0,49933715.0,,14.804,1920600000.0,160900000.0,14900000.0,0.0,38.463,124700000.0
24,UIS,MRQ,2015-06-30,2015-06-30,2015-06-30,2021-08-02,-4032600000.0,2163600000.0,,1096200000.0,1067400000.0,,-29.478,-53500000.0,364800000.0,364800000.0,640500000.0,-55900000.0,1.193,-2.46,255500000.0,10900000.0,244600000.0,255500000.0,428800000.0,24400000.0,0.0,0.0,0.0,-50400000.0,-26000000.0,-0.034,-26000000.0,-50400000.0,-53100000.0,-1.17,-1.17,-1.17,-1471500000.0,,-1471500000.0,819664678.0,9.0,4.271,-74600000.0,-1.494,1.0,124300000.0,0.163,180600000.0,2700000.0,954700000.0,,55600000.0,144600000.0,0.0,144600000.0,3619500000.0,919000000.0,2700500000.0,997864678.0,-37200000.0,0.0,200000.0,31500000.0,0.0,31700000.0,-54700000.0,2000000.0,-21100000.0,6900000.0,-58200000.0,-58200000.0,-58200000.0,0.0,2300000.0,-0.076,173800000.0,-49500000.0,233900000.0,0.0,-0.678,121.691,124.938,338900000.0,0.0,19.99,0.305,0.305,517400000.0,-1837200000.0,764800000.0,764800000.0,28400000.0,,,,,1800000.0,145400000.0,1.0,49918193.0,49918193.0,,15.321,1983000000.0,177100000.0,5100000.0,0.0,39.725,177200000.0
25,UIS,MRQ,2015-03-31,2015-03-31,2015-03-31,2021-08-02,-4049400000.0,2131500000.0,,1106100000.0,1025400000.0,,-28.702,-57300000.0,402000000.0,402000000.0,604200000.0,-41000000.0,1.281,-2.481,223800000.0,2200000.0,221600000.0,223800000.0,426300000.0,24400000.0,0.0,0.0,0.0,-27300000.0,-2900000.0,-0.004,-2900000.0,-27300000.0,-29900000.0,-0.87,-0.87,-0.87,-1432200000.0,,-1432200000.0,887836595.0,6.0,3.457,-100600000.0,-2.016,1.0,117000000.0,0.162,179600000.0,2600000.0,910400000.0,,60300000.0,144500000.0,0.0,144500000.0,3552800000.0,863300000.0,2689500000.0,1158136595.0,-92300000.0,0.0,3500000.0,-300000.0,0.0,3200000.0,-29100000.0,26700000.0,-43300000.0,-23100000.0,-43200000.0,-43200000.0,-43200000.0,0.0,2200000.0,-0.06,147000000.0,-30000000.0,230300000.0,0.0,-0.809,21.328,21.294,327400000.0,0.0,23.21,0.349,0.349,484800000.0,-1779000000.0,721200000.0,721200000.0,18200000.0,,,,,4400000.0,128800000.0,1.0,49898173.0,49898173.0,,14.453,1951900000.0,169000000.0,13300000.0,0.0,39.118,242800000.0
26,UIS,MRQ,2014-12-31,2014-12-31,2014-12-31,2021-08-02,-4113400000.0,2348700000.0,,1317300000.0,1031400000.0,,-29.243,-68900000.0,494300000.0,494300000.0,661100000.0,64700000.0,1.32,-2.603,224000000.0,1800000.0,222200000.0,224000000.0,467800000.0,27000000.0,0.0,0.0,0.0,88300000.0,115300000.0,0.127,115300000.0,88300000.0,85700000.0,1.25,1.25,1.25,-1460000000.0,,-1460000000.0,1210457010.0,9.0,4.8,36600000.0,0.733,1.0,244700000.0,0.27,183900000.0,2600000.0,896800000.0,,46700000.0,144100000.0,0.0,144100000.0,3801100000.0,997700000.0,2803400000.0,1471857010.0,17800000.0,0.0,-6300000.0,0.0,0.0,-6300000.0,-66200000.0,-2300000.0,105500000.0,-15200000.0,61800000.0,61800000.0,61800000.0,0.0,2900000.0,0.068,162300000.0,82400000.0,262500000.0,0.0,-1.008,33.451,33.124,319600000.0,0.0,29.48,0.439,0.439,619300000.0,-1735800000.0,905800000.0,905800000.0,18300000.0,,,,,-200000.0,144000000.0,1.0,49927307.0,49927307.0,,18.142,2164800000.0,171000000.0,23900000.0,0.0,43.359,319600000.0
27,UIS,MRQ,2014-09-30,2014-09-30,2014-09-30,2021-08-02,-3167300000.0,2279400000.0,,1256700000.0,1022700000.0,,-11.255,-54500000.0,476500000.0,476500000.0,647600000.0,51200000.0,1.377,-4.914,215100000.0,1000000.0,214100000.0,215100000.0,428900000.0,29000000.0,0.0,0.0,0.0,76500000.0,105500000.0,0.12,105500000.0,76500000.0,74200000.0,0.95,0.95,0.95,-569900000.0,,-569900000.0,821262681.0,4.0,2.611,-62000000.0,-1.224,1.0,234900000.0,0.266,186600000.0,2300000.0,918600000.0,,60100000.0,142600000.0,0.0,142600000.0,2800600000.0,912800000.0,1887800000.0,1185362681.0,-97700000.0,0.0,-14800000.0,-100000.0,0.0,-15500000.0,-51400000.0,5900000.0,-7500000.0,-23300000.0,47800000.0,47800000.0,47800000.0,0.0,3400000.0,0.054,158300000.0,76600000.0,241000000.0,0.0,-2.08,11.901,10.498,287900000.0,0.0,23.41,0.344,0.344,570200000.0,-1797600000.0,882500000.0,882500000.0,20300000.0,,,,,1300000.0,138000000.0,1.0,50634886.0,50634886.0,,17.429,2092800000.0,126000000.0,26400000.0,0.0,41.331,343900000.0
28,UIS,MRQ,2014-06-30,2014-06-30,2014-06-30,2021-08-02,-3239800000.0,2336100000.0,,1301700000.0,1034400000.0,,-13.223,-44800000.0,574200000.0,574200000.0,641200000.0,-8900000.0,1.397,-4.387,210100000.0,100000.0,210000000.0,210100000.0,466000000.0,28800000.0,0.0,0.0,0.0,10100000.0,38900000.0,0.048,38900000.0,10100000.0,7800000.0,-0.24,-0.24,-0.24,-675800000.0,,-675800000.0,860626541.0,6.0,3.361,-41500000.0,-0.812,1.0,165200000.0,0.205,190100000.0,2300000.0,849900000.0,,49700000.0,142300000.0,0.0,142300000.0,2964600000.0,932000000.0,2032600000.0,1264426541.0,-39600000.0,0.0,-12900000.0,100000.0,0.0,-12800000.0,-36600000.0,7500000.0,3300000.0,6500000.0,-12100000.0,-12100000.0,-12100000.0,0.0,3200000.0,-0.015,149400000.0,15800000.0,223100000.0,0.0,-1.871,31.453,24.255,286800000.0,0.0,24.74,0.377,0.377,515700000.0,-1845400000.0,806400000.0,806400000.0,15800000.0,,,,,2100000.0,133600000.0,1.0,51108591.0,51108591.0,,15.778,2146000000.0,139400000.0,19900000.0,0.0,41.989,369700000.0
29,UIS,MRQ,2014-03-31,2014-03-31,2014-03-31,2021-08-02,-3286900000.0,2399200000.0,,1389400000.0,1009800000.0,,-15.882,-44600000.0,613800000.0,613800000.0,628700000.0,-47700000.0,1.435,-4.359,210000000.0,0.0,210000000.0,210000000.0,526900000.0,25300000.0,0.0,0.0,0.0,-32800000.0,-7500000.0,-0.01,-7500000.0,-32800000.0,-34800000.0,-1.15,-1.15,-1.15,-701800000.0,,-701800000.0,916200199.0,5.0,3.143,-24500000.0,-0.554,1.0,133000000.0,0.175,189700000.0,2000000.0,837700000.0,,52200000.0,135100000.0,0.0,135100000.0,3058800000.0,968000000.0,2090800000.0,1346000199.0,-26000000.0,0.0,1700000.0,0.0,0.0,-2300000.0,-41100000.0,2600000.0,20100000.0,-2700000.0,-50800000.0,-53500000.0,-53500000.0,0.0,3100000.0,-0.07,152900000.0,-19900000.0,221400000.0,0.0,-1.918,18.514,17.607,288500000.0,2700000.0,30.46,0.395,0.395,564900000.0,-1833300000.0,761700000.0,761700000.0,14400000.0,,,,,7200000.0,138500000.0,1.0,44189107.0,44189107.0,,17.237,2209500000.0,144800000.0,16000000.0,0.0,50.001,421400000.0
30,UIS,MRQ,2013-12-31,2013-12-31,2013-12-31,2021-08-02,-3333400000.0,2510000000.0,,1540800000.0,969200000.0,,-15.952,-48400000.0,639800000.0,639800000.0,680500000.0,124200000.0,1.504,-4.531,210000000.0,0.0,210000000.0,210000000.0,525100000.0,25700000.0,0.0,0.0,0.0,151900000.0,177600000.0,0.178,177600000.0,151900000.0,149700000.0,2.67,2.65,2.67,-700500000.0,,-700500000.0,1128334232.0,5.0,3.549,92800000.0,2.113,1.0,315400000.0,0.317,188700000.0,2200000.0,866700000.0,,55100000.0,129100000.0,0.0,129100000.0,3173900000.0,1024800000.0,2149100000.0,1474134232.0,83900000.0,0.0,200000.0,0.0,0.0,-3900000.0,-53200000.0,-2300000.0,141200000.0,-200000.0,121500000.0,117400000.0,117400000.0,0.0,2700000.0,0.118,159500000.0,155900000.0,246700000.0,0.0,-2.104,15.971,15.986,290200000.0,4100000.0,33.57,0.426,0.426,683100000.0,-1782500000.0,995900000.0,995900000.0,18900000.0,,,,,1700000.0,140600000.0,1.0,43912250.0,43912250.0,,22.679,2321300000.0,136400000.0,28200000.0,0.0,52.862,516000000.0
31,UIS,MRQ,2013-09-30,2013-09-30,2013-09-30,2021-08-02,-4045800000.0,2237700000.0,,1327300000.0,910400000.0,,-35.085,-38900000.0,555900000.0,555900000.0,620600000.0,-3500000.0,1.449,-2.447,210100000.0,100000.0,210000000.0,210100000.0,452600000.0,25300000.0,0.0,0.0,0.0,21800000.0,47100000.0,0.059,47100000.0,21800000.0,19400000.0,-0.26,-0.26,-0.26,-1531200000.0,,-1531200000.0,734142131.0,4.0,2.661,-22900000.0,-0.525,1.0,171500000.0,0.217,189700000.0,2400000.0,786500000.0,,55100000.0,125100000.0,0.0,125100000.0,3747600000.0,915700000.0,2831900000.0,1099342131.0,-19700000.0,0.0,3300000.0,-200000.0,0.0,-900000.0,-42100000.0,-4900000.0,16000000.0,7300000.0,-7600000.0,-11600000.0,-11600000.0,0.0,4100000.0,-0.015,147500000.0,24000000.0,218600000.0,0.0,-0.718,19.389,19.377,284600000.0,4000000.0,25.19,0.32,0.32,572700000.0,-1904000000.0,792100000.0,792100000.0,15800000.0,,,,,1900000.0,131700000.0,1.0,43642006.0,43642006.0,,18.15,2048000000.0,156800000.0,27000000.0,0.0,46.927,411600000.0
32,UIS,MRQ,2013-06-30,2013-06-30,2013-06-30,2021-08-02,-4074100000.0,2275800000.0,,1361700000.0,914100000.0,,-35.187,-38200000.0,575600000.0,575600000.0,657900000.0,26800000.0,1.434,-2.454,210400000.0,400000.0,210000000.0,210400000.0,471300000.0,24500000.0,0.0,0.0,0.0,49800000.0,74300000.0,0.087,74300000.0,49800000.0,47200000.0,0.47,0.46,0.47,-1553000000.0,,-1553000000.0,556163092.0,3.0,1.935,-22100000.0,-0.501,1.0,200700000.0,0.234,189000000.0,2600000.0,772100000.0,,47900000.0,122900000.0,0.0,122900000.0,3811800000.0,949500000.0,2862300000.0,974063092.0,-53000000.0,0.0,-10800000.0,-200000.0,0.0,-15100000.0,-42800000.0,-3800000.0,16100000.0,-11200000.0,24500000.0,20400000.0,20400000.0,0.0,2300000.0,0.024,162700000.0,38000000.0,229200000.0,0.0,-0.627,17.425,17.242,285400000.0,4100000.0,22.07,0.276,0.276,600000000.0,-1896400000.0,858600000.0,858600000.0,17800000.0,,,,,3000000.0,144900000.0,1.0,44135165.0,44135165.0,,19.454,2086800000.0,167600000.0,22700000.0,0.0,47.282,412200000.0
33,UIS,MRQ,2013-03-31,2013-03-31,2013-03-31,2021-08-02,-4067500000.0,2323200000.0,,1401900000.0,921300000.0,,-35.452,-25900000.0,628600000.0,628600000.0,649100000.0,-27400000.0,1.478,-2.481,210700000.0,700000.0,210000000.0,210700000.0,498700000.0,24700000.0,0.0,0.0,0.0,-5800000.0,18900000.0,0.023,18900000.0,-5800000.0,-8500000.0,-0.77,-0.77,-0.77,-1559200000.0,,-1559200000.0,555254692.0,3.0,1.706,-11800000.0,-0.268,1.0,160800000.0,0.199,192100000.0,2700000.0,764400000.0,,50400000.0,123500000.0,0.0,123500000.0,3868600000.0,948800000.0,2919800000.0,1000554692.0,-27000000.0,0.0,500000.0,400000.0,0.0,-3100000.0,-24600000.0,1100000.0,14100000.0,-13400000.0,-29900000.0,-33900000.0,-33900000.0,0.0,2500000.0,-0.042,159200000.0,1600000.0,218500000.0,0.0,-0.642,12.187,12.166,285500000.0,4000000.0,22.75,0.279,0.279,581500000.0,-1920900000.0,809900000.0,809900000.0,17000000.0,,,,,5900000.0,142200000.0,1.0,43980426.0,43980426.0,,18.415,2131100000.0,173700000.0,21400000.0,0.0,48.456,453100000.0
34,UIS,MRQ,2012-12-31,2012-12-31,2012-12-31,2021-08-02,-4133600000.0,2420400000.0,,1512400000.0,908000000.0,,-36.39,-35900000.0,655600000.0,655600000.0,693400000.0,88900000.0,1.468,-2.505,210300000.0,300000.0,210000000.0,210300000.0,512600000.0,26700000.0,0.0,0.0,0.0,108900000.0,135600000.0,0.138,135600000.0,108900000.0,106400000.0,1.86,1.76,1.86,-1600200000.0,,-1600200000.0,429943297.0,2.0,1.123,118000000.0,2.683,1.0,285900000.0,0.292,192300000.0,2500000.0,752500000.0,,50000000.0,124200000.0,0.0,124200000.0,4009100000.0,1030300000.0,2978800000.0,760743297.0,114000000.0,-5200000.0,0.0,-200000.0,0.0,-4300000.0,-36500000.0,-1100000.0,153900000.0,900000.0,85900000.0,81800000.0,81800000.0,0.0,3000000.0,0.084,171300000.0,114600000.0,228600000.0,0.0,-0.475,5.879,5.864,302700000.0,4100000.0,17.3,0.205,0.205,670200000.0,-1891000000.0,979300000.0,979300000.0,20500000.0,,,,,2500000.0,150800000.0,1.0,43973601.0,43973601.0,,22.27,2228100000.0,184300000.0,20500000.0,0.0,50.669,482100000.0
35,UIS,MRQ,2012-09-30,2012-09-30,2012-09-30,2021-08-02,-3616100000.0,2254500000.0,,1324700000.0,929800000.0,,-26.496,-31500000.0,541600000.0,541600000.0,658800000.0,-5100000.0,1.389,-2.925,210800000.0,700000.0,210100000.0,210800000.0,479200000.0,26500000.0,0.0,0.0,0.0,32100000.0,58600000.0,0.067,58600000.0,32100000.0,24300000.0,-0.28,-0.28,-0.28,-1164700000.0,,-1164700000.0,547880597.0,2.0,1.371,-14600000.0,-0.332,1.0,218600000.0,0.249,192200000.0,7800000.0,778100000.0,,59000000.0,130200000.0,0.0,130200000.0,3407100000.0,953400000.0,2453700000.0,915180597.0,-118100000.0,2500000.0,100000.0,-108900000.0,0.0,-112800000.0,-30600000.0,1100000.0,16900000.0,8400000.0,-8400000.0,-12400000.0,-12400000.0,0.0,3300000.0,-0.014,157400000.0,61200000.0,221100000.0,0.0,-0.786,6.449,6.367,294800000.0,4000000.0,20.82,0.247,0.247,602200000.0,-1976900000.0,877400000.0,877400000.0,18800000.0,,,,,2900000.0,138600000.0,1.0,43956801.0,43956801.0,,19.961,2062300000.0,200200000.0,32700000.0,0.0,46.917,371300000.0
36,UIS,MRQ,2012-06-30,2012-06-30,2012-06-30,2021-08-02,-3659900000.0,2397900000.0,,1464900000.0,933000000.0,,-27.361,-34800000.0,659700000.0,659700000.0,678100000.0,53100000.0,1.462,-2.992,292400000.0,600000.0,291800000.0,292400000.0,517000000.0,31600000.0,0.0,0.0,0.0,80700000.0,112300000.0,0.122,112300000.0,80700000.0,72800000.0,1.06,0.99,1.06,-1199000000.0,,-1199000000.0,497512339.0,1.0,0.994,22300000.0,0.509,1.0,243200000.0,0.264,191400000.0,7900000.0,837400000.0,,58900000.0,129500000.0,0.0,129500000.0,3587900000.0,1001800000.0,2586100000.0,856712339.0,5000000.0,-100000.0,200000.0,-3300000.0,0.0,-7200000.0,-33300000.0,1300000.0,57100000.0,-11600000.0,50700000.0,46600000.0,46600000.0,0.0,2400000.0,0.051,164200000.0,79000000.0,228400000.0,0.0,-0.715,3.678,3.641,303300000.0,4100000.0,19.55,0.222,0.222,610300000.0,-1968500000.0,921300000.0,921300000.0,22200000.0,,,,,2800000.0,142000000.0,1.0,43821603.0,43821603.0,,21.024,2206500000.0,209100000.0,22100000.0,0.0,50.352,463100000.0
37,UIS,MRQ,2012-03-31,2012-03-31,2012-03-31,2021-08-02,-3656700000.0,2455600000.0,,1452100000.0,1003500000.0,,-28.696,-30400000.0,654700000.0,654700000.0,702600000.0,19900000.0,1.421,-2.965,295500000.0,800000.0,294700000.0,295500000.0,556900000.0,27800000.0,0.0,0.0,0.0,48700000.0,76500000.0,0.082,76500000.0,48700000.0,39400000.0,0.31,0.3,0.31,-1246600000.0,,-1246600000.0,501480046.0,2.0,1.203,3000000.0,0.069,1.0,225800000.0,0.243,194200000.0,9300000.0,880600000.0,,61800000.0,129700000.0,0.0,129700000.0,3696000000.0,1021600000.0,2674400000.0,856680046.0,-60200000.0,2800000.0,100000.0,-71700000.0,0.0,-80100000.0,-26300000.0,0.0,33400000.0,12800000.0,17400000.0,13400000.0,13400000.0,0.0,2500000.0,0.014,161400000.0,64400000.0,230200000.0,0.0,-0.687,4.904,4.881,322700000.0,4000000.0,19.72,0.221,0.221,597200000.0,-2019200000.0,928400000.0,928400000.0,20000000.0,,,,,6100000.0,141400000.0,1.0,43442193.0,43442193.0,,21.371,2261400000.0,204400000.0,22000000.0,0.0,52.055,430500000.0
38,UIS,MRQ,2011-12-31,2011-12-31,2011-12-31,2021-08-02,-3700900000.0,2612200000.0,,1603400000.0,1008800000.0,,-30.415,-33300000.0,714900000.0,714900000.0,705000000.0,98900000.0,1.437,-2.976,359700000.0,900000.0,358800000.0,359700000.0,568400000.0,30100000.0,0.0,0.0,0.0,122100000.0,152200000.0,0.154,152200000.0,122100000.0,110700000.0,2.18,2.11,2.18,-1318100000.0,,-1318100000.0,632188846.0,2.0,1.617,126200000.0,2.912,1.0,280300000.0,0.284,192500000.0,11400000.0,948400000.0,,64800000.0,129800000.0,0.0,129800000.0,3923200000.0,1116100000.0,2807100000.0,854188846.0,47600000.0,-600000.0,0.0,-93200000.0,0.0,-97300000.0,-12700000.0,600000.0,159500000.0,-1900000.0,98300000.0,94300000.0,94300000.0,0.0,600000.0,0.096,158700000.0,121600000.0,241600000.0,0.0,-0.648,7.089,7.065,329200000.0,4000000.0,19.71,0.222,0.222,673000000.0,-2036600000.0,985300000.0,985300000.0,18900000.0,,,,,1100000.0,139800000.0,1.0,43337841.0,43337841.0,,22.735,2419700000.0,208600000.0,12400000.0,0.0,55.833,487300000.0
39,UIS,MRQ,2011-09-30,2011-09-30,2011-09-30,2021-08-02,-2894800000.0,2566900000.0,,1562600000.0,1004300000.0,,-14.027,-28800000.0,667300000.0,667300000.0,735300000.0,83700000.0,1.423,-5.221,445300000.0,900000.0,444400000.0,445300000.0,560200000.0,30800000.0,0.0,0.0,0.0,128600000.0,159400000.0,0.156,159400000.0,128600000.0,116100000.0,1.82,1.63,1.82,-605500000.0,,-605500000.0,499689179.0,2.0,1.209,65000000.0,1.506,1.0,284800000.0,0.279,193900000.0,12500000.0,1053100000.0,,66500000.0,129700000.0,0.0,129700000.0,3161400000.0,1097900000.0,2063500000.0,677289179.0,42300000.0,-4900000.0,0.0,-2200000.0,0.0,-6200000.0,-13900000.0,0.0,93800000.0,-31400000.0,82700000.0,78600000.0,78600000.0,0.0,1000000.0,0.077,171800000.0,113000000.0,236100000.0,0.0,-1.119,5.401,5.355,343000000.0,4100000.0,15.69,0.173,0.173,696000000.0,-2134900000.0,1020100000.0,1020100000.0,18500000.0,,,,,3400000.0,153300000.0,1.0,43166933.0,43166933.0,,23.632,2373000000.0,182600000.0,33400000.0,0.0,54.973,464700000.0
40,UIS,MRQ,2011-06-30,2011-06-30,2011-06-30,2021-08-02,-2877500000.0,2642900000.0,,1531900000.0,1111000000.0,,-15.639,-28900000.0,625000000.0,625000000.0,723500000.0,-5400000.0,1.324,-4.91,447400000.0,900000.0,446500000.0,447400000.0,624600000.0,32400000.0,0.0,0.0,0.0,-3500000.0,28900000.0,0.031,28900000.0,-3500000.0,-16800000.0,-0.27,-0.27,-0.27,-673000000.0,,-673000000.0,892152957.0,4.0,2.343,6600000.0,0.153,1.0,213700000.0,0.228,201000000.0,13300000.0,1107100000.0,,75100000.0,132300000.0,0.0,132300000.0,3304700000.0,1157200000.0,2147500000.0,1105952957.0,-208100000.0,-4900000.0,100000.0,-221000000.0,0.0,-227900000.0,-22600000.0,1100000.0,35500000.0,6900000.0,-7600000.0,-11600000.0,-11600000.0,0.0,2200000.0,-0.012,165600000.0,48100000.0,236500000.0,0.0,-1.643,14.726,14.52,370100000.0,4000000.0,25.7,0.287,0.287,667100000.0,-2217600000.0,937200000.0,937200000.0,18400000.0,,,,,3100000.0,147200000.0,1.0,43033189.0,43033189.0,,21.779,2441900000.0,214900000.0,-9200000.0,0.0,56.745,374700000.0
41,UIS,MRQ,2011-03-31,2011-03-31,2011-03-31,2021-08-02,-2910500000.0,2949300000.0,,1806300000.0,1143000000.0,,-16.425,-43400000.0,833100000.0,833100000.0,703000000.0,-36000000.0,1.435,-5.198,619300000.0,800000.0,618500000.0,619300000.0,695100000.0,35800000.0,0.0,0.0,0.0,14700000.0,50500000.0,0.055,50500000.0,14700000.0,-11200000.0,-0.95,-0.95,-0.95,-700500000.0,,-700500000.0,1327196754.0,3.0,2.378,-15000000.0,-0.352,1.0,208200000.0,0.228,199300000.0,25900000.0,1277500000.0,,81500000.0,137800000.0,0.0,137800000.0,3641400000.0,1258700000.0,2382700000.0,1331496754.0,4800000.0,-5200000.0,1300000.0,-239300000.0,0.0,12000000.0,-47100000.0,1300000.0,28400000.0,11500000.0,-39400000.0,-40800000.0,-40800000.0,0.0,3400000.0,-0.045,166300000.0,41900000.0,273400000.0,0.0,-1.901,6.435,6.424,382700000.0,1400000.0,31.22,0.337,0.337,732800000.0,-2210000000.0,911200000.0,911200000.0,20300000.0,,,,,6300000.0,146000000.0,1.0,42648839.0,42648839.0,,21.365,2750000000.0,207800000.0,28200000.0,0.0,64.48,547600000.0
42,UIS,MRQ,2010-12-31,2010-12-31,2010-12-31,2021-08-02,-2928300000.0,3020900000.0,,1875400000.0,1145500000.0,,-21.99,-41200000.0,828300000.0,828300000.0,733500000.0,101100000.0,1.403,-4.219,824000000.0,800000.0,823200000.0,824000000.0,705700000.0,44200000.0,0.0,0.0,0.0,130300000.0,174500000.0,0.167,174500000.0,130300000.0,105300000.0,2.33,2.29,2.33,-937300000.0,,-937300000.0,1252357004.0,3.0,2.143,145600000.0,3.416,1.0,311100000.0,0.298,197900000.0,25000000.0,1482000000.0,,88900000.0,143800000.0,0.0,143800000.0,3954700000.0,1336700000.0,2618000000.0,1103557004.0,139600000.0,-4000000.0,100000.0,-14800000.0,0.0,-14700000.0,-35800000.0,-100000.0,186800000.0,3300000.0,99200000.0,99200000.0,99200000.0,-4000000.0,1900000.0,0.095,176500000.0,134600000.0,260700000.0,0.0,-1.177,4.674,4.665,382000000.0,0.0,25.89,0.275,0.275,789700000.0,-2170600000.0,1044600000.0,1044600000.0,18100000.0,,,,,2100000.0,158400000.0,1.0,42624836.0,42624836.0,,24.507,2823000000.0,220300000.0,6100000.0,0.0,66.229,538700000.0
43,UIS,MRQ,2010-09-30,2010-09-30,2010-09-30,2021-08-02,-2924700000.0,2840100000.0,,1728800000.0,1111300000.0,,-24.287,-45600000.0,688700000.0,688700000.0,723200000.0,29200000.0,1.376,-3.743,837500000.0,800000.0,836700000.0,837500000.0,617600000.0,45300000.0,0.0,0.0,0.0,81500000.0,126800000.0,0.132,126800000.0,81500000.0,56500000.0,0.66,0.65,0.66,-1035000000.0,,-1035000000.0,1528846224.0,4.0,2.544,81200000.0,1.905,1.0,237400000.0,0.247,196700000.0,25000000.0,1535500000.0,,102900000.0,146300000.0,0.0,146300000.0,3874300000.0,1256700000.0,2617600000.0,1188946224.0,192200000.0,-9100000.0,100000.0,0.0,0.0,100000.0,40400000.0,600000.0,126800000.0,24900000.0,28300000.0,28300000.0,28300000.0,-6500000.0,900000.0,0.029,161300000.0,76100000.0,269600000.0,0.0,-1.149,4.729,4.596,404400000.0,0.0,27.9,0.288,0.288,781900000.0,-2269800000.0,960600000.0,960600000.0,18900000.0,,,,,1500000.0,142400000.0,1.0,42614560.0,42614560.0,,22.542,2643400000.0,205400000.0,28200000.0,0.0,62.03,472100000.0
44,UIS,MRQ,2010-06-30,2010-06-30,2010-06-30,2021-08-02,-2940500000.0,2714400000.0,,1526700000.0,1187700000.0,,-25.381,-47700000.0,496500000.0,496500000.0,749000000.0,121400000.0,1.315,-3.511,836400000.0,700000.0,835700000.0,836400000.0,609800000.0,47500000.0,0.0,0.0,0.0,158800000.0,206300000.0,0.199,206300000.0,158800000.0,133500000.0,2.82,2.77,2.82,-1080600000.0,,-1080600000.0,1167905648.0,3.0,1.795,3900000.0,0.092,1.0,288000000.0,0.278,192200000.0,25300000.0,1701500000.0,,90800000.0,147100000.0,0.0,147100000.0,3794500000.0,1160600000.0,2633900000.0,787205648.0,28000000.0,125900000.0,100000.0,-14900000.0,0.0,-14800000.0,-2000000.0,900000.0,51600000.0,-6800000.0,120200000.0,120200000.0,120200000.0,-61000000.0,1200000.0,0.116,181500000.0,106500000.0,265300000.0,0.0,-0.728,2.77,2.672,401600000.0,0.0,18.49,0.184,0.184,786200000.0,-2298100000.0,1037000000.0,1037000000.0,21100000.0,,,,,900000.0,160400000.0,1.0,42574670.0,42574670.0,,24.357,2522200000.0,185800000.0,13300000.0,0.0,59.242,366100000.0
45,UIS,MRQ,2010-03-31,2010-03-31,2010-03-31,2021-08-02,-2959100000.0,2711800000.0,,1550500000.0,1161300000.0,,-28.862,-68600000.0,468500000.0,468500000.0,742200000.0,-11600000.0,1.261,-3.223,849200000.0,2600000.0,846600000.0,849200000.0,0.0,50700000.0,0.0,0.0,0.0,26100000.0,76800000.0,0.079,76800000.0,26100000.0,-400000.0,-0.27,-0.27,-0.27,-1220500000.0,,-1220500000.0,1739492139.0,5.0,2.986,-97000000.0,-2.294,1.0,235200000.0,0.241,195800000.0,26500000.0,1666800000.0,,103000000.0,149200000.0,0.0,149200000.0,3933500000.0,1229900000.0,2703600000.0,1475392139.0,-179100000.0,4400000.0,1100000.0,-63100000.0,0.0,-62100000.0,-64200000.0,-500000.0,-28400000.0,-24400000.0,-11600000.0,-11600000.0,-11600000.0,-5700000.0,0.0,-0.012,176700000.0,58500000.0,278600000.0,0.0,-1.209,7.3,6.801,424400000.0,0.0,34.89,0.34,0.34,736700000.0,-2418300000.0,977400000.0,977400000.0,20800000.0,,,,,4900000.0,155900000.0,1.0,42286963.0,42286963.0,,23.114,2516000000.0,188000000.0,11200000.0,0.0,59.498,320600000.0
46,UIS,MRQ,2009-12-31,2009-12-31,2009-12-31,2021-08-02,-3013500000.0,2956900000.0,,1773400000.0,1183500000.0,,-29.998,-52100000.0,647600000.0,647600000.0,818500000.0,118200000.0,1.223,-3.334,911700000.0,65800000.0,845900000.0,911700000.0,588300000.0,62300000.0,0.0,0.0,0.0,128700000.0,191000000.0,0.165,191000000.0,128700000.0,101900000.0,2.86,2.82,2.86,-1268300000.0,,-1268300000.0,2067696093.0,6.0,3.598,162900000.0,3.853,1.0,340100000.0,0.294,198500000.0,26800000.0,1572300000.0,,100500000.0,151500000.0,0.0,151500000.0,4228600000.0,1450200000.0,2778400000.0,1630296093.0,174000000.0,17400000.0,0.0,0.0,0.0,-700000.0,-39600000.0,-600000.0,215000000.0,-700000.0,114500000.0,114500000.0,114500000.0,16300000.0,3700000.0,0.099,206000000.0,134100000.0,292200000.0,0.0,-1.285,8.612,8.0,439400000.0,0.0,38.56,0.372,0.372,767400000.0,-2406700000.0,1158600000.0,1158600000.0,25100000.0,,,,,1000000.0,180900000.0,1.0,42279463.0,42279463.0,,27.403,2758400000.0,200500000.0,-12600000.0,0.0,65.242,323200000.0
47,UIS,MRQ,2009-09-30,2009-09-30,2009-09-30,2021-08-02,-2803900000.0,2741100000.0,,1492500000.0,1248600000.0,,-31.701,-48400000.0,473600000.0,473600000.0,808600000.0,61100000.0,1.143,-3.311,911000000.0,66000000.0,845000000.0,911000000.0,0.0,61500000.0,0.0,0.0,0.0,114900000.0,176400000.0,0.159,176400000.0,114900000.0,89500000.0,1.51,1.48,1.51,-1174000000.0,,-1174000000.0,1575003352.0,12.0,4.182,45700000.0,1.234,1.0,297800000.0,0.269,198200000.0,25400000.0,1674600000.0,,124800000.0,175300000.0,0.0,175300000.0,3886600000.0,1305700000.0,2580900000.0,988803352.0,-1400000.0,-400000.0,0.0,-30000000.0,0.0,-44700000.0,-58400000.0,600000.0,94100000.0,7600000.0,61100000.0,61100000.0,61100000.0,-8700000.0,0.0,0.055,186200000.0,111600000.0,287300000.0,0.0,-0.842,58.857,98.889,538100000.0,0.0,26.7,0.231,0.231,764000000.0,-2521200000.0,1106400000.0,1106400000.0,24300000.0,,,,,-4100000.0,161900000.0,1.0,37033833.0,37033833.0,,29.875,2542900000.0,107200000.0,28400000.0,0.0,68.664,186800000.0
48,UIS,MRQ,2009-06-30,2009-06-30,2009-06-30,2021-08-02,-2852200000.0,2726100000.0,,1485700000.0,1240400000.0,,-37.031,-53500000.0,475000000.0,475000000.0,840600000.0,38100000.0,1.099,-2.968,1061200000.0,96000000.0,965200000.0,1061200000.0,0.0,65600000.0,0.0,0.0,0.0,72800000.0,138400000.0,0.126,138400000.0,72800000.0,51600000.0,1.03,1.02,1.03,-1371300000.0,,-1371300000.0,1150875239.0,25.0,3.825,-5100000.0,-0.138,1.0,260600000.0,0.237,195500000.0,21200000.0,1764800000.0,,122000000.0,181800000.0,0.0,181800000.0,4070500000.0,1352000000.0,2718500000.0,559175239.0,6300000.0,-1100000.0,0.0,-100000.0,0.0,-800000.0,-64300000.0,1400000.0,48400000.0,23000000.0,38100000.0,38100000.0,38100000.0,-4600000.0,0.0,0.035,192900000.0,67700000.0,310600000.0,0.0,-0.408,-7.078,-6.864,560700000.0,0.0,15.1,0.125,0.125,739900000.0,-2582300000.0,1101200000.0,1101200000.0,25100000.0,,,,,1700000.0,167800000.0,1.0,37031473.0,37031473.0,,29.737,2530600000.0,107600000.0,13500000.0,0.0,68.336,133700000.0
49,UIS,MRQ,2009-03-31,2009-03-31,2009-03-31,2021-08-02,-2885900000.0,2640200000.0,,1453500000.0,1186700000.0,,-39.061,-47300000.0,468700000.0,468700000.0,858200000.0,-24400000.0,0.917,-2.813,1060400000.0,301100000.0,759300000.0,1060400000.0,0.0,58500000.0,0.0,0.0,0.0,10200000.0,68700000.0,0.064,68700000.0,10200000.0,-11600000.0,-0.66,-0.66,-0.66,-1444800000.0,,-1444800000.0,712640415.0,-45.0,2.948,-8000000.0,-0.216,1.0,214500000.0,0.2,188900000.0,21800000.0,1458400000.0,,121800000.0,192400000.0,0.0,192400000.0,4064700000.0,1584600000.0,2480100000.0,196040415.0,-75300000.0,-400000.0,0.0,100000.0,0.0,100000.0,-109000000.0,-100000.0,39300000.0,-5700000.0,-24400000.0,-24400000.0,-24400000.0,-4200000.0,0.0,-0.023,199500000.0,15000000.0,321300000.0,0.0,-0.136,-1.495,-1.46,542800000.0,0.0,5.3,0.041,0.041,720800000.0,-2620400000.0,1072700000.0,1072700000.0,27400000.0,,,,,2100000.0,172100000.0,1.0,36988758.0,36988758.0,,29.001,2451300000.0,103000000.0,12800000.0,0.0,66.271,-131100000.0
50,UIS,MRQ,2008-12-31,2008-12-31,2008-12-31,2021-08-02,-2904600000.0,2824100000.0,,1638400000.0,1185700000.0,,-39.816,-80200000.0,544000000.0,544000000.0,803800000.0,-73400000.0,1.149,-2.945,1060600000.0,1500000.0,1059100000.0,1060600000.0,0.0,61900000.0,0.0,0.0,0.0,-68800000.0,-6900000.0,-0.007,-6900000.0,-68800000.0,-89600000.0,-1.61,-1.61,-1.61,-1442400000.0,,-1442400000.0,876027274.0,-214.0,3.316,58000000.0,1.601,1.0,197400000.0,0.197,189400000.0,20800000.0,1724900000.0,,135400000.0,202000000.0,0.0,202000000.0,4247900000.0,1426400000.0,2821500000.0,307927274.0,50200000.0,-4100000.0,0.0,0.0,0.0,0.0,-56600000.0,27700000.0,138200000.0,-31400000.0,-58000000.0,-58000000.0,-58000000.0,-20800000.0,-15400000.0,-0.058,283800000.0,-86400000.0,379200000.0,0.0,-0.213,-2.367,-2.348,591400000.0,0.0,8.5,0.062,0.062,818500000.0,-2596000000.0,1001200000.0,1001200000.0,30400000.0,,,,,1300000.0,253400000.0,1.0,36226738.0,36226738.0,,27.637,2634700000.0,111400000.0,-31600000.0,0.0,72.728,212000000.0
51,UIS,MRQ,2008-09-30,2008-09-30,2008-09-30,2021-08-02,-1131400000.0,3563400000.0,,1662000000.0,1901400000.0,,10.571,-78200000.0,493800000.0,493800000.0,1020400000.0,-29600000.0,1.161,8.375,1061900000.0,2200000.0,1059700000.0,1061900000.0,0.0,68800000.0,0.0,0.0,0.0,31900000.0,100700000.0,0.077,100700000.0,31900000.0,10400000.0,-0.96,-0.96,-0.96,380100000.0,,380100000.0,1581001558.0,12.0,3.86,35900000.0,0.998,1.0,292000000.0,0.222,195900000.0,21500000.0,2503800000.0,,151300000.0,244200000.0,0.0,244200000.0,3183300000.0,1431800000.0,1751500000.0,988801558.0,22400000.0,-500000.0,0.0,-100000.0,0.0,-100000.0,-58900000.0,19800000.0,114100000.0,-32700000.0,-34700000.0,-34700000.0,-34700000.0,0.0,5100000.0,-0.026,254100000.0,37900000.0,337500000.0,0.0,2.601,-16.961,-16.975,643500000.0,0.0,27.5,0.18,0.18,853300000.0,-2538000000.0,1312400000.0,1312400000.0,35700000.0,,,,,-12100000.0,218400000.0,1.0,35956420.0,35956420.0,,36.5,3367500000.0,111800000.0,45100000.0,0.0,93.655,230200000.0
52,UIS,MRQ,2008-06-30,2008-06-30,2008-06-30,2021-08-02,-1157600000.0,3754000000.0,,1800500000.0,1953500000.0,,10.958,-71200000.0,471400000.0,471400000.0,1036200000.0,-8500000.0,1.17,8.616,1063600000.0,3300000.0,1060300000.0,1063600000.0,0.0,68500000.0,0.0,0.0,0.0,10700000.0,79200000.0,0.059,79200000.0,10700000.0,-10500000.0,-0.4,-0.4,-0.4,390400000.0,,390400000.0,1982100673.0,16.0,5.056,-19600000.0,-0.55,1.0,303800000.0,0.227,203700000.0,21200000.0,2603700000.0,,164100000.0,254000000.0,0.0,254000000.0,3363600000.0,1538800000.0,1824800000.0,1407200673.0,-18800000.0,-1400000.0,0.0,0.0,0.0,0.0,-72900000.0,-300000.0,51600000.0,2500000.0,-14000000.0,-14000000.0,-14000000.0,0.0,5500000.0,-0.01,281200000.0,22600000.0,373300000.0,0.0,3.605,-25.773,-25.321,697100000.0,0.0,39.5,0.253,0.253,991100000.0,-2503300000.0,1340000000.0,1340000000.0,30200000.0,,,,,5900000.0,251000000.0,1.0,35625334.0,35625334.0,,37.614,3550300000.0,111800000.0,3500000.0,0.0,99.657,261700000.0
53,UIS,MRQ,2008-03-31,2008-03-31,2008-03-31,2021-08-02,-1190600000.0,3791300000.0,,1865300000.0,1926000000.0,,9.912,-64900000.0,490200000.0,490200000.0,1008100000.0,-18600000.0,1.167,9.823,1065100000.0,3800000.0,1061300000.0,1065100000.0,0.0,69100000.0,0.0,0.0,0.0,22100000.0,91200000.0,0.07,91200000.0,22100000.0,500000.0,-0.7,-0.7,-0.7,350300000.0,,350300000.0,1998101511.0,19.0,5.419,-114200000.0,-3.231,1.0,293200000.0,0.225,201200000.0,21600000.0,2566700000.0,,175000000.0,261000000.0,0.0,261000000.0,3441000000.0,1598300000.0,1842700000.0,1565601511.0,-340000000.0,-400000.0,0.0,-200000000.0,0.0,-200800000.0,-94600000.0,-29300000.0,-49300000.0,4700000.0,-23400000.0,-23400000.0,-23400000.0,0.0,4800000.0,-0.018,265200000.0,28000000.0,379900000.0,0.0,4.469,-14.756,-14.477,715200000.0,0.0,44.3,0.279,0.279,1031700000.0,-2489300000.0,1301300000.0,1301300000.0,32700000.0,,,,,6000000.0,232500000.0,1.0,35340892.0,35340892.0,,36.821,3590100000.0,111800000.0,23900000.0,0.0,101.585,267000000.0
54,UIS,MRQ,2007-12-31,2007-12-31,2007-12-31,2021-08-02,-1182900000.0,4137100000.0,,2212200000.0,1924900000.0,,10.429,-71200000.0,830200000.0,830200000.0,1114600000.0,39600000.0,1.167,10.285,1262700000.0,204400000.0,1058300000.0,1262700000.0,0.0,72600000.0,0.0,0.0,0.0,65900000.0,138500000.0,0.09,138500000.0,65900000.0,45700000.0,0.44,0.44,0.44,366600000.0,,366600000.0,2263913732.0,28.0,6.682,176100000.0,5.01,1.0,421100000.0,0.274,200600000.0,20200000.0,2473000000.0,,171100000.0,268800000.0,0.0,268800000.0,3770500000.0,1896000000.0,1874500000.0,1662713732.0,381700000.0,2100000.0,0.0,204200000.0,0.0,204200000.0,-71200000.0,-2100000.0,247300000.0,1400000.0,13800000.0,13800000.0,13800000.0,0.0,25800000.0,0.009,351700000.0,69400000.0,419600000.0,0.0,4.535,-21.02,-20.929,741600000.0,0.0,47.3,0.294,0.294,1059200000.0,-2465900000.0,1535700000.0,1535700000.0,47400000.0,,,,,-900000.0,304300000.0,1.0,35152510.0,35152510.0,,43.687,3936500000.0,111800000.0,31900000.0,0.0,111.983,316200000.0
55,UIS,MRQ,2007-09-30,2007-09-30,2007-09-30,2021-08-02,-1510500000.0,3813500000.0,,1922500000.0,1891000000.0,,0.371,-70600000.0,448500000.0,448500000.0,1084000000.0,-31000000.0,1.008,292.346,1049700000.0,200300000.0,849400000.0,1049700000.0,0.0,58800000.0,0.0,0.0,0.0,24300000.0,83100000.0,0.06,83100000.0,24300000.0,5800000.0,-0.9,-0.9,-0.9,13000000.0,,13000000.0,2846159811.0,34.0,8.473,-63700000.0,-1.82,1.0,309100000.0,0.222,199300000.0,18500000.0,2308000000.0,,195900000.0,282700000.0,0.0,282700000.0,3800500000.0,1907400000.0,1893100000.0,2316659811.0,-72200000.0,-100000.0,1000000.0,-500000.0,0.0,-5300000.0,-79800000.0,-9100000.0,6900000.0,6000000.0,-31000000.0,-31000000.0,-31000000.0,0.0,0.0,-0.022,265500000.0,43600000.0,420900000.0,0.0,178.205,-32.356,-31.524,763500000.0,0.0,66.2,0.409,0.409,1093000000.0,-2479700000.0,1393100000.0,1393100000.0,39700000.0,,,,,3100000.0,225800000.0,1.0,34994861.0,34994861.0,,39.809,3614200000.0,212400000.0,36800000.0,0.0,103.278,15100000.0
56,UIS,MRQ,2007-06-30,2007-06-30,2007-06-30,2021-08-02,-1541200000.0,3832300000.0,,1956700000.0,1875600000.0,,-0.063,-84300000.0,520700000.0,520700000.0,1076300000.0,-65500000.0,1.021,-1742.955,1050200000.0,200900000.0,849300000.0,1050200000.0,0.0,62100000.0,0.0,0.0,0.0,-6200000.0,55900000.0,0.041,55900000.0,-6200000.0,-24900000.0,-1.9,-1.9,-1.9,-2200000.0,,-2200000.0,3663964870.0,232.0,13.387,-61100000.0,-1.757,1.0,299400000.0,0.218,196800000.0,18700000.0,2248700000.0,,187700000.0,286800000.0,0.0,286800000.0,3834500000.0,1916300000.0,1918200000.0,3178464870.0,-43500000.0,27300000.0,4300000.0,500000.0,0.0,4800000.0,-80900000.0,4400000.0,23200000.0,9400000.0,-65500000.0,-65500000.0,-65500000.0,0.0,0.0,-0.048,296900000.0,2500000.0,373300000.0,0.0,-1444.757,-26.913,-26.114,770100000.0,0.0,91.4,0.559,0.559,1045200000.0,-2448700000.0,1375700000.0,1375700000.0,49500000.0,,,,,3200000.0,247400000.0,1.0,34775327.0,34775327.0,,39.56,3635500000.0,221300000.0,40600000.0,0.0,104.543,40400000.0
57,UIS,MRQ,2007-03-31,2007-03-31,2007-03-31,2021-08-02,-1588800000.0,3913300000.0,,2102800000.0,1810500000.0,,-0.154,-82900000.0,564200000.0,564200000.0,1090600000.0,3600000.0,1.177,-739.358,1049700000.0,500000.0,1049200000.0,1049700000.0,0.0,65400000.0,0.0,0.0,0.0,-4100000.0,61300000.0,0.045,61300000.0,-4100000.0,-23000000.0,0.1,0.1,0.1,-5300000.0,,-5300000.0,3241991701.0,-20.0,34.748,-187200000.0,-5.422,1.0,257400000.0,0.191,194700000.0,18900000.0,2418200000.0,,188700000.0,290100000.0,0.0,290100000.0,3918600000.0,1785900000.0,2132700000.0,2910491701.0,-155100000.0,-1200000.0,7000000.0,-1100000.0,0.0,5900000.0,-58800000.0,-3000000.0,-104300000.0,2100000.0,3600000.0,3600000.0,3600000.0,0.0,0.0,0.003,287000000.0,-29600000.0,396900000.0,0.0,-549.149,-11.774,-11.548,736400000.0,0.0,84.3,0.509,0.509,1164300000.0,-2383200000.0,1348000000.0,1348000000.0,42400000.0,,,,,2300000.0,244600000.0,1.0,34525406.0,34525406.0,,39.044,3718600000.0,221300000.0,-26600000.0,0.0,107.706,316900000.0
58,UIS,MRQ,2006-12-31,2006-12-31,2006-12-31,2021-08-02,-1626000000.0,4037900000.0,,2238500000.0,1799400000.0,,-1.863,-58200000.0,719300000.0,719300000.0,1165900000.0,21300000.0,1.159,-63.896,1050800000.0,1700000.0,1049100000.0,1050800000.0,0.0,67000000.0,0.0,0.0,0.0,68600000.0,135600000.0,0.087,135600000.0,68600000.0,49300000.0,0.6,0.6,0.6,-64200000.0,,-64200000.0,3140089278.0,-18.0,38.341,109200000.0,3.169,1.0,386100000.0,0.249,193900000.0,19300000.0,2243800000.0,,176200000.0,304300000.0,0.0,304300000.0,4102100000.0,1931700000.0,2170400000.0,2701489278.0,107300000.0,379500000.0,700000.0,300000.0,0.0,1000000.0,-70300000.0,-11000000.0,167400000.0,9200000.0,21300000.0,21300000.0,21300000.0,0.0,0.0,0.014,317500000.0,68600000.0,460900000.0,0.0,-42.079,-9.693,-9.679,742400000.0,0.0,78.4,0.469,0.469,1164600000.0,-2386800000.0,1552000000.0,1552000000.0,47000000.0,,,,,1900000.0,270500000.0,1.0,34457771.0,34457771.0,,45.041,3844000000.0,221300000.0,28000000.0,0.0,111.557,306800000.0
59,UIS,MRQ,2006-09-30,2006-09-30,2006-09-30,2021-08-02,-404900000.0,5042200000.0,,2209800000.0,2832400000.0,,32.818,-60200000.0,612000000.0,612000000.0,1151400000.0,-77500000.0,1.196,3.469,1050600000.0,1400000.0,1049200000.0,1050600000.0,0.0,63400000.0,0.0,0.0,0.0,-42500000.0,20900000.0,0.015,20900000.0,-42500000.0,-61500000.0,-2.3,-2.3,-2.3,1128200000.0,,1128200000.0,2351347562.0,-12.0,41.179,-32900000.0,-0.957,1.0,258700000.0,0.183,191300000.0,19000000.0,3441200000.0,,188700000.0,308800000.0,0.0,308800000.0,3914000000.0,1848300000.0,2065700000.0,1945747562.0,-43100000.0,0.0,0.0,-9900000.0,0.0,-9900000.0,-61100000.0,-900000.0,27300000.0,600000.0,-77500000.0,-77500000.0,-77500000.0,0.0,0.0,-0.055,301600000.0,-42900000.0,377700000.0,0.0,1.725,-5.877,-5.896,758100000.0,0.0,56.6,0.337,0.337,1139900000.0,-2408100000.0,1410100000.0,1410100000.0,45500000.0,,,,,1600000.0,256100000.0,1.0,34377165.0,34377165.0,,41.019,4850900000.0,250600000.0,16000000.0,0.0,141.108,361500000.0
60,UIS,MRQ,2006-06-30,2006-06-30,2006-06-30,2021-08-02,-411300000.0,5074700000.0,,2186800000.0,2887900000.0,,34.786,-64800000.0,655100000.0,655100000.0,1244400000.0,-194600000.0,1.218,3.253,1060700000.0,11500000.0,1049200000.0,1060700000.0,0.0,59900000.0,0.0,0.0,0.0,-184400000.0,-124500000.0,-0.088,-124500000.0,-184400000.0,-203500000.0,-5.7,-5.7,-5.7,1193200000.0,,1193200000.0,2301417030.0,-11.0,72.83,-257700000.0,-7.513,1.0,162900000.0,0.116,192100000.0,19100000.0,3492800000.0,,183600000.0,318100000.0,0.0,318100000.0,3881500000.0,1795400000.0,2086100000.0,2154117030.0,-325100000.0,0.0,300000.0,-65300000.0,0.0,-71200000.0,-65500000.0,-700000.0,-192900000.0,4500000.0,-194600000.0,-194600000.0,-194600000.0,0.0,0.0,-0.138,346600000.0,-183700000.0,390000000.0,0.0,1.805,-1.145,-1.14,782300000.0,0.0,62.8,0.375,0.375,1082200000.0,-2330600000.0,1407300000.0,1407300000.0,63900000.0,,,,,1500000.0,282700000.0,1.0,34301227.0,34301227.0,,41.028,4882600000.0,248600000.0,-8900000.0,0.0,142.345,391400000.0
61,UIS,MRQ,2006-03-31,2006-03-31,2006-03-31,2021-08-02,-409400000.0,5387700000.0,,2481600000.0,2906100000.0,,40.381,-73300000.0,980200000.0,980200000.0,1185900000.0,-27900000.0,1.288,2.902,1127500000.0,78400000.0,1049100000.0,1127500000.0,0.0,65300000.0,0.0,0.0,0.0,-15400000.0,49900000.0,0.036,49900000.0,-15400000.0,-35200000.0,-0.8,-0.8,-0.8,1380900000.0,,1380900000.0,2839546774.0,-51.0,14.622,-46400000.0,-1.357,1.0,201900000.0,0.145,192100000.0,19800000.0,3416200000.0,,188800000.0,321500000.0,0.0,321500000.0,4006800000.0,1926700000.0,2080100000.0,2356146774.0,337700000.0,0.0,600000.0,0.0,0.0,2200000.0,306000000.0,-1300000.0,26900000.0,2600000.0,-27900000.0,-27900000.0,-27900000.0,0.0,0.0,-0.02,370700000.0,-168800000.0,445300000.0,0.0,1.706,-1.374,-1.373,782600000.0,0.0,68.9,0.408,0.408,1066400000.0,-2136000000.0,1387800000.0,1387800000.0,75300000.0,,,,,1700000.0,295400000.0,1.0,34196615.0,34196615.0,,40.583,5195600000.0,226500000.0,-7300000.0,0.0,151.933,554900000.0
62,UIS,MRQ,2005-12-31,2005-12-31,2005-12-31,2021-08-02,-1844900000.0,4028900000.0,,2153300000.0,1875600000.0,,-0.955,-87200000.0,642500000.0,642500000.0,1191800000.0,-31100000.0,1.187,-124.586,1125900000.0,76900000.0,1049000000.0,1125900000.0,0.0,63800000.0,0.0,0.0,0.0,47000000.0,110800000.0,0.071,110800000.0,47000000.0,27200000.0,-0.8,-0.8,-0.8,-32600000.0,,-32600000.0,2640915585.0,-25.0,18.429,172300000.0,5.049,1.0,377700000.0,0.241,192000000.0,19800000.0,2505500000.0,,194100000.0,535400000.0,0.0,535400000.0,4061500000.0,1814800000.0,2246700000.0,1989615585.0,176400000.0,-1000000.0,0.0,4500000.0,0.0,4500000.0,-84300000.0,3900000.0,259500000.0,-3300000.0,-31100000.0,-31100000.0,-31100000.0,0.0,0.0,-0.02,341100000.0,36600000.0,444600000.0,0.0,-61.031,-1.149,-1.145,802400000.0,0.0,58.3,0.345,0.345,1111500000.0,-2108100000.0,1569500000.0,1569500000.0,71200000.0,,,,,400000.0,269900000.0,1.0,34127197.0,34127197.0,,45.99,3836900000.0,206600000.0,58300000.0,0.0,112.429,338500000.0
63,UIS,MRQ,2005-09-30,2005-09-30,2005-09-30,2021-08-02,-1979100000.0,3888200000.0,,1947800000.0,1940400000.0,,-4.14,-85300000.0,466100000.0,466100000.0,1141100000.0,-1628200000.0,1.195,-28.576,1117400000.0,65200000.0,1052200000.0,1117400000.0,0.0,58300000.0,0.0,0.0,0.0,-62900000.0,-4600000.0,-0.003,-4600000.0,-62900000.0,-80000000.0,-47.8,-47.8,-47.8,-141000000.0,,-141000000.0,2763652710.0,-12.0,87.735,-153500000.0,-4.507,1.0,246000000.0,0.177,193100000.0,17100000.0,2716500000.0,,196000000.0,532400000.0,0.0,532400000.0,4029200000.0,1629900000.0,2399300000.0,2261252710.0,67200000.0,23400000.0,0.0,195300000.0,0.0,195300000.0,-59800000.0,2100000.0,-68200000.0,-100000.0,-1628200000.0,-1628200000.0,-1628200000.0,0.0,0.0,-1.174,322200000.0,-76200000.0,413000000.0,0.0,-16.037,-1.303,-1.305,826200000.0,0.0,66.4,0.396,0.396,1118200000.0,-2077000000.0,1387100000.0,1387100000.0,61200000.0,,,,,200000.0,261000000.0,1.0,34055011.0,34055011.0,,40.731,3695100000.0,212000000.0,1548200000.0,0.0,108.504,317900000.0
64,UIS,MRQ,2005-06-30,2005-06-30,2005-06-30,2021-08-02,-1983400000.0,5305000000.0,,2124000000.0,3181000000.0,,43.625,-111700000.0,398900000.0,398900000.0,1158100000.0,-27100000.0,1.05,2.589,901300000.0,401900000.0,499400000.0,901300000.0,0.0,62700000.0,0.0,0.0,0.0,-24600000.0,38100000.0,0.027,38100000.0,-24600000.0,-39800000.0,-0.8,-0.8,-0.8,1478200000.0,,1478200000.0,2606059878.0,-13.0,46.787,-47800000.0,-1.411,1.0,277400000.0,0.193,188800000.0,15200000.0,3596000000.0,,205700000.0,551000000.0,0.0,551000000.0,3826800000.0,2022600000.0,1804200000.0,2144859878.0,-42700000.0,-500000.0,6200000.0,-1600000.0,0.0,4600000.0,-104700000.0,7500000.0,63900000.0,-6500000.0,-27100000.0,-27100000.0,-27100000.0,0.0,0.0,-0.019,334000000.0,-56600000.0,431600000.0,0.0,1.451,-26.061,-27.522,841100000.0,0.0,63.3,0.372,0.372,1073100000.0,-448800000.0,1435500000.0,1435500000.0,66600000.0,,,,,400000.0,267400000.0,1.0,33884042.0,33884042.0,,42.365,5116200000.0,1687000000.0,-12700000.0,0.0,150.991,101400000.0
65,UIS,MRQ,2005-03-31,2005-03-31,2005-03-31,2021-08-02,-1985000000.0,5334300000.0,,2145900000.0,3188400000.0,,44.249,-97300000.0,441600000.0,441600000.0,1106300000.0,-45500000.0,1.292,2.574,902800000.0,4200000.0,898600000.0,902800000.0,0.0,64700000.0,0.0,0.0,0.0,-65700000.0,-1000000.0,-0.001,-1000000.0,-65700000.0,-78300000.0,-1.3,-1.3,-1.3,1492500000.0,,1492500000.0,2771929620.0,-21.0,21.323,-70500000.0,-2.09,1.0,260300000.0,0.19,188400000.0,12600000.0,3945800000.0,,222600000.0,550900000.0,0.0,550900000.0,3841800000.0,1661300000.0,2180500000.0,2381329620.0,-218900000.0,0.0,6600000.0,-148600000.0,0.0,-142000000.0,-94200000.0,3100000.0,26800000.0,-9500000.0,-45500000.0,-45500000.0,-45500000.0,0.0,0.0,-0.033,326500000.0,-66200000.0,365600000.0,0.0,1.596,-66.518,-78.444,840800000.0,0.0,70.6,0.416,0.416,1050100000.0,-421700000.0,1366600000.0,1366600000.0,64900000.0,,,,,-400000.0,261600000.0,1.0,33729881.0,33729881.0,,40.516,5145900000.0,1686700000.0,-32800000.0,0.0,152.562,484600000.0
66,UIS,MRQ,2004-12-31,2004-12-31,2004-12-31,2021-08-02,-2004500000.0,5620900000.0,,2417600000.0,3203300000.0,,44.846,-123200000.0,660500000.0,660500000.0,1261200000.0,-34900000.0,1.195,2.731,1051100000.0,152700000.0,898400000.0,1051100000.0,0.0,71300000.0,0.0,0.0,0.0,-72300000.0,-1000000.0,-0.001,-1000000.0,-72300000.0,-89900000.0,-1.0,-1.1,-1.0,1506500000.0,,1506500000.0,3916376806.0,-559.0,15.492,103700000.0,3.087,1.0,262800000.0,0.172,189900000.0,17600000.0,3798800000.0,,216100000.0,533900000.0,0.0,533900000.0,4114400000.0,2022800000.0,2091600000.0,3419776806.0,86800000.0,900000.0,7900000.0,-20200000.0,0.0,-12300000.0,-146100000.0,-23800000.0,226900000.0,18300000.0,-34900000.0,-34900000.0,-34900000.0,0.0,0.0,-0.023,341300000.0,-78500000.0,487400000.0,0.0,2.27,88.595,84.833,856000000.0,0.0,101.8,0.588,0.588,1136800000.0,-376200000.0,1524000000.0,1524000000.0,76200000.0,,,,,1400000.0,265100000.0,1.0,33593092.0,33593092.0,,45.366,5431000000.0,1686400000.0,-55000000.0,0.0,161.67,394800000.0
67,UIS,MRQ,2004-09-30,2004-09-30,2004-09-30,2021-08-02,-1993900000.0,5410200000.0,,2155500000.0,3254700000.0,,45.92,-83600000.0,573700000.0,573700000.0,1104700000.0,25200000.0,1.105,2.519,1070300000.0,170800000.0,899500000.0,1070300000.0,0.0,60600000.0,0.0,0.0,0.0,-41000000.0,19600000.0,0.014,19600000.0,-41000000.0,-57200000.0,0.8,0.7,0.8,1537600000.0,,1537600000.0,3875119213.0,16.0,7.678,-78000000.0,-2.329,1.0,341000000.0,0.236,185300000.0,16200000.0,3771100000.0,,219900000.0,507700000.0,0.0,507700000.0,3872600000.0,1950400000.0,1922200000.0,3455619213.0,-69700000.0,-6000000.0,6900000.0,9000000.0,0.0,15900000.0,-93400000.0,-3800000.0,5600000.0,2200000.0,25200000.0,25200000.0,25200000.0,0.0,0.0,0.017,379000000.0,-38000000.0,392600000.0,0.0,2.247,18.679,18.105,923300000.0,0.0,103.2,0.582,0.582,962000000.0,-341300000.0,1445700000.0,1445700000.0,75300000.0,,,,,0.0,303700000.0,1.0,33484682.0,33484682.0,,43.175,5224900000.0,1680700000.0,-82400000.0,153500000.0,156.039,205100000.0
68,UIS,MRQ,2004-06-30,2004-06-30,2004-06-30,2021-08-02,-2001100000.0,5416900000.0,,2140100000.0,3276800000.0,,44.786,-114200000.0,643400000.0,643400000.0,1021000000.0,19400000.0,1.058,2.629,1062900000.0,161100000.0,901800000.0,1062900000.0,0.0,65500000.0,0.0,0.0,0.0,46900000.0,112400000.0,0.081,112400000.0,46900000.0,28700000.0,0.6,0.6,0.6,1492800000.0,,1492800000.0,5033925664.0,13.0,7.917,-6100000.0,-0.183,1.0,367100000.0,0.264,186600000.0,18200000.0,3626700000.0,,232700000.0,513100000.0,0.0,513100000.0,3924100000.0,2023100000.0,1901000000.0,4626425664.0,-28000000.0,-12600000.0,12900000.0,-21900000.0,0.0,-9000000.0,-121600000.0,5200000.0,108100000.0,-5500000.0,19400000.0,19400000.0,19400000.0,0.0,0.0,0.014,344200000.0,22900000.0,429800000.0,0.0,3.099,21.419,21.03,952500000.0,0.0,138.8,0.779,0.779,885200000.0,-366400000.0,1388100000.0,1388100000.0,71300000.0,,,,,0.0,272900000.0,1.0,33331597.0,33331597.0,,41.645,5230300000.0,1658100000.0,9300000.0,192200000.0,156.917,117000000.0
69,UIS,MRQ,2004-03-31,2004-03-31,2004-03-31,2021-08-02,-1990200000.0,5573400000.0,,2315100000.0,3258300000.0,,44.12,-113100000.0,671400000.0,671400000.0,1071400000.0,28900000.0,1.043,2.807,1078900000.0,179100000.0,899800000.0,1078900000.0,0.0,62400000.0,0.0,0.0,0.0,59400000.0,121800000.0,0.083,121800000.0,59400000.0,42400000.0,0.9,0.9,0.9,1463800000.0,,1463800000.0,5170119899.0,12.0,7.655,16100000.0,0.485,1.0,391500000.0,0.268,176700000.0,17000000.0,3585200000.0,,257800000.0,499600000.0,0.0,499600000.0,4109600000.0,2219000000.0,1890600000.0,4737819899.0,35500000.0,0.0,11100000.0,9600000.0,0.0,20700000.0,-118500000.0,-5400000.0,129200000.0,4100000.0,28900000.0,28900000.0,28900000.0,0.0,0.0,0.02,332700000.0,58800000.0,522300000.0,0.0,3.237,19.02,18.789,951200000.0,0.0,142.8,0.793,0.793,1002600000.0,-385900000.0,1462900000.0,1462900000.0,71500000.0,,,,,0.0,261200000.0,1.0,33178010.0,33178010.0,,44.092,5396700000.0,1656000000.0,13500000.0,206100000.0,162.659,96100000.0
70,UIS,MRQ,2003-12-31,2003-12-31,2003-12-31,2021-08-02,-2011900000.0,5469600000.0,,2258000000.0,3211600000.0,,42.225,-149700000.0,635900000.0,635900000.0,1126900000.0,111500000.0,1.1,2.92,1068200000.0,19900000.0,1048300000.0,1068200000.0,0.0,71800000.0,0.0,0.0,0.0,179100000.0,250900000.0,0.153,250900000.0,179100000.0,160800000.0,3.4,3.4,3.4,1395200000.0,,1395200000.0,5573494796.0,12.0,8.235,259000000.0,7.839,1.0,510700000.0,0.312,177500000.0,18300000.0,3670900000.0,,238600000.0,485500000.0,0.0,485500000.0,4074400000.0,2053500000.0,2020900000.0,4906694796.0,233200000.0,-3300000.0,10500000.0,-8500000.0,0.0,2000000.0,-184000000.0,-31000000.0,408700000.0,6500000.0,111500000.0,111500000.0,111500000.0,0.0,0.0,0.068,351500000.0,159200000.0,513800000.0,0.0,3.517,18.967,18.797,901700000.0,0.0,148.5,0.83,0.83,1027800000.0,-414800000.0,1637600000.0,1637600000.0,81400000.0,,,,,0.0,270100000.0,1.0,33041716.0,33041716.0,,49.562,5292100000.0,1654600000.0,49300000.0,214100000.0,160.164,204500000.0
71,UIS,MRQ,2003-09-30,2003-09-30,2003-09-30,2021-08-02,-2202400000.0,5186100000.0,,2014400000.0,3171700000.0,,32.682,-98400000.0,402700000.0,402700000.0,1024600000.0,56200000.0,1.044,3.821,1069500000.0,22100000.0,1047400000.0,1069500000.0,0.0,49500000.0,0.0,0.0,0.0,101200000.0,150700000.0,0.104,150700000.0,101200000.0,84000000.0,1.7,1.7,1.7,1075800000.0,,1075800000.0,5138488352.0,12.0,7.899,15500000.0,0.471,1.0,425100000.0,0.293,165600000.0,17200000.0,3757800000.0,,249800000.0,453200000.0,0.0,453200000.0,4110300000.0,1929500000.0,2180800000.0,4453688352.0,20900000.0,0.0,7100000.0,1800000.0,0.0,8900000.0,-101300000.0,-2900000.0,113900000.0,-600000.0,56200000.0,56200000.0,56200000.0,0.0,0.0,0.039,319200000.0,105900000.0,416600000.0,0.0,4.14,18.848,18.534,684500000.0,0.0,135.3,0.764,0.764,961800000.0,-526400000.0,1449700000.0,1449700000.0,68200000.0,,,,,0.0,251000000.0,1.0,32917135.0,32917135.0,,44.041,5020500000.0,1789800000.0,27800000.0,248600000.0,152.519,84900000.0
72,UIS,MRQ,2003-06-30,2003-06-30,2003-06-30,2021-08-02,-2207000000.0,5154800000.0,,2020400000.0,3134400000.0,,30.573,-99500000.0,381800000.0,381800000.0,1032900000.0,52500000.0,1.045,4.144,1066600000.0,19900000.0,1046700000.0,1066600000.0,0.0,55400000.0,0.0,0.0,0.0,96600000.0,152000000.0,0.107,152000000.0,96600000.0,78200000.0,1.6,1.6,1.6,1002100000.0,,1002100000.0,4719390041.0,11.0,7.344,13600000.0,0.415,1.0,392100000.0,0.275,165100000.0,18400000.0,3740200000.0,,273300000.0,454400000.0,0.0,454400000.0,4152700000.0,1934300000.0,2218400000.0,4025090041.0,-51300000.0,-1200000.0,7600000.0,-61500000.0,0.0,-53900000.0,-121300000.0,-20600000.0,113100000.0,10800000.0,52500000.0,52500000.0,52500000.0,0.0,0.0,0.037,306100000.0,86000000.0,472900000.0,0.0,4.017,16.834,16.595,659100000.0,0.0,122.8,0.705,0.705,957900000.0,-582600000.0,1425000000.0,1425000000.0,63700000.0,,,,,0.0,242400000.0,1.0,32777606.0,32777606.0,,43.475,4989700000.0,1788800000.0,25700000.0,246400000.0,152.229,86100000.0
73,UIS,MRQ,2003-03-31,2003-03-31,2003-03-31,2021-08-02,-2242600000.0,5052900000.0,,1995700000.0,3057200000.0,,27.639,-89400000.0,433100000.0,433100000.0,1011800000.0,38500000.0,1.048,4.604,1127400000.0,81100000.0,1046300000.0,1127400000.0,0.0,50000000.0,0.0,0.0,0.0,73200000.0,123200000.0,0.088,123200000.0,73200000.0,57500000.0,1.2,1.2,1.2,901600000.0,,901600000.0,3548533048.0,9.0,5.815,-154300000.0,-4.73,1.0,387100000.0,0.277,161700000.0,15700000.0,3681600000.0,,290200000.0,433900000.0,0.0,433900000.0,4151300000.0,1903900000.0,2247400000.0,3020633048.0,131300000.0,-800000.0,6300000.0,292200000.0,0.0,298500000.0,-103800000.0,-13600000.0,-64900000.0,1500000.0,38500000.0,38500000.0,38500000.0,0.0,0.0,0.028,310500000.0,76600000.0,434900000.0,0.0,3.35,13.202,13.042,617800000.0,0.0,92.6,0.535,0.535,862700000.0,-635000000.0,1398900000.0,1398900000.0,66800000.0,,,,,0.0,243700000.0,1.0,32620227.0,32620227.0,,42.884,4891200000.0,1788300000.0,19000000.0,235000000.0,149.944,91800000.0
74,UIS,MRQ,2002-12-31,2002-12-31,2002-12-31,2021-08-02,-2236900000.0,4981400000.0,,1946000000.0,3035400000.0,,26.381,-144900000.0,301800000.0,301800000.0,1061100000.0,89100000.0,0.903,4.819,829700000.0,81700000.0,748000000.0,829700000.0,0.0,78400000.0,0.0,0.0,0.0,146200000.0,224600000.0,0.145,224600000.0,146200000.0,132900000.0,2.8,2.8,2.8,856000000.0,,856000000.0,3909508331.0,10.0,6.633,175200000.0,5.399,1.0,491700000.0,0.317,160600000.0,13300000.0,3192800000.0,,292800000.0,423600000.0,0.0,423600000.0,4125400000.0,2155900000.0,1969500000.0,3212308331.0,135600000.0,0.0,7100000.0,-35900000.0,0.0,-28800000.0,-159300000.0,-14400000.0,320100000.0,3600000.0,89100000.0,89100000.0,89100000.0,0.0,0.0,0.057,340500000.0,151200000.0,532500000.0,0.0,3.753,14.405,14.348,767800000.0,0.0,99.0,0.573,0.573,955600000.0,-673500000.0,1552800000.0,1552800000.0,80700000.0,,,,,0.0,259800000.0,1.0,32447559.0,32447559.0,,47.856,4820800000.0,1787300000.0,43800000.0,228900000.0,148.572,-209900000.0
75,UIS,MRQ,2002-09-30,2002-09-30,2002-09-30,2021-08-02,-779800000.0,5480500000.0,,1756300000.0,3724200000.0,,68.432,-79500000.0,166200000.0,166200000.0,929300000.0,59000000.0,0.891,1.478,863400000.0,114500000.0,748900000.0,863400000.0,0.0,37100000.0,0.0,0.0,0.0,105700000.0,142800000.0,0.107,142800000.0,105700000.0,88100000.0,1.8,1.8,1.8,2211600000.0,,2211600000.0,2926287209.0,75.0,14.212,-22100000.0,-0.684,1.0,403000000.0,0.302,158500000.0,17600000.0,4048000000.0,,257500000.0,479700000.0,0.0,479700000.0,3268900000.0,1971200000.0,1297700000.0,2262287209.0,-34900000.0,-900000.0,5800000.0,-5600000.0,0.0,200000.0,-90400000.0,-10000000.0,57400000.0,-2100000.0,59000000.0,59000000.0,59000000.0,0.0,0.0,0.044,306800000.0,96200000.0,455800000.0,0.0,1.023,-63.726,-58.333,586700000.0,0.0,70.0,0.403,0.403,901700000.0,-762600000.0,1332300000.0,1332300000.0,65500000.0,,,,,0.0,241300000.0,1.0,32318389.0,32318389.0,,41.224,5322000000.0,1092900000.0,29100000.0,241600000.0,164.674,-214900000.0
76,UIS,MRQ,2002-06-30,2002-06-30,2002-06-30,2021-08-02,-730800000.0,5547700000.0,,1877600000.0,3670100000.0,,68.08,-101600000.0,201100000.0,201100000.0,955300000.0,42200000.0,0.916,1.532,865100000.0,119000000.0,746100000.0,865100000.0,0.0,38600000.0,0.0,0.0,0.0,81000000.0,119600000.0,0.088,119600000.0,81000000.0,62900000.0,1.3,1.3,1.3,2191100000.0,,2191100000.0,3455275507.0,-180.0,23.602,-98600000.0,-3.064,1.0,404500000.0,0.297,161700000.0,18100000.0,4000600000.0,,273000000.0,475400000.0,0.0,475400000.0,3356600000.0,2049400000.0,1307200000.0,2896575507.0,-82200000.0,-3900000.0,8700000.0,22400000.0,0.0,31100000.0,-122000000.0,-16500000.0,3000000.0,5700000.0,42200000.0,42200000.0,42200000.0,0.0,0.0,0.031,307500000.0,97000000.0,499300000.0,0.0,1.322,-39.356,-39.13,576400000.0,0.0,90.0,0.512,0.512,958500000.0,-821700000.0,1359800000.0,1359800000.0,62000000.0,,,,,0.0,245500000.0,1.0,32184172.0,32184172.0,,42.251,5386000000.0,1092600000.0,20700000.0,232300000.0,167.349,-171800000.0
77,UIS,MRQ,2002-03-31,2002-03-31,2002-03-31,2021-08-02,-700200000.0,5614900000.0,,1987000000.0,3627900000.0,,67.527,-75700000.0,283300000.0,283300000.0,973200000.0,32700000.0,0.929,1.594,842000000.0,96500000.0,745500000.0,842000000.0,0.0,36000000.0,0.0,0.0,0.0,66400000.0,102400000.0,0.075,102400000.0,66400000.0,48900000.0,1.0,1.0,1.0,2164200000.0,,2164200000.0,4548035014.0,-81.0,44.242,-66100000.0,-2.062,1.0,389300000.0,0.286,159300000.0,17500000.0,3874500000.0,,313600000.0,506700000.0,0.0,506700000.0,3450700000.0,2139800000.0,1310900000.0,4047835014.0,-42600000.0,0.0,7400000.0,15400000.0,0.0,22800000.0,-73100000.0,2600000.0,9600000.0,-1900000.0,32700000.0,32700000.0,32700000.0,0.0,0.0,0.024,310500000.0,78800000.0,555300000.0,0.0,1.87,-39.034,-39.469,537300000.0,0.0,126.3,0.703,0.703,936000000.0,-863800000.0,1362500000.0,1362500000.0,65100000.0,,,,,0.0,245400000.0,1.0,32049367.0,32049367.0,,42.513,5455600000.0,1091900000.0,16200000.0,228800000.0,170.225,-152800000.0
78,UIS,MRQ,2001-12-31,2001-12-31,2001-12-31,2021-08-02,-706800000.0,5769100000.0,,2204100000.0,3565000000.0,,66.207,-101400000.0,325900000.0,325900000.0,1278500000.0,-169400000.0,0.953,1.731,826100000.0,81100000.0,745000000.0,826100000.0,0.0,55400000.0,0.0,0.0,0.0,-214300000.0,-158900000.0,-0.102,-158900000.0,-214300000.0,-234300000.0,-5.3,-5.3,-5.3,2112700000.0,,2112700000.0,4676493692.0,-1559.0,30.565,165700000.0,5.193,1.0,278400000.0,0.179,159000000.0,20000000.0,3796800000.0,,345800000.0,500200000.0,0.0,500200000.0,3656400000.0,2313500000.0,1342900000.0,4001593692.0,106200000.0,-6900000.0,7400000.0,-66500000.0,0.0,-59100000.0,-97700000.0,10600000.0,267100000.0,-4100000.0,-169400000.0,-169400000.0,-169400000.0,0.0,0.0,-0.109,478800000.0,-200400000.0,694900000.0,0.0,1.894,-59.636,-59.714,549600000.0,0.0,125.4,0.665,0.665,1093700000.0,-896500000.0,1556900000.0,1556900000.0,106900000.0,,,,,0.0,371900000.0,1.0,31910636.0,31910636.0,,48.789,5610100000.0,1090400000.0,-64900000.0,234600000.0,175.807,-109400000.0
79,UIS,MRQ,2001-09-30,2001-09-30,2001-09-30,2021-08-02,-710000000.0,5594000000.0,,2199700000.0,3394300000.0,,71.249,-82500000.0,219700000.0,219700000.0,996100000.0,20900000.0,1.015,1.468,894600000.0,282700000.0,611900000.0,894600000.0,0.0,35600000.0,0.0,0.0,0.0,47700000.0,83300000.0,0.061,83300000.0,47700000.0,31200000.0,0.7,0.7,0.7,2266400000.0,,2266400000.0,3275610529.0,11.0,7.565,-157200000.0,-4.942,1.0,379900000.0,0.276,476900000.0,16500000.0,3623900000.0,,398400000.0,204700000.0,0.0,204700000.0,3327600000.0,2168100000.0,1159500000.0,2754710529.0,-25000000.0,0.0,7200000.0,127900000.0,0.0,135100000.0,-87400000.0,-4900000.0,-74700000.0,2000000.0,20900000.0,20900000.0,20900000.0,0.0,0.0,0.015,336100000.0,43800000.0,558800000.0,0.0,1.215,19.482,19.244,539200000.0,0.0,86.6,0.431,0.431,989300000.0,-727100000.0,1376000000.0,1376000000.0,73400000.0,,,,,0.0,262700000.0,1.0,31809590.0,31809590.0,,43.257,5117100000.0,1047700000.0,10300000.0,267300000.0,160.867,31600000.0
80,UIS,MRQ,2001-06-30,2001-06-30,2001-06-30,2021-08-02,-698000000.0,5618400000.0,,2278700000.0,3339700000.0,,70.888,-85900000.0,244700000.0,244700000.0,1064000000.0,12100000.0,0.983,1.503,765600000.0,203200000.0,562400000.0,765600000.0,0.0,31700000.0,0.0,0.0,0.0,44300000.0,76000000.0,0.052,76000000.0,44300000.0,26700000.0,0.4,0.4,0.4,2245000000.0,,2245000000.0,5064205074.0,15.0,10.879,-99700000.0,-3.148,1.0,397400000.0,0.272,303400000.0,17600000.0,3516800000.0,,420900000.0,204700000.0,0.0,204700000.0,3373400000.0,2319100000.0,1054300000.0,4658605074.0,-81300000.0,-2200000.0,9800000.0,6400000.0,0.0,16200000.0,-78800000.0,9300000.0,-13800000.0,-4900000.0,12100000.0,12100000.0,12100000.0,0.0,0.0,0.008,351600000.0,45800000.0,669400000.0,0.0,2.075,28.51,28.288,630300000.0,0.0,147.1,0.695,0.695,1040100000.0,-748000000.0,1461400000.0,1461400000.0,75200000.0,,,,,0.0,276400000.0,1.0,31669647.0,31669647.0,,46.145,5315000000.0,1047000000.0,14600000.0,279600000.0,167.826,-40400000.0
81,UIS,MRQ,2001-03-31,2001-03-31,2001-03-31,2021-08-02,-637600000.0,5749200000.0,,2472100000.0,3277100000.0,,72.183,-66400000.0,326000000.0,326000000.0,1196200000.0,69300000.0,1.014,1.525,731600000.0,195800000.0,535800000.0,731600000.0,0.0,33300000.0,0.0,0.0,0.0,119300000.0,152600000.0,0.094,152600000.0,119300000.0,103400000.0,2.2,2.2,2.2,2276500000.0,,2276500000.0,4799908296.0,13.0,9.458,-42600000.0,-1.351,1.0,427600000.0,0.263,301100000.0,15900000.0,3415500000.0,,440200000.0,225800000.0,0.0,225800000.0,3472700000.0,2438200000.0,1034500000.0,4415308296.0,-52000000.0,0.0,9200000.0,-29800000.0,0.0,-20600000.0,-61700000.0,4700000.0,23800000.0,6500000.0,69300000.0,69300000.0,69300000.0,0.0,0.0,0.043,321300000.0,106300000.0,655500000.0,0.0,1.94,23.511,23.333,617500000.0,0.0,140.0,0.646,0.646,1140600000.0,-760100000.0,1623800000.0,1623800000.0,76000000.0,,,,,0.0,245300000.0,1.0,31537916.0,31537916.0,,51.487,5448100000.0,1046300000.0,34100000.0,299400000.0,172.748,33900000.0
82,UIS,MRQ,2000-12-31,2000-12-31,2000-12-31,2021-08-02,-643700000.0,5713300000.0,,2587000000.0,3126300000.0,,69.591,-90900000.0,378000000.0,378000000.0,1334000000.0,39100000.0,0.98,1.613,762600000.0,226300000.0,536300000.0,762600000.0,0.0,31700000.0,0.0,0.0,0.0,89400000.0,121100000.0,0.063,121100000.0,89400000.0,67300000.0,1.2,,1.2,2186100000.0,,2186100000.0,5387803726.0,12.0,9.377,401700000.0,12.787,1.0,594300000.0,0.308,186300000.0,22100000.0,3270500000.0,,425500000.0,522500000.0,0.0,522500000.0,3527200000.0,2641100000.0,886100000.0,4595803726.0,143100000.0,0.0,8600000.0,-263700000.0,0.0,-255100000.0,-88300000.0,2600000.0,492600000.0,-6100000.0,39100000.0,39100000.0,39100000.0,0.0,0.0,0.02,500400000.0,93900000.0,847700000.0,0.0,2.102,20.426,20.319,509900000.0,0.0,146.3,0.668,0.668,1247400000.0,-829400000.0,1928300000.0,1928300000.0,95800000.0,,,,,0.0,404600000.0,1.0,31413559.0,31413559.0,,61.384,5527000000.0,1044200000.0,28200000.0,288300000.0,175.943,-54100000.0
83,UIS,MRQ,2000-09-30,2000-09-30,2000-09-30,2021-08-02,-605600000.0,5844500000.0,,2618000000.0,3226500000.0,,69.358,-100400000.0,234900000.0,234900000.0,1216200000.0,42900000.0,0.933,1.692,1026900000.0,491000000.0,535900000.0,1026900000.0,0.0,32300000.0,0.0,0.0,0.0,83500000.0,115800000.0,0.068,115800000.0,83500000.0,65000000.0,1.4,1.4,1.4,2171000000.0,,2171000000.0,4277105498.0,7.0,5.863,-63200000.0,-2.019,1.0,474700000.0,0.281,283200000.0,18500000.0,3546700000.0,,419100000.0,224500000.0,0.0,224500000.0,3673500000.0,2806600000.0,866900000.0,3521405498.0,52400000.0,-3000000.0,8800000.0,85600000.0,0.0,94400000.0,-79000000.0,24400000.0,37200000.0,-200000.0,42900000.0,42900000.0,42900000.0,0.0,0.0,0.025,397600000.0,77100000.0,990500000.0,0.0,1.622,10.661,10.514,615900000.0,0.0,112.5,0.509,0.509,1386900000.0,-868400000.0,1690900000.0,1690900000.0,77500000.0,,,,,0.0,320100000.0,1.0,31301382.0,31301382.0,,54.02,5561300000.0,1137900000.0,22100000.0,359500000.0,177.669,-188600000.0
84,UIS,MRQ,2000-06-30,2000-06-30,2000-06-30,2021-08-02,-602500000.0,5614100000.0,,2469000000.0,3145100000.0,,67.885,-74700000.0,182500000.0,182500000.0,1116300000.0,36500000.0,0.943,1.653,938200000.0,402400000.0,535800000.0,938200000.0,0.0,33800000.0,0.0,0.0,0.0,84200000.0,118000000.0,0.074,118000000.0,84200000.0,65500000.0,1.2,1.2,1.2,2116500000.0,,2116500000.0,5305928615.0,7.0,6.145,-141700000.0,-4.545,1.0,480800000.0,0.301,268500000.0,18700000.0,3481900000.0,,399400000.0,231000000.0,0.0,231000000.0,3497600000.0,2619400000.0,878200000.0,4676628615.0,-214900000.0,-7100000.0,16700000.0,-112600000.0,0.0,-95900000.0,-42300000.0,39500000.0,-67000000.0,-9700000.0,36500000.0,36500000.0,36500000.0,0.0,0.0,0.023,400700000.0,80100000.0,876600000.0,0.0,2.21,11.032,10.87,610300000.0,0.0,150.0,0.66,0.66,1314000000.0,-911300000.0,1597100000.0,1597100000.0,78200000.0,,,,,0.0,322500000.0,1.0,31177524.0,31177524.0,,51.226,5345600000.0,1137000000.0,29000000.0,353100000.0,171.457,-150400000.0
85,UIS,MRQ,2000-03-31,2000-03-31,2000-03-31,2021-08-02,-567500000.0,5806300000.0,,2704000000.0,3102300000.0,,67.216,-64700000.0,397400000.0,397400000.0,1129400000.0,106500000.0,0.961,1.781,1026700000.0,473500000.0,553200000.0,1026700000.0,0.0,37800000.0,0.0,0.0,0.0,181900000.0,219700000.0,0.132,219700000.0,181900000.0,161400000.0,3.4,3.4,3.4,2087600000.0,,2087600000.0,8514854457.0,10.0,8.505,-107600000.0,-3.464,1.0,539300000.0,0.323,264900000.0,20500000.0,3357900000.0,,377300000.0,221900000.0,0.0,221900000.0,3718700000.0,2812800000.0,905900000.0,7978854457.0,-66600000.0,-3800000.0,17000000.0,22300000.0,0.0,39300000.0,-61300000.0,7200000.0,-42900000.0,-1700000.0,106500000.0,106500000.0,106500000.0,0.0,0.0,0.064,363600000.0,175700000.0,926400000.0,0.0,3.822,16.171,15.57,621700000.0,0.0,256.9,1.08,1.08,1335500000.0,-947900000.0,1668700000.0,1668700000.0,82100000.0,,,,,0.0,281500000.0,1.0,31058211.0,31058211.0,,53.728,5541400000.0,1131200000.0,54900000.0,355300000.0,178.42,-108800000.0
86,UIS,MRQ,1999-12-31,1999-12-31,1999-12-31,2021-08-02,-570400000.0,5889700000.0,,2845700000.0,3044000000.0,,63.029,-93500000.0,464000000.0,464000000.0,1278100000.0,144400000.0,1.087,2.015,1000000000.0,49800000.0,950200000.0,1000000000.0,0.0,29200000.0,0.0,0.0,0.0,246800000.0,276000000.0,0.141,276000000.0,246800000.0,222000000.0,4.7,,4.7,1953300000.0,,1953300000.0,10544975569.0,12.0,10.333,104000000.0,3.356,1.0,681800000.0,0.348,259800000.0,24800000.0,3547400000.0,,372900000.0,225500000.0,0.0,225500000.0,3936400000.0,2618500000.0,1317900000.0,9898375569.0,90000000.0,0.0,13300000.0,-19400000.0,0.0,-6100000.0,-98900000.0,-5400000.0,197500000.0,-2500000.0,144400000.0,144400000.0,144400000.0,0.0,0.0,0.074,437700000.0,244100000.0,833200000.0,0.0,5.068,20.883,19.358,620800000.0,0.0,319.4,1.312,1.312,1430500000.0,-1054400000.0,1959900000.0,1959900000.0,88000000.0,,,,,0.0,349700000.0,1.0,30990531.0,30990531.0,,63.242,5629900000.0,1128300000.0,77600000.0,348900000.0,181.665,227200000.0
87,UIS,MRQ,1999-09-30,1999-09-30,1999-09-30,2021-08-02,-596100000.0,5565200000.0,,2630700000.0,2934500000.0,,62.048,-83600000.0,374000000.0,374000000.0,1195200000.0,138400000.0,1.049,2.169,1020600000.0,69700000.0,950900000.0,1020600000.0,0.0,31600000.0,0.0,0.0,0.0,218100000.0,249700000.0,0.134,249700000.0,218100000.0,184000000.0,4.5,4.3,4.5,1755900000.0,,1755900000.0,13507488245.0,15.0,13.002,104800000.0,3.703,1.0,670200000.0,0.359,248000000.0,34100000.0,3457100000.0,,406500000.0,191400000.0,0.0,191400000.0,3809300000.0,2506700000.0,1302600000.0,12771288245.0,-72600000.0,-2000000.0,28300000.0,-180400000.0,0.0,-179600000.0,-80600000.0,5000000.0,188400000.0,-800000.0,138400000.0,136500000.0,136500000.0,0.0,0.0,0.073,441000000.0,229200000.0,993400000.0,0.0,7.273,29.112,28.206,586400000.0,1900000.0,451.3,1.671,1.671,1262000000.0,-1198700000.0,1865400000.0,1865400000.0,86200000.0,,,,,0.0,354800000.0,1.0,28298888.0,28298888.0,,65.918,5317200000.0,1198800000.0,45600000.0,345100000.0,187.894,124000000.0
88,UIS,MRQ,1999-06-30,1999-06-30,1999-06-30,2021-08-02,-575200000.0,5451400000.0,,2586900000.0,2864500000.0,,58.969,-61500000.0,438800000.0,438800000.0,1232400000.0,118000000.0,1.065,2.429,1175000000.0,86200000.0,1088800000.0,1175000000.0,0.0,38500000.0,0.0,0.0,0.0,217200000.0,255700000.0,0.135,255700000.0,217200000.0,182500000.0,3.9,3.7,3.9,1590000000.0,,1590000000.0,11212580049.0,13.0,11.019,21100000.0,0.783,1.0,664100000.0,0.35,237900000.0,34700000.0,3521700000.0,,383800000.0,193400000.0,0.0,193400000.0,3861400000.0,2428000000.0,1433400000.0,10499480049.0,13700000.0,-49400000.0,31900000.0,32600000.0,0.0,32100000.0,-95800000.0,15100000.0,82600000.0,-5200000.0,118000000.0,106000000.0,106000000.0,0.0,0.0,0.056,429900000.0,234200000.0,895100000.0,0.0,6.603,28.423,27.617,552400000.0,12000000.0,389.4,1.387,1.387,1201400000.0,-1258300000.0,1896500000.0,1896500000.0,84700000.0,,,,,0.0,345200000.0,1.0,26963226.0,26963226.0,,70.337,5213500000.0,1154200000.0,64500000.0,314300000.0,193.356,158900000.0
89,UIS,MRQ,1999-03-31,1999-03-31,1999-03-31,2021-08-02,-590300000.0,5324400000.0,,2580000000.0,2744400000.0,,55.086,-55900000.0,423500000.0,423500000.0,1154200000.0,109900000.0,1.053,2.709,1136600000.0,59100000.0,1077500000.0,1136600000.0,0.0,35200000.0,0.0,0.0,0.0,203900000.0,239100000.0,0.131,239100000.0,203900000.0,169700000.0,3.3,3.1,3.3,1435700000.0,,1435700000.0,7772252271.0,9.0,7.911,-6800000.0,-0.261,1.0,668600000.0,0.367,248100000.0,34200000.0,3338100000.0,,447300000.0,176600000.0,0.0,176600000.0,3888700000.0,2451300000.0,1437400000.0,7216752271.0,-183500000.0,-2500000.0,14200000.0,7500000.0,0.0,-174800000.0,-53100000.0,5300000.0,49100000.0,-4700000.0,109900000.0,87100000.0,87100000.0,0.0,0.0,0.048,415400000.0,253200000.0,891100000.0,0.0,5.027,22.076,21.803,550000000.0,22800000.0,276.9,0.975,0.975,1159600000.0,-1365600000.0,1822800000.0,1822800000.0,80500000.0,,,,,0.0,334900000.0,1.0,26062666.0,26062666.0,,69.939,5076300000.0,1143500000.0,59800000.0,292400000.0,194.773,128700000.0
90,UIS,MRQ,1998-12-31,1998-12-31,1998-12-31,2021-08-02,-531600000.0,5613200000.0,,2844100000.0,2769100000.0,,60.171,-68000000.0,616400000.0,616400000.0,1346000000.0,135700000.0,1.095,2.655,1163000000.0,56300000.0,1106700000.0,1163000000.0,0.0,40900000.0,0.0,0.0,0.0,253500000.0,294400000.0,0.143,294400000.0,253500000.0,213600000.0,4.3,,4.3,1535600000.0,,1535600000.0,9468449110.0,12.0,10.347,142000000.0,5.564,1.0,712300000.0,0.346,247700000.0,39900000.0,3315500000.0,,471000000.0,184600000.0,0.0,184600000.0,4077600000.0,2596600000.0,1481000000.0,8789249110.0,-179500000.0,-3900000.0,18000000.0,-305100000.0,0.0,-313700000.0,-90900000.0,-19000000.0,210000000.0,15100000.0,135700000.0,109100000.0,109100000.0,0.0,0.0,0.053,445400000.0,266900000.0,928500000.0,0.0,5.724,32.565,32.187,585400000.0,26600000.0,344.4,1.213,1.213,1239000000.0,-1532200000.0,2058300000.0,2058300000.0,83300000.0,,,,,0.0,362100000.0,1.0,25520468.0,25520468.0,,80.653,5365500000.0,1123200000.0,77900000.0,277000000.0,210.243,247500000.0
91,UIS,MRQ,1998-09-30,1998-09-30,1998-09-30,2021-08-02,0.0,5502200000.0,,2822000000.0,2680200000.0,,53.991,-68500000.0,781100000.0,781100000.0,1186400000.0,93800000.0,1.127,3.007,1460300000.0,189800000.0,1270500000.0,1460300000.0,0.0,38100000.0,0.0,0.0,0.0,190300000.0,228400000.0,0.127,228400000.0,190300000.0,147600000.0,2.6,2.6,2.6,1373100000.0,,1373100000.0,6584314626.0,-19.0,-32.371,137100000.0,5.391,1.0,605900000.0,0.338,252800000.0,42700000.0,3425300000.0,,540200000.0,197400000.0,0.0,197400000.0,4129100000.0,2503300000.0,1625800000.0,5785814626.0,63000000.0,0.0,8900000.0,-47600000.0,0.0,-65300000.0,-72100000.0,-3600000.0,205600000.0,-5200000.0,93800000.0,67200000.0,67200000.0,0.0,0.0,0.037,408000000.0,197900000.0,850900000.0,0.0,4.214,-7.014,-4.779,566600000.0,26600000.0,227.5,0.815,0.815,942300000.0,-1568300000.0,1792300000.0,1792300000.0,76900000.0,,,,,0.0,331100000.0,1.0,25432152.0,25432152.0,,70.474,5249400000.0,1126500000.0,53800000.0,244800000.0,206.408,318700000.0
92,UIS,MRQ,1998-06-30,1998-06-30,1998-06-30,2021-08-02,0.0,5437000000.0,,2757500000.0,2679500000.0,,52.666,-64500000.0,711700000.0,711700000.0,1145600000.0,90100000.0,1.183,3.106,1510200000.0,78800000.0,1431400000.0,1510200000.0,0.0,37200000.0,0.0,0.0,0.0,183400000.0,220600000.0,0.128,220600000.0,183400000.0,140800000.0,2.5,2.4,2.5,1324000000.0,,1324000000.0,7950682850.0,-20.0,-31.191,37600000.0,1.496,1.0,582900000.0,0.337,264800000.0,42600000.0,3639700000.0,,553200000.0,198800000.0,0.0,198800000.0,4113000000.0,2331000000.0,1782000000.0,7101982850.0,57000000.0,0.0,35700000.0,5000000.0,0.0,14100000.0,-61200000.0,3300000.0,102100000.0,2000000.0,90100000.0,63500000.0,63500000.0,0.0,0.0,0.037,398600000.0,184300000.0,822700000.0,0.0,5.364,-8.184,-5.789,559300000.0,26600000.0,282.5,1.026,1.026,921600000.0,-1637300000.0,1728500000.0,1728500000.0,70000000.0,,,,,0.0,328600000.0,1.0,25139762.0,25139762.0,,68.756,5172200000.0,1130000000.0,50700000.0,208400000.0,205.738,426500000.0
93,UIS,MRQ,1998-03-31,1998-03-31,1998-03-31,2021-08-02,0.0,5323900000.0,,2636700000.0,2687200000.0,,49.334,-57300000.0,654700000.0,654700000.0,1090500000.0,62700000.0,1.15,3.308,1503400000.0,67200000.0,1436200000.0,1503400000.0,0.0,33000000.0,0.0,0.0,0.0,144500000.0,177500000.0,0.108,177500000.0,144500000.0,98000000.0,1.4,1.4,1.4,1235700000.0,,1235700000.0,5648028211.0,-12.0,-18.32,67200000.0,2.683,1.0,559200000.0,0.339,259500000.0,46500000.0,3620400000.0,,568200000.0,214900000.0,0.0,214900000.0,4088200000.0,2292700000.0,1795500000.0,4759028211.0,-148300000.0,0.0,16900000.0,-194600000.0,0.0,-204400000.0,-53500000.0,3800000.0,124500000.0,-14900000.0,62700000.0,36000000.0,36000000.0,0.0,0.0,0.022,403100000.0,156100000.0,803000000.0,0.0,3.851,-5.189,-3.762,562100000.0,26700000.0,190.0,0.702,0.702,864400000.0,-1700700000.0,1649700000.0,1649700000.0,72900000.0,,,,,0.0,330200000.0,1.0,25047517.0,25047517.0,,65.863,5064400000.0,1119300000.0,35300000.0,195200000.0,202.192,344000000.0
94,UIS,MRQ,1997-12-31,1997-12-31,1997-12-31,2021-08-02,-448100000.0,5591300000.0,,2886500000.0,2704800000.0,,48.144,-92200000.0,803000000.0,803000000.0,1278700000.0,-965000000.0,1.12,3.637,1692000000.0,253700000.0,1438300000.0,1692000000.0,0.0,42300000.0,0.0,0.0,0.0,-872200000.0,-829900000.0,-0.431,-829900000.0,-872200000.0,-926000000.0,-54.1,,-54.1,1205900000.0,,1205900000.0,,,,288500000.0,11.518,1.0,646800000.0,0.336,259000000.0,53800000.0,3643900000.0,,560800000.0,215700000.0,0.0,215700000.0,4385400000.0,2577400000.0,1808000000.0,3476595346.0,251500000.0,-700000.0,5900000.0,21200000.0,0.0,-26000000.0,-95400000.0,-2500000.0,380700000.0,-400000.0,-965000000.0,-991600000.0,-991600000.0,0.0,0.0,-0.515,1451500000.0,-804700000.0,817100000.0,0.0,2.883,-3.606,-2.644,581200000.0,26600000.0,138.8,0.522,0.522,967300000.0,-1736800000.0,1925500000.0,1925500000.0,92600000.0,,,,,0.0,436000000.0,1.0,25047517.0,25047517.0,,76.874,5332300000.0,1127100000.0,39000000.0,172800000.0,212.887,309100000.0
95,UIS,MRQ,1997-09-30,1997-09-30,1997-09-30,2021-08-02,,,,,,,,-73800000.0,,,1046400000.0,50900000.0,,,,,,,,36600000.0,,0.0,0.0,140300000.0,176900000.0,0.109,176900000.0,140300000.0,80800000.0,1.4,1.3,1.4,,,,,,,92300000.0,,1.0,575000000.0,0.355,,59500000.0,,,,,,,,,,,82300000.0,-7800000.0,2600000.0,11400000.0,0.0,-12600000.0,-61500000.0,20100000.0,166100000.0,-6100000.0,50900000.0,24300000.0,24300000.0,0.0,0.0,0.015,414500000.0,160500000.0,,0.0,,,,,26600000.0,153.1,,,,,1621400000.0,1621400000.0,74500000.0,,,,,0.0,340000000.0,1.0,,,,,,,29900000.0,,,
96,UIS,MRQ,1997-06-30,1997-06-30,1997-06-30,2021-08-02,,,,,,,,-84500000.0,,,1046900000.0,41900000.0,,,,,,,,41200000.0,,0.0,0.0,126000000.0,167200000.0,0.105,167200000.0,126000000.0,66500000.0,0.8,0.8,0.8,,,,,,,-123800000.0,,1.0,538400000.0,0.34,,59500000.0,,,,,,,,,,,-214400000.0,-7300000.0,100000.0,-5100000.0,0.0,-83400000.0,-81500000.0,10300000.0,-39300000.0,-3700000.0,41900000.0,14100000.0,14100000.0,0.0,0.0,0.009,409200000.0,129200000.0,,0.0,,,,,27800000.0,76.3,,,,,1585300000.0,1585300000.0,67400000.0,,,,,0.0,341800000.0,1.0,,,,,,,24600000.0,,,
97,UIS,MRQ,1997-03-31,1997-03-31,1997-03-31,2021-08-02,,,,,,,,-61900000.0,,,1015000000.0,19300000.0,,,,,,,,39000000.0,,0.0,0.0,91000000.0,130000000.0,0.085,130000000.0,91000000.0,30600000.0,-0.6,-0.6,-0.6,,,,,,,-198900000.0,,1.0,515700000.0,0.337,,60400000.0,,,,,,,,,,,-342800000.0,-6400000.0,0.0,800000.0,0.0,-130600000.0,-58900000.0,9400000.0,-137000000.0,-14700000.0,19300000.0,-10800000.0,-10800000.0,0.0,0.0,-0.007,409100000.0,106600000.0,,0.0,,,,,30100000.0,62.5,,,,,1530700000.0,1530700000.0,80300000.0,,,,,0.0,328800000.0,1.0,,,,,,,11300000.0,,,
98,UIS,MRQ,1996-12-31,1996-12-31,1996-12-31,2021-08-02,0.0,6967100000.0,,3133100000.0,3834000000.0,,,,1029200000.0,1029200000.0,,,1.271,3.338,2291100000.0,19700000.0,2271400000.0,2291100000.0,0.0,,0.0,0.0,0.0,,,,,,,,,,1606000000.0,,1606000000.0,,,,,,1.0,,,981300000.0,,4782600000.0,,642300000.0,244400000.0,0.0,244400000.0,5361100000.0,2465100000.0,2896000000.0,,,,,,,,,,,,,,,,,,,,871100000.0,,,,-15.341,621800000.0,,67.5,,,1018300000.0,-770100000.0,,,,,,,,,,1.0,,,,,5985800000.0,1044500000.0,,94300000.0,,668000000.0
0,UIS,MRT,2021-06-30,2021-06-30,2021-06-30,2021-08-02,-3596100000.0,2376300000.0,2487075000.0,1146200000.0,1230100000.0,0.844,-4.607,-117400000.0,606200000.0,606200000.0,1522800000.0,-484600000.0,1.688,-8.55,591000000.0,19400000.0,571600000.0,591000000.0,385300000.0,96100000.0,0.0,0.0,0.0,-475200000.0,-379100000.0,-0.181,-379100000.0,-475200000.0,-504400000.0,-7.51,-7.51,-7.51,-308800000.0,-308775000.0,-308800000.0,1568439475.0,-3.0,-4.137,-407500000.0,-6.08,1.0,576400000.0,0.275,260200000.0,29200000.0,1422000000.0,1330325000.0,6100000.0,188900000.0,0.0,188900000.0,2640100000.0,678900000.0,1961200000.0,1696339475.0,-186200000.0,-146600000.0,3700000.0,309000000.0,0.0,319700000.0,-235600000.0,29100000.0,-290100000.0,19800000.0,-484600000.0,-484600000.0,-484600000.0,-2000000.0,0.0,-0.231,416600000.0,159800000.0,131000000.0,0.0,-5.493,-3.5,-3.37,325000000.0,0.0,25.31,0.808,0.808,400700000.0,-1259100000.0,2099200000.0,2099200000.0,29600000.0,-0.195,1.569,-0.357,-0.226,13500000.0,387000000.0,1.0,67022500.0,67022500.0,,31.321,2116100000.0,153500000.0,-19800000.0,0.0,31.573,467300000.0
1,UIS,MRT,2021-03-31,2021-03-31,2021-03-31,2021-08-02,-3755200000.0,2456700000.0,2492825000.0,1280600000.0,1176100000.0,0.811,-5.26,-129900000.0,726500000.0,726500000.0,1511600000.0,-422400000.0,1.754,-8.271,598600000.0,19900000.0,578700000.0,598600000.0,386300000.0,95000000.0,0.0,0.0,0.0,-354000000.0,-259000000.0,-0.128,-259000000.0,-354000000.0,-379400000.0,-6.66,-6.66,-6.66,-331600000.0,-300150000.0,-331600000.0,1388149755.0,-4.0,-5.36,-476100000.0,-7.552,1.0,509100000.0,0.252,108600000.0,25400000.0,1490300000.0,1214450000.0,9600000.0,195500000.0,0.0,195500000.0,2742500000.0,729900000.0,2012600000.0,1602549755.0,-561000000.0,-1800000.0,2700000.0,-126800000.0,0.0,-140500000.0,-86100000.0,45000000.0,-346200000.0,11800000.0,-422400000.0,-422400000.0,-422400000.0,100000.0,0.0,-0.209,398600000.0,110500000.0,172700000.0,0.0,-4.833,-3.794,-3.817,341300000.0,0.0,25.42,0.793,0.793,410300000.0,-1118300000.0,2020700000.0,2020700000.0,26000000.0,-0.169,1.407,-0.291,-0.175,12700000.0,372600000.0,1.0,63042870.0,63042870.0,,32.053,2348100000.0,134100000.0,43000000.0,0.0,37.246,550700000.0
2,UIS,MRT,2020-12-31,2020-12-31,2020-12-31,2021-08-02,-3939500000.0,2707900000.0,2621550000.0,1506000000.0,1201900000.0,0.773,-5.66,-130100000.0,906700000.0,906700000.0,1543300000.0,750700000.0,1.611,-8.464,692300000.0,102800000.0,589500000.0,692300000.0,395000000.0,95500000.0,0.0,0.0,0.0,825300000.0,920800000.0,0.454,920800000.0,825300000.0,796100000.0,11.93,11.93,11.93,-356800000.0,-278425000.0,-356800000.0,654184927.0,1.0,0.71,-811300000.0,-12.87,1.0,483000000.0,0.238,108600000.0,29200000.0,1449800000.0,1080575000.0,13400000.0,193600000.0,0.0,193600000.0,3020000000.0,935100000.0,2084900000.0,1240584927.0,354900000.0,1162900000.0,0.0,18800000.0,0.0,5100000.0,1041600000.0,9300000.0,-681200000.0,-10600000.0,750700000.0,750700000.0,750700000.0,-1068400000.0,0.0,0.37,396000000.0,87000000.0,223200000.0,0.0,-3.477,1.653,1.65,363700000.0,0.0,19.68,0.612,0.612,460500000.0,-960500000.0,2026300000.0,2026300000.0,26600000.0,0.286,-2.696,0.764,0.407,14500000.0,369400000.0,1.0,63037852.0,63037852.0,,32.144,2599300000.0,136200000.0,45400000.0,0.0,41.234,570900000.0
3,UIS,MRT,2020-09-30,2020-09-30,2020-09-30,2021-08-02,-3990300000.0,2407400000.0,2570575000.0,1302600000.0,1104800000.0,0.777,-3.775,-125300000.0,784100000.0,784100000.0,1572000000.0,913000000.0,1.729,-10.961,197700000.0,100000000.0,97700000.0,197700000.0,319900000.0,96000000.0,0.0,0.0,0.0,980000000.0,1076000000.0,0.539,1076000000.0,980000000.0,943900000.0,14.57,14.57,14.57,-237900000.0,-505575000.0,-237900000.0,132993940.0,0.0,0.124,-325400000.0,-5.164,1.0,424200000.0,0.213,108600000.0,36100000.0,959200000.0,1105600000.0,14500000.0,191500000.0,0.0,191500000.0,2607700000.0,753200000.0,1854500000.0,672393940.0,350800000.0,1162900000.0,0.0,-468300000.0,0.0,-473100000.0,1039300000.0,2200000.0,-200100000.0,-15300000.0,913000000.0,913000000.0,913000000.0,-1087000000.0,0.0,0.457,374600000.0,49600000.0,183400000.0,0.0,-2.826,0.736,0.732,352000000.0,0.0,10.67,0.337,0.337,364100000.0,-787400000.0,1996200000.0,1996200000.0,25300000.0,0.355,-1.806,0.886,0.491,14200000.0,349300000.0,1.0,63017239.0,63017239.0,,31.677,2298800000.0,121600000.0,30900000.0,0.0,36.479,549400000.0
4,UIS,MRT,2020-06-30,2020-06-30,2020-06-30,2021-08-02,-4036600000.0,2399300000.0,2570175000.0,1320100000.0,1079200000.0,0.799,-4.356,-125300000.0,792400000.0,792400000.0,1608800000.0,912700000.0,1.665,-9.617,253000000.0,157800000.0,95200000.0,253000000.0,348200000.0,97900000.0,0.0,0.0,0.0,996800000.0,1094700000.0,0.533,1094700000.0,996800000.0,947900000.0,14.54,14.54,14.54,-274300000.0,-737875000.0,-274300000.0,89702765.0,0.0,0.082,-374000000.0,-5.939,1.0,444300000.0,0.216,108600000.0,48900000.0,958500000.0,1266850000.0,14800000.0,187500000.0,0.0,187500000.0,2638000000.0,792800000.0,1845200000.0,687002765.0,274900000.0,1159400000.0,0.0,-442300000.0,0.0,-463600000.0,1018400000.0,-15000000.0,-248700000.0,-31200000.0,912700000.0,912700000.0,912700000.0,-1102600000.0,0.0,0.445,373000000.0,71300000.0,161600000.0,0.0,-2.505,0.753,0.75,356900000.0,0.0,10.91,0.335,0.335,364500000.0,-774500000.0,2053100000.0,2053100000.0,24500000.0,0.355,-1.237,0.787,0.486,13900000.0,348500000.0,1.0,62970006.0,62970006.0,,32.604,2290700000.0,109000000.0,35200000.0,0.0,36.378,527300000.0
5,UIS,MRT,2020-03-31,2020-03-31,2020-03-31,2021-08-02,-4082700000.0,2971600000.0,2597300000.0,1883300000.0,1088300000.0,0.841,-3.921,-129600000.0,1287500000.0,1287500000.0,1661700000.0,1017500000.0,1.437,-13.0,690200000.0,589600000.0,100600000.0,690200000.0,359100000.0,98300000.0,0.0,0.0,0.0,1107100000.0,1205400000.0,0.552,1205400000.0,1107100000.0,1046600000.0,16.3,16.29,16.3,-244700000.0,-984500000.0,-244700000.0,882061378.0,1.0,0.732,-313200000.0,-5.019,1.0,522000000.0,0.239,108600000.0,60500000.0,954800000.0,1455475000.0,10400000.0,190500000.0,0.0,190500000.0,3181000000.0,1310900000.0,1870100000.0,770661378.0,770700000.0,1164700000.0,0.0,-4100000.0,0.0,-1800000.0,987500000.0,-45600000.0,-183600000.0,-31400000.0,1017500000.0,1017500000.0,1017500000.0,-1130200000.0,0.0,0.466,389200000.0,132800000.0,201100000.0,0.0,-3.149,0.757,0.758,366800000.0,0.0,12.35,0.353,0.353,421300000.0,-695900000.0,2183700000.0,2183700000.0,28500000.0,0.392,-1.034,0.761,0.507,13600000.0,360700000.0,1.0,62401731.0,62401731.0,,34.994,2863000000.0,107700000.0,29100000.0,0.0,45.88,572400000.0
6,UIS,MRT,2019-12-31,2019-12-31,2019-12-31,2021-08-02,-4088600000.0,2504000000.0,2475525000.0,1221300000.0,1282700000.0,0.898,-20.281,-160100000.0,551800000.0,551800000.0,1688800000.0,-17200000.0,1.317,-2.95,635400000.0,13500000.0,621900000.0,635400000.0,393400000.0,99100000.0,0.0,0.0,0.0,72600000.0,171700000.0,0.077,171700000.0,72600000.0,10500000.0,-0.31,-0.31,-0.31,-1265400000.0,-1255050000.0,-1265400000.0,967501593.0,13.0,5.635,-36200000.0,-0.58,1.0,534000000.0,0.24,110400000.0,62100000.0,1549900000.0,1641725000.0,16400000.0,186800000.0,0.0,186800000.0,3732300000.0,927300000.0,2805000000.0,740001593.0,-72300000.0,0.0,0.0,-40600000.0,0.0,-38000000.0,-158200000.0,2800000.0,123900000.0,0.0,-17200000.0,-17200000.0,-17200000.0,-75000000.0,0.0,-0.008,396100000.0,137900000.0,204300000.0,0.0,-0.585,-43.023,-38.258,389500000.0,0.0,11.86,0.333,0.333,417700000.0,-1711200000.0,2222800000.0,2222800000.0,31300000.0,-0.007,0.014,0.044,0.033,13200000.0,364800000.0,1.0,62394738.0,62394738.0,,35.625,2393600000.0,114000000.0,27700000.0,0.0,38.362,294000000.0
7,UIS,MRT,2019-09-30,2019-09-30,2019-09-30,2021-08-02,-3998000000.0,2405800000.0,2463925000.0,1119000000.0,1286800000.0,0.756,-22.538,-178100000.0,433300000.0,433300000.0,1369000000.0,14400000.0,1.312,-3.019,660800000.0,13400000.0,647400000.0,660800000.0,378400000.0,101300000.0,0.0,0.0,0.0,100300000.0,201600000.0,0.108,201600000.0,100300000.0,37600000.0,0.39,0.47,0.39,-1167100000.0,-1274575000.0,-1167100000.0,639458337.0,6.0,3.172,-28600000.0,-0.552,1.0,494100000.0,0.265,176200000.0,62700000.0,1604200000.0,1600550000.0,28200000.0,183300000.0,0.0,183300000.0,3523200000.0,852900000.0,2670300000.0,384758337.0,-100600000.0,0.0,0.0,-40200000.0,0.0,-37700000.0,-200800000.0,-21800000.0,149500000.0,-11600000.0,18600000.0,18600000.0,18600000.0,-108700000.0,-4200000.0,0.01,366000000.0,128100000.0,240600000.0,0.0,-0.33,20.686,19.051,457500000.0,0.0,7.43,0.207,0.207,504400000.0,-1700400000.0,1863100000.0,1863100000.0,32200000.0,0.008,-0.015,0.063,0.054,13300000.0,333800000.0,1.0,51784433.0,51784433.0,,35.978,2229600000.0,102000000.0,19000000.0,0.0,43.055,266100000.0
8,UIS,MRT,2019-06-30,2019-06-30,2019-06-30,2021-08-02,-4010900000.0,2507800000.0,2444475000.0,1205800000.0,1302000000.0,0.818,-24.355,-194300000.0,517500000.0,517500000.0,1491400000.0,34600000.0,1.383,-2.952,772200000.0,7500000.0,764700000.0,772200000.0,435300000.0,103200000.0,0.0,0.0,0.0,125100000.0,228300000.0,0.114,228300000.0,125100000.0,61700000.0,0.74,0.82,0.74,-1260800000.0,-1291800000.0,-1260800000.0,757978953.0,6.0,3.32,-78000000.0,-1.507,1.0,507900000.0,0.254,177800000.0,63400000.0,1713000000.0,1555450000.0,27900000.0,177800000.0,0.0,177800000.0,3721500000.0,871700000.0,2849800000.0,503178953.0,-83600000.0,0.0,0.0,16600000.0,0.0,11700000.0,-205700000.0,-11000000.0,116300000.0,-5900000.0,37900000.0,37900000.0,37900000.0,-92700000.0,-3300000.0,0.019,373400000.0,134500000.0,233500000.0,0.0,-0.399,13.276,13.135,468400000.0,0.0,9.72,0.252,0.252,496400000.0,-1687200000.0,1999300000.0,1999300000.0,33400000.0,0.016,-0.029,0.08,0.063,13200000.0,340000000.0,1.0,51767382.0,51767382.0,,38.621,2330000000.0,104000000.0,23800000.0,0.0,45.009,334100000.0
9,UIS,MRT,2019-03-31,2019-03-31,2019-03-31,2021-08-02,-4048400000.0,2484500000.0,2410250000.0,1207300000.0,1277200000.0,0.87,-26.0,-179800000.0,516800000.0,516800000.0,1589100000.0,14400000.0,1.401,-2.839,771600000.0,7300000.0,764300000.0,771600000.0,450300000.0,104900000.0,0.0,0.0,0.0,112900000.0,217800000.0,0.104,217800000.0,112900000.0,50000000.0,0.3,0.39,0.3,-1326900000.0,-1295475000.0,-1326900000.0,624273794.0,6.0,2.866,-126100000.0,-2.471,1.0,508200000.0,0.242,177600000.0,62900000.0,1699800000.0,1478600000.0,24900000.0,170700000.0,0.0,170700000.0,3767000000.0,861900000.0,2905100000.0,595573794.0,-166200000.0,0.0,0.0,17400000.0,0.0,12600000.0,-202000000.0,-21300000.0,53700000.0,-30500000.0,15500000.0,15500000.0,15500000.0,-67200000.0,-1100000.0,0.007,372700000.0,135500000.0,213800000.0,0.0,-0.449,38.424,38.9,454300000.0,0.0,11.67,0.284,0.284,522700000.0,-1713400000.0,2097300000.0,2097300000.0,32400000.0,0.006,-0.012,0.076,0.054,13900000.0,340300000.0,1.0,51034601.0,51034601.0,,41.096,2306900000.0,111000000.0,34500000.0,0.0,45.203,345400000.0
10,UIS,MRT,2018-12-31,2018-12-31,2018-12-31,2021-08-02,-4084800000.0,2457600000.0,2417550000.0,1301400000.0,1156200000.0,0.931,-26.33,-170100000.0,624100000.0,624100000.0,1666900000.0,75500000.0,1.41,-2.797,652800000.0,10000000.0,642800000.0,652800000.0,451600000.0,107200000.0,0.0,0.0,0.0,185500000.0,292700000.0,0.13,292700000.0,185500000.0,121500000.0,1.48,1.47,1.48,-1343500000.0,-1289075000.0,-1343500000.0,709516121.0,4.0,2.424,-96200000.0,-1.885,1.0,584300000.0,0.26,177800000.0,64000000.0,1385200000.0,1404200000.0,27300000.0,162100000.0,0.0,162100000.0,3757200000.0,923300000.0,2833900000.0,593416121.0,-140000000.0,0.0,0.0,-2300000.0,0.0,-4800000.0,-185000000.0,-14000000.0,73900000.0,-24100000.0,75500000.0,75500000.0,75500000.0,-53900000.0,0.0,0.034,372200000.0,212100000.0,268900000.0,0.0,-0.442,7.86,7.858,337700000.0,0.0,11.63,0.264,0.264,509200000.0,-1694000000.0,2251200000.0,2251200000.0,31900000.0,0.031,-0.059,0.132,0.082,13200000.0,340300000.0,1.0,51024602.0,51024602.0,,44.12,2279800000.0,109300000.0,46000000.0,0.0,44.68,378100000.0
11,UIS,MRT,2018-09-30,2018-09-30,2018-09-30,2021-08-02,-3942900000.0,2328000000.0,2438750000.0,1207200000.0,1120800000.0,1.152,-24.229,-169900000.0,533900000.0,533900000.0,2114200000.0,109200000.0,1.433,-2.857,650000000.0,9900000.0,640100000.0,650000000.0,422100000.0,104400000.0,0.0,0.0,0.0,188900000.0,293300000.0,0.104,293300000.0,188900000.0,124300000.0,1.99,1.81,1.99,-1236000000.0,-1291875000.0,-1236000000.0,1087868892.0,6.0,3.709,-44600000.0,-0.874,1.0,694700000.0,0.247,178100000.0,64600000.0,1423800000.0,1375550000.0,23000000.0,157200000.0,0.0,157200000.0,3531800000.0,842200000.0,2689600000.0,1040668892.0,-86100000.0,0.0,0.0,-3200000.0,0.0,-9200000.0,-179800000.0,-9000000.0,125300000.0,-22400000.0,101000000.0,101000000.0,101000000.0,0.0,8200000.0,0.036,401400000.0,293300000.0,225700000.0,0.0,-0.842,10.304,10.251,321800000.0,0.0,20.4,0.37,0.37,492200000.0,-1725300000.0,2808900000.0,2808900000.0,29200000.0,0.041,-0.078,0.137,0.067,12600000.0,372200000.0,1.0,51013181.0,51013181.0,,55.062,2149900000.0,97300000.0,23300000.0,0.0,42.144,365000000.0
12,UIS,MRT,2018-06-30,2018-06-30,2018-06-30,2021-08-02,-3765200000.0,2370900000.0,2430975000.0,1246900000.0,1124000000.0,1.146,-25.027,-168600000.0,601100000.0,601100000.0,2142400000.0,49300000.0,1.495,-2.834,648300000.0,10200000.0,638100000.0,648300000.0,461900000.0,100800000.0,0.0,0.0,0.0,139500000.0,240300000.0,0.086,240300000.0,139500000.0,74400000.0,1.06,0.88,1.06,-1275500000.0,-1389925000.0,-1275500000.0,621242450.0,4.0,2.585,26100000.0,0.512,1.0,644500000.0,0.231,178700000.0,65100000.0,1405600000.0,1323850000.0,22700000.0,150700000.0,0.0,150700000.0,3615000000.0,833800000.0,2781200000.0,657442450.0,10900000.0,0.0,0.0,-3200000.0,0.0,-7000000.0,-165900000.0,4100000.0,194700000.0,-10900000.0,53800000.0,53800000.0,53800000.0,0.0,-4500000.0,0.019,409900000.0,234600000.0,219900000.0,0.0,-0.515,12.22,12.17,324500000.0,0.0,12.9,0.236,0.236,484000000.0,-1940100000.0,2786900000.0,2786900000.0,30800000.0,0.022,-0.039,0.105,0.05,12300000.0,379100000.0,1.0,50964531.0,50964531.0,,54.683,2192200000.0,106500000.0,20600000.0,0.0,43.014,413100000.0
13,UIS,MRT,2018-03-31,2018-03-31,2018-03-31,2021-08-02,-3783100000.0,2513700000.0,2417975000.0,1332800000.0,1180900000.0,1.152,-25.776,-189800000.0,683000000.0,683000000.0,2175400000.0,4800000.0,1.49,-2.908,646800000.0,10600000.0,636200000.0,646800000.0,509700000.0,97700000.0,0.0,0.0,0.0,74200000.0,171900000.0,0.062,171900000.0,74200000.0,10500000.0,0.16,-0.02,0.16,-1301300000.0,-1476200000.0,-1301300000.0,423303430.0,6.0,2.462,-32600000.0,-0.646,1.0,610300000.0,0.219,181000000.0,63700000.0,1402200000.0,1298400000.0,22200000.0,142600000.0,0.0,142600000.0,3784500000.0,894300000.0,2890200000.0,542703430.0,347500000.0,0.0,0.0,345400000.0,0.0,329900000.0,-159300000.0,31400000.0,157200000.0,19700000.0,8000000.0,8000000.0,8000000.0,0.0,-3200000.0,0.003,433200000.0,177100000.0,214500000.0,0.0,-0.417,67.838,67.188,350300000.0,0.0,10.75,0.195,0.195,492500000.0,-1943900000.0,2785700000.0,2785700000.0,35400000.0,0.003,-0.005,0.057,0.027,11500000.0,397800000.0,1.0,50484040.0,50484040.0,,55.18,2332700000.0,116000000.0,2500000.0,0.0,46.207,438500000.0
14,UIS,MRT,2017-12-31,2017-12-31,2017-12-31,2021-08-02,-3815800000.0,2542400000.0,2280125000.0,1389500000.0,1152900000.0,1.202,-26.84,-176500000.0,764100000.0,764100000.0,2194100000.0,-66600000.0,1.43,-2.856,644700000.0,10800000.0,633900000.0,644700000.0,486500000.0,93400000.0,0.0,0.0,0.0,-18000000.0,75400000.0,0.028,75400000.0,-18000000.0,-70800000.0,-1.3,-1.3,-1.3,-1354700000.0,-1554250000.0,-1354700000.0,434157403.0,-24.0,5.758,-10100000.0,-0.2,1.0,547700000.0,0.2,180800000.0,52800000.0,1270600000.0,1150325000.0,26100000.0,138300000.0,0.0,138300000.0,3868900000.0,971600000.0,2897300000.0,411357403.0,363000000.0,0.0,0.0,345400000.0,0.0,329900000.0,-152500000.0,24800000.0,166400000.0,19200000.0,-65300000.0,-65300000.0,-65300000.0,0.0,-1300000.0,-0.024,450600000.0,97100000.0,241800000.0,0.0,-0.304,-6.3,-6.269,344800000.0,0.0,8.15,0.15,0.15,503300000.0,-1963100000.0,2741800000.0,2741800000.0,38700000.0,-0.029,0.042,-0.016,-0.007,11200000.0,411900000.0,1.0,50473301.0,50473301.0,,54.322,2361600000.0,119900000.0,-5500000.0,0.0,46.789,417900000.0
15,UIS,MRT,2017-09-30,2017-09-30,2017-09-30,2021-08-02,-4036300000.0,2296900000.0,2149925000.0,1262100000.0,1034800000.0,1.265,-32.261,-168800000.0,620000000.0,620000000.0,2138800000.0,-119500000.0,1.37,-2.424,642800000.0,11300000.0,631500000.0,642800000.0,435200000.0,91400000.0,0.0,0.0,0.0,-28500000.0,62900000.0,0.023,62900000.0,-28500000.0,-72400000.0,-2.31,-2.31,-2.31,-1628200000.0,-1623325000.0,-1628200000.0,479893954.0,-17.0,7.629,-89900000.0,-1.781,1.0,579900000.0,0.213,181200000.0,43900000.0,1217000000.0,1022750000.0,32800000.0,136400000.0,0.0,136400000.0,3946800000.0,921500000.0,3025300000.0,428993954.0,143800000.0,0.0,0.0,218900000.0,0.0,207000000.0,-148800000.0,20900000.0,78900000.0,6700000.0,-117000000.0,-117000000.0,-117000000.0,0.0,-2500000.0,-0.043,447400000.0,132500000.0,195500000.0,0.0,-0.263,-3.667,-3.68,339300000.0,0.0,8.5,0.158,0.158,511800000.0,-2013600000.0,2718700000.0,2718700000.0,37800000.0,-0.054,0.072,-0.028,-0.01,10400000.0,409600000.0,1.0,50469877.0,50469877.0,,53.868,2115700000.0,150800000.0,44600000.0,0.0,41.92,340600000.0
16,UIS,MRT,2017-06-30,2017-06-30,2017-06-30,2021-08-02,-4067400000.0,2318900000.0,2119725000.0,1312500000.0,1006400000.0,1.291,-32.15,-158700000.0,590200000.0,590200000.0,2137800000.0,-91700000.0,1.481,-2.437,641100000.0,11300000.0,629800000.0,641100000.0,462900000.0,91900000.0,0.0,0.0,0.0,-26900000.0,65000000.0,0.024,65000000.0,-26900000.0,-62100000.0,-2.06,-2.06,-2.06,-1620600000.0,-1535250000.0,-1620600000.0,611109818.0,-23.0,9.402,-87600000.0,-1.738,1.0,597900000.0,0.219,180000000.0,35200000.0,1303800000.0,945250000.0,32400000.0,134000000.0,0.0,134000000.0,3949000000.0,886000000.0,3063000000.0,645209818.0,96400000.0,0.0,0.0,218800000.0,0.0,205000000.0,-177700000.0,-18000000.0,71100000.0,-2000000.0,-104100000.0,-104100000.0,-104100000.0,0.0,12400000.0,-0.038,472300000.0,125600000.0,199000000.0,0.0,-0.398,-6.198,-6.214,329500000.0,0.0,12.8,0.236,0.236,573900000.0,-1972500000.0,2735700000.0,2735700000.0,40500000.0,-0.049,0.068,-0.028,-0.01,10400000.0,431800000.0,1.0,50407017.0,50407017.0,,54.272,2138900000.0,149900000.0,42000000.0,0.0,42.433,426500000.0
17,UIS,MRT,2017-03-31,2017-03-31,2017-03-31,2021-08-02,-4099500000.0,1962300000.0,2100400000.0,958100000.0,1004200000.0,1.342,-32.21,-146300000.0,335500000.0,335500000.0,2160900000.0,-27700000.0,1.021,-2.224,301400000.0,106300000.0,195100000.0,301400000.0,443900000.0,93100000.0,0.0,0.0,0.0,52800000.0,145900000.0,0.052,145900000.0,52800000.0,24100000.0,-0.8,-0.87,-0.8,-1613500000.0,-1452350000.0,-1613500000.0,628209584.0,12.0,4.306,5000000.0,0.1,1.0,657500000.0,0.233,179500000.0,28700000.0,809900000.0,902875000.0,29400000.0,135100000.0,0.0,135100000.0,3589000000.0,938800000.0,2650200000.0,698809584.0,-212100000.0,0.0,0.0,-172100000.0,0.0,-178300000.0,-171200000.0,-23900000.0,151300000.0,-13900000.0,-40500000.0,-40500000.0,-40500000.0,0.0,12800000.0,-0.014,478900000.0,178600000.0,200100000.0,0.0,-0.433,-17.255,-17.438,318100000.0,0.0,13.95,0.248,0.248,504900000.0,-1930500000.0,2818400000.0,2818400000.0,42800000.0,-0.019,0.028,0.058,0.019,10000000.0,436100000.0,1.0,50093877.0,50093877.0,,56.262,1782800000.0,144000000.0,64600000.0,0.0,35.589,19300000.0
18,UIS,MRT,2016-12-31,2016-12-31,2016-12-31,2021-08-02,-4152800000.0,2021600000.0,2176100000.0,1027300000.0,994300000.0,1.296,-32.566,-147100000.0,401100000.0,401100000.0,2203300000.0,-36700000.0,1.047,-2.25,300000000.0,106000000.0,194000000.0,300000000.0,455000000.0,90800000.0,0.0,0.0,0.0,36900000.0,127700000.0,0.045,127700000.0,36900000.0,9500000.0,-0.95,-0.95,-0.95,-1631000000.0,-1390625000.0,-1631000000.0,727645649.0,20.0,5.698,71100000.0,1.42,1.0,617400000.0,0.219,178600000.0,27400000.0,760300000.0,973250000.0,29000000.0,137000000.0,0.0,137000000.0,3669000000.0,981600000.0,2687400000.0,748745649.0,4300000.0,0.0,0.0,17900000.0,0.0,-17100000.0,-182100000.0,-34100000.0,218200000.0,-14700000.0,-47700000.0,-47700000.0,-47700000.0,0.0,11000000.0,-0.017,488200000.0,129200000.0,189000000.0,0.0,-0.459,-15.697,-15.737,317800000.0,0.0,14.95,0.265,0.265,505800000.0,-1893400000.0,2820700000.0,2820700000.0,47000000.0,-0.022,0.034,0.038,0.013,9500000.0,441200000.0,1.0,50083321.0,50083321.0,,56.32,1843000000.0,146100000.0,57200000.0,0.0,36.799,45700000.0
19,UIS,MRT,2016-09-30,2016-09-30,2016-09-30,2021-08-02,-3797000000.0,2176100000.0,2203200000.0,1133700000.0,1042400000.0,1.311,-25.476,-153100000.0,442700000.0,442700000.0,2331500000.0,-37000000.0,1.062,-2.692,421600000.0,220400000.0,201200000.0,421600000.0,461100000.0,106200000.0,0.0,0.0,0.0,23400000.0,129600000.0,0.045,129600000.0,23400000.0,-100000.0,-0.91,-0.98,-0.91,-1275900000.0,-1330300000.0,-1275900000.0,444097014.0,19.0,3.427,64100000.0,1.28,1.0,557400000.0,0.193,180100000.0,23500000.0,907000000.0,1017375000.0,39500000.0,137700000.0,0.0,137700000.0,3434200000.0,1067900000.0,2366300000.0,487797014.0,147200000.0,0.0,0.0,147300000.0,0.0,111400000.0,-171700000.0,-18700000.0,217200000.0,-9700000.0,-45400000.0,-45400000.0,-45400000.0,0.0,8400000.0,-0.016,529500000.0,27900000.0,175500000.0,0.0,-0.382,-10.744,-10.703,326000000.0,0.0,9.74,0.169,0.169,532500000.0,-1892200000.0,2888900000.0,2888900000.0,53700000.0,-0.021,0.034,0.023,0.008,9200000.0,475800000.0,1.0,50081829.0,50081829.0,,57.684,1996000000.0,117500000.0,45300000.0,0.0,39.855,65800000.0
20,UIS,MRT,2016-06-30,2016-06-30,2016-06-30,2021-08-02,-3836000000.0,2241600000.0,2183650000.0,1194200000.0,1047400000.0,1.349,-25.75,-172900000.0,463600000.0,463600000.0,2368400000.0,-19500000.0,1.351,-2.727,419900000.0,11100000.0,408800000.0,419900000.0,473000000.0,109400000.0,0.0,0.0,0.0,42300000.0,151700000.0,0.052,151700000.0,42300000.0,23500000.0,-0.54,-0.61,-0.54,-1289000000.0,-1378875000.0,-1289000000.0,315619146.0,7.0,2.081,-45900000.0,-0.917,1.0,576400000.0,0.196,179700000.0,18800000.0,1134300000.0,1045650000.0,39100000.0,136300000.0,0.0,136300000.0,3515200000.0,883900000.0,2631300000.0,364419146.0,93100000.0,0.0,0.0,202400000.0,0.0,166300000.0,-168900000.0,-4500000.0,127000000.0,-31300000.0,-26800000.0,-26800000.0,-26800000.0,0.0,7300000.0,-0.009,530100000.0,46300000.0,187200000.0,0.0,-0.283,-13.598,-13.481,330800000.0,0.0,7.28,0.124,0.124,561100000.0,-1864000000.0,2944800000.0,2944800000.0,58900000.0,-0.012,0.019,0.04,0.014,8500000.0,471200000.0,1.0,50057575.0,50057575.0,,58.828,2061900000.0,130500000.0,50300000.0,0.0,41.191,310300000.0
21,UIS,MRT,2016-03-31,2016-03-31,2016-03-31,2021-08-02,-3889300000.0,2265100000.0,2164150000.0,1207000000.0,1058100000.0,1.368,-27.361,-192400000.0,513800000.0,513800000.0,2438300000.0,-100900000.0,1.277,-2.648,465000000.0,76800000.0,388200000.0,465000000.0,474900000.0,109500000.0,0.0,0.0,0.0,-56300000.0,53200000.0,0.018,53200000.0,-56300000.0,-70000000.0,-2.14,-2.14,-2.14,-1366600000.0,-1424500000.0,-1366600000.0,331685440.0,-6.0,6.235,-117500000.0,-2.353,1.0,522400000.0,0.176,179400000.0,13700000.0,1091400000.0,1000750000.0,46500000.0,136500000.0,0.0,136500000.0,3619400000.0,945500000.0,2673900000.0,384585440.0,109700000.0,0.0,200000.0,276800000.0,0.0,245000000.0,-191200000.0,-4100000.0,74900000.0,-19000000.0,-106600000.0,-106600000.0,-106600000.0,0.0,5700000.0,-0.036,575100000.0,-52700000.0,216000000.0,0.0,-0.281,-3.608,-3.598,342200000.0,0.0,7.7,0.13,0.13,520800000.0,-1885600000.0,2960700000.0,2960700000.0,74200000.0,-0.049,0.075,-0.056,-0.019,8200000.0,500900000.0,1.0,49946161.0,49946161.0,,59.278,2085700000.0,133300000.0,36600000.0,0.0,41.759,261500000.0
22,UIS,MRT,2015-12-31,2015-12-31,2015-12-31,2021-08-02,-3945300000.0,2130000000.0,2130750000.0,1111500000.0,1018500000.0,1.415,-27.831,-213700000.0,365200000.0,365200000.0,2474200000.0,-103200000.0,1.156,-2.525,310500000.0,76800000.0,233700000.0,310500000.0,458400000.0,113200000.0,0.0,0.0,0.0,-53600000.0,59600000.0,0.02,59600000.0,-53600000.0,-65500000.0,-2.2,-2.2,-2.2,-1389700000.0,-1440900000.0,-1389700000.0,568967551.0,-11.0,9.546,-208000000.0,-4.166,1.0,540900000.0,0.179,177400000.0,11900000.0,936800000.0,955500000.0,43800000.0,138500000.0,0.0,138500000.0,3508600000.0,961100000.0,2547500000.0,551767551.0,-133400000.0,0.0,3700000.0,87200000.0,0.0,89800000.0,-181300000.0,25400000.0,5700000.0,-47600000.0,-109900000.0,-109900000.0,-109900000.0,0.0,6700000.0,-0.036,596000000.0,-55100000.0,219300000.0,0.0,-0.397,-5.021,-5.023,335800000.0,0.0,11.05,0.183,0.183,581600000.0,-1845700000.0,3015100000.0,3015100000.0,76400000.0,-0.052,0.076,-0.056,-0.018,9400000.0,519600000.0,1.0,49933715.0,49933715.0,,60.382,1952600000.0,127400000.0,44400000.0,0.0,39.104,150400000.0
23,UIS,MRT,2015-09-30,2015-09-30,2015-09-30,2021-08-02,-4023400000.0,2097900000.0,2185425000.0,1042400000.0,1055500000.0,1.433,-29.443,-236300000.0,293100000.0,293100000.0,2504400000.0,-39800000.0,1.136,-2.414,310300000.0,66200000.0,244100000.0,310300000.0,410400000.0,102300000.0,0.0,0.0,0.0,18900000.0,121200000.0,0.039,121200000.0,18900000.0,8000000.0,-0.98,-0.98,-0.98,-1470200000.0,-1458475000.0,-1470200000.0,484911208.0,26.0,4.001,-239300000.0,-4.792,1.0,626600000.0,0.2,177300000.0,10900000.0,1020100000.0,945500000.0,52500000.0,140100000.0,0.0,140100000.0,3549200000.0,917700000.0,2631500000.0,594211208.0,-183400000.0,0.0,-2600000.0,85500000.0,0.0,82700000.0,-207700000.0,17500000.0,-3000000.0,-55400000.0,-49200000.0,-49200000.0,-49200000.0,0.0,9400000.0,-0.016,615100000.0,11500000.0,221500000.0,0.0,-0.404,-12.077,-12.143,346900000.0,0.0,11.9,0.19,0.19,551500000.0,-1846800000.0,3131000000.0,3131000000.0,81500000.0,-0.023,0.034,0.02,0.006,7700000.0,533600000.0,1.0,49933715.0,49933715.0,,62.703,1920600000.0,160900000.0,57200000.0,0.0,38.463,124700000.0
24,UIS,MRT,2015-06-30,2015-06-30,2015-06-30,2021-08-02,-4032600000.0,2163600000.0,2230800000.0,1096200000.0,1067400000.0,1.468,-29.478,-234200000.0,364800000.0,364800000.0,2553400000.0,19000000.0,1.193,-2.46,255500000.0,10900000.0,244600000.0,255500000.0,428800000.0,104800000.0,0.0,0.0,0.0,87100000.0,191900000.0,0.059,191900000.0,87100000.0,76900000.0,0.16,0.16,0.16,-1471500000.0,-1233400000.0,-1471500000.0,819664678.0,9.0,4.271,-200600000.0,-4.019,1.0,720900000.0,0.22,180600000.0,10200000.0,954700000.0,920125000.0,55600000.0,144600000.0,0.0,144600000.0,3619500000.0,919000000.0,2700500000.0,997864678.0,-209400000.0,0.0,-17400000.0,31100000.0,0.0,13100000.0,-201400000.0,32300000.0,33600000.0,-54700000.0,8200000.0,8200000.0,8200000.0,0.0,10800000.0,0.003,641400000.0,79500000.0,233900000.0,0.0,-0.678,121.691,124.938,338900000.0,0.0,19.99,0.305,0.305,517400000.0,-1837200000.0,3274300000.0,3274300000.0,85200000.0,0.004,-0.007,0.095,0.027,7300000.0,556200000.0,1.0,49918193.0,49918193.0,,65.593,1983000000.0,177100000.0,68700000.0,0.0,39.725,177200000.0
25,UIS,MRT,2015-03-31,2015-03-31,2015-03-31,2021-08-02,-4049400000.0,2131500000.0,2273925000.0,1106100000.0,1025400000.0,1.458,-28.702,-225500000.0,402000000.0,402000000.0,2554100000.0,66000000.0,1.281,-2.481,223800000.0,2200000.0,221600000.0,223800000.0,426300000.0,109200000.0,0.0,0.0,0.0,147600000.0,256800000.0,0.077,256800000.0,147600000.0,137800000.0,1.09,1.09,1.09,-1432200000.0,-1034475000.0,-1432200000.0,887836595.0,6.0,3.457,-167500000.0,-3.357,1.0,761800000.0,0.23,179600000.0,9800000.0,910400000.0,893925000.0,60300000.0,144500000.0,0.0,144500000.0,3552800000.0,863300000.0,2689500000.0,1158136595.0,-211800000.0,0.0,-30500000.0,-300000.0,0.0,-31400000.0,-183300000.0,37800000.0,58000000.0,-55100000.0,54300000.0,54300000.0,54300000.0,0.0,11700000.0,0.016,617000000.0,144800000.0,230300000.0,0.0,-0.809,21.328,21.294,327400000.0,0.0,23.21,0.349,0.349,484800000.0,-1779000000.0,3315900000.0,3315900000.0,72600000.0,0.024,-0.052,0.165,0.045,7600000.0,544400000.0,1.0,49898173.0,49898173.0,,66.453,1951900000.0,169000000.0,83500000.0,0.0,39.118,242800000.0
26,UIS,MRT,2014-12-31,2014-12-31,2014-12-31,2021-08-02,-4113400000.0,2348700000.0,2340850000.0,1317300000.0,1031400000.0,1.434,-29.243,-212800000.0,494300000.0,494300000.0,2578600000.0,59300000.0,1.32,-2.603,224000000.0,1800000.0,222200000.0,224000000.0,467800000.0,110100000.0,0.0,0.0,0.0,142100000.0,252200000.0,0.075,252200000.0,142100000.0,132900000.0,0.89,0.89,0.89,-1460000000.0,-851875000.0,-1460000000.0,1210457010.0,9.0,4.8,-91400000.0,-1.831,1.0,777800000.0,0.232,183900000.0,9200000.0,896800000.0,875750000.0,46700000.0,144100000.0,0.0,144100000.0,3801100000.0,997700000.0,2803400000.0,1471857010.0,-145500000.0,0.0,-32300000.0,0.0,0.0,-36900000.0,-195300000.0,13700000.0,121400000.0,-34700000.0,46700000.0,44000000.0,44000000.0,0.0,12600000.0,0.013,622900000.0,154900000.0,262500000.0,0.0,-1.008,33.451,33.124,319600000.0,2700000.0,29.48,0.439,0.439,619300000.0,-1735800000.0,3356400000.0,3356400000.0,68800000.0,0.019,-0.052,0.162,0.042,10400000.0,554100000.0,1.0,49927307.0,49927307.0,,67.226,2164800000.0,171000000.0,86200000.0,0.0,43.359,319600000.0
27,UIS,MRT,2014-09-30,2014-09-30,2014-09-30,2021-08-02,-3167300000.0,2279400000.0,2381175000.0,1256700000.0,1022700000.0,1.447,-11.255,-192300000.0,476500000.0,476500000.0,2598000000.0,118800000.0,1.377,-4.914,215100000.0,1000000.0,214100000.0,215100000.0,428900000.0,108800000.0,0.0,0.0,0.0,205700000.0,314500000.0,0.091,314500000.0,205700000.0,196900000.0,2.23,2.21,2.23,-569900000.0,-662000000.0,-569900000.0,821262681.0,4.0,2.611,-35200000.0,-0.695,1.0,848500000.0,0.246,186600000.0,8800000.0,918600000.0,868225000.0,60100000.0,142600000.0,0.0,142600000.0,2800600000.0,912800000.0,1887800000.0,1185362681.0,-79400000.0,0.0,-25800000.0,0.0,0.0,-34500000.0,-182300000.0,13700000.0,157100000.0,-19700000.0,106400000.0,99600000.0,99600000.0,0.0,12400000.0,0.029,620100000.0,228400000.0,241000000.0,0.0,-2.08,11.901,10.498,287900000.0,6800000.0,23.41,0.344,0.344,570200000.0,-1797600000.0,3446500000.0,3446500000.0,69400000.0,0.042,-0.15,0.237,0.06,12300000.0,550700000.0,1.0,50634886.0,50634886.0,,68.066,2092800000.0,126000000.0,90500000.0,0.0,41.331,343900000.0
28,UIS,MRT,2014-06-30,2014-06-30,2014-06-30,2021-08-02,-3239800000.0,2336100000.0,2370750000.0,1301700000.0,1034400000.0,1.416,-13.223,-176700000.0,574200000.0,574200000.0,2571000000.0,64100000.0,1.397,-4.387,210100000.0,100000.0,210000000.0,210100000.0,466000000.0,105100000.0,0.0,0.0,0.0,151000000.0,256100000.0,0.076,256100000.0,151000000.0,142100000.0,1.02,1.0,1.02,-675800000.0,-902325000.0,-675800000.0,860626541.0,6.0,3.361,3900000.0,0.076,1.0,785100000.0,0.234,190100000.0,8900000.0,849900000.0,835200000.0,49700000.0,142300000.0,0.0,142300000.0,2964600000.0,932000000.0,2032600000.0,1264426541.0,-1400000.0,0.0,-7700000.0,-100000.0,0.0,-19900000.0,-173000000.0,2900000.0,180600000.0,10900000.0,51000000.0,40200000.0,40200000.0,0.0,13100000.0,0.012,609300000.0,175800000.0,223100000.0,0.0,-1.871,31.453,24.255,286800000.0,10800000.0,24.74,0.377,0.377,515700000.0,-1845400000.0,3356100000.0,3356100000.0,64900000.0,0.017,-0.045,0.181,0.045,12900000.0,544400000.0,1.0,51108591.0,51108591.0,,65.666,2146000000.0,139400000.0,91100000.0,0.0,41.989,369700000.0
29,UIS,MRT,2014-03-31,2014-03-31,2014-03-31,2021-08-02,-3286900000.0,2399200000.0,2355675000.0,1389400000.0,1009800000.0,1.447,-15.882,-170100000.0,613800000.0,613800000.0,2587700000.0,99800000.0,1.435,-4.359,210000000.0,0.0,210000000.0,210000000.0,526900000.0,100800000.0,0.0,0.0,0.0,190700000.0,291500000.0,0.086,291500000.0,190700000.0,181500000.0,1.73,1.7,1.73,-701800000.0,-1121625000.0,-701800000.0,916200199.0,5.0,3.143,23300000.0,0.527,1.0,820600000.0,0.241,189700000.0,9200000.0,837700000.0,815750000.0,52200000.0,135100000.0,0.0,135100000.0,3058800000.0,968000000.0,2090800000.0,1346000199.0,-14800000.0,0.0,-5600000.0,-400000.0,0.0,-22200000.0,-179200000.0,-8400000.0,193400000.0,-6800000.0,87600000.0,72700000.0,72700000.0,0.0,12200000.0,0.021,622600000.0,198000000.0,221400000.0,0.0,-1.918,18.514,17.607,288500000.0,14900000.0,30.46,0.395,0.395,564900000.0,-1833300000.0,3408300000.0,3408300000.0,66900000.0,0.031,-0.065,0.234,0.056,13800000.0,555700000.0,1.0,44189107.0,44189107.0,,77.13,2209500000.0,144800000.0,93900000.0,0.0,50.001,421400000.0
30,UIS,MRT,2013-12-31,2013-12-31,2013-12-31,2021-08-02,-3333400000.0,2510000000.0,2336675000.0,1540800000.0,969200000.0,1.479,-15.952,-151400000.0,639800000.0,639800000.0,2608100000.0,120100000.0,1.504,-4.531,210000000.0,0.0,210000000.0,210000000.0,525100000.0,100200000.0,0.0,0.0,0.0,217700000.0,317900000.0,0.092,317900000.0,217700000.0,207800000.0,2.1,2.08,2.1,-700500000.0,-1335975000.0,-700500000.0,1128334232.0,5.0,3.549,36000000.0,0.82,1.0,848400000.0,0.245,188700000.0,9900000.0,866700000.0,797425000.0,55100000.0,129100000.0,0.0,129100000.0,3173900000.0,1024800000.0,2149100000.0,1474134232.0,-15800000.0,0.0,-6800000.0,0.0,0.0,-23000000.0,-162700000.0,-9900000.0,187400000.0,-17500000.0,108500000.0,92300000.0,92300000.0,0.0,11600000.0,0.027,628900000.0,219500000.0,246700000.0,0.0,-2.104,15.971,15.986,290200000.0,16200000.0,33.57,0.426,0.426,683100000.0,-1782500000.0,3456500000.0,3456500000.0,69500000.0,0.04,-0.069,0.273,0.063,12500000.0,559400000.0,1.0,43912250.0,43912250.0,,78.714,2321300000.0,136400000.0,99300000.0,0.0,52.862,516000000.0
31,UIS,MRT,2013-09-30,2013-09-30,2013-09-30,2021-08-02,-4045800000.0,2237700000.0,2314275000.0,1327300000.0,910400000.0,1.486,-35.085,-138900000.0,555900000.0,555900000.0,2621000000.0,84800000.0,1.449,-2.447,210100000.0,100000.0,210000000.0,210100000.0,452600000.0,101200000.0,0.0,0.0,0.0,174700000.0,275900000.0,0.08,275900000.0,174700000.0,164500000.0,1.3,1.19,1.3,-1531200000.0,-1560900000.0,-1531200000.0,734142131.0,4.0,2.661,61200000.0,1.402,1.0,818900000.0,0.238,189700000.0,10200000.0,786500000.0,768875000.0,55100000.0,125100000.0,0.0,125100000.0,3747600000.0,915700000.0,2831900000.0,1099342131.0,14300000.0,-5200000.0,-7000000.0,-200000.0,0.0,-23400000.0,-146000000.0,-8700000.0,200100000.0,-16400000.0,72900000.0,56700000.0,56700000.0,0.0,11900000.0,0.016,640700000.0,178200000.0,218600000.0,0.0,-0.718,19.389,19.377,284600000.0,16200000.0,25.19,0.32,0.32,572700000.0,-1904000000.0,3439900000.0,3439900000.0,71100000.0,0.025,-0.036,0.227,0.051,13300000.0,569600000.0,1.0,43642006.0,43642006.0,,78.821,2048000000.0,156800000.0,91600000.0,0.0,46.927,411600000.0
32,UIS,MRT,2013-06-30,2013-06-30,2013-06-30,2021-08-02,-4074100000.0,2275800000.0,2318475000.0,1361700000.0,914100000.0,1.52,-35.187,-131500000.0,575600000.0,575600000.0,2659200000.0,83200000.0,1.434,-2.454,210400000.0,400000.0,210000000.0,210400000.0,471300000.0,102400000.0,0.0,0.0,0.0,185000000.0,287400000.0,0.082,287400000.0,185000000.0,169400000.0,1.28,1.17,1.28,-1553000000.0,-1469275000.0,-1553000000.0,556163092.0,3.0,1.935,69500000.0,1.575,1.0,866000000.0,0.246,189000000.0,15600000.0,772100000.0,766775000.0,47900000.0,122900000.0,0.0,122900000.0,3811800000.0,949500000.0,2862300000.0,974063092.0,-84100000.0,-2700000.0,-10200000.0,-108900000.0,0.0,-135300000.0,-134500000.0,-2700000.0,201000000.0,-15300000.0,72100000.0,55900000.0,55900000.0,0.0,11100000.0,0.016,650600000.0,215400000.0,229200000.0,0.0,-0.627,17.425,17.242,285400000.0,16200000.0,22.07,0.276,0.276,600000000.0,-1896400000.0,3525200000.0,3525200000.0,74100000.0,0.024,-0.038,0.241,0.052,14300000.0,576500000.0,1.0,44135165.0,44135165.0,,79.873,2086800000.0,167600000.0,97300000.0,0.0,47.282,412200000.0
33,UIS,MRT,2013-03-31,2013-03-31,2013-03-31,2021-08-02,-4067500000.0,2323200000.0,2349000000.0,1401900000.0,921300000.0,1.527,-35.452,-128100000.0,628600000.0,628600000.0,2679400000.0,109500000.0,1.478,-2.481,210700000.0,700000.0,210000000.0,210700000.0,498700000.0,109500000.0,0.0,0.0,0.0,215900000.0,325400000.0,0.091,325400000.0,215900000.0,195000000.0,1.87,1.7,1.87,-1559200000.0,-1380775000.0,-1559200000.0,555254692.0,3.0,1.706,113900000.0,2.59,1.0,908500000.0,0.253,192100000.0,20900000.0,764400000.0,783100000.0,50400000.0,123500000.0,0.0,123500000.0,3868600000.0,948800000.0,2919800000.0,1000554692.0,-26100000.0,-2800000.0,800000.0,-112000000.0,0.0,-127400000.0,-125000000.0,2400000.0,242000000.0,-15700000.0,98300000.0,82100000.0,82100000.0,0.0,11200000.0,0.023,652100000.0,256400000.0,218500000.0,0.0,-0.642,12.187,12.166,285500000.0,16200000.0,22.75,0.279,0.279,581500000.0,-1920900000.0,3587900000.0,3587900000.0,78500000.0,0.035,-0.059,0.276,0.06,14100000.0,573600000.0,1.0,43980426.0,43980426.0,,81.579,2131100000.0,173700000.0,96700000.0,0.0,48.456,453100000.0
34,UIS,MRT,2012-12-31,2012-12-31,2012-12-31,2021-08-02,-4133600000.0,2420400000.0,2382100000.0,1512400000.0,908000000.0,1.556,-36.39,-132600000.0,655600000.0,655600000.0,2732900000.0,156800000.0,1.468,-2.505,210300000.0,300000.0,210000000.0,210300000.0,512600000.0,112600000.0,0.0,0.0,0.0,270400000.0,383000000.0,0.103,383000000.0,270400000.0,242900000.0,2.95,2.84,2.95,-1600200000.0,-1302625000.0,-1600200000.0,429943297.0,2.0,1.123,128700000.0,2.927,1.0,973500000.0,0.263,192300000.0,27500000.0,752500000.0,812150000.0,50000000.0,124200000.0,0.0,124200000.0,4009100000.0,1030300000.0,2978800000.0,760743297.0,-59300000.0,0.0,400000.0,-184100000.0,0.0,-204400000.0,-126700000.0,1300000.0,261300000.0,10500000.0,145600000.0,129400000.0,129400000.0,0.0,11200000.0,0.035,654300000.0,319200000.0,228600000.0,0.0,-0.475,5.879,5.864,302700000.0,16200000.0,17.3,0.205,0.205,670200000.0,-1891000000.0,3706400000.0,3706400000.0,81500000.0,0.054,-0.099,0.333,0.073,14300000.0,572800000.0,1.0,43973601.0,43973601.0,,84.287,2228100000.0,184300000.0,97300000.0,0.0,50.669,482100000.0
35,UIS,MRT,2012-09-30,2012-09-30,2012-09-30,2021-08-02,-3616100000.0,2254500000.0,2430050000.0,1324700000.0,929800000.0,1.528,-26.496,-130000000.0,541600000.0,541600000.0,2744500000.0,166800000.0,1.389,-2.925,210800000.0,700000.0,210100000.0,210800000.0,479200000.0,116000000.0,0.0,0.0,0.0,283600000.0,399600000.0,0.108,399600000.0,283600000.0,247200000.0,3.27,3.12,3.27,-1164700000.0,-1232100000.0,-1164700000.0,547880597.0,2.0,1.371,136900000.0,3.114,1.0,967900000.0,0.261,192200000.0,36400000.0,778100000.0,861125000.0,59000000.0,130200000.0,0.0,130200000.0,3407100000.0,953400000.0,2453700000.0,915180597.0,-125700000.0,4600000.0,400000.0,-277100000.0,0.0,-297400000.0,-102900000.0,3000000.0,266900000.0,7700000.0,158000000.0,141900000.0,141900000.0,0.0,8800000.0,0.038,641700000.0,326200000.0,221100000.0,0.0,-0.786,6.449,6.367,294800000.0,16100000.0,20.82,0.247,0.247,602200000.0,-1976900000.0,3712400000.0,3712400000.0,79900000.0,0.058,-0.115,0.329,0.076,12900000.0,561800000.0,1.0,43956801.0,43956801.0,,84.456,2062300000.0,200200000.0,89200000.0,0.0,46.917,371300000.0
36,UIS,MRT,2012-06-30,2012-06-30,2012-06-30,2021-08-02,-3659900000.0,2397900000.0,2508150000.0,1464900000.0,933000000.0,1.537,-27.361,-127300000.0,659700000.0,659700000.0,2821000000.0,255600000.0,1.462,-2.992,292400000.0,600000.0,291800000.0,292400000.0,517000000.0,120300000.0,0.0,0.0,0.0,380100000.0,500400000.0,0.13,500400000.0,380100000.0,339000000.0,5.37,5.03,5.37,-1199000000.0,-1092300000.0,-1199000000.0,497512339.0,1.0,0.994,216500000.0,4.94,1.0,1034100000.0,0.268,191400000.0,41100000.0,837400000.0,929875000.0,58900000.0,129500000.0,0.0,129500000.0,3587900000.0,1001800000.0,2586100000.0,856712339.0,34700000.0,-2800000.0,300000.0,-170400000.0,0.0,-190800000.0,-86200000.0,1900000.0,343800000.0,-32100000.0,249100000.0,232900000.0,232900000.0,0.0,6500000.0,0.06,656100000.0,378000000.0,228400000.0,0.0,-0.715,3.678,3.641,303300000.0,16200000.0,19.55,0.222,0.222,610300000.0,-1968500000.0,3855100000.0,3855100000.0,79600000.0,0.093,-0.213,0.409,0.099,13400000.0,576500000.0,1.0,43821603.0,43821603.0,,87.973,2206500000.0,209100000.0,89900000.0,0.0,50.352,463100000.0
37,UIS,MRT,2012-03-31,2012-03-31,2012-03-31,2021-08-02,-3656700000.0,2455600000.0,2569400000.0,1452100000.0,1003500000.0,1.507,-28.696,-121400000.0,654700000.0,654700000.0,2866400000.0,197100000.0,1.421,-2.965,295500000.0,800000.0,294700000.0,295500000.0,556900000.0,121100000.0,0.0,0.0,0.0,295900000.0,417000000.0,0.108,417000000.0,295900000.0,249400000.0,4.04,3.77,4.04,-1246600000.0,-960800000.0,-1246600000.0,501480046.0,2.0,1.203,200800000.0,4.622,1.0,1004600000.0,0.26,194200000.0,46500000.0,880600000.0,997300000.0,61800000.0,129700000.0,0.0,129700000.0,3696000000.0,1021600000.0,2674400000.0,856680046.0,-178400000.0,-7600000.0,200000.0,-388100000.0,0.0,-411500000.0,-75500000.0,1700000.0,322200000.0,-13600000.0,190800000.0,174700000.0,174700000.0,0.0,6300000.0,0.045,657500000.0,347100000.0,230200000.0,0.0,-0.687,4.904,4.881,322700000.0,16100000.0,19.72,0.221,0.221,597200000.0,-2019200000.0,3871000000.0,3871000000.0,75800000.0,0.068,-0.182,0.297,0.076,13700000.0,581700000.0,1.0,43442193.0,43442193.0,,89.107,2261400000.0,204400000.0,58600000.0,0.0,52.055,430500000.0
38,UIS,MRT,2011-12-31,2011-12-31,2011-12-31,2021-08-02,-3700900000.0,2612200000.0,2692825000.0,1603400000.0,1008800000.0,1.431,-30.415,-134400000.0,714900000.0,714900000.0,2866800000.0,141200000.0,1.437,-2.976,359700000.0,900000.0,358800000.0,359700000.0,568400000.0,129100000.0,0.0,0.0,0.0,261900000.0,391000000.0,0.101,391000000.0,261900000.0,198800000.0,2.79,2.71,2.79,-1318100000.0,-824275000.0,-1318100000.0,632188846.0,2.0,1.617,182800000.0,4.218,1.0,987000000.0,0.256,192500000.0,63100000.0,948400000.0,1096525000.0,64800000.0,129800000.0,0.0,129800000.0,3923200000.0,1116100000.0,2807100000.0,854188846.0,-113400000.0,-15600000.0,1400000.0,-555700000.0,0.0,-319400000.0,-96300000.0,3000000.0,317200000.0,-14900000.0,134000000.0,120500000.0,120500000.0,0.0,7200000.0,0.031,662400000.0,324600000.0,241600000.0,0.0,-0.648,7.089,7.065,329200000.0,13500000.0,19.71,0.222,0.222,673000000.0,-2036600000.0,3853800000.0,3853800000.0,76100000.0,0.045,-0.146,0.239,0.068,13900000.0,586300000.0,1.0,43337841.0,43337841.0,,88.925,2419700000.0,208600000.0,64800000.0,0.0,55.833,487300000.0
39,UIS,MRT,2011-09-30,2011-09-30,2011-09-30,2021-08-02,-2894800000.0,2566900000.0,2795000000.0,1562600000.0,1004300000.0,1.4,-14.027,-142300000.0,667300000.0,667300000.0,2895300000.0,143400000.0,1.423,-5.221,445300000.0,900000.0,444400000.0,445300000.0,560200000.0,143200000.0,0.0,0.0,0.0,270100000.0,413300000.0,0.106,413300000.0,270100000.0,193400000.0,2.93,2.7,2.93,-605500000.0,-729075000.0,-605500000.0,499689179.0,2.0,1.209,202200000.0,4.684,1.0,1017800000.0,0.26,193900000.0,76700000.0,1053100000.0,1229925000.0,66500000.0,129700000.0,0.0,129700000.0,3161400000.0,1097900000.0,2063500000.0,677289179.0,-21400000.0,-19000000.0,1500000.0,-477300000.0,0.0,-236800000.0,-119400000.0,2300000.0,344500000.0,-9700000.0,134900000.0,125400000.0,125400000.0,-4000000.0,8500000.0,0.032,680200000.0,337600000.0,236100000.0,0.0,-1.119,5.401,5.355,343000000.0,9500000.0,15.69,0.173,0.173,696000000.0,-2134900000.0,3913100000.0,3913100000.0,75300000.0,0.045,-0.172,0.22,0.069,14900000.0,604900000.0,1.0,43166933.0,43166933.0,,90.65,2373000000.0,182600000.0,58500000.0,0.0,54.973,464700000.0
40,UIS,MRT,2011-06-30,2011-06-30,2011-06-30,2021-08-02,-2877500000.0,2642900000.0,2863300000.0,1531900000.0,1111000000.0,1.346,-15.639,-159100000.0,625000000.0,625000000.0,2883200000.0,88900000.0,1.324,-4.91,447400000.0,900000.0,446500000.0,447400000.0,624600000.0,157700000.0,0.0,0.0,0.0,223000000.0,380700000.0,0.099,380700000.0,223000000.0,133800000.0,1.77,1.72,1.77,-673000000.0,-836450000.0,-673000000.0,892152957.0,4.0,2.343,218400000.0,5.075,1.0,970400000.0,0.252,201000000.0,89200000.0,1107100000.0,1350525000.0,75100000.0,132300000.0,0.0,132300000.0,3304700000.0,1157200000.0,2147500000.0,1105952957.0,128500000.0,-23200000.0,1600000.0,-475100000.0,0.0,-230500000.0,-65100000.0,2900000.0,377500000.0,46600000.0,80500000.0,75100000.0,75100000.0,-10500000.0,8400000.0,0.019,669700000.0,300700000.0,236500000.0,0.0,-1.643,14.726,14.52,370100000.0,5400000.0,25.7,0.287,0.287,667100000.0,-2217600000.0,3853600000.0,3853600000.0,75700000.0,0.026,-0.09,0.165,0.058,13000000.0,594000000.0,1.0,43033189.0,43033189.0,,89.549,2441900000.0,214900000.0,53300000.0,0.0,56.745,374700000.0
41,UIS,MRT,2011-03-31,2011-03-31,2011-03-31,2021-08-02,-2910500000.0,2949300000.0,2881175000.0,1806300000.0,1143000000.0,1.372,-16.425,-177900000.0,833100000.0,833100000.0,2908700000.0,215700000.0,1.435,-5.198,619300000.0,800000.0,618500000.0,619300000.0,695100000.0,172800000.0,0.0,0.0,0.0,385300000.0,558100000.0,0.141,558100000.0,385300000.0,284100000.0,4.86,4.76,4.86,-700500000.0,-938350000.0,-700500000.0,1327196754.0,3.0,2.378,215700000.0,5.058,1.0,1044700000.0,0.264,199300000.0,101200000.0,1277500000.0,1499125000.0,81500000.0,137800000.0,0.0,137800000.0,3641400000.0,1258700000.0,2382700000.0,1331496754.0,364600000.0,107600000.0,1600000.0,-269000000.0,0.0,-17400000.0,-44500000.0,2700000.0,393600000.0,32900000.0,208300000.0,206900000.0,206900000.0,-71500000.0,7400000.0,0.052,685600000.0,359100000.0,273400000.0,0.0,-1.901,6.435,6.424,382700000.0,1400000.0,31.22,0.337,0.337,732800000.0,-2210000000.0,3953400000.0,3953400000.0,78400000.0,0.072,-0.22,0.257,0.097,10800000.0,607200000.0,1.0,42648839.0,42648839.0,,92.697,2750000000.0,207800000.0,75800000.0,0.0,64.48,547600000.0
42,UIS,MRT,2010-12-31,2010-12-31,2010-12-31,2021-08-02,-2928300000.0,3020900000.0,2821800000.0,1875400000.0,1145500000.0,1.424,-21.99,-203100000.0,828300000.0,828300000.0,2947900000.0,241300000.0,1.403,-4.219,824000000.0,800000.0,823200000.0,824000000.0,705700000.0,187700000.0,0.0,0.0,0.0,396700000.0,584400000.0,0.145,584400000.0,396700000.0,294900000.0,5.55,5.45,5.55,-937300000.0,-1068350000.0,-937300000.0,1252357004.0,3.0,2.143,133700000.0,3.137,1.0,1071700000.0,0.267,197900000.0,101800000.0,1482000000.0,1596450000.0,88900000.0,143800000.0,0.0,143800000.0,3954700000.0,1336700000.0,2618000000.0,1103557004.0,180700000.0,117200000.0,1400000.0,-92800000.0,0.0,-91500000.0,-61600000.0,900000.0,336800000.0,-3000000.0,236100000.0,236100000.0,236100000.0,-77200000.0,5200000.0,0.059,696000000.0,375700000.0,260700000.0,0.0,-1.177,4.674,4.665,382000000.0,0.0,25.89,0.275,0.275,789700000.0,-2170600000.0,4019600000.0,4019600000.0,78900000.0,0.084,-0.221,0.248,0.099,9400000.0,617100000.0,1.0,42624836.0,42624836.0,,94.302,2823000000.0,220300000.0,58800000.0,0.0,66.229,538700000.0
43,UIS,MRT,2010-09-30,2010-09-30,2010-09-30,2021-08-02,-2924700000.0,2840100000.0,2805800000.0,1728800000.0,1111300000.0,1.473,-24.287,-214000000.0,688700000.0,688700000.0,3032900000.0,257200000.0,1.376,-3.743,837500000.0,800000.0,836700000.0,837500000.0,617600000.0,205800000.0,0.0,0.0,0.0,395100000.0,600900000.0,0.145,600900000.0,395100000.0,291500000.0,6.07,5.97,6.07,-1035000000.0,-1151100000.0,-1035000000.0,1528846224.0,4.0,2.544,151000000.0,3.543,1.0,1100700000.0,0.266,196700000.0,103600000.0,1535500000.0,1619025000.0,102900000.0,146300000.0,0.0,146300000.0,3874300000.0,1256700000.0,2617600000.0,1188946224.0,215100000.0,138600000.0,1300000.0,-78000000.0,0.0,-77500000.0,-65400000.0,400000.0,365000000.0,-7000000.0,251400000.0,251400000.0,251400000.0,-56900000.0,5800000.0,0.061,725500000.0,375200000.0,269600000.0,0.0,-1.149,4.729,4.596,404400000.0,0.0,27.9,0.288,0.288,781900000.0,-2269800000.0,4133600000.0,4133600000.0,85900000.0,0.09,-0.218,0.244,0.096,8300000.0,639600000.0,1.0,42614560.0,42614560.0,,97.0,2643400000.0,205400000.0,40100000.0,0.0,62.03,472100000.0
44,UIS,MRT,2010-06-30,2010-06-30,2010-06-30,2021-08-02,-2940500000.0,2714400000.0,2781050000.0,1526700000.0,1187700000.0,1.539,-25.381,-216800000.0,496500000.0,496500000.0,3118300000.0,289100000.0,1.315,-3.511,836400000.0,700000.0,835700000.0,836400000.0,609800000.0,222000000.0,0.0,0.0,0.0,428500000.0,650500000.0,0.152,650500000.0,428500000.0,324500000.0,6.92,6.8,6.92,-1080600000.0,-1185850000.0,-1080600000.0,1167905648.0,3.0,1.795,115500000.0,2.713,1.0,1161100000.0,0.271,192200000.0,104000000.0,1701500000.0,1653800000.0,90800000.0,147100000.0,0.0,147100000.0,3794500000.0,1160600000.0,2633900000.0,787205648.0,21500000.0,147300000.0,1200000.0,-108000000.0,0.0,-122300000.0,-164200000.0,400000.0,332300000.0,-24300000.0,284200000.0,284200000.0,284200000.0,-59100000.0,4900000.0,0.066,750400000.0,410700000.0,265300000.0,0.0,-0.728,2.77,2.672,401600000.0,0.0,18.49,0.184,0.184,786200000.0,-2298100000.0,4279400000.0,4279400000.0,91300000.0,0.102,-0.24,0.259,0.1,2700000.0,659100000.0,1.0,42574670.0,42574670.0,,100.515,2522200000.0,185800000.0,40300000.0,0.0,59.242,366100000.0
45,UIS,MRT,2010-03-31,2010-03-31,2010-03-31,2021-08-02,-2959100000.0,2711800000.0,2783975000.0,1550500000.0,1161300000.0,1.56,-28.862,-222600000.0,468500000.0,468500000.0,3209900000.0,205800000.0,1.261,-3.223,849200000.0,2600000.0,846600000.0,849200000.0,0.0,240100000.0,0.0,0.0,0.0,342500000.0,582600000.0,0.134,582600000.0,342500000.0,242600000.0,5.13,5.05,5.13,-1220500000.0,-1258525000.0,-1220500000.0,1739492139.0,5.0,2.986,106500000.0,2.519,1.0,1133700000.0,0.261,195800000.0,99900000.0,1666800000.0,1669625000.0,103000000.0,149200000.0,0.0,149200000.0,3933500000.0,1229900000.0,2703600000.0,1475392139.0,-200000.0,20300000.0,1100000.0,-93200000.0,0.0,-108300000.0,-226500000.0,900000.0,329100000.0,5500000.0,202100000.0,202100000.0,202100000.0,-2700000.0,3700000.0,0.047,761800000.0,371900000.0,278600000.0,0.0,-1.209,7.3,6.801,424400000.0,0.0,34.89,0.34,0.34,736700000.0,-2418300000.0,4343600000.0,4343600000.0,95300000.0,0.073,-0.161,0.205,0.079,3500000.0,666500000.0,1.0,42286963.0,42286963.0,,102.717,2516000000.0,188000000.0,40500000.0,0.0,59.498,320600000.0
46,UIS,MRT,2009-12-31,2009-12-31,2009-12-31,2021-08-02,-3013500000.0,2956900000.0,2766075000.0,1773400000.0,1183500000.0,1.586,-29.998,-201300000.0,647600000.0,647600000.0,3272700000.0,193000000.0,1.223,-3.334,911700000.0,65800000.0,845900000.0,911700000.0,588300000.0,247900000.0,0.0,0.0,0.0,326800000.0,574700000.0,0.131,574700000.0,326800000.0,231600000.0,4.82,4.75,4.82,-1268300000.0,-1314600000.0,-1268300000.0,2067696093.0,6.0,3.598,195500000.0,4.624,1.0,1113000000.0,0.254,198500000.0,95200000.0,1572300000.0,1617525000.0,100500000.0,151500000.0,0.0,151500000.0,4228600000.0,1450200000.0,2778400000.0,1630296093.0,103600000.0,15500000.0,0.0,-30000000.0,0.0,-46100000.0,-271300000.0,1300000.0,396800000.0,24200000.0,189300000.0,189300000.0,189300000.0,0.0,3700000.0,0.043,783000000.0,330000000.0,292200000.0,0.0,-1.285,8.612,8.0,439400000.0,0.0,38.56,0.372,0.372,767400000.0,-2406700000.0,4385700000.0,4385700000.0,101900000.0,0.068,-0.144,0.202,0.075,700000.0,681100000.0,1.0,42279463.0,42279463.0,,103.731,2758400000.0,200500000.0,42300000.0,0.0,65.242,323200000.0
47,UIS,MRT,2009-09-30,2009-09-30,2009-09-30,2021-08-02,-2803900000.0,2741100000.0,2732875000.0,1492500000.0,1248600000.0,1.567,-31.701,-229400000.0,473600000.0,473600000.0,3311200000.0,1400000.0,1.143,-3.311,911000000.0,66000000.0,845000000.0,911000000.0,0.0,247500000.0,0.0,0.0,0.0,129100000.0,376600000.0,0.088,376600000.0,129100000.0,39900000.0,0.27,0.23,0.27,-1174000000.0,-1358125000.0,-1174000000.0,1575003352.0,12.0,4.182,90600000.0,2.446,1.0,970300000.0,0.227,198200000.0,89200000.0,1674600000.0,1655675000.0,124800000.0,175300000.0,0.0,175300000.0,3886600000.0,1305700000.0,2580900000.0,988803352.0,-20200000.0,-6000000.0,0.0,-30000000.0,0.0,-45400000.0,-288300000.0,29600000.0,320000000.0,-6500000.0,16800000.0,16800000.0,16800000.0,-38300000.0,-15400000.0,0.004,862400000.0,107900000.0,287300000.0,0.0,-0.842,58.857,98.889,538100000.0,0.0,26.7,0.231,0.231,764000000.0,-2521200000.0,4281500000.0,4281500000.0,107200000.0,0.006,-0.012,0.078,0.03,1000000.0,755200000.0,1.0,37033833.0,37033833.0,,115.611,2542900000.0,107200000.0,23100000.0,0.0,68.664,186800000.0
48,UIS,MRT,2009-06-30,2009-06-30,2009-06-30,2021-08-02,-2852200000.0,2726100000.0,2938450000.0,1485700000.0,1240400000.0,1.527,-37.031,-259200000.0,475000000.0,475000000.0,3523000000.0,-89300000.0,1.099,-2.968,1061200000.0,96000000.0,965200000.0,1061200000.0,0.0,254800000.0,0.0,0.0,0.0,46100000.0,300900000.0,0.067,300900000.0,46100000.0,-39200000.0,-2.2,-2.21,-2.2,-1371300000.0,-969600000.0,-1371300000.0,1150875239.0,25.0,3.825,80800000.0,2.182,1.0,964500000.0,0.215,195500000.0,85300000.0,1764800000.0,1862975000.0,122000000.0,181800000.0,0.0,181800000.0,4070500000.0,1352000000.0,2718500000.0,559175239.0,3600000.0,-6100000.0,0.0,-100000.0,0.0,-800000.0,-288800000.0,48800000.0,340000000.0,-46800000.0,-79000000.0,-79000000.0,-79000000.0,-29600000.0,-10300000.0,-0.018,930300000.0,34200000.0,310600000.0,0.0,-0.408,-7.078,-6.864,560700000.0,0.0,15.1,0.125,0.125,739900000.0,-2582300000.0,4487500000.0,4487500000.0,118600000.0,-0.027,0.081,0.025,0.01,-7000000.0,811700000.0,1.0,37031473.0,37031473.0,,121.181,2530600000.0,107600000.0,39800000.0,0.0,68.336,133700000.0
49,UIS,MRT,2009-03-31,2009-03-31,2009-03-31,2021-08-02,-2885900000.0,2640200000.0,3195425000.0,1453500000.0,1186700000.0,1.479,-39.061,-276900000.0,468700000.0,468700000.0,3718600000.0,-135900000.0,0.917,-2.813,1060400000.0,301100000.0,759300000.0,1060400000.0,0.0,257700000.0,0.0,0.0,0.0,-16000000.0,241700000.0,0.051,241700000.0,-16000000.0,-101300000.0,-3.63,-3.63,-3.63,-1444800000.0,-529175000.0,-1444800000.0,712640415.0,-45.0,2.948,66300000.0,1.792,1.0,1007700000.0,0.213,188900000.0,85300000.0,1458400000.0,2072700000.0,121800000.0,192400000.0,0.0,192400000.0,4064700000.0,1584600000.0,2480100000.0,196040415.0,-21500000.0,-6400000.0,0.0,0.0,0.0,0.0,-297400000.0,47100000.0,343200000.0,-67300000.0,-131100000.0,-131100000.0,-131100000.0,-25000000.0,-4800000.0,-0.028,1018600000.0,-10900000.0,321300000.0,0.0,-0.136,-1.495,-1.46,542800000.0,0.0,5.3,0.041,0.041,720800000.0,-2620400000.0,4726300000.0,4726300000.0,123700000.0,-0.041,0.248,-0.008,-0.003,-2800000.0,894900000.0,1.0,36988758.0,36988758.0,,127.777,2451300000.0,103000000.0,29800000.0,0.0,66.271,-131100000.0
50,UIS,MRT,2008-12-31,2008-12-31,2008-12-31,2021-08-02,-2904600000.0,2824100000.0,3483200000.0,1638400000.0,1185700000.0,1.423,-39.816,-294500000.0,544000000.0,544000000.0,3868500000.0,-130100000.0,1.149,-2.945,1060600000.0,1500000.0,1059100000.0,1060600000.0,0.0,268300000.0,0.0,0.0,0.0,-4100000.0,264200000.0,0.053,264200000.0,-4100000.0,-89200000.0,-3.62,-3.62,-3.62,-1442400000.0,-80400000.0,-1442400000.0,876027274.0,-214.0,3.316,-39900000.0,-1.101,1.0,1086400000.0,0.219,189400000.0,85100000.0,1724900000.0,2349775000.0,135400000.0,202000000.0,0.0,202000000.0,4247900000.0,1426400000.0,2821500000.0,307927274.0,-286200000.0,-6400000.0,0.0,-200100000.0,0.0,-200900000.0,-283000000.0,17900000.0,254600000.0,-56900000.0,-130100000.0,-130100000.0,-130100000.0,-20800000.0,0.0,-0.026,1084300000.0,2100000.0,379200000.0,0.0,-0.213,-2.367,-2.348,591400000.0,0.0,8.5,0.062,0.062,818500000.0,-2596000000.0,4954900000.0,4954900000.0,129000000.0,-0.037,1.618,-0.002,-0.001,1100000.0,955300000.0,1.0,36226738.0,36226738.0,,136.775,2634700000.0,111400000.0,40900000.0,0.0,72.728,212000000.0
51,UIS,MRT,2008-09-30,2008-09-30,2008-09-30,2021-08-02,-1131400000.0,3563400000.0,3811450000.0,1662000000.0,1901400000.0,1.44,10.571,-285500000.0,493800000.0,493800000.0,4179300000.0,-17100000.0,1.161,8.375,1061900000.0,2200000.0,1059700000.0,1061900000.0,0.0,279000000.0,0.0,0.0,0.0,130600000.0,409600000.0,0.075,409600000.0,130600000.0,46100000.0,-1.62,-1.62,-1.62,380100000.0,371850000.0,380100000.0,1581001558.0,12.0,3.86,78200000.0,2.175,1.0,1310100000.0,0.239,195900000.0,84500000.0,2503800000.0,2536800000.0,151300000.0,244200000.0,0.0,244200000.0,3183300000.0,1431800000.0,1751500000.0,988801558.0,45300000.0,-200000.0,0.0,4100000.0,0.0,3300000.0,-297600000.0,-11900000.0,363700000.0,-24100000.0,-58300000.0,-58300000.0,-58300000.0,0.0,41200000.0,-0.011,1152200000.0,157900000.0,337500000.0,0.0,2.601,-16.961,-16.975,643500000.0,0.0,27.5,0.18,0.18,853300000.0,-2538000000.0,5489400000.0,5489400000.0,146000000.0,-0.015,-0.157,0.051,0.024,-1100000.0,1006200000.0,1.0,35956420.0,35956420.0,,152.668,3367500000.0,111800000.0,104400000.0,0.0,93.655,230200000.0
52,UIS,MRT,2008-06-30,2008-06-30,2008-06-30,2021-08-02,-1157600000.0,3754000000.0,3873975000.0,1800500000.0,1953500000.0,1.438,10.958,-277900000.0,471400000.0,471400000.0,4242900000.0,-18500000.0,1.17,8.616,1063600000.0,3300000.0,1060300000.0,1063600000.0,0.0,269000000.0,0.0,0.0,0.0,123000000.0,392000000.0,0.07,392000000.0,123000000.0,41500000.0,-1.56,-1.56,-1.56,390400000.0,280075000.0,390400000.0,1982100673.0,16.0,5.056,-21400000.0,-0.601,1.0,1327200000.0,0.238,203700000.0,81500000.0,2603700000.0,2487850000.0,164100000.0,254000000.0,0.0,254000000.0,3363600000.0,1538800000.0,1824800000.0,1407200673.0,-49300000.0,200000.0,1000000.0,3700000.0,0.0,-1900000.0,-318500000.0,-40800000.0,256500000.0,14600000.0,-54600000.0,-54600000.0,-54600000.0,0.0,36100000.0,-0.01,1163600000.0,163600000.0,373300000.0,0.0,3.605,-25.773,-25.321,697100000.0,0.0,39.5,0.253,0.253,991100000.0,-2503300000.0,5570100000.0,5570100000.0,150000000.0,-0.014,-0.195,0.049,0.022,14100000.0,1013600000.0,1.0,35625334.0,35625334.0,,156.352,3550300000.0,111800000.0,96100000.0,0.0,99.657,261700000.0
53,UIS,MRT,2008-03-31,2008-03-31,2008-03-31,2021-08-02,-1190600000.0,3791300000.0,3893550000.0,1865300000.0,1926000000.0,1.44,9.912,-291000000.0,490200000.0,490200000.0,4283000000.0,-75500000.0,1.167,9.823,1065100000.0,3800000.0,1061300000.0,1065100000.0,0.0,262600000.0,0.0,0.0,0.0,106100000.0,368700000.0,0.066,368700000.0,106100000.0,27100000.0,-3.06,-3.06,-3.06,350300000.0,181925000.0,350300000.0,1998101511.0,19.0,5.419,-62900000.0,-1.78,1.0,1322800000.0,0.236,201200000.0,79000000.0,2566700000.0,2399100000.0,175000000.0,261000000.0,0.0,261000000.0,3441000000.0,1598300000.0,1842700000.0,1565601511.0,-74000000.0,28900000.0,5300000.0,4200000.0,0.0,2900000.0,-326500000.0,-36100000.0,228100000.0,21500000.0,-106100000.0,-106100000.0,-106100000.0,0.0,30600000.0,-0.019,1179300000.0,143500000.0,379900000.0,0.0,4.469,-14.756,-14.477,715200000.0,0.0,44.3,0.279,0.279,1031700000.0,-2489300000.0,5605800000.0,5605800000.0,169300000.0,-0.027,-0.583,0.044,0.019,11400000.0,1010000000.0,1.0,35340892.0,35340892.0,,158.621,3590100000.0,111800000.0,133200000.0,0.0,101.585,267000000.0
54,UIS,MRT,2007-12-31,2007-12-31,2007-12-31,2021-08-02,-1182900000.0,4137100000.0,3924050000.0,2212200000.0,1924900000.0,1.44,10.429,-309000000.0,830200000.0,830200000.0,4365500000.0,-53300000.0,1.167,10.285,1262700000.0,204400000.0,1058300000.0,1262700000.0,0.0,258900000.0,0.0,0.0,0.0,79900000.0,338800000.0,0.06,338800000.0,79900000.0,3600000.0,-2.26,-2.26,-2.26,366600000.0,93025000.0,366600000.0,2263913732.0,28.0,6.682,-135900000.0,-3.866,1.0,1287000000.0,0.228,200600000.0,76300000.0,2473000000.0,2361975000.0,171100000.0,268800000.0,0.0,268800000.0,3770500000.0,1896000000.0,1874500000.0,1662713732.0,110900000.0,28100000.0,12300000.0,203100000.0,0.0,209600000.0,-290700000.0,-9800000.0,173100000.0,18900000.0,-79100000.0,-79100000.0,-79100000.0,0.0,25800000.0,-0.014,1201100000.0,85900000.0,419600000.0,0.0,4.535,-21.02,-20.929,741600000.0,0.0,47.3,0.294,0.294,1059200000.0,-2465900000.0,5652500000.0,5652500000.0,179000000.0,-0.02,-0.85,0.034,0.014,7700000.0,1022100000.0,1.0,35152510.0,35152510.0,,160.799,3936500000.0,111800000.0,82700000.0,0.0,111.983,316200000.0
55,UIS,MRT,2007-09-30,2007-09-30,2007-09-30,2021-08-02,-1510500000.0,3813500000.0,3899250000.0,1922500000.0,1891000000.0,1.454,0.371,-296000000.0,448500000.0,448500000.0,4416800000.0,-71600000.0,1.008,292.346,1049700000.0,200300000.0,849400000.0,1049700000.0,0.0,253300000.0,0.0,0.0,0.0,82600000.0,335900000.0,0.059,335900000.0,82600000.0,7200000.0,-2.1,-2.1,-2.1,13000000.0,-14675000.0,13000000.0,2846159811.0,34.0,8.473,-202800000.0,-5.795,1.0,1252000000.0,0.221,199300000.0,75400000.0,2308000000.0,2304675000.0,195900000.0,282700000.0,0.0,282700000.0,3800500000.0,1907400000.0,1893100000.0,2316659811.0,-163500000.0,405500000.0,13000000.0,-800000.0,0.0,6400000.0,-289800000.0,-18700000.0,93200000.0,26700000.0,-71600000.0,-71600000.0,-71600000.0,0.0,0.0,-0.013,1166900000.0,85100000.0,420900000.0,0.0,178.205,-32.356,-31.524,763500000.0,0.0,66.2,0.409,0.409,1093000000.0,-2479700000.0,5668800000.0,5668800000.0,178600000.0,-0.018,4.879,0.036,0.015,10500000.0,988300000.0,1.0,34994861.0,34994861.0,,161.989,3614200000.0,212400000.0,78800000.0,0.0,103.278,15100000.0
56,UIS,MRT,2007-06-30,2007-06-30,2007-06-30,2021-08-02,-1541200000.0,3832300000.0,4206425000.0,1956700000.0,1875600000.0,1.352,-0.063,-285600000.0,520700000.0,520700000.0,4484200000.0,-118100000.0,1.021,-1742.955,1050200000.0,200900000.0,849300000.0,1050200000.0,0.0,257900000.0,0.0,0.0,0.0,15800000.0,273700000.0,0.048,273700000.0,15800000.0,-60100000.0,-3.5,-3.5,-3.5,-2200000.0,264125000.0,-2200000.0,3663964870.0,232.0,13.387,-172000000.0,-4.946,1.0,1201600000.0,0.211,196800000.0,75900000.0,2248700000.0,2587975000.0,187700000.0,286800000.0,0.0,286800000.0,3834500000.0,1916300000.0,1918200000.0,3178464870.0,-134400000.0,405600000.0,12000000.0,-10200000.0,0.0,1800000.0,-271100000.0,-10500000.0,113600000.0,21300000.0,-118100000.0,-118100000.0,-118100000.0,0.0,0.0,-0.021,1203000000.0,-1400000.0,373300000.0,0.0,-1444.757,-26.913,-26.114,770100000.0,0.0,91.4,0.559,0.559,1045200000.0,-2448700000.0,5685800000.0,5685800000.0,184400000.0,-0.028,-0.447,0.006,0.003,9000000.0,1018600000.0,1.0,34775327.0,34775327.0,,163.501,3635500000.0,221300000.0,58000000.0,0.0,104.543,40400000.0
57,UIS,MRT,2007-03-31,2007-03-31,2007-03-31,2021-08-02,-1588800000.0,3913300000.0,4517025000.0,2102800000.0,1810500000.0,1.266,-0.154,-266100000.0,564200000.0,564200000.0,4652300000.0,-247200000.0,1.177,-739.358,1049700000.0,500000.0,1049200000.0,1049700000.0,0.0,255700000.0,0.0,0.0,0.0,-162400000.0,93300000.0,0.016,93300000.0,-162400000.0,-238700000.0,-7.3,-7.3,-7.3,-5300000.0,562975000.0,-5300000.0,3241991701.0,-20.0,34.748,-368600000.0,-10.676,1.0,1065100000.0,0.186,194700000.0,76300000.0,2418200000.0,2899000000.0,188700000.0,290100000.0,0.0,290100000.0,3918600000.0,1785900000.0,2132700000.0,2910491701.0,-416000000.0,378300000.0,8000000.0,-76000000.0,0.0,-74200000.0,-255700000.0,-15600000.0,-102500000.0,16400000.0,-247200000.0,-247200000.0,-247200000.0,0.0,0.0,-0.043,1252700000.0,-187600000.0,396900000.0,0.0,-549.149,-11.774,-11.548,736400000.0,0.0,84.3,0.509,0.509,1164300000.0,-2383200000.0,5717400000.0,5717400000.0,198800000.0,-0.055,-0.439,-0.056,-0.028,7300000.0,1053900000.0,1.0,34525406.0,34525406.0,,165.6,3718600000.0,221300000.0,8500000.0,0.0,107.706,316900000.0
58,UIS,MRT,2006-12-31,2006-12-31,2006-12-31,2021-08-02,-1626000000.0,4037900000.0,4885625000.0,2238500000.0,1799400000.0,1.178,-1.863,-256500000.0,719300000.0,719300000.0,4747600000.0,-278700000.0,1.159,-63.896,1050800000.0,1700000.0,1049100000.0,1050800000.0,0.0,255600000.0,0.0,0.0,0.0,-173700000.0,81900000.0,0.014,81900000.0,-173700000.0,-250900000.0,-8.1,-8.1,-8.1,-64200000.0,909525000.0,-64200000.0,3140089278.0,-18.0,38.341,-227800000.0,-6.611,1.0,1009600000.0,0.175,193900000.0,77200000.0,2243800000.0,3148500000.0,176200000.0,304300000.0,0.0,304300000.0,4102100000.0,1931700000.0,2170400000.0,2701489278.0,76800000.0,379500000.0,1600000.0,-74900000.0,0.0,-77900000.0,109100000.0,-13900000.0,28700000.0,16900000.0,-278700000.0,-278700000.0,-278700000.0,0.0,0.0,-0.048,1336400000.0,-326800000.0,460900000.0,0.0,-42.079,-9.693,-9.679,742400000.0,0.0,78.4,0.469,0.469,1164600000.0,-2386800000.0,5757200000.0,5757200000.0,231700000.0,-0.057,-0.306,-0.055,-0.03,6700000.0,1104700000.0,1.0,34457771.0,34457771.0,,167.08,3844000000.0,221300000.0,27800000.0,0.0,111.557,306800000.0
59,UIS,MRT,2006-09-30,2006-09-30,2006-09-30,2021-08-02,-404900000.0,5042200000.0,4883375000.0,2209800000.0,2832400000.0,1.183,32.818,-285500000.0,612000000.0,612000000.0,4773500000.0,-331100000.0,1.196,3.469,1050600000.0,1400000.0,1049200000.0,1050600000.0,0.0,252400000.0,0.0,0.0,0.0,-195300000.0,57100000.0,0.01,57100000.0,-195300000.0,-273000000.0,-9.6,-9.6,-9.6,1128200000.0,917425000.0,1128200000.0,2351347562.0,-12.0,41.179,-164700000.0,-4.791,1.0,1001200000.0,0.173,191300000.0,77700000.0,3441200000.0,3213925000.0,188700000.0,308800000.0,0.0,308800000.0,3914000000.0,1848300000.0,2065700000.0,1945747562.0,145900000.0,-1000000.0,900000.0,-70700000.0,0.0,-74400000.0,95100000.0,1000000.0,120800000.0,4400000.0,-331100000.0,-331100000.0,-331100000.0,0.0,0.0,-0.057,1360000000.0,-358800000.0,377700000.0,0.0,1.725,-5.877,-5.896,758100000.0,0.0,56.6,0.337,0.337,1139900000.0,-2408100000.0,5774700000.0,5774700000.0,255900000.0,-0.068,-0.361,-0.061,-0.034,5200000.0,1104100000.0,1.0,34377165.0,34377165.0,,167.981,4850900000.0,250600000.0,58100000.0,0.0,141.108,361500000.0
60,UIS,MRT,2006-06-30,2006-06-30,2006-06-30,2021-08-02,-411300000.0,5074700000.0,4594875000.0,2186800000.0,2887900000.0,1.252,34.786,-310600000.0,655100000.0,655100000.0,4763200000.0,-1881800000.0,1.218,3.253,1060700000.0,11500000.0,1049200000.0,1060700000.0,0.0,247300000.0,0.0,0.0,0.0,-215700000.0,31600000.0,0.005,31600000.0,-215700000.0,-291500000.0,-55.1,-55.1,-55.1,1193200000.0,600125000.0,1193200000.0,2301417030.0,-11.0,72.83,-285300000.0,-8.317,1.0,988500000.0,0.172,192100000.0,75800000.0,3492800000.0,3032750000.0,183600000.0,318100000.0,0.0,318100000.0,3881500000.0,1795400000.0,2086100000.0,2154117030.0,256200000.0,22400000.0,900000.0,134500000.0,0.0,130800000.0,96400000.0,4000000.0,25300000.0,3700000.0,-1881800000.0,-1881800000.0,-1881800000.0,0.0,0.0,-0.327,1380600000.0,-392100000.0,390000000.0,0.0,1.805,-1.145,-1.14,782300000.0,0.0,62.8,0.375,0.375,1082200000.0,-2330600000.0,5751700000.0,5751700000.0,271600000.0,-0.41,-3.136,-0.071,-0.038,3800000.0,1109000000.0,1.0,34301227.0,34301227.0,,167.682,4882600000.0,248600000.0,1590300000.0,0.0,142.345,391400000.0
61,UIS,MRT,2006-03-31,2006-03-31,2006-03-31,2021-08-02,-409400000.0,5387700000.0,4652450000.0,2481600000.0,2906100000.0,1.242,40.381,-357500000.0,980200000.0,980200000.0,4676900000.0,-1714300000.0,1.288,2.902,1127500000.0,78400000.0,1049100000.0,1127500000.0,0.0,250100000.0,0.0,0.0,0.0,-55900000.0,194200000.0,0.034,194200000.0,-55900000.0,-127800000.0,-50.2,-50.2,-50.2,1380900000.0,671375000.0,1380900000.0,2839546774.0,-51.0,14.622,-75400000.0,-2.205,1.0,1103000000.0,0.191,192100000.0,71900000.0,3416200000.0,3058550000.0,188800000.0,321500000.0,0.0,321500000.0,4006800000.0,1926700000.0,2080100000.0,2356146774.0,538600000.0,21900000.0,6800000.0,198200000.0,0.0,206600000.0,57200000.0,12200000.0,282100000.0,-7300000.0,-1714300000.0,-1714300000.0,-1714300000.0,0.0,0.0,-0.297,1368000000.0,-265000000.0,445300000.0,0.0,1.706,-1.374,-1.373,782600000.0,0.0,68.9,0.408,0.408,1066400000.0,-2136000000.0,5779900000.0,5779900000.0,274300000.0,-0.368,-2.553,-0.018,-0.01,2700000.0,1093700000.0,1.0,34196615.0,34196615.0,,169.02,5195600000.0,226500000.0,1586500000.0,0.0,151.933,554900000.0
62,UIS,MRT,2005-12-31,2005-12-31,2005-12-31,2021-08-02,-1844900000.0,4028900000.0,4639100000.0,2153300000.0,1875600000.0,1.241,-0.955,-381500000.0,642500000.0,642500000.0,4597300000.0,-1731900000.0,1.187,-124.586,1125900000.0,76900000.0,1049000000.0,1125900000.0,0.0,249500000.0,0.0,0.0,0.0,-106200000.0,143300000.0,0.025,143300000.0,-106200000.0,-170900000.0,-50.9,-50.9,-50.9,-32600000.0,699275000.0,-32600000.0,2640915585.0,-25.0,18.429,-99500000.0,-2.916,1.0,1161400000.0,0.202,192000000.0,64700000.0,2505500000.0,3190950000.0,194100000.0,535400000.0,0.0,535400000.0,4061500000.0,1814800000.0,2246700000.0,1989615585.0,-18000000.0,21900000.0,12800000.0,49600000.0,0.0,62400000.0,-343000000.0,16600000.0,282000000.0,-19400000.0,-1731900000.0,-1731900000.0,-1731900000.0,0.0,0.0,-0.301,1323800000.0,-162400000.0,444600000.0,0.0,-61.031,-1.149,-1.145,802400000.0,0.0,58.3,0.345,0.345,1111500000.0,-2108100000.0,5758700000.0,5758700000.0,263900000.0,-0.373,-2.477,-0.033,-0.018,600000.0,1059900000.0,1.0,34127197.0,34127197.0,,168.742,3836900000.0,206600000.0,1561000000.0,0.0,112.429,338500000.0
63,UIS,MRT,2005-09-30,2005-09-30,2005-09-30,2021-08-02,-1979100000.0,3888200000.0,5037100000.0,1947800000.0,1940400000.0,1.134,-4.14,-417500000.0,466100000.0,466100000.0,4666700000.0,-1735700000.0,1.195,-28.576,1117400000.0,65200000.0,1052200000.0,1117400000.0,0.0,257000000.0,0.0,0.0,0.0,-225500000.0,31500000.0,0.006,31500000.0,-225500000.0,-288000000.0,-50.9,-51.0,-50.9,-141000000.0,1084050000.0,-141000000.0,2763652710.0,-12.0,87.735,-168100000.0,-4.936,1.0,1046500000.0,0.183,193100000.0,62500000.0,2716500000.0,3514275000.0,196000000.0,532400000.0,0.0,532400000.0,4029200000.0,1629900000.0,2399300000.0,2261252710.0,-107600000.0,23800000.0,20700000.0,24900000.0,0.0,45600000.0,-404800000.0,-11100000.0,249400000.0,2200000.0,-1735700000.0,-1735700000.0,-1735700000.0,0.0,0.0,-0.304,1324000000.0,-277500000.0,413000000.0,0.0,-16.037,-1.303,-1.305,826200000.0,0.0,66.4,0.396,0.396,1118200000.0,-2077000000.0,5713200000.0,5713200000.0,268900000.0,-0.345,-1.601,-0.064,-0.039,1600000.0,1055100000.0,1.0,34055011.0,34055011.0,,167.764,3695100000.0,212000000.0,1447700000.0,0.0,108.504,317900000.0
64,UIS,MRT,2005-06-30,2005-06-30,2005-06-30,2021-08-02,-1983400000.0,5305000000.0,5417600000.0,2124000000.0,3181000000.0,1.065,43.625,-415800000.0,398900000.0,398900000.0,4630300000.0,-82300000.0,1.05,2.589,901300000.0,401900000.0,499400000.0,901300000.0,0.0,259300000.0,0.0,0.0,0.0,-203600000.0,55700000.0,0.01,55700000.0,-203600000.0,-265200000.0,-2.3,-2.5,-2.3,1478200000.0,1503700000.0,1478200000.0,2606059878.0,-13.0,46.787,-92600000.0,-2.733,1.0,1141500000.0,0.198,188800000.0,61600000.0,3596000000.0,3777925000.0,205700000.0,551000000.0,0.0,551000000.0,3826800000.0,2022600000.0,1804200000.0,2144859878.0,-244500000.0,-5600000.0,27600000.0,-161400000.0,0.0,-133800000.0,-438400000.0,-17000000.0,323200000.0,4500000.0,-82300000.0,-82300000.0,-82300000.0,0.0,0.0,-0.014,1380800000.0,-239300000.0,431600000.0,0.0,1.451,-26.061,-27.522,841100000.0,0.0,63.3,0.372,0.372,1073100000.0,-448800000.0,5771800000.0,5771800000.0,283000000.0,-0.015,-0.055,-0.054,-0.035,1400000.0,1097800000.0,1.0,33884042.0,33884042.0,,170.34,5116200000.0,1687000000.0,-182900000.0,0.0,150.991,101400000.0
65,UIS,MRT,2005-03-31,2005-03-31,2005-03-31,2021-08-02,-1985000000.0,5334300000.0,5445575000.0,2145900000.0,3188400000.0,1.051,44.249,-418300000.0,441600000.0,441600000.0,4493200000.0,-35800000.0,1.292,2.574,902800000.0,4200000.0,898600000.0,902800000.0,0.0,262100000.0,0.0,0.0,0.0,-132100000.0,130000000.0,0.023,130000000.0,-132100000.0,-196700000.0,-0.9,-1.1,-0.9,1492500000.0,1507350000.0,1492500000.0,2771929620.0,-21.0,21.323,-50900000.0,-1.509,1.0,1231200000.0,0.215,188400000.0,64600000.0,3945800000.0,3785600000.0,222600000.0,550900000.0,0.0,550900000.0,3841800000.0,1661300000.0,2180500000.0,2381329620.0,-229800000.0,-17700000.0,34300000.0,-181700000.0,0.0,-147400000.0,-455300000.0,-19300000.0,367400000.0,5500000.0,-35800000.0,-35800000.0,-35800000.0,0.0,0.0,-0.006,1391000000.0,-159800000.0,365600000.0,0.0,1.596,-66.518,-78.444,840800000.0,0.0,70.6,0.416,0.416,1050100000.0,-421700000.0,5724400000.0,5724400000.0,287700000.0,-0.007,-0.024,-0.035,-0.023,1000000.0,1103300000.0,1.0,33729881.0,33729881.0,,169.713,5145900000.0,1686700000.0,-160900000.0,0.0,152.562,484600000.0
66,UIS,MRT,2004-12-31,2004-12-31,2004-12-31,2021-08-02,-2004500000.0,5620900000.0,5505350000.0,2417600000.0,3203300000.0,1.057,44.846,-434100000.0,660500000.0,660500000.0,4458300000.0,38600000.0,1.195,2.731,1051100000.0,152700000.0,898400000.0,1051100000.0,0.0,259800000.0,0.0,0.0,0.0,-7000000.0,252800000.0,0.043,252800000.0,-7000000.0,-76000000.0,1.2,1.1,1.2,1506500000.0,1500175000.0,1506500000.0,3916376806.0,-559.0,15.492,35700000.0,1.063,1.0,1362400000.0,0.234,189900000.0,69000000.0,3798800000.0,3695450000.0,216100000.0,533900000.0,0.0,533900000.0,4114400000.0,2022800000.0,2091600000.0,3419776806.0,24600000.0,-17700000.0,38800000.0,-23500000.0,0.0,15300000.0,-479600000.0,-27800000.0,469800000.0,19100000.0,38600000.0,38600000.0,38600000.0,0.0,0.0,0.007,1397200000.0,-34800000.0,487400000.0,0.0,2.27,88.595,84.833,856000000.0,0.0,101.8,0.588,0.588,1136800000.0,-376200000.0,5820700000.0,5820700000.0,294300000.0,0.007,0.026,-0.002,-0.001,1400000.0,1102900000.0,1.0,33593092.0,33593092.0,,173.271,5431000000.0,1686400000.0,-114600000.0,0.0,161.67,394800000.0
67,UIS,MRT,2004-09-30,2004-09-30,2004-09-30,2021-08-02,-1993900000.0,5410200000.0,5467525000.0,2155500000.0,3254700000.0,1.085,45.92,-460600000.0,573700000.0,573700000.0,4324000000.0,185000000.0,1.105,2.519,1070300000.0,170800000.0,899500000.0,1070300000.0,0.0,260300000.0,0.0,0.0,0.0,244400000.0,504700000.0,0.085,504700000.0,244400000.0,174700000.0,5.7,5.6,5.7,1537600000.0,1472350000.0,1537600000.0,3875119213.0,16.0,7.678,191000000.0,5.704,1.0,1610300000.0,0.271,185300000.0,69700000.0,3771100000.0,3663475000.0,219900000.0,507700000.0,0.0,507700000.0,3872600000.0,1950400000.0,1922200000.0,3455619213.0,171000000.0,-21900000.0,41400000.0,-11800000.0,0.0,29600000.0,-517500000.0,-35000000.0,651600000.0,7300000.0,185000000.0,185000000.0,185000000.0,0.0,0.0,0.031,1407400000.0,202900000.0,392600000.0,0.0,2.247,18.679,18.105,923300000.0,0.0,103.2,0.582,0.582,962000000.0,-341300000.0,5934300000.0,5934300000.0,299500000.0,0.034,0.126,0.067,0.041,0.0,1107900000.0,1.0,33484682.0,33484682.0,,177.224,5224900000.0,1680700000.0,-10300000.0,153500000.0,156.039,205100000.0
68,UIS,MRT,2004-06-30,2004-06-30,2004-06-30,2021-08-02,-2001100000.0,5416900000.0,5411500000.0,2140100000.0,3276800000.0,1.097,44.786,-475400000.0,643400000.0,643400000.0,4243900000.0,216000000.0,1.058,2.629,1062900000.0,161100000.0,901800000.0,1062900000.0,0.0,249200000.0,0.0,0.0,0.0,386600000.0,635800000.0,0.107,635800000.0,386600000.0,315900000.0,6.6,6.6,6.6,1492800000.0,1356900000.0,1492800000.0,5033925664.0,13.0,7.917,284500000.0,8.535,1.0,1694400000.0,0.285,186600000.0,70700000.0,3626700000.0,3660150000.0,232700000.0,513100000.0,0.0,513100000.0,3924100000.0,2023100000.0,1901000000.0,4626425664.0,261600000.0,-15900000.0,41600000.0,-19000000.0,0.0,22600000.0,-525400000.0,-34100000.0,759900000.0,4500000.0,216000000.0,216000000.0,216000000.0,0.0,0.0,0.036,1347600000.0,346800000.0,429800000.0,0.0,3.099,21.419,21.03,952500000.0,0.0,138.8,0.779,0.779,885200000.0,-366400000.0,5938300000.0,5938300000.0,292400000.0,0.04,0.159,0.106,0.065,0.0,1055200000.0,1.0,33331597.0,33331597.0,,178.158,5230300000.0,1658100000.0,99900000.0,192200000.0,156.917,117000000.0
69,UIS,MRT,2004-03-31,2004-03-31,2004-03-31,2021-08-02,-1990200000.0,5573400000.0,5345975000.0,2315100000.0,3258300000.0,1.118,44.12,-460700000.0,671400000.0,671400000.0,4255800000.0,249100000.0,1.043,2.807,1078900000.0,179100000.0,899800000.0,1078900000.0,0.0,239100000.0,0.0,0.0,0.0,436300000.0,675400000.0,0.113,675400000.0,436300000.0,365400000.0,7.6,7.6,7.6,1463800000.0,1234225000.0,1463800000.0,5170119899.0,12.0,7.655,304200000.0,9.169,1.0,1719400000.0,0.288,176700000.0,70900000.0,3585200000.0,3688525000.0,257800000.0,499600000.0,0.0,499600000.0,4109600000.0,2219000000.0,1890600000.0,4737819899.0,238300000.0,-4500000.0,36300000.0,-58600000.0,0.0,-22300000.0,-525100000.0,-59900000.0,764900000.0,20800000.0,249100000.0,249100000.0,249100000.0,0.0,0.0,0.042,1309500000.0,409900000.0,522300000.0,0.0,3.237,19.02,18.789,951200000.0,0.0,142.8,0.793,0.793,1002600000.0,-385900000.0,5975200000.0,5975200000.0,284800000.0,0.047,0.202,0.118,0.073,0.0,1024700000.0,1.0,33178010.0,33178010.0,,180.095,5396700000.0,1656000000.0,116300000.0,206100000.0,162.659,96100000.0
70,UIS,MRT,2003-12-31,2003-12-31,2003-12-31,2021-08-02,-2011900000.0,5469600000.0,5215850000.0,2258000000.0,3211600000.0,1.133,42.225,-437000000.0,635900000.0,635900000.0,4196200000.0,258700000.0,1.1,2.92,1068200000.0,19900000.0,1048300000.0,1068200000.0,0.0,226700000.0,0.0,0.0,0.0,450100000.0,676800000.0,0.114,676800000.0,450100000.0,380500000.0,7.9,7.8,7.9,1395200000.0,1093675000.0,1395200000.0,5573494796.0,12.0,8.235,133800000.0,4.049,1.0,1715000000.0,0.29,177500000.0,69600000.0,3670900000.0,3712625000.0,238600000.0,485500000.0,0.0,485500000.0,4074400000.0,2053500000.0,2020900000.0,4906694796.0,334100000.0,-5300000.0,31500000.0,224000000.0,0.0,255500000.0,-510400000.0,-68100000.0,570800000.0,18200000.0,258700000.0,258700000.0,258700000.0,0.0,0.0,0.044,1287300000.0,427700000.0,513800000.0,0.0,3.517,18.967,18.797,901700000.0,0.0,148.5,0.83,0.83,1027800000.0,-414800000.0,5911200000.0,5911200000.0,280100000.0,0.05,0.237,0.121,0.076,0.0,1007200000.0,1.0,33041716.0,33041716.0,,178.901,5292100000.0,1654600000.0,121800000.0,214100000.0,160.164,204500000.0
71,UIS,MRT,2003-09-30,2003-09-30,2003-09-30,2021-08-02,-2202400000.0,5186100000.0,5093800000.0,2014400000.0,3171700000.0,1.144,32.682,-432200000.0,402700000.0,402700000.0,4130400000.0,236300000.0,1.044,3.821,1069500000.0,22100000.0,1047400000.0,1069500000.0,0.0,233300000.0,0.0,0.0,0.0,417200000.0,650500000.0,0.112,650500000.0,417200000.0,352600000.0,7.3,7.3,7.3,1075800000.0,958875000.0,1075800000.0,5138488352.0,12.0,7.899,50000000.0,1.519,1.0,1696000000.0,0.291,165600000.0,64600000.0,3757800000.0,3593100000.0,249800000.0,453200000.0,0.0,453200000.0,4110300000.0,1929500000.0,2180800000.0,4453688352.0,236500000.0,-2000000.0,28100000.0,196600000.0,0.0,224700000.0,-485700000.0,-51500000.0,482200000.0,15300000.0,236300000.0,236300000.0,236300000.0,0.0,0.0,0.041,1276300000.0,419700000.0,416600000.0,0.0,4.14,18.848,18.534,684500000.0,0.0,135.3,0.764,0.764,961800000.0,-526400000.0,5826400000.0,5826400000.0,279400000.0,0.046,0.246,0.116,0.072,0.0,996900000.0,1.0,32917135.0,32917135.0,,177.002,5020500000.0,1789800000.0,116300000.0,248600000.0,152.519,84900000.0
72,UIS,MRT,2003-06-30,2003-06-30,2003-06-30,2021-08-02,-2207000000.0,5154800000.0,5167400000.0,2020400000.0,3134400000.0,1.105,30.573,-413300000.0,381800000.0,381800000.0,4035100000.0,239100000.0,1.045,4.144,1066600000.0,19900000.0,1046700000.0,1066600000.0,0.0,220900000.0,0.0,0.0,0.0,421700000.0,642600000.0,0.113,642600000.0,421700000.0,356700000.0,7.4,7.4,7.4,1002100000.0,1242825000.0,1002100000.0,4719390041.0,11.0,7.344,12400000.0,0.378,1.0,1673900000.0,0.293,165100000.0,65000000.0,3740200000.0,3665650000.0,273300000.0,454400000.0,0.0,454400000.0,4152700000.0,1934300000.0,2218400000.0,4025090041.0,180700000.0,-2900000.0,26800000.0,189200000.0,0.0,216000000.0,-474800000.0,-58600000.0,425700000.0,13800000.0,239100000.0,239100000.0,239100000.0,0.0,0.0,0.042,1263900000.0,410000000.0,472900000.0,0.0,4.017,16.834,16.595,659100000.0,0.0,122.8,0.705,0.705,957900000.0,-582600000.0,5709000000.0,5709000000.0,276700000.0,0.046,0.192,0.115,0.074,0.0,987200000.0,1.0,32777606.0,32777606.0,,174.174,4989700000.0,1788800000.0,117600000.0,246400000.0,152.229,86100000.0
73,UIS,MRT,2003-03-31,2003-03-31,2003-03-31,2021-08-02,-2242600000.0,5052900000.0,5265625000.0,1995700000.0,3057200000.0,1.072,27.639,-415400000.0,433100000.0,433100000.0,3957500000.0,228800000.0,1.048,4.604,1127400000.0,81100000.0,1046300000.0,1127400000.0,0.0,204100000.0,0.0,0.0,0.0,406100000.0,610200000.0,0.108,610200000.0,406100000.0,341400000.0,7.1,7.1,7.1,901600000.0,1540075000.0,901600000.0,3548533048.0,9.0,5.815,-99800000.0,-3.059,1.0,1686300000.0,0.299,161700000.0,64700000.0,3681600000.0,3730750000.0,290200000.0,433900000.0,0.0,433900000.0,4151300000.0,1903900000.0,2247400000.0,3020633048.0,149800000.0,-5600000.0,27900000.0,273100000.0,0.0,301000000.0,-475500000.0,-54500000.0,315600000.0,8700000.0,228800000.0,228800000.0,228800000.0,0.0,0.0,0.041,1265300000.0,421000000.0,434900000.0,0.0,3.35,13.202,13.042,617800000.0,0.0,92.6,0.535,0.535,862700000.0,-635000000.0,5643800000.0,5643800000.0,275000000.0,0.043,0.149,0.109,0.072,0.0,990300000.0,1.0,32620227.0,32620227.0,,173.015,4891200000.0,1788300000.0,112600000.0,235000000.0,149.944,91800000.0
74,UIS,MRT,2002-12-31,2002-12-31,2002-12-31,2021-08-02,-2236900000.0,4981400000.0,5406125000.0,1946000000.0,3035400000.0,1.037,26.381,-401700000.0,301800000.0,301800000.0,3918900000.0,223000000.0,0.903,4.819,829700000.0,81700000.0,748000000.0,829700000.0,0.0,190100000.0,0.0,0.0,0.0,399300000.0,589400000.0,0.105,589400000.0,399300000.0,332800000.0,6.9,6.9,6.9,856000000.0,1855725000.0,856000000.0,3909508331.0,10.0,6.633,-11600000.0,-0.357,1.0,1688500000.0,0.301,160600000.0,66500000.0,3192800000.0,3778975000.0,292800000.0,423600000.0,0.0,423600000.0,4125400000.0,2155900000.0,1969500000.0,3212308331.0,-24100000.0,-4800000.0,29000000.0,-3700000.0,0.0,25300000.0,-444800000.0,-38300000.0,390100000.0,5300000.0,223000000.0,223000000.0,223000000.0,0.0,0.0,0.04,1265300000.0,423200000.0,532500000.0,0.0,3.753,14.405,14.348,767800000.0,0.0,99.0,0.573,0.573,955600000.0,-673500000.0,5607400000.0,5607400000.0,273300000.0,0.041,0.12,0.106,0.071,0.0,992000000.0,1.0,32447559.0,32447559.0,,172.814,4820800000.0,1787300000.0,109800000.0,228900000.0,148.572,-209900000.0
75,UIS,MRT,2002-09-30,2002-09-30,2002-09-30,2021-08-02,-779800000.0,5480500000.0,5603050000.0,1756300000.0,3724200000.0,1.002,68.432,-358200000.0,166200000.0,166200000.0,4136300000.0,-35500000.0,0.891,1.478,863400000.0,114500000.0,748900000.0,863400000.0,0.0,167100000.0,0.0,0.0,0.0,38800000.0,205900000.0,0.037,205900000.0,38800000.0,-34400000.0,-1.2,-1.2,-1.2,2211600000.0,2169900000.0,2211600000.0,2926287209.0,75.0,14.212,-21100000.0,-0.653,1.0,1475200000.0,0.263,158500000.0,73200000.0,4048000000.0,3929975000.0,257500000.0,479700000.0,0.0,479700000.0,3268900000.0,1971200000.0,1297700000.0,2262287209.0,-53500000.0,-11700000.0,29300000.0,-34300000.0,0.0,-5000000.0,-383200000.0,-13300000.0,337100000.0,-2400000.0,-35500000.0,-35500000.0,-35500000.0,0.0,0.0,-0.006,1403600000.0,71600000.0,455800000.0,0.0,1.023,-63.726,-58.333,586700000.0,0.0,70.0,0.403,0.403,901700000.0,-762600000.0,5611500000.0,5611500000.0,299500000.0,-0.006,-0.016,0.01,0.007,0.0,1104100000.0,1.0,32318389.0,32318389.0,,173.632,5322000000.0,1092900000.0,1100000.0,241600000.0,164.674,-214900000.0
76,UIS,MRT,2002-06-30,2002-06-30,2002-06-30,2021-08-02,-730800000.0,5547700000.0,5631425000.0,1877600000.0,3670100000.0,1.004,68.08,-361200000.0,201100000.0,201100000.0,4203100000.0,-73600000.0,0.916,1.532,865100000.0,119000000.0,746100000.0,865100000.0,0.0,165600000.0,0.0,0.0,0.0,-19200000.0,146400000.0,0.026,146400000.0,-19200000.0,-91300000.0,-2.3,-2.3,-2.3,2191100000.0,2183600000.0,2191100000.0,3455275507.0,-180.0,23.602,-156200000.0,-4.853,1.0,1452100000.0,0.257,161700000.0,72100000.0,4000600000.0,3823950000.0,273000000.0,475400000.0,0.0,475400000.0,3356600000.0,2049400000.0,1307200000.0,2896575507.0,-43600000.0,-10800000.0,30700000.0,99200000.0,0.0,129900000.0,-380200000.0,-8200000.0,205000000.0,1700000.0,-73600000.0,-73600000.0,-73600000.0,0.0,0.0,-0.013,1432900000.0,19200000.0,499300000.0,0.0,1.322,-39.356,-39.13,576400000.0,0.0,90.0,0.512,0.512,958500000.0,-821700000.0,5655200000.0,5655200000.0,307400000.0,-0.013,-0.034,-0.005,-0.003,0.0,1125500000.0,1.0,32184172.0,32184172.0,,175.714,5386000000.0,1092600000.0,-17700000.0,232300000.0,167.349,-171800000.0
77,UIS,MRT,2002-03-31,2002-03-31,2002-03-31,2021-08-02,-700200000.0,5614900000.0,5649100000.0,1987000000.0,3627900000.0,1.019,67.527,-345500000.0,283300000.0,283300000.0,4311800000.0,-103700000.0,0.929,1.594,842000000.0,96500000.0,745500000.0,842000000.0,0.0,158700000.0,0.0,0.0,0.0,-55900000.0,102800000.0,0.018,102800000.0,-55900000.0,-127500000.0,-3.2,-3.2,-3.2,2164200000.0,2197075000.0,2164200000.0,4548035014.0,-81.0,44.242,-157300000.0,-4.908,1.0,1445000000.0,0.251,159300000.0,71600000.0,3874500000.0,3703000000.0,313600000.0,506700000.0,0.0,506700000.0,3450700000.0,2139800000.0,1310900000.0,4047835014.0,-42700000.0,-9100000.0,31800000.0,83200000.0,0.0,115000000.0,-337000000.0,17600000.0,188200000.0,-8900000.0,-103700000.0,-103700000.0,-103700000.0,0.0,0.0,-0.018,1477000000.0,-32000000.0,555300000.0,0.0,1.87,-39.034,-39.469,537300000.0,0.0,126.3,0.703,0.703,936000000.0,-863800000.0,5756800000.0,5756800000.0,320600000.0,-0.018,-0.047,-0.015,-0.01,0.0,1156400000.0,1.0,32049367.0,32049367.0,,179.623,5455600000.0,1091900000.0,-23800000.0,228800000.0,170.225,-152800000.0
78,UIS,MRT,2001-12-31,2001-12-31,2001-12-31,2021-08-02,-706800000.0,5769100000.0,5682675000.0,2204100000.0,3565000000.0,1.059,66.207,-336200000.0,325900000.0,325900000.0,4534800000.0,-67100000.0,0.953,1.731,826100000.0,81100000.0,745000000.0,826100000.0,0.0,156000000.0,0.0,0.0,0.0,-3000000.0,153000000.0,0.025,153000000.0,-3000000.0,-73000000.0,-2.1,-2.1,-2.1,2112700000.0,2225150000.0,2112700000.0,4676493692.0,-1559.0,30.565,-133800000.0,-4.193,1.0,1483300000.0,0.246,159000000.0,70000000.0,3796800000.0,3588250000.0,345800000.0,500200000.0,0.0,500200000.0,3656400000.0,2313500000.0,1342900000.0,4001593692.0,-52100000.0,-9100000.0,33600000.0,38000000.0,0.0,71600000.0,-325600000.0,19700000.0,202400000.0,-500000.0,-67100000.0,-67100000.0,-67100000.0,0.0,0.0,-0.011,1487800000.0,-4500000.0,694900000.0,0.0,1.894,-59.636,-59.714,549600000.0,0.0,125.4,0.665,0.665,1093700000.0,-896500000.0,6018100000.0,6018100000.0,331500000.0,-0.012,-0.03,-0.001,0.0,0.0,1156300000.0,1.0,31910636.0,31910636.0,,188.592,5610100000.0,1090400000.0,-5900000.0,234600000.0,175.807,-109400000.0
79,UIS,MRT,2001-09-30,2001-09-30,2001-09-30,2021-08-02,-710000000.0,5594000000.0,5668725000.0,2199700000.0,3394300000.0,1.127,71.249,-325700000.0,219700000.0,219700000.0,4590300000.0,141400000.0,1.015,1.468,894600000.0,282700000.0,611900000.0,894600000.0,0.0,132300000.0,0.0,0.0,0.0,300700000.0,433000000.0,0.068,433000000.0,300700000.0,228600000.0,4.5,,4.5,2266400000.0,2243500000.0,2266400000.0,3275610529.0,11.0,7.565,102200000.0,3.213,1.0,1799200000.0,0.282,476900000.0,72100000.0,3623900000.0,3456675000.0,398400000.0,204700000.0,0.0,204700000.0,3327600000.0,2168100000.0,1159500000.0,2754710529.0,-15200000.0,-2200000.0,34800000.0,-159200000.0,0.0,-124400000.0,-316200000.0,11700000.0,427900000.0,-2500000.0,141400000.0,141400000.0,141400000.0,0.0,0.0,0.022,1509400000.0,289800000.0,558800000.0,0.0,1.215,19.482,19.244,539200000.0,0.0,86.6,0.431,0.431,989300000.0,-727100000.0,6389500000.0,6389500000.0,320400000.0,0.025,0.063,0.087,0.047,0.0,1189000000.0,1.0,31809590.0,31809590.0,,200.867,5117100000.0,1047700000.0,87200000.0,267300000.0,160.867,31600000.0
80,UIS,MRT,2001-06-30,2001-06-30,2001-06-30,2021-08-02,-698000000.0,5618400000.0,5731350000.0,2278700000.0,3339700000.0,1.17,70.888,-343600000.0,244700000.0,244700000.0,4810400000.0,163400000.0,0.983,1.503,765600000.0,203200000.0,562400000.0,765600000.0,0.0,129000000.0,0.0,0.0,0.0,336500000.0,465500000.0,0.069,465500000.0,336500000.0,262400000.0,5.2,,5.2,2245000000.0,2219650000.0,2245000000.0,5064205074.0,15.0,10.879,196200000.0,6.195,1.0,1894000000.0,0.283,303400000.0,74100000.0,3516800000.0,3437375000.0,420900000.0,204700000.0,0.0,204700000.0,3373400000.0,2319100000.0,1054300000.0,4658605074.0,62200000.0,-5200000.0,36400000.0,-201500000.0,0.0,-165100000.0,-307800000.0,41000000.0,539800000.0,-4700000.0,163400000.0,163400000.0,163400000.0,0.0,0.0,0.024,1570900000.0,323100000.0,669400000.0,0.0,2.075,28.51,28.288,630300000.0,0.0,147.1,0.695,0.695,1040100000.0,-748000000.0,6704400000.0,6704400000.0,324500000.0,0.029,0.074,0.098,0.05,0.0,1246400000.0,1.0,31669647.0,31669647.0,,211.698,5315000000.0,1047000000.0,99000000.0,279600000.0,167.826,-40400000.0
81,UIS,MRT,2001-03-31,2001-03-31,2001-03-31,2021-08-02,-637600000.0,5749200000.0,5730275000.0,2472100000.0,3277100000.0,1.194,72.183,-332400000.0,326000000.0,326000000.0,4862700000.0,187800000.0,1.014,1.525,731600000.0,195800000.0,535800000.0,731600000.0,0.0,131100000.0,0.0,0.0,0.0,376400000.0,507500000.0,0.074,507500000.0,376400000.0,301200000.0,6.0,,6.0,2276500000.0,2187525000.0,2276500000.0,4799908296.0,13.0,9.458,154200000.0,4.889,1.0,1977400000.0,0.289,301100000.0,75200000.0,3415500000.0,3428650000.0,440200000.0,225800000.0,0.0,225800000.0,3472700000.0,2438200000.0,1034500000.0,4415308296.0,-71400000.0,-10100000.0,43300000.0,-320500000.0,0.0,-277200000.0,-271300000.0,71200000.0,486600000.0,-9500000.0,187800000.0,187800000.0,187800000.0,0.0,0.0,0.027,1620000000.0,357400000.0,655500000.0,0.0,1.94,23.511,23.333,617500000.0,0.0,140.0,0.646,0.646,1140600000.0,-760100000.0,6840100000.0,6840100000.0,327500000.0,0.033,0.086,0.11,0.055,0.0,1292500000.0,1.0,31537916.0,31537916.0,,216.885,5448100000.0,1046300000.0,113400000.0,299400000.0,172.748,33900000.0
82,UIS,MRT,2000-12-31,2000-12-31,2000-12-31,2021-08-02,-643700000.0,5713300000.0,5744550000.0,2587000000.0,3126300000.0,1.199,69.591,-330700000.0,378000000.0,378000000.0,4795900000.0,225000000.0,0.98,1.613,762600000.0,226300000.0,536300000.0,762600000.0,0.0,135600000.0,0.0,0.0,0.0,439000000.0,574600000.0,0.083,574600000.0,439000000.0,359200000.0,7.2,,7.2,2186100000.0,2140300000.0,2186100000.0,5387803726.0,12.0,9.377,89200000.0,2.84,1.0,2089100000.0,0.303,186300000.0,79800000.0,3270500000.0,3414250000.0,425500000.0,522500000.0,0.0,522500000.0,3527200000.0,2641100000.0,886100000.0,4595803726.0,-86000000.0,-13900000.0,51100000.0,-268400000.0,0.0,-217300000.0,-270900000.0,73700000.0,419900000.0,-17700000.0,225000000.0,225000000.0,225000000.0,0.0,0.0,0.033,1662300000.0,426800000.0,847700000.0,0.0,2.102,20.426,20.319,509900000.0,0.0,146.3,0.668,0.668,1247400000.0,-829400000.0,6885000000.0,6885000000.0,333600000.0,0.039,0.105,0.129,0.064,0.0,1328700000.0,1.0,31413559.0,31413559.0,,219.173,5527000000.0,1044200000.0,134200000.0,288300000.0,175.943,-54100000.0
83,UIS,MRT,2000-09-30,2000-09-30,2000-09-30,2021-08-02,-605600000.0,5844500000.0,5788650000.0,2618000000.0,3226500000.0,1.195,69.358,-333300000.0,234900000.0,234900000.0,4740000000.0,330300000.0,0.933,1.692,1026900000.0,491000000.0,535900000.0,1026900000.0,0.0,133100000.0,0.0,0.0,0.0,596400000.0,729500000.0,0.105,729500000.0,596400000.0,513900000.0,10.7,,10.7,2171000000.0,2082100000.0,2171000000.0,4277105498.0,7.0,5.863,-208500000.0,-6.661,1.0,2176600000.0,0.315,283200000.0,82500000.0,3546700000.0,3483475000.0,419100000.0,224500000.0,0.0,224500000.0,3673500000.0,2806600000.0,866900000.0,3521405498.0,-139100000.0,-13900000.0,55800000.0,-24100000.0,0.0,31700000.0,-281500000.0,65700000.0,124800000.0,-14100000.0,330300000.0,330300000.0,330300000.0,0.0,0.0,0.048,1599600000.0,577000000.0,990500000.0,0.0,1.622,10.661,10.514,615900000.0,0.0,112.5,0.509,0.509,1386900000.0,-868400000.0,6916600000.0,6916600000.0,325800000.0,0.057,0.159,0.171,0.086,0.0,1273800000.0,1.0,31301382.0,31301382.0,,220.968,5561300000.0,1137900000.0,183600000.0,359500000.0,177.669,-188600000.0
84,UIS,MRT,2000-06-30,2000-06-30,2000-06-30,2021-08-02,-602500000.0,5614100000.0,5718825000.0,2469000000.0,3145100000.0,1.24,67.885,-316500000.0,182500000.0,182500000.0,4719000000.0,425800000.0,0.943,1.653,938200000.0,402400000.0,535800000.0,938200000.0,0.0,132400000.0,0.0,0.0,0.0,731000000.0,863400000.0,0.122,863400000.0,731000000.0,632900000.0,13.8,,13.8,2116500000.0,1978325000.0,2116500000.0,5305928615.0,7.0,6.145,-40500000.0,-1.299,1.0,2372100000.0,0.335,268500000.0,98100000.0,3481900000.0,3461075000.0,399400000.0,231000000.0,0.0,231000000.0,3497600000.0,2619400000.0,878200000.0,4676628615.0,-264100000.0,-12900000.0,75300000.0,-290100000.0,0.0,-242300000.0,-283100000.0,46300000.0,276000000.0,-14700000.0,425800000.0,423900000.0,423900000.0,0.0,0.0,0.06,1643000000.0,729100000.0,876600000.0,0.0,2.21,11.032,10.87,610300000.0,1900000.0,150.0,0.66,0.66,1314000000.0,-911300000.0,7091100000.0,7091100000.0,334500000.0,0.074,0.214,0.211,0.103,0.0,1308500000.0,1.0,31177524.0,31177524.0,,227.443,5345600000.0,1137000000.0,207100000.0,353100000.0,171.457,-150400000.0
85,UIS,MRT,2000-03-31,2000-03-31,2000-03-31,2021-08-02,-567500000.0,5806300000.0,5678150000.0,2704000000.0,3102300000.0,1.302,67.216,-303300000.0,397400000.0,397400000.0,4835100000.0,507300000.0,0.961,1.781,1026700000.0,473500000.0,553200000.0,1026700000.0,0.0,137100000.0,0.0,0.0,0.0,864000000.0,1001100000.0,0.135,1001100000.0,864000000.0,749900000.0,16.5,,16.5,2087600000.0,1846700000.0,2087600000.0,8514854457.0,10.0,8.505,122300000.0,3.938,1.0,2555400000.0,0.346,264900000.0,114100000.0,3357900000.0,3471025000.0,377300000.0,221900000.0,0.0,221900000.0,3718700000.0,2812800000.0,905900000.0,7978854457.0,-35500000.0,-55200000.0,90500000.0,-144900000.0,0.0,-114300000.0,-336600000.0,21900000.0,425600000.0,-10200000.0,507300000.0,493400000.0,493400000.0,0.0,0.0,0.067,1672200000.0,883200000.0,926400000.0,0.0,3.822,16.171,15.57,621700000.0,13900000.0,256.9,1.08,1.08,1335500000.0,-947900000.0,7390500000.0,7390500000.0,341000000.0,0.087,0.267,0.249,0.117,0.0,1331200000.0,1.0,31058211.0,31058211.0,,237.956,5541400000.0,1131200000.0,242600000.0,355300000.0,178.42,-108800000.0
86,UIS,MRT,1999-12-31,1999-12-31,1999-12-31,2021-08-02,-570400000.0,5889700000.0,5557675000.0,2845700000.0,3044000000.0,1.358,63.029,-294500000.0,464000000.0,464000000.0,4859900000.0,510700000.0,1.087,2.015,1000000000.0,49800000.0,950200000.0,1000000000.0,0.0,134500000.0,0.0,0.0,0.0,886000000.0,1020500000.0,0.135,1020500000.0,886000000.0,758200000.0,16.5,,16.5,1953300000.0,1683725000.0,1953300000.0,10544975569.0,12.0,10.333,223100000.0,7.199,1.0,2684700000.0,0.356,259800000.0,127800000.0,3547400000.0,3466075000.0,372900000.0,225500000.0,0.0,225500000.0,3936400000.0,2618500000.0,1317900000.0,9898375569.0,-152400000.0,-53900000.0,87700000.0,-159700000.0,0.0,-328400000.0,-328400000.0,20000000.0,517600000.0,-13200000.0,510700000.0,474000000.0,474000000.0,0.0,0.0,0.063,1724000000.0,960700000.0,833200000.0,0.0,5.068,20.883,19.358,620800000.0,36700000.0,319.4,1.312,1.312,1430500000.0,-1054400000.0,7544600000.0,7544600000.0,339400000.0,0.085,0.282,0.256,0.117,0.0,1384600000.0,1.0,30990531.0,30990531.0,,243.449,5629900000.0,1128300000.0,247500000.0,348900000.0,181.665,227200000.0
87,UIS,MRT,1999-09-30,1999-09-30,1999-09-30,2021-08-02,-596100000.0,5565200000.0,5488550000.0,2630700000.0,2934500000.0,1.393,62.048,-269000000.0,374000000.0,374000000.0,4927800000.0,502000000.0,1.049,2.169,1020600000.0,69700000.0,950900000.0,1020600000.0,0.0,146200000.0,0.0,0.0,0.0,892700000.0,1038900000.0,0.136,1038900000.0,892700000.0,749800000.0,16.0,,16.0,1755900000.0,1579300000.0,1755900000.0,13507488245.0,15.0,13.002,261100000.0,9.227,1.0,2715200000.0,0.355,248000000.0,142900000.0,3457100000.0,3408100000.0,406500000.0,191400000.0,0.0,191400000.0,3809300000.0,2506700000.0,1302600000.0,12771288245.0,-421900000.0,-57800000.0,92400000.0,-445400000.0,0.0,-636000000.0,-320400000.0,6400000.0,530100000.0,4400000.0,502000000.0,438700000.0,438700000.0,0.0,0.0,0.057,1731700000.0,983500000.0,993400000.0,0.0,7.273,29.112,28.206,586400000.0,63300000.0,451.3,1.671,1.671,1262000000.0,-1198700000.0,7643000000.0,7643000000.0,334700000.0,0.08,0.278,0.262,0.117,0.0,1397000000.0,1.0,28298888.0,28298888.0,,270.081,5317200000.0,1198800000.0,247800000.0,345100000.0,187.894,124000000.0
88,UIS,MRT,1999-06-30,1999-06-30,1999-06-30,2021-08-02,-575200000.0,5451400000.0,5472800000.0,2586900000.0,2864500000.0,1.383,58.969,-253900000.0,438800000.0,438800000.0,4919000000.0,457400000.0,1.065,2.429,1175000000.0,86200000.0,1088800000.0,1175000000.0,0.0,152700000.0,0.0,0.0,0.0,864900000.0,1017600000.0,0.134,1017600000.0,864900000.0,713400000.0,14.1,,14.1,1590000000.0,1483600000.0,1590000000.0,11212580049.0,13.0,11.019,293400000.0,10.881,1.0,2650900000.0,0.35,237900000.0,151500000.0,3521700000.0,3400150000.0,383800000.0,193400000.0,0.0,193400000.0,3861400000.0,2428000000.0,1433400000.0,10499480049.0,-286300000.0,-55800000.0,73000000.0,-312600000.0,0.0,-521700000.0,-311900000.0,-2200000.0,547300000.0,0.0,457400000.0,369400000.0,369400000.0,0.0,0.0,0.049,1698700000.0,952200000.0,895100000.0,0.0,6.603,28.423,27.617,552400000.0,88000000.0,389.4,1.387,1.387,1201400000.0,-1258300000.0,7569900000.0,7569900000.0,325400000.0,0.067,0.249,0.254,0.114,0.0,1373300000.0,1.0,26963226.0,26963226.0,,280.749,5213500000.0,1154200000.0,256000000.0,314300000.0,193.356,158900000.0
89,UIS,MRT,1999-03-31,1999-03-31,1999-03-31,2021-08-02,-590300000.0,5324400000.0,5469200000.0,2580000000.0,2744400000.0,1.353,55.086,-256900000.0,423500000.0,423500000.0,4832200000.0,429500000.0,1.053,2.709,1136600000.0,59100000.0,1077500000.0,1136600000.0,0.0,151400000.0,0.0,0.0,0.0,831100000.0,982500000.0,0.133,982500000.0,831100000.0,671700000.0,12.7,,12.7,1435700000.0,1417100000.0,1435700000.0,7772252271.0,9.0,7.911,309900000.0,11.891,1.0,2569700000.0,0.347,248100000.0,159400000.0,3338100000.0,3429650000.0,447300000.0,176600000.0,0.0,176600000.0,3888700000.0,2451300000.0,1437400000.0,7216752271.0,-243000000.0,-6400000.0,76800000.0,-340200000.0,0.0,-539700000.0,-277300000.0,-14000000.0,566800000.0,7200000.0,429500000.0,326900000.0,326900000.0,0.0,0.0,0.044,1667400000.0,902300000.0,891100000.0,0.0,5.027,22.076,21.803,550000000.0,102600000.0,276.9,0.975,0.975,1159600000.0,-1365600000.0,7401900000.0,7401900000.0,310700000.0,0.06,0.231,0.242,0.112,0.0,1356700000.0,1.0,26062666.0,26062666.0,,284.004,5076300000.0,1143500000.0,242200000.0,292400000.0,194.773,128700000.0
90,UIS,MRT,1998-12-31,1998-12-31,1998-12-31,2021-08-02,-531600000.0,5613200000.0,5469075000.0,2844100000.0,2769100000.0,1.325,60.171,-258300000.0,616400000.0,616400000.0,4775900000.0,376400000.0,1.095,2.655,1163000000.0,56300000.0,1106700000.0,1163000000.0,0.0,149200000.0,0.0,0.0,0.0,765900000.0,915100000.0,0.126,915100000.0,765900000.0,594200000.0,10.7,,10.7,1535600000.0,1367100000.0,1535600000.0,9468449110.0,12.0,10.347,383900000.0,15.043,1.0,2468000000.0,0.341,247700000.0,171700000.0,3315500000.0,3500225000.0,471000000.0,184600000.0,0.0,184600000.0,4077600000.0,2596600000.0,1481000000.0,8789249110.0,-207800000.0,-3900000.0,79500000.0,-542300000.0,0.0,-569300000.0,-277700000.0,-15500000.0,642200000.0,-3000000.0,376400000.0,269900000.0,269900000.0,0.0,0.0,0.037,1669000000.0,799000000.0,928500000.0,0.0,5.724,32.565,32.187,585400000.0,106500000.0,344.4,1.213,1.213,1239000000.0,-1532200000.0,7243900000.0,7243900000.0,308300000.0,0.049,0.197,0.219,0.106,0.0,1360700000.0,1.0,25520468.0,25520468.0,,283.847,5365500000.0,1123200000.0,217800000.0,277000000.0,210.243,247500000.0
91,UIS,MRT,1998-09-30,1998-09-30,1998-09-30,2021-08-02,0.0,5502200000.0,5463600000.0,2822000000.0,2680200000.0,1.299,53.991,-282500000.0,781100000.0,781100000.0,4701200000.0,-718400000.0,1.127,3.007,1460300000.0,189800000.0,1270500000.0,1460300000.0,0.0,150600000.0,0.0,0.0,0.0,-354000000.0,-203400000.0,-0.029,-203400000.0,-354000000.0,-539600000.0,-47.6,,-47.6,1373100000.0,1284675000.0,1373100000.0,6584314626.0,-19.0,-32.371,530400000.0,20.855,1.0,2394800000.0,0.337,252800000.0,185600000.0,3425300000.0,3582325000.0,540200000.0,197400000.0,0.0,197400000.0,4129100000.0,2503300000.0,1625800000.0,5785814626.0,223200000.0,-700000.0,67400000.0,-216000000.0,0.0,-281600000.0,-282200000.0,1000000.0,812900000.0,-18500000.0,-718400000.0,-824900000.0,-824900000.0,0.0,0.0,-0.116,2661200000.0,-266400000.0,850900000.0,0.0,4.214,-7.014,-4.779,566600000.0,106500000.0,227.5,0.815,0.815,942300000.0,-1568300000.0,7096000000.0,7096000000.0,312400000.0,-0.151,-0.642,-0.099,-0.05,0.0,1425900000.0,1.0,25432152.0,25432152.0,,279.017,5249400000.0,1126500000.0,178800000.0,244800000.0,206.408,318700000.0
92,UIS,MRT,1998-06-30,1998-06-30,1998-06-30,2021-08-02,0.0,5437000000.0,,2757500000.0,2679500000.0,,52.666,-287800000.0,711700000.0,711700000.0,4561200000.0,-761300000.0,1.183,3.106,1510200000.0,78800000.0,1431400000.0,1510200000.0,0.0,149100000.0,0.0,0.0,0.0,-404000000.0,-254900000.0,-0.037,-254900000.0,-404000000.0,-606400000.0,-48.8,,-48.8,1324000000.0,,1324000000.0,7950682850.0,-20.0,-31.191,485600000.0,19.316,1.0,2363900000.0,0.341,264800000.0,202400000.0,3639700000.0,,553200000.0,198800000.0,0.0,198800000.0,4113000000.0,2331000000.0,1782000000.0,7101982850.0,242500000.0,-8500000.0,61100000.0,-157000000.0,0.0,-228900000.0,-271600000.0,24700000.0,773400000.0,-19400000.0,-761300000.0,-867800000.0,-867800000.0,0.0,0.0,-0.125,2667700000.0,-303800000.0,822700000.0,0.0,5.364,-8.184,-5.789,559300000.0,106500000.0,282.5,1.026,1.026,921600000.0,-1637300000.0,6925100000.0,6925100000.0,310000000.0,,,,-0.058,0.0,1434800000.0,1.0,25139762.0,25139762.0,,275.464,5172200000.0,1130000000.0,154900000.0,208400000.0,205.738,426500000.0
93,UIS,MRT,1998-03-31,1998-03-31,1998-03-31,2021-08-02,0.0,5323900000.0,,2636700000.0,2687200000.0,,49.334,-307800000.0,654700000.0,654700000.0,4462500000.0,-809500000.0,1.15,3.308,1503400000.0,67200000.0,1436200000.0,1503400000.0,0.0,153100000.0,0.0,0.0,0.0,-461400000.0,-308300000.0,-0.045,-308300000.0,-461400000.0,-680700000.0,-50.5,,-50.5,1235700000.0,,1235700000.0,5648028211.0,-12.0,-18.32,324200000.0,12.943,1.0,2319400000.0,0.342,259500000.0,219300000.0,3620400000.0,,568200000.0,214900000.0,0.0,214900000.0,4088200000.0,2292700000.0,1795500000.0,4759028211.0,-28900000.0,-15800000.0,25500000.0,-167100000.0,0.0,-326400000.0,-291900000.0,31700000.0,632000000.0,-25100000.0,-809500000.0,-917200000.0,-917200000.0,0.0,0.0,-0.135,2678300000.0,-358900000.0,803000000.0,0.0,3.851,-5.189,-3.762,562100000.0,107700000.0,190.0,0.702,0.702,864400000.0,-1700700000.0,6781900000.0,6781900000.0,307400000.0,,,,-0.068,0.0,1448000000.0,1.0,25047517.0,25047517.0,,270.761,5064400000.0,1119300000.0,128800000.0,195200000.0,202.192,344000000.0
94,UIS,MRT,1997-12-31,1997-12-31,1997-12-31,2021-08-02,-448100000.0,5591300000.0,6279200000.0,2886500000.0,2704800000.0,1.061,48.144,-312400000.0,803000000.0,803000000.0,4387000000.0,-852900000.0,1.12,3.637,1692000000.0,253700000.0,1438300000.0,1692000000.0,0.0,159100000.0,0.0,0.0,0.0,-514900000.0,-355800000.0,-0.053,-355800000.0,-514900000.0,-748100000.0,-52.5,,-52.5,1205900000.0,1405950000.0,1205900000.0,,,,58100000.0,2.32,1.0,2275900000.0,0.342,259000000.0,233200000.0,3643900000.0,4213250000.0,560800000.0,215700000.0,0.0,215700000.0,4385400000.0,2577400000.0,1808000000.0,3476595346.0,-223400000.0,-22200000.0,8600000.0,28300000.0,0.0,-252600000.0,-297300000.0,37300000.0,370500000.0,-24900000.0,-852900000.0,-964000000.0,-964000000.0,0.0,0.0,-0.145,2684300000.0,-408400000.0,817100000.0,0.0,2.883,-3.606,-2.644,581200000.0,111100000.0,138.8,0.522,0.522,967300000.0,-1736800000.0,6662900000.0,6662900000.0,314800000.0,-0.154,-0.686,-0.122,-0.077,0.0,1446600000.0,1.0,25047517.0,25047517.0,,266.01,5332300000.0,1127100000.0,104800000.0,172800000.0,212.887,309100000.0
95,UIS,MRT,1997-09-30,1997-09-30,1997-09-30,2021-08-02,,,,,,,,,,,,,,,,,,,,,,0.0,0.0,,,,,,,,,,,,,,,,,,1.0,,,,,,,,,,,,,,,,,,,,,,,,,,,,,,,,,,,,,,,,153.1,,,,,,,,,,,,,,1.0,,,,,,,,,,
96,UIS,MRT,1997-06-30,1997-06-30,1997-06-30,2021-08-02,,,,,,,,,,,,,,,,,,,,,,0.0,0.0,,,,,,,,,,,,,,,,,,1.0,,,,,,,,,,,,,,,,,,,,,,,,,,,,,,,,,,,,,,,,76.3,,,,,,,,,,,,,,1.0,,,,,,,,,,
97,UIS,MRT,1997-03-31,1997-03-31,1997-03-31,2021-08-02,,,,,,,,,,,,,,,,,,,,,,0.0,0.0,,,,,,,,,,,,,,,,,,1.0,,,,,,,,,,,,,,,,,,,,,,,,,,,,,,,,,,,,,,,,62.5,,,,,,,,,,,,,,1.0,,,,,,,,,,
98,UIS,MRT,1996-12-31,1996-12-31,1996-12-31,2021-08-02,0.0,6967100000.0,,3133100000.0,3834000000.0,,,-201100000.0,1029200000.0,1029200000.0,4259100000.0,45100000.0,1.271,3.338,2291100000.0,19700000.0,2271400000.0,2291100000.0,0.0,182000000.0,0.0,0.0,0.0,324300000.0,506300000.0,0.079,506300000.0,324300000.0,74600000.0,-4.4,,-4.4,1606000000.0,,1606000000.0,,,,-290800000.0,,1.0,2111400000.0,0.331,981300000.0,249700000.0,4782600000.0,,642300000.0,244400000.0,0.0,244400000.0,5361100000.0,2465100000.0,2896000000.0,,-85100000.0,-17900000.0,600000.0,371400000.0,0.0,251200000.0,-218800000.0,200000.0,-89700000.0,-7300000.0,45100000.0,-75700000.0,-75700000.0,0.0,0.0,-0.012,1791000000.0,320400000.0,871100000.0,0.0,,,-15.341,621800000.0,120800000.0,67.5,,,1018300000.0,-770100000.0,6370500000.0,6370500000.0,342900000.0,,,,0.051,0.0,1448100000.0,1.0,,,,,5985800000.0,1044500000.0,29500000.0,94300000.0,,668000000.0
99,UIS,MRT,1995-12-31,1995-12-31,1995-12-31,2021-08-02,,,,,,,,-287700000.0,,,4650100000.0,-624600000.0,,,,,,,,203000000.0,,0.0,0.0,-576300000.0,-373300000.0,-0.059,-373300000.0,-576300000.0,-778400000.0,-43.5,,-43.5,,,,,,,-190000000.0,,1.0,1692200000.0,0.267,,202100000.0,,,,,,,,,,,245900000.0,-42300000.0,0.0,-65100000.0,0.0,-182500000.0,-333300000.0,-3300000.0,97700000.0,5700000.0,-624600000.0,-744900000.0,-744900000.0,-2700000.0,0.0,-0.117,2254300000.0,-562100000.0,,0.0,,,-1.264,,120300000.0,55.0,,,,,6342300000.0,6342300000.0,404500000.0,,,,-0.091,0.0,1849800000.0,1.0,,,,,,,-153800000.0,,,
