None,ticker,dimension,calendardate,datekey,reportperiod,lastupdated,accoci,assets,assetsavg,assetsc,assetsnc,assetturnover,bvps,capex,cashneq,cashnequsd,cor,consolinc,currentratio,de,debt,debtc,debtnc,debtusd,deferredrev,depamor,deposits,divyield,dps,ebit,ebitda,ebitdamargin,ebitdausd,ebitusd,ebt,eps,epsdil,epsusd,equity,equityavg,equityusd,ev,evebit,evebitda,fcf,fcfps,fxusd,gp,grossmargin,intangibles,intexp,invcap,invcapavg,inventory,investments,investmentsc,investmentsnc,liabilities,liabilitiesc,liabilitiesnc,marketcap,ncf,ncfbus,ncfcommon,ncfdebt,ncfdiv,ncff,ncfi,ncfinv,ncfo,ncfx,netinc,netinccmn,netinccmnusd,netincdis,netincnci,netmargin,opex,opinc,payables,payoutratio,pb,pe,pe1,ppnenet,prefdivis,price,ps,ps1,receivables,retearn,revenue,revenueusd,rnd,roa,roe,roic,ros,sbcomp,sgna,sharefactor,sharesbas,shareswa,shareswadil,sps,tangibles,taxassets,taxexp,taxliabilities,tbvps,workingcapital
0,WLTW,MRY,2020-12-31,2020-12-31,2020-12-31,2021-08-04,-2359000000.0,38531000000.0,38101250000.0,20301000000.0,18230000000.0,0.245,83.938,-286000000.0,2089000000.0,2089000000.0,0.0,1020000000.0,1.05,2.551,6705000000.0,1123000000.0,5582000000.0,6705000000.0,2161000000.0,916000000.0,0.0,0.013,2.75,1558000000.0,2474000000.0,0.265,2474000000.0,1558000000.0,1314000000.0,7.68,7.65,7.68,10820000000.0,10483250000.0,10820000000.0,32182794728.0,21.0,13.008,1488000000.0,11.543,1.0,9352000000.0,1.0,14247000000.0,244000000.0,9568000000.0,9992500000.0,0.0,0.0,0.0,0.0,27599000000.0,19332000000.0,8267000000.0,27157794728.0,1180000000.0,143000000.0,16000000.0,-47000000.0,-346000000.0,-434000000.0,-160000000.0,0.0,1774000000.0,21000000.0,996000000.0,996000000.0,996000000.0,0.0,24000000.0,0.107,8169000000.0,1183000000.0,0.0,0.358,2.51,27.267,27.432,1916000000.0,0.0,210.68,2.904,2.904,2555000000.0,2434000000.0,9352000000.0,9352000000.0,0.0,0.026,0.095,0.156,0.167,90000000.0,5507000000.0,1.0,128905424.0,128905424,,72.549,24284000000.0,0.0,318000000.0,561000000.0,188.386,969000000.0
1,WLTW,MRY,2019-12-31,2019-12-31,2019-12-31,2021-08-04,-2227000000.0,35426000000.0,35547000000.0,17037000000.0,18389000000.0,0.254,79.714,-305000000.0,887000000.0,887000000.0,0.0,1073000000.0,1.06,2.445,6745000000.0,480000000.0,6265000000.0,6745000000.0,1784000000.0,877000000.0,0.0,0.013,2.6,1527000000.0,2404000000.0,0.266,2404000000.0,1527000000.0,1293000000.0,8.05,8.02,8.05,10249000000.0,10079500000.0,10249000000.0,32069972250.0,21.0,13.34,776000000.0,6.035,1.0,9039000000.0,1.0,14672000000.0,234000000.0,10542000000.0,9875500000.0,0.0,0.0,0.0,0.0,25057000000.0,16070000000.0,8987000000.0,25963972250.0,-136000000.0,-1312000000.0,-105000000.0,958000000.0,-329000000.0,397000000.0,-1614000000.0,0.0,1081000000.0,-2000000.0,1044000000.0,1044000000.0,1044000000.0,0.0,29000000.0,0.115,7710000000.0,1329000000.0,0.0,0.323,2.533,24.87,25.086,2014000000.0,0.0,201.94,2.872,2.872,2621000000.0,1792000000.0,9039000000.0,9039000000.0,0.0,0.029,0.104,0.155,0.169,74000000.0,5249000000.0,1.0,128572706.0,128572706,,70.303,20754000000.0,0.0,249000000.0,526000000.0,161.418,967000000.0
2,WLTW,MRY,2018-12-31,2018-12-31,2018-12-31,2021-08-04,-1961000000.0,32385000000.0,33462750000.0,16420000000.0,15965000000.0,0.254,75.82,-322000000.0,1033000000.0,1033000000.0,0.0,715000000.0,1.073,2.272,4575000000.0,186000000.0,4389000000.0,4575000000.0,1647000000.0,747000000.0,0.0,0.016,2.4,1039000000.0,1786000000.0,0.21,1786000000.0,1039000000.0,831000000.0,5.29,5.27,5.29,9852000000.0,10200250000.0,9852000000.0,23485470785.0,23.0,13.15,966000000.0,7.434,1.0,8513000000.0,1.0,13783000000.0,208000000.0,6843000000.0,7372500000.0,0.0,0.0,0.0,0.0,22388000000.0,15301000000.0,7087000000.0,19732470785.0,44000000.0,-32000000.0,-557000000.0,66000000.0,-306000000.0,-903000000.0,-341000000.0,0.0,1288000000.0,-41000000.0,695000000.0,695000000.0,695000000.0,0.0,20000000.0,0.082,7704000000.0,809000000.0,0.0,0.454,2.003,28.392,28.707,942000000.0,0.0,151.86,2.318,2.318,2379000000.0,1201000000.0,8513000000.0,8513000000.0,0.0,0.021,0.068,0.141,0.122,50000000.0,5123000000.0,1.0,129938567.0,129938567,,65.516,18602000000.0,0.0,136000000.0,559000000.0,143.16,1119000000.0
3,WLTW,MRY,2017-12-31,2017-12-31,2017-12-31,2021-08-04,-1513000000.0,32458000000.0,32434000000.0,15861000000.0,16597000000.0,0.253,76.69,-375000000.0,1030000000.0,1030000000.0,0.0,592000000.0,1.075,2.19,4535000000.0,85000000.0,4450000000.0,4535000000.0,1711000000.0,833000000.0,0.0,0.014,2.12,656000000.0,1489000000.0,0.182,1489000000.0,656000000.0,468000000.0,4.21,4.18,4.21,10126000000.0,10145500000.0,10126000000.0,23562929635.0,36.0,15.825,487000000.0,3.688,1.0,8202000000.0,1.0,14401000000.0,188000000.0,6807000000.0,6547500000.0,0.0,0.0,0.0,0.0,22181000000.0,14755000000.0,7426000000.0,19896929635.0,48000000.0,44000000.0,-648000000.0,580000000.0,-277000000.0,-479000000.0,-335000000.0,0.0,862000000.0,112000000.0,568000000.0,568000000.0,568000000.0,0.0,24000000.0,0.069,7686000000.0,516000000.0,0.0,0.504,1.965,35.03,35.793,985000000.0,0.0,150.69,2.426,2.426,2246000000.0,1104000000.0,8202000000.0,8202000000.0,0.0,0.018,0.056,0.1,0.08,67000000.0,4967000000.0,1.0,132038819.0,132038819,,62.118,18057000000.0,0.0,-100000000.0,615000000.0,136.755,1106000000.0
4,WLTW,MRY,2016-12-31,2016-12-31,2016-12-31,2021-08-04,-1884000000.0,30253000000.0,31873000000.0,13792000000.0,16461000000.0,0.247,73.603,-303000000.0,870000000.0,870000000.0,0.0,438000000.0,1.032,1.989,3865000000.0,508000000.0,3357000000.0,3865000000.0,1481000000.0,769000000.0,0.0,0.016,1.92,508000000.0,1277000000.0,0.162,1277000000.0,508000000.0,324000000.0,3.07,3.04,3.07,10065000000.0,10758250000.0,10065000000.0,19740350893.0,39.0,15.458,630000000.0,4.607,1.0,7887000000.0,1.0,14781000000.0,184000000.0,5097000000.0,5351750000.0,0.0,0.0,0.0,0.0,20019000000.0,13370000000.0,6649000000.0,16721350893.0,353000000.0,475000000.0,-333000000.0,-142000000.0,-199000000.0,-775000000.0,195000000.0,0.0,933000000.0,-15000000.0,420000000.0,420000000.0,420000000.0,0.0,18000000.0,0.053,7539000000.0,348000000.0,0.0,0.625,1.661,39.813,39.831,839000000.0,0.0,122.28,2.12,2.12,2080000000.0,1452000000.0,7887000000.0,7887000000.0,0.0,0.013,0.039,0.095,0.064,123000000.0,4849000000.0,1.0,136746409.0,136746409,,57.676,15472000000.0,0.0,-96000000.0,864000000.0,113.144,422000000.0
5,WLTW,MRY,2015-12-31,2015-12-31,2015-12-31,2021-08-04,-1037000000.0,18839000000.0,17769000000.0,12503000000.0,6336000000.0,0.215,32.765,-146000000.0,532000000.0,532000000.0,0.0,384000000.0,0.977,7.369,3266000000.0,988000000.0,2278000000.0,3266000000.0,752000000.0,171000000.0,0.0,0.026,3.285,482000000.0,653000000.0,0.171,653000000.0,482000000.0,340000000.0,5.49,5.41,5.49,2229000000.0,2328250000.0,2229000000.0,10858010105.0,23.0,16.628,98000000.0,1.441,1.0,3829000000.0,1.0,4852000000.0,142000000.0,3920000000.0,4070750000.0,0.0,0.0,0.0,0.0,16426000000.0,12801000000.0,3625000000.0,8753010105.0,-59000000.0,-813000000.0,49000000.0,890000000.0,-277000000.0,640000000.0,-943000000.0,0.0,244000000.0,-44000000.0,373000000.0,373000000.0,373000000.0,0.0,11000000.0,0.097,3402000000.0,427000000.0,0.0,0.598,3.927,23.467,23.436,563000000.0,0.0,128.662,2.286,2.286,1258000000.0,1597000000.0,3829000000.0,3829000000.0,0.0,0.021,0.16,0.118,0.126,64000000.0,2303000000.0,1.0,68030910.0,68030910,,56.283,13987000000.0,0.0,-33000000.0,240000000.0,205.598,-298000000.0
6,WLTW,MRY,2014-12-31,2014-12-31,2014-12-31,2021-08-04,-1066000000.0,15421000000.0,15752000000.0,10839000000.0,4582000000.0,0.241,29.692,-113000000.0,635000000.0,635000000.0,0.0,373000000.0,1.062,6.728,2297000000.0,167000000.0,2130000000.0,2297000000.0,619000000.0,146000000.0,0.0,0.027,3.179,656000000.0,802000000.0,0.211,802000000.0,656000000.0,521000000.0,5.4,5.32,5.4,1985000000.0,2282250000.0,1985000000.0,9592638377.0,15.0,11.961,364000000.0,5.445,1.0,3802000000.0,1.0,3387000000.0,135000000.0,3485000000.0,3780750000.0,0.0,169000000.0,0.0,169000000.0,13355000000.0,10211000000.0,3144000000.0,7935638377.0,-122000000.0,-159000000.0,-74000000.0,-18000000.0,-210000000.0,-323000000.0,-276000000.0,0.0,477000000.0,-39000000.0,362000000.0,362000000.0,362000000.0,0.0,11000000.0,0.095,3155000000.0,647000000.0,0.0,0.589,3.998,21.922,21.982,483000000.0,0.0,118.702,2.087,2.087,1044000000.0,1530000000.0,3802000000.0,3802000000.0,0.0,0.023,0.159,0.174,0.173,52000000.0,2314000000.0,1.0,66853459.0,66853459,,56.871,12034000000.0,19000000.0,159000000.0,180000000.0,180.006,628000000.0
7,WLTW,MRY,2013-12-31,2013-12-31,2013-12-31,2021-08-04,-693000000.0,14800000000.0,15465750000.0,10461000000.0,4339000000.0,0.236,33.007,-107000000.0,796000000.0,796000000.0,0.0,377000000.0,1.104,5.669,2326000000.0,15000000.0,2311000000.0,2326000000.0,586000000.0,149000000.0,0.0,0.025,2.967,613000000.0,762000000.0,0.208,762000000.0,613000000.0,487000000.0,5.53,5.37,5.53,2215000000.0,2020250000.0,2215000000.0,9674818449.0,16.0,12.697,454000000.0,6.765,1.0,3655000000.0,1.0,3191000000.0,126000000.0,3665000000.0,3746500000.0,0.0,176000000.0,0.0,176000000.0,12557000000.0,9474000000.0,3083000000.0,7965818449.0,304000000.0,-10000000.0,155000000.0,-87000000.0,-193000000.0,-137000000.0,-120000000.0,-3000000.0,561000000.0,-8000000.0,365000000.0,365000000.0,365000000.0,0.0,12000000.0,0.1,2992000000.0,663000000.0,0.0,0.537,3.596,21.824,21.465,481000000.0,0.0,118.702,2.179,2.179,1041000000.0,1595000000.0,3655000000.0,3655000000.0,0.0,0.024,0.181,0.164,0.168,40000000.0,2207000000.0,1.0,67107710.0,67107710,,54.465,11609000000.0,22000000.0,122000000.0,102000000.0,172.991,987000000.0
8,WLTW,MRY,2012-12-31,2012-12-31,2012-12-31,2021-08-04,-850000000.0,15112000000.0,16703500000.0,10898000000.0,4214000000.0,0.208,26.025,-132000000.0,500000000.0,500000000.0,0.0,-433000000.0,1.069,7.879,2353000000.0,15000000.0,2338000000.0,2353000000.0,541000000.0,138000000.0,0.0,0.032,2.861,-217000000.0,-79000000.0,-0.023,-79000000.0,-217000000.0,-345000000.0,-6.834,-6.834,-6.834,1699000000.0,2433750000.0,1699000000.0,7753526879.0,-36.0,-98.146,393000000.0,6.02,1.0,3480000000.0,1.0,3212000000.0,128000000.0,3559000000.0,4074000000.0,0.0,174000000.0,0.0,174000000.0,13387000000.0,10194000000.0,3193000000.0,5798526879.0,62000000.0,-33000000.0,-47000000.0,-14000000.0,-185000000.0,-291000000.0,-172000000.0,-7000000.0,525000000.0,2000000.0,-446000000.0,-446000000.0,-446000000.0,0.0,13000000.0,-0.128,3705000000.0,-225000000.0,0.0,-0.419,3.413,-13.001,-12.997,468000000.0,0.0,88.821,1.666,1.666,933000000.0,1427000000.0,3480000000.0,3480000000.0,0.0,-0.027,-0.183,-0.053,-0.062,30000000.0,2475000000.0,1.0,65283146.0,65283146,,53.306,11900000000.0,31000000.0,101000000.0,58000000.0,182.283,704000000.0
9,WLTW,MRY,2011-12-31,2011-12-31,2011-12-31,2021-08-04,-744000000.0,15728000000.0,16880500000.0,10987000000.0,4741000000.0,0.204,37.945,-98000000.0,436000000.0,436000000.0,0.0,220000000.0,1.099,5.314,2369000000.0,15000000.0,2354000000.0,2369000000.0,320000000.0,142000000.0,0.0,0.027,2.755,392000000.0,534000000.0,0.155,534000000.0,392000000.0,236000000.0,3.099,3.046,3.099,2486000000.0,2627750000.0,2486000000.0,8769844838.0,22.0,16.423,341000000.0,5.205,1.0,3447000000.0,1.0,3715000000.0,156000000.0,3950000000.0,4116000000.0,0.0,170000000.0,0.0,170000000.0,13211000000.0,9996000000.0,3215000000.0,6733844838.0,124000000.0,2000000.0,60000000.0,-77000000.0,-180000000.0,-214000000.0,-101000000.0,-5000000.0,439000000.0,-4000000.0,204000000.0,204000000.0,204000000.0,-1000000.0,16000000.0,0.059,2885000000.0,562000000.0,0.0,0.889,2.709,33.009,33.166,406000000.0,0.0,102.781,1.954,1.954,910000000.0,2160000000.0,3447000000.0,3447000000.0,0.0,0.012,0.078,0.095,0.114,36000000.0,2087000000.0,1.0,65516145.0,65516145,,52.613,12013000000.0,66000000.0,32000000.0,73000000.0,183.359,991000000.0
10,WLTW,MRY,2010-12-31,2010-12-31,2010-12-31,2021-08-04,-541000000.0,15850000000.0,16559250000.0,11100000000.0,4750000000.0,0.201,40.009,-73000000.0,316000000.0,316000000.0,0.0,470000000.0,1.077,5.139,2267000000.0,110000000.0,2157000000.0,2267000000.0,298000000.0,145000000.0,0.0,0.03,2.755,761000000.0,906000000.0,0.272,906000000.0,761000000.0,595000000.0,7.099,7.046,7.099,2577000000.0,2449250000.0,2577000000.0,8079718782.0,11.0,8.918,416000000.0,6.459,1.0,3332000000.0,1.0,3786000000.0,166000000.0,3706000000.0,12317250000.0,0.0,161000000.0,0.0,161000000.0,13242000000.0,10309000000.0,2933000000.0,5908718782.0,102000000.0,-20000000.0,36000000.0,-119000000.0,-176000000.0,-293000000.0,-94000000.0,-1000000.0,489000000.0,-7000000.0,455000000.0,455000000.0,455000000.0,0.0,15000000.0,0.137,2577000000.0,755000000.0,0.0,0.388,2.293,12.986,12.922,381000000.0,0.0,91.735,1.773,1.773,839000000.0,2136000000.0,3332000000.0,3332000000.0,0.0,0.027,0.186,0.062,0.228,45000000.0,1868000000.0,1.0,64410665.0,64410665,,51.731,12064000000.0,43000000.0,140000000.0,149000000.0,187.298,791000000.0
11,WLTW,MRY,2009-12-31,2009-12-31,2009-12-31,2021-08-04,-594000000.0,15625000000.0,16742750000.0,10975000000.0,4650000000.0,0.194,34.305,-76000000.0,221000000.0,221000000.0,0.0,459000000.0,1.045,6.145,2374000000.0,209000000.0,2165000000.0,2374000000.0,301000000.0,164000000.0,0.0,0.039,2.755,706000000.0,870000000.0,0.267,870000000.0,706000000.0,532000000.0,6.834,6.808,6.834,2180000000.0,2119000000.0,2180000000.0,6843786962.0,10.0,7.866,343000000.0,5.397,1.0,3253000000.0,1.0,3849000000.0,174000000.0,3431000000.0,12596000000.0,0.0,156000000.0,0.0,156000000.0,13396000000.0,10498000000.0,2898000000.0,4440786962.0,5000000.0,157000000.0,18000000.0,-311000000.0,-174000000.0,-516000000.0,102000000.0,21000000.0,419000000.0,11000000.0,438000000.0,438000000.0,438000000.0,-4000000.0,21000000.0,0.135,2576000000.0,677000000.0,0.0,0.403,2.037,10.139,10.225,352000000.0,0.0,69.881,1.365,1.365,816000000.0,1859000000.0,3253000000.0,3253000000.0,0.0,0.026,0.207,0.056,0.217,38000000.0,1822000000.0,1.0,63548032.0,63548032,,51.19,11776000000.0,84000000.0,94000000.0,77000000.0,185.309,477000000.0
12,WLTW,MRY,2008-12-31,2008-12-31,2008-12-31,2021-08-04,-630000000.0,16402000000.0,15702750000.0,,,0.18,33.023,-88000000.0,176000000.0,176000000.0,0.0,324000000.0,,7.863,2650000000.0,,,2650000000.0,471000000.0,90000000.0,0.0,0.042,2.755,505000000.0,595000000.0,0.21,595000000.0,505000000.0,400000000.0,5.404,5.404,5.404,1845000000.0,1532000000.0,1845000000.0,5352245093.0,11.0,8.995,165000000.0,2.953,1.0,2827000000.0,1.0,3957000000.0,105000000.0,14919000000.0,14955250000.0,0.0,293000000.0,,,14507000000.0,,,4138245093.0,28000000.0,-960000000.0,-60000000.0,1028000000.0,-146000000.0,808000000.0,-1033000000.0,15000000.0,253000000.0,-23000000.0,303000000.0,303000000.0,303000000.0,-1000000.0,21000000.0,0.107,2331000000.0,496000000.0,10314000000.0,0.51,2.243,13.658,12.196,312000000.0,0.0,65.907,1.464,1.303,9131000000.0,1593000000.0,2827000000.0,2827000000.0,0.0,0.019,0.198,0.034,0.179,34000000.0,1638000000.0,1.0,62788888.0,55870000,55870000.0,50.6,12445000000.0,76000000.0,97000000.0,39000000.0,222.749,
13,WLTW,MRY,2007-12-31,2007-12-31,2007-12-31,2021-08-04,-153000000.0,12969000000.0,14056500000.0,,,0.183,24.609,-158000000.0,200000000.0,200000000.0,0.0,426000000.0,,8.592,1250000000.0,,,1250000000.0,388000000.0,66000000.0,0.0,0.026,2.649,619000000.0,685000000.0,0.266,685000000.0,619000000.0,553000000.0,7.47,7.364,7.47,1347000000.0,1254500000.0,1347000000.0,6415945692.0,10.0,9.366,117000000.0,2.137,1.0,2578000000.0,1.0,1726000000.0,66000000.0,12293000000.0,13359750000.0,0.0,233000000.0,,,11574000000.0,,,5425945692.0,-99000000.0,-42000000.0,-455000000.0,443000000.0,-143000000.0,-193000000.0,-181000000.0,19000000.0,275000000.0,11000000.0,409000000.0,409000000.0,409000000.0,0.0,17000000.0,0.159,1974000000.0,604000000.0,9265000000.0,0.355,4.028,13.266,13.465,315000000.0,0.0,100.583,2.105,2.136,8241000000.0,1463000000.0,2578000000.0,2578000000.0,0.0,0.029,0.326,0.046,0.24,24000000.0,1448000000.0,1.0,53945075.0,54737000,55492000.0,47.098,11243000000.0,21000000.0,144000000.0,69000000.0,205.4,
14,WLTW,MRY,2006-12-31,2006-12-31,2006-12-31,2021-08-04,-178000000.0,13378000000.0,14267750000.0,,,0.17,24.533,150000000.0,288000000.0,288000000.0,0.0,449000000.0,,8.172,800000000.0,,,800000000.0,430000000.0,63000000.0,0.0,0.024,2.543,550000000.0,613000000.0,0.252,613000000.0,550000000.0,512000000.0,7.576,7.523,7.576,1454000000.0,1436500000.0,1454000000.0,6723143560.0,12.0,10.968,297000000.0,5.011,1.0,2428000000.0,1.0,1656000000.0,38000000.0,12234000000.0,13108750000.0,0.0,231000000.0,,,11882000000.0,,,6242143560.0,85000000.0,-93000000.0,-195000000.0,200000000.0,-145000000.0,-129000000.0,67000000.0,10000000.0,147000000.0,10000000.0,449000000.0,449000000.0,449000000.0,0.0,0.0,0.185,1974000000.0,454000000.0,10062000000.0,0.336,4.293,13.902,13.885,167000000.0,0.0,105.192,2.571,2.568,8756000000.0,1250000000.0,2428000000.0,2428000000.0,0.0,0.031,0.313,0.042,0.227,7000000.0,1457000000.0,1.0,59340448.0,59267000,59645000.0,40.967,11722000000.0,72000000.0,63000000.0,54000000.0,197.783,
15,WLTW,MRY,2005-12-31,2005-12-31,2005-12-31,2021-08-04,-239000000.0,12194000000.0,12719000000.0,,,0.178,20.665,-26000000.0,193000000.0,193000000.0,0.0,281000000.0,,8.689,600000000.0,,,600000000.0,367000000.0,54000000.0,0.0,0.024,2.331,454000000.0,508000000.0,0.224,508000000.0,454000000.0,424000000.0,4.636,4.556,4.636,1256000000.0,1354750000.0,1256000000.0,6229403837.0,14.0,12.263,69000000.0,1.135,1.0,2267000000.0,1.0,1584000000.0,30000000.0,11017000000.0,11491250000.0,0.0,194000000.0,,,10913000000.0,,,5814403837.0,-143000000.0,55000000.0,-323000000.0,143000000.0,-135000000.0,-270000000.0,32000000.0,5000000.0,95000000.0,-15000000.0,281000000.0,281000000.0,281000000.0,0.0,0.0,0.124,1894000000.0,373000000.0,9148000000.0,0.503,4.629,20.692,21.107,212000000.0,0.0,97.854,2.565,2.623,8026000000.0,948000000.0,2267000000.0,2267000000.0,0.0,0.022,0.207,0.04,0.2,-27000000.0,1384000000.0,1.0,59418989.0,60778000,61532000.0,37.3,10610000000.0,174000000.0,143000000.0,153000000.0,174.57,
16,WLTW,MRY,2004-12-31,2004-12-31,2004-12-31,2021-08-04,-212000000.0,11653000000.0,12209000000.0,,,0.186,24.027,-38000000.0,351000000.0,351000000.0,0.0,402000000.0,,7.169,450000000.0,,,450000000.0,351000000.0,47000000.0,0.0,0.018,2.013,621000000.0,668000000.0,0.294,668000000.0,621000000.0,599000000.0,6.781,6.411,6.781,1424000000.0,1370000000.0,1424000000.0,6598370846.0,11.0,9.878,322000000.0,5.433,1.0,2275000000.0,1.0,1551000000.0,22000000.0,10201000000.0,10859750000.0,0.0,206000000.0,,,10209000000.0,,,6418370846.0,-26000000.0,-137000000.0,-281000000.0,63000000.0,-115000000.0,-203000000.0,-183000000.0,-11000000.0,360000000.0,13000000.0,402000000.0,402000000.0,402000000.0,0.0,0.0,0.177,1656000000.0,619000000.0,8562000000.0,0.297,4.507,15.966,16.083,249000000.0,0.0,109.06,2.821,2.841,7316000000.0,675000000.0,2275000000.0,2275000000.0,0.0,0.033,0.293,0.057,0.273,-110000000.0,1218000000.0,1.0,58851955.0,59267000,62665000.0,38.386,10102000000.0,203000000.0,197000000.0,147000000.0,170.449,
17,WLTW,MRY,2003-12-31,2003-12-31,2003-12-31,2021-08-04,-126000000.0,10958000000.0,11713000000.0,,,0.177,23.074,-53000000.0,364000000.0,364000000.0,0.0,414000000.0,,7.262,370000000.0,,,370000000.0,327000000.0,39000000.0,0.0,0.017,1.536,626000000.0,665000000.0,0.32,665000000.0,626000000.0,573000000.0,7.205,6.49,7.205,1324000000.0,1123750000.0,1324000000.0,5427843460.0,9.0,8.162,440000000.0,7.668,1.0,2076000000.0,1.0,1345000000.0,53000000.0,9619000000.0,10552000000.0,0.0,179000000.0,,,9615000000.0,,,5259843460.0,136000000.0,-76000000.0,39000000.0,-198000000.0,-63000000.0,-222000000.0,-135000000.0,-6000000.0,493000000.0,17000000.0,414000000.0,414000000.0,414000000.0,0.0,0.0,0.199,1467000000.0,609000000.0,8210000000.0,0.213,3.973,12.705,12.526,249000000.0,0.0,90.252,2.534,2.495,6980000000.0,367000000.0,2076000000.0,2076000000.0,0.0,0.035,0.368,0.059,0.302,20000000.0,1059000000.0,1.0,58279745.0,57380000,63797000.0,36.18,9613000000.0,141000000.0,159000000.0,137000000.0,167.532,
18,WLTW,MRY,2002-12-31,2002-12-31,2002-12-31,2021-08-04,-131000000.0,10145000000.0,9547000000.0,,,0.182,15.39,-44000000.0,211000000.0,211000000.0,0.0,210000000.0,,10.85,567000000.0,,,567000000.0,233000000.0,35000000.0,0.0,0.0,0.0,416000000.0,451000000.0,0.26,451000000.0,416000000.0,351000000.0,3.788,3.391,3.788,854000000.0,775000000.0,854000000.0,4891700324.0,12.0,10.846,299000000.0,5.388,1.0,1735000000.0,1.0,1262000000.0,65000000.0,9239000000.0,5202000000.0,0.0,162000000.0,,,9266000000.0,,,4232700324.0,75000000.0,2000000.0,3000000.0,-221000000.0,0.0,-218000000.0,-50000000.0,-8000000.0,343000000.0,8000000.0,210000000.0,210000000.0,210000000.0,0.0,0.0,0.121,1329000000.0,406000000.0,7725000000.0,0.0,4.956,20.156,20.049,213000000.0,0.0,75.947,2.44,2.429,6589000000.0,42000000.0,1735000000.0,1735000000.0,0.0,0.022,0.271,0.08,0.24,80000000.0,1214000000.0,1.0,55732277.0,55492000,61910000.0,31.266,8883000000.0,151000000.0,141000000.0,169000000.0,160.077,
19,WLTW,MRY,2001-12-31,2001-12-31,2001-12-31,2021-08-04,5000000.0,8949000000.0,8269500000.0,7249000000.0,1700000000.0,0.172,13.557,-35000000.0,128000000.0,128000000.0,0.0,2000000.0,1.001,11.835,787000000.0,0.0,787000000.0,787000000.0,163000000.0,33000000.0,0.0,0.0,0.0,146000000.0,179000000.0,0.126,179000000.0,146000000.0,64000000.0,0.026,0.026,0.026,696000000.0,467000000.0,696000000.0,,,,186000000.0,3.623,1.0,1424000000.0,1.0,1201000000.0,82000000.0,1165000000.0,1394500000.0,0.0,177000000.0,42000000.0,135000000.0,8237000000.0,7242000000.0,995000000.0,3476808253.0,44000000.0,27000000.0,278000000.0,-172000000.0,0.0,-167000000.0,-10000000.0,-2000000.0,221000000.0,-4000000.0,2000000.0,2000000.0,2000000.0,0.0,0.0,0.001,1280000000.0,144000000.0,6799000000.0,0.0,4.995,1738.404,2399.389,185000000.0,0.0,62.384,2.442,2.249,5703000000.0,-165000000.0,1424000000.0,1424000000.0,0.0,0.0,0.004,0.105,0.103,158000000.0,1054000000.0,1.0,55732277.0,51340000,55870000.0,27.737,7748000000.0,75000000.0,62000000.0,75000000.0,150.915,7000000.0
20,WLTW,MRY,2000-12-31,2000-12-31,2000-12-31,2021-08-04,-5000000.0,7590000000.0,,5890000000.0,1700000000.0,,5.21,-23000000.0,88000000.0,88000000.0,0.0,9000000.0,1.001,29.668,1230000000.0,0.0,1230000000.0,1230000000.0,130000000.0,37000000.0,0.0,,0.0,131000000.0,168000000.0,0.129,168000000.0,131000000.0,42000000.0,0.185,0.185,0.185,238000000.0,,238000000.0,,,,56000000.0,1.226,1.0,1305000000.0,1.0,1225000000.0,89000000.0,1624000000.0,,0.0,175000000.0,41000000.0,134000000.0,7061000000.0,5883000000.0,1178000000.0,,15000000.0,-8000000.0,9000000.0,-32000000.0,0.0,-23000000.0,-41000000.0,-7000000.0,79000000.0,-7000000.0,9000000.0,9000000.0,9000000.0,0.0,0.0,0.007,1152000000.0,153000000.0,5484000000.0,0.0,,,,192000000.0,0.0,,,,4675000000.0,-167000000.0,1305000000.0,1305000000.0,0.0,,,,0.1,0.0,1062000000.0,1.0,,45678000,45678000.0,28.57,6365000000.0,59000000.0,33000000.0,43000000.0,139.345,7000000.0
21,WLTW,MRY,1999-12-31,1999-12-31,1999-12-31,2021-08-04,,,,,,,,-30000000.0,,,0.0,-132000000.0,,,,,,,,76000000.0,,,0.0,-36000000.0,40000000.0,0.032,40000000.0,-36000000.0,-125000000.0,-2.94,-2.94,-2.94,,,,,,,-11000000.0,-0.245,1.0,1244000000.0,1.0,,89000000.0,,,,,,,,,,,-32000000.0,-21000000.0,36000000.0,-61000000.0,0.0,-25000000.0,-26000000.0,24000000.0,19000000.0,-6000000.0,-132000000.0,-132000000.0,-132000000.0,0.0,0.0,-0.106,1266000000.0,-22000000.0,,0.0,,,,,0.0,,,,,,1244000000.0,1244000000.0,0.0,,,,-0.029,0.0,1136000000.0,1.0,,44922000,44922000.0,27.692,,,7000000.0,,,
0,WLTW,MRQ,2021-06-30,2021-06-30,2021-06-30,2021-08-04,-2278000000.0,38267000000.0,,20568000000.0,17699000000.0,,90.481,-55000000.0,2217000000.0,2217000000.0,0.0,186000000.0,1.073,2.275,6095000000.0,1262000000.0,4833000000.0,6095000000.0,1782000000.0,206000000.0,0.0,0.012,0.71,332000000.0,538000000.0,0.235,538000000.0,332000000.0,280000000.0,1.42,1.41,1.42,11670000000.0,,11670000000.0,33814232495.0,16.0,11.435,439000000.0,3.404,1.0,2286000000.0,1.0,13781000000.0,52000000.0,9190000000.0,,0.0,0.0,0.0,0.0,26552000000.0,19174000000.0,7378000000.0,29667232495.0,251000000.0,0.0,1000000.0,-7000000.0,-177000000.0,-188000000.0,-55000000.0,0.0,494000000.0,4000000.0,184000000.0,184000000.0,184000000.0,0.0,2000000.0,0.08,2026000000.0,260000000.0,0.0,0.5,2.542,19.595,19.727,1757000000.0,0.0,230.02,3.075,3.075,2507000000.0,3166000000.0,2286000000.0,2286000000.0,0.0,,,,,25000000.0,1407000000.0,1.0,128976752.0,128976752,,17.724,24486000000.0,0.0,96000000.0,628000000.0,189.848,1394000000.0
1,WLTW,MRQ,2021-03-31,2021-03-31,2021-03-31,2021-08-04,-2311000000.0,38632000000.0,,20872000000.0,17760000000.0,,89.369,-51000000.0,1960000000.0,1960000000.0,0.0,736000000.0,1.097,2.348,6107000000.0,618000000.0,5489000000.0,6107000000.0,1526000000.0,211000000.0,0.0,0.012,0.71,888000000.0,1099000000.0,0.424,1099000000.0,888000000.0,829000000.0,5.64,5.63,5.64,11526000000.0,,11526000000.0,34134775135.0,17.0,11.869,-179000000.0,-1.388,1.0,2590000000.0,1.0,13864000000.0,59000000.0,9895000000.0,,0.0,0.0,0.0,0.0,27058000000.0,19020000000.0,8038000000.0,29518775135.0,-116000000.0,696000000.0,1000000.0,-508000000.0,-92000000.0,-633000000.0,645000000.0,0.0,-128000000.0,-14000000.0,733000000.0,733000000.0,733000000.0,0.0,3000000.0,0.283,2138000000.0,452000000.0,0.0,0.126,2.561,20.729,20.864,1792000000.0,0.0,228.88,3.115,3.115,2569000000.0,3075000000.0,2590000000.0,2590000000.0,0.0,,,,,27000000.0,1523000000.0,1.0,128970531.0,128970531,,20.082,24768000000.0,0.0,96000000.0,576000000.0,192.044,1852000000.0
2,WLTW,MRQ,2020-12-31,2020-12-31,2020-12-31,2021-08-04,-2359000000.0,38531000000.0,,20301000000.0,18230000000.0,,83.938,-54000000.0,2089000000.0,2089000000.0,0.0,483000000.0,1.05,2.551,6705000000.0,1123000000.0,5582000000.0,6705000000.0,2161000000.0,220000000.0,0.0,0.013,0.71,655000000.0,875000000.0,0.317,875000000.0,655000000.0,595000000.0,3.67,3.66,3.67,10820000000.0,,10820000000.0,32182794728.0,21.0,13.008,514000000.0,3.987,1.0,2764000000.0,1.0,14247000000.0,60000000.0,9568000000.0,,0.0,0.0,0.0,0.0,27599000000.0,19332000000.0,8267000000.0,27157794728.0,416000000.0,-3000000.0,8000000.0,-8000000.0,-87000000.0,-100000000.0,-52000000.0,0.0,568000000.0,26000000.0,476000000.0,476000000.0,476000000.0,0.0,7000000.0,0.172,2177000000.0,587000000.0,0.0,0.193,2.51,27.267,27.432,1916000000.0,0.0,210.68,2.904,2.904,2555000000.0,2434000000.0,2764000000.0,2764000000.0,0.0,,,,,31000000.0,1419000000.0,1.0,128905424.0,128905424,,21.442,24284000000.0,0.0,119000000.0,561000000.0,188.386,969000000.0
3,WLTW,MRQ,2020-09-30,2020-09-30,2020-09-30,2021-08-04,-2253000000.0,38037000000.0,,19914000000.0,18123000000.0,,81.601,-64000000.0,1647000000.0,1647000000.0,0.0,122000000.0,1.036,2.607,6672000000.0,1116000000.0,5556000000.0,6672000000.0,1733000000.0,217000000.0,0.0,0.013,0.68,228000000.0,445000000.0,0.222,445000000.0,228000000.0,167000000.0,0.93,0.93,0.93,10515000000.0,,10515000000.0,32464214011.0,20.0,12.681,457000000.0,3.547,1.0,2009000000.0,1.0,14256000000.0,61000000.0,9586000000.0,,0.0,0.0,0.0,0.0,27417000000.0,19220000000.0,8197000000.0,26908214011.0,543000000.0,210000000.0,3000000.0,-8000000.0,-88000000.0,-119000000.0,141000000.0,0.0,521000000.0,17000000.0,121000000.0,121000000.0,121000000.0,0.0,1000000.0,0.06,1936000000.0,73000000.0,0.0,0.731,2.559,25.29,25.435,1891000000.0,0.0,208.82,2.9,2.9,2223000000.0,2047000000.0,2009000000.0,2009000000.0,0.0,,,,,31000000.0,1331000000.0,1.0,128858414.0,128858414,,15.591,23781000000.0,0.0,46000000.0,587000000.0,184.551,694000000.0
4,WLTW,MRQ,2020-06-30,2020-06-30,2020-06-30,2021-08-04,-2390000000.0,38110000000.0,,19922000000.0,18188000000.0,,80.281,-87000000.0,1087000000.0,1087000000.0,0.0,102000000.0,1.047,2.676,6643000000.0,669000000.0,5974000000.0,6643000000.0,1504000000.0,226000000.0,0.0,0.014,0.68,231000000.0,457000000.0,0.216,457000000.0,231000000.0,169000000.0,0.73,0.72,0.73,10335000000.0,,10335000000.0,31395494342.0,20.0,12.644,575000000.0,4.467,1.0,2113000000.0,1.0,14453000000.0,62000000.0,10194000000.0,,0.0,0.0,0.0,0.0,27654000000.0,19019000000.0,8635000000.0,25354494342.0,174000000.0,2000000.0,2000000.0,-299000000.0,-87000000.0,-401000000.0,-87000000.0,0.0,662000000.0,14000000.0,94000000.0,94000000.0,94000000.0,0.0,8000000.0,0.044,1950000000.0,163000000.0,0.0,0.932,2.453,24.906,25.057,1883000000.0,0.0,196.95,2.739,2.739,2430000000.0,2015000000.0,2113000000.0,2113000000.0,0.0,,,,,29000000.0,1363000000.0,1.0,128735691.0,128735691,,16.413,23657000000.0,0.0,75000000.0,575000000.0,183.764,903000000.0
5,WLTW,MRQ,2020-03-31,2020-03-31,2020-03-31,2021-08-04,-2446000000.0,37727000000.0,,19550000000.0,18177000000.0,,79.732,-81000000.0,898000000.0,898000000.0,0.0,313000000.0,1.05,2.664,6939000000.0,848000000.0,6091000000.0,6939000000.0,1329000000.0,253000000.0,0.0,0.015,0.68,444000000.0,697000000.0,0.283,697000000.0,444000000.0,383000000.0,2.36,2.34,2.36,10263000000.0,,10263000000.0,27720886312.0,18.0,11.196,-58000000.0,-0.451,1.0,2466000000.0,1.0,14522000000.0,61000000.0,10622000000.0,,0.0,0.0,0.0,0.0,27338000000.0,18624000000.0,8714000000.0,21862886312.0,47000000.0,-66000000.0,3000000.0,268000000.0,-84000000.0,186000000.0,-162000000.0,0.0,23000000.0,-36000000.0,305000000.0,305000000.0,305000000.0,0.0,8000000.0,0.124,2106000000.0,360000000.0,0.0,0.288,2.13,20.587,20.739,1880000000.0,0.0,169.85,2.378,2.378,2594000000.0,2009000000.0,2466000000.0,2466000000.0,0.0,,,,,-1000000.0,1394000000.0,1.0,128718789.0,128718789,,19.158,23205000000.0,0.0,78000000.0,501000000.0,180.277,926000000.0
6,WLTW,MRQ,2019-12-31,2019-12-31,2019-12-31,2021-08-04,-2227000000.0,35426000000.0,,17037000000.0,18389000000.0,,79.714,-87000000.0,887000000.0,887000000.0,0.0,551000000.0,1.06,2.445,6745000000.0,480000000.0,6265000000.0,6745000000.0,1784000000.0,231000000.0,0.0,0.013,0.65,730000000.0,961000000.0,0.357,961000000.0,730000000.0,668000000.0,4.19,4.18,4.19,10249000000.0,,10249000000.0,32069972250.0,21.0,13.34,374000000.0,2.909,1.0,2690000000.0,1.0,14672000000.0,62000000.0,10542000000.0,,0.0,0.0,0.0,0.0,25057000000.0,16070000000.0,8987000000.0,25963972250.0,1000000.0,-5000000.0,11000000.0,-260000000.0,-84000000.0,-377000000.0,-83000000.0,0.0,461000000.0,20000000.0,544000000.0,544000000.0,544000000.0,0.0,7000000.0,0.202,2003000000.0,687000000.0,0.0,0.155,2.533,24.87,25.086,2014000000.0,0.0,201.94,2.872,2.872,2621000000.0,1792000000.0,2690000000.0,2690000000.0,0.0,,,,,26000000.0,1340000000.0,1.0,128572706.0,128572706,,20.922,20754000000.0,0.0,124000000.0,526000000.0,161.418,967000000.0
7,WLTW,MRQ,2019-09-30,2019-09-30,2019-09-30,2021-08-04,-2113000000.0,35703000000.0,,17400000000.0,18303000000.0,,76.647,-64000000.0,867000000.0,867000000.0,0.0,80000000.0,1.04,2.597,6973000000.0,635000000.0,6338000000.0,6973000000.0,1521000000.0,211000000.0,0.0,0.013,0.65,157000000.0,368000000.0,0.185,368000000.0,157000000.0,95000000.0,0.58,0.58,0.58,9887000000.0,,9887000000.0,29646061718.0,22.0,13.789,253000000.0,1.961,1.0,1989000000.0,1.0,14748000000.0,62000000.0,10325000000.0,,0.0,0.0,0.0,0.0,25672000000.0,16736000000.0,8936000000.0,24892061718.0,82000000.0,-1319000000.0,-92000000.0,1327000000.0,-84000000.0,1148000000.0,-1383000000.0,0.0,317000000.0,-20000000.0,75000000.0,75000000.0,75000000.0,0.0,5000000.0,0.038,1882000000.0,107000000.0,0.0,1.121,2.518,28.351,28.631,1922000000.0,0.0,192.97,2.854,2.854,2167000000.0,1336000000.0,1989000000.0,1989000000.0,0.0,,,,,21000000.0,1283000000.0,1.0,128994464.0,128994464,,15.419,20955000000.0,0.0,20000000.0,690000000.0,162.449,664000000.0
8,WLTW,MRQ,2019-06-30,2019-06-30,2019-06-30,2021-08-04,-1993000000.0,35166000000.0,,18333000000.0,16833000000.0,,78.074,-80000000.0,812000000.0,812000000.0,0.0,149000000.0,1.066,2.471,5566000000.0,341000000.0,5225000000.0,5566000000.0,1444000000.0,218000000.0,0.0,0.013,0.65,232000000.0,450000000.0,0.22,450000000.0,232000000.0,176000000.0,1.06,1.06,1.06,10090000000.0,,10090000000.0,29585897534.0,24.0,14.446,270000000.0,2.089,1.0,2048000000.0,1.0,13509000000.0,56000000.0,9207000000.0,,0.0,0.0,0.0,0.0,24934000000.0,17204000000.0,7730000000.0,24753897534.0,-179000000.0,13000000.0,-46000000.0,-246000000.0,-84000000.0,-456000000.0,-73000000.0,0.0,350000000.0,-1000000.0,138000000.0,138000000.0,138000000.0,0.0,11000000.0,0.067,1872000000.0,176000000.0,0.0,0.613,2.453,29.225,29.468,1897000000.0,0.0,191.54,2.881,2.881,2461000000.0,1442000000.0,2048000000.0,2048000000.0,0.0,,,,,17000000.0,1278000000.0,1.0,129236178.0,129236178,,15.847,21657000000.0,0.0,38000000.0,532000000.0,167.577,1129000000.0
9,WLTW,MRQ,2019-03-31,2019-03-31,2019-03-31,2021-08-04,-1974000000.0,35893000000.0,,19020000000.0,16873000000.0,,78.171,-74000000.0,992000000.0,992000000.0,0.0,293000000.0,1.077,2.542,5824000000.0,345000000.0,5479000000.0,5824000000.0,1240000000.0,217000000.0,0.0,0.014,0.65,408000000.0,625000000.0,0.27,625000000.0,408000000.0,354000000.0,2.21,2.2,2.21,10092000000.0,,10092000000.0,26218743992.0,23.0,13.727,-121000000.0,-0.937,1.0,2312000000.0,1.0,13643000000.0,54000000.0,9428000000.0,,0.0,0.0,0.0,0.0,25651000000.0,17654000000.0,7997000000.0,22676743992.0,-40000000.0,-1000000.0,22000000.0,137000000.0,-77000000.0,82000000.0,-75000000.0,0.0,-47000000.0,-1000000.0,287000000.0,287000000.0,287000000.0,0.0,6000000.0,0.124,1953000000.0,359000000.0,0.0,0.294,2.247,29.566,29.872,1903000000.0,0.0,175.65,2.658,2.658,2490000000.0,1439000000.0,2312000000.0,2312000000.0,0.0,,,,,10000000.0,1348000000.0,1.0,129101873.0,129101873,,17.908,22250000000.0,0.0,67000000.0,544000000.0,172.345,1366000000.0
10,WLTW,MRQ,2018-12-31,2018-12-31,2018-12-31,2021-08-04,-1961000000.0,32385000000.0,,16420000000.0,15965000000.0,,75.82,-72000000.0,1033000000.0,1033000000.0,0.0,383000000.0,1.073,2.272,4575000000.0,186000000.0,4389000000.0,4575000000.0,1647000000.0,181000000.0,0.0,0.016,0.6,526000000.0,707000000.0,0.298,707000000.0,526000000.0,472000000.0,2.89,2.88,2.89,9852000000.0,,9852000000.0,23485470785.0,23.0,13.15,500000000.0,3.848,1.0,2372000000.0,1.0,13783000000.0,54000000.0,6843000000.0,,0.0,0.0,0.0,0.0,22388000000.0,15301000000.0,7087000000.0,19732470785.0,110000000.0,-28000000.0,-177000000.0,-100000000.0,-78000000.0,-361000000.0,-101000000.0,0.0,572000000.0,-8000000.0,378000000.0,378000000.0,378000000.0,0.0,5000000.0,0.159,1902000000.0,470000000.0,0.0,0.208,2.003,28.392,28.707,942000000.0,0.0,151.86,2.318,2.318,2379000000.0,1201000000.0,2372000000.0,2372000000.0,0.0,,,,,35000000.0,1233000000.0,1.0,129938567.0,129938567,,18.255,18602000000.0,0.0,94000000.0,559000000.0,143.16,1119000000.0
11,WLTW,MRQ,2018-09-30,2018-09-30,2018-09-30,2021-08-04,-1627000000.0,33041000000.0,,16756000000.0,16285000000.0,,76.845,-84000000.0,931000000.0,931000000.0,0.0,46000000.0,1.077,2.274,4684000000.0,186000000.0,4498000000.0,4684000000.0,1465000000.0,181000000.0,0.0,0.017,0.6,85000000.0,266000000.0,0.143,266000000.0,85000000.0,34000000.0,0.34,0.33,0.34,10049000000.0,,10049000000.0,22193656431.0,35.0,15.596,237000000.0,1.812,1.0,1859000000.0,1.0,13886000000.0,51000000.0,7353000000.0,,0.0,0.0,0.0,0.0,22851000000.0,15555000000.0,7296000000.0,18430656431.0,27000000.0,0.0,-129000000.0,12000000.0,-79000000.0,-207000000.0,-87000000.0,0.0,321000000.0,-7000000.0,44000000.0,44000000.0,44000000.0,0.0,2000000.0,0.024,1842000000.0,17000000.0,0.0,1.765,1.834,32.795,33.319,944000000.0,0.0,140.94,2.242,2.242,2132000000.0,1102000000.0,1859000000.0,1859000000.0,0.0,,,,,11000000.0,1238000000.0,1.0,130769522.0,130769522,,14.216,19155000000.0,0.0,-10000000.0,678000000.0,146.479,1201000000.0
12,WLTW,MRQ,2018-06-30,2018-06-30,2018-06-30,2021-08-04,-1605000000.0,34213000000.0,,17889000000.0,16324000000.0,,77.579,-88000000.0,911000000.0,911000000.0,0.0,65000000.0,1.092,2.331,4674000000.0,85000000.0,4589000000.0,4674000000.0,1357000000.0,193000000.0,0.0,0.015,0.6,119000000.0,312000000.0,0.157,312000000.0,119000000.0,67000000.0,0.44,0.44,0.44,10228000000.0,,10228000000.0,23624935662.0,42.0,17.282,289000000.0,2.192,1.0,1990000000.0,1.0,14030000000.0,52000000.0,7564000000.0,,0.0,0.0,0.0,0.0,23839000000.0,16382000000.0,7457000000.0,19986935662.0,-8000000.0,-3000000.0,-262000000.0,114000000.0,-81000000.0,-311000000.0,-74000000.0,0.0,377000000.0,-35000000.0,58000000.0,58000000.0,58000000.0,0.0,7000000.0,0.029,1927000000.0,63000000.0,0.0,1.364,1.954,43.075,43.438,924000000.0,0.0,151.6,2.434,2.434,2394000000.0,1270000000.0,1990000000.0,1990000000.0,0.0,,,,,1000000.0,1275000000.0,1.0,131839945.0,131839945,,15.094,20183000000.0,0.0,9000000.0,691000000.0,153.087,1507000000.0
13,WLTW,MRQ,2018-03-31,2018-03-31,2018-03-31,2021-08-04,-1430000000.0,34212000000.0,,17606000000.0,16606000000.0,,80.716,-78000000.0,954000000.0,954000000.0,0.0,221000000.0,1.114,2.191,4592000000.0,85000000.0,4507000000.0,4592000000.0,1239000000.0,192000000.0,0.0,0.014,0.6,309000000.0,501000000.0,0.219,501000000.0,309000000.0,258000000.0,1.62,1.61,1.62,10672000000.0,,10672000000.0,23626979978.0,45.0,17.489,-60000000.0,-0.454,1.0,2292000000.0,1.0,14316000000.0,51000000.0,7730000000.0,,0.0,0.0,0.0,0.0,23382000000.0,15804000000.0,7578000000.0,20121979978.0,-85000000.0,-1000000.0,11000000.0,40000000.0,-68000000.0,-24000000.0,-79000000.0,0.0,18000000.0,9000000.0,215000000.0,215000000.0,215000000.0,0.0,6000000.0,0.094,2033000000.0,259000000.0,0.0,0.37,1.885,45.836,46.258,926000000.0,0.0,152.19,2.461,2.461,2600000000.0,1557000000.0,2292000000.0,2292000000.0,0.0,,,,,3000000.0,1377000000.0,1.0,132216177.0,132216177,,17.335,19896000000.0,0.0,43000000.0,711000000.0,150.481,1802000000.0
14,WLTW,MRQ,2017-12-31,2017-12-31,2017-12-31,2021-08-04,-1513000000.0,32458000000.0,,15861000000.0,16597000000.0,,76.69,-125000000.0,1030000000.0,1030000000.0,0.0,253000000.0,1.075,2.19,4535000000.0,85000000.0,4450000000.0,4535000000.0,1711000000.0,223000000.0,0.0,0.014,0.53,121000000.0,344000000.0,0.166,344000000.0,121000000.0,72000000.0,1.83,1.82,1.83,10126000000.0,,10126000000.0,23562929635.0,36.0,15.825,222000000.0,1.681,1.0,2078000000.0,1.0,14401000000.0,49000000.0,6807000000.0,,0.0,0.0,0.0,0.0,22181000000.0,14755000000.0,7426000000.0,19896929635.0,41000000.0,57000000.0,-53000000.0,-54000000.0,-68000000.0,-233000000.0,-73000000.0,0.0,347000000.0,77000000.0,245000000.0,245000000.0,245000000.0,0.0,8000000.0,0.118,1998000000.0,80000000.0,0.0,0.29,1.965,35.03,35.793,985000000.0,0.0,150.69,2.426,2.426,2246000000.0,1104000000.0,2078000000.0,2078000000.0,0.0,,,,,19000000.0,1291000000.0,1.0,132038819.0,132038819,,15.738,18057000000.0,0.0,-173000000.0,615000000.0,136.755,1106000000.0
15,WLTW,MRQ,2017-09-30,2017-09-30,2017-09-30,2021-08-04,-1676000000.0,32272000000.0,,15691000000.0,16581000000.0,,73.833,-99000000.0,912000000.0,912000000.0,0.0,-54000000.0,1.078,2.238,4578000000.0,85000000.0,4493000000.0,4578000000.0,1472000000.0,198000000.0,0.0,0.013,0.53,12000000.0,210000000.0,0.113,210000000.0,12000000.0,-35000000.0,-0.4,-0.4,-0.4,9915000000.0,,9915000000.0,24041368719.0,39.0,16.931,97000000.0,0.722,1.0,1852000000.0,1.0,14563000000.0,47000000.0,6819000000.0,,0.0,0.0,0.0,0.0,22191000000.0,14556000000.0,7635000000.0,20711368719.0,39000000.0,0.0,-336000000.0,373000000.0,-72000000.0,-50000000.0,-107000000.0,0.0,196000000.0,21000000.0,-54000000.0,-54000000.0,-54000000.0,0.0,0.0,-0.029,1878000000.0,-26000000.0,0.0,-1.325,2.089,44.541,45.496,937000000.0,0.0,154.23,2.573,2.573,2155000000.0,1130000000.0,1852000000.0,1852000000.0,0.0,,,,,15000000.0,1212000000.0,1.0,134288846.0,134288846,,13.791,17709000000.0,0.0,19000000.0,856000000.0,131.872,1135000000.0
16,WLTW,MRQ,2017-06-30,2017-06-30,2017-06-30,2021-08-04,-1776000000.0,32774000000.0,,16233000000.0,16541000000.0,,75.914,-74000000.0,852000000.0,852000000.0,0.0,41000000.0,1.08,2.176,4182000000.0,85000000.0,4097000000.0,4182000000.0,1311000000.0,209000000.0,0.0,0.014,0.53,87000000.0,296000000.0,0.152,296000000.0,87000000.0,41000000.0,0.24,0.24,0.24,10263000000.0,,10263000000.0,22859099014.0,39.0,16.34,150000000.0,1.11,1.0,1953000000.0,1.0,14665000000.0,46000000.0,6410000000.0,,0.0,0.0,0.0,0.0,22330000000.0,15029000000.0,7301000000.0,19665099014.0,-59000000.0,-1000000.0,-123000000.0,42000000.0,-72000000.0,-210000000.0,-73000000.0,0.0,224000000.0,10000000.0,33000000.0,33000000.0,33000000.0,0.0,8000000.0,0.017,1892000000.0,61000000.0,0.0,2.208,1.916,40.38,40.86,895000000.0,0.0,145.46,2.466,2.466,2288000000.0,1402000000.0,1953000000.0,1953000000.0,0.0,,,,,19000000.0,1211000000.0,1.0,135192486.0,135192486,,14.446,18109000000.0,0.0,8000000.0,823000000.0,133.95,1204000000.0
17,WLTW,MRQ,2017-03-31,2017-03-31,2017-03-31,2021-08-04,-1908000000.0,32232000000.0,,15795000000.0,16437000000.0,,75.837,-77000000.0,901000000.0,901000000.0,0.0,352000000.0,1.083,2.119,4095000000.0,120000000.0,3975000000.0,4095000000.0,1203000000.0,203000000.0,0.0,0.015,0.53,436000000.0,639000000.0,0.276,639000000.0,436000000.0,390000000.0,2.51,2.5,2.51,10278000000.0,,10278000000.0,20734236491.0,32.0,14.705,18000000.0,0.133,1.0,2319000000.0,1.0,14687000000.0,46000000.0,6154000000.0,,0.0,0.0,0.0,0.0,21775000000.0,14585000000.0,7190000000.0,17739236491.0,27000000.0,-12000000.0,-136000000.0,219000000.0,-65000000.0,14000000.0,-82000000.0,0.0,95000000.0,4000000.0,344000000.0,344000000.0,344000000.0,0.0,8000000.0,0.148,1918000000.0,401000000.0,0.0,0.211,1.726,33.725,34.086,863000000.0,0.0,130.89,2.225,2.225,2307000000.0,1561000000.0,2319000000.0,2319000000.0,0.0,,,,,14000000.0,1253000000.0,1.0,135527821.0,135527821,,17.111,17545000000.0,0.0,46000000.0,799000000.0,129.457,1210000000.0
18,WLTW,MRQ,2016-12-31,2016-12-31,2016-12-31,2021-08-04,-1884000000.0,30253000000.0,,13792000000.0,16461000000.0,,73.603,-88000000.0,870000000.0,870000000.0,0.0,148000000.0,1.032,1.989,3865000000.0,508000000.0,3357000000.0,3865000000.0,1481000000.0,194000000.0,0.0,0.016,0.48,81000000.0,275000000.0,0.143,275000000.0,81000000.0,35000000.0,1.04,1.04,1.04,10065000000.0,,10065000000.0,19740350893.0,39.0,15.458,224000000.0,1.638,1.0,1927000000.0,1.0,14781000000.0,46000000.0,5097000000.0,,0.0,0.0,0.0,0.0,20019000000.0,13370000000.0,6649000000.0,16721350893.0,108000000.0,-1000000.0,-155000000.0,112000000.0,-66000000.0,-116000000.0,-88000000.0,0.0,312000000.0,-5000000.0,142000000.0,142000000.0,142000000.0,0.0,6000000.0,0.074,2042000000.0,-115000000.0,0.0,0.462,1.661,39.813,39.831,839000000.0,0.0,122.28,2.12,2.12,2080000000.0,1452000000.0,1927000000.0,1927000000.0,0.0,,,,,29000000.0,1330000000.0,1.0,136746409.0,136746409,,14.092,15472000000.0,0.0,-107000000.0,864000000.0,113.144,422000000.0
19,WLTW,MRQ,2016-09-30,2016-09-30,2016-09-30,2021-08-04,-1221000000.0,31801000000.0,,14733000000.0,17068000000.0,,77.993,-81000000.0,767000000.0,767000000.0,0.0,-31000000.0,1.036,1.936,3786000000.0,519000000.0,3267000000.0,3786000000.0,1282000000.0,202000000.0,0.0,0.017,0.48,-13000000.0,189000000.0,0.106,189000000.0,-13000000.0,-58000000.0,-0.23,-0.23,-0.23,10767000000.0,,10767000000.0,21188997015.0,48.0,19.821,104000000.0,0.753,1.0,1777000000.0,1.0,15072000000.0,45000000.0,5531000000.0,,0.0,0.0,0.0,0.0,20847000000.0,14217000000.0,6630000000.0,18328997015.0,-175000000.0,57000000.0,-168000000.0,-31000000.0,-66000000.0,-335000000.0,-25000000.0,0.0,185000000.0,-7000000.0,-32000000.0,-32000000.0,-32000000.0,0.0,1000000.0,-0.018,1776000000.0,1000000.0,0.0,-2.087,1.702,72.161,78.1,811000000.0,0.0,132.77,2.643,2.643,2043000000.0,1455000000.0,1777000000.0,1777000000.0,0.0,,,,,26000000.0,1119000000.0,1.0,138050742.0,138050742,,12.872,16729000000.0,0.0,-26000000.0,1137000000.0,121.18,516000000.0
20,WLTW,MRQ,2016-06-30,2016-06-30,2016-06-30,2021-08-04,-1181000000.0,32409000000.0,,15230000000.0,17179000000.0,,79.818,-68000000.0,949000000.0,949000000.0,0.0,76000000.0,1.056,1.916,3809000000.0,528000000.0,3281000000.0,3809000000.0,1221000000.0,169000000.0,0.0,0.021,0.48,138000000.0,307000000.0,0.158,307000000.0,138000000.0,91000000.0,0.52,0.51,0.52,11050000000.0,,11050000000.0,20166576097.0,40.0,20.833,249000000.0,1.799,1.0,1949000000.0,1.0,15240000000.0,47000000.0,5612000000.0,,0.0,0.0,0.0,0.0,21169000000.0,14417000000.0,6752000000.0,17209576097.0,0.0,-50000000.0,-21000000.0,-101000000.0,-67000000.0,-208000000.0,-109000000.0,0.0,317000000.0,-5000000.0,72000000.0,72000000.0,72000000.0,0.0,4000000.0,0.037,1813000000.0,136000000.0,0.0,0.923,1.557,42.704,34.058,794000000.0,0.0,124.31,2.867,2.867,2187000000.0,1739000000.0,1949000000.0,1949000000.0,0.0,,,,,33000000.0,1201000000.0,1.0,138440802.0,138440802,,14.078,17169000000.0,0.0,19000000.0,1156000000.0,124.017,813000000.0
21,WLTW,MRQ,2016-03-31,2016-03-31,2016-03-31,2021-08-04,-1053000000.0,33029000000.0,,15579000000.0,17450000000.0,,80.704,-66000000.0,954000000.0,954000000.0,0.0,245000000.0,1.021,1.944,3911000000.0,1144000000.0,2767000000.0,3911000000.0,1109000000.0,204000000.0,0.0,0.025,0.48,302000000.0,506000000.0,0.226,506000000.0,302000000.0,256000000.0,1.76,1.75,1.76,11151000000.0,,11151000000.0,19129496877.0,39.0,23.215,53000000.0,0.384,1.0,2234000000.0,1.0,15563000000.0,46000000.0,5167000000.0,,0.0,0.0,0.0,0.0,21672000000.0,15256000000.0,6416000000.0,16395496877.0,420000000.0,469000000.0,11000000.0,-122000000.0,0.0,-116000000.0,417000000.0,0.0,119000000.0,2000000.0,238000000.0,238000000.0,238000000.0,0.0,7000000.0,0.107,1908000000.0,326000000.0,0.0,0.273,1.47,40.887,28.524,790000000.0,0.0,118.66,3.295,3.295,2268000000.0,1771000000.0,2234000000.0,2234000000.0,0.0,,,,,35000000.0,1196000000.0,1.0,138172062.0,138172062,,16.168,17466000000.0,0.0,18000000.0,1234000000.0,126.408,323000000.0
22,WLTW,MRQ,2015-12-31,2015-12-31,2015-12-31,2021-08-04,-1037000000.0,18839000000.0,,12503000000.0,6336000000.0,,32.765,-46000000.0,532000000.0,532000000.0,0.0,-18000000.0,0.977,7.369,3266000000.0,988000000.0,2278000000.0,3266000000.0,752000000.0,48000000.0,0.0,0.026,0.821,19000000.0,67000000.0,0.069,67000000.0,19000000.0,-20000000.0,-0.35,-0.34,-0.35,2229000000.0,,2229000000.0,10858010105.0,23.0,16.628,85000000.0,1.249,1.0,974000000.0,1.0,4852000000.0,39000000.0,3920000000.0,,0.0,0.0,0.0,0.0,16426000000.0,12801000000.0,3625000000.0,8753010105.0,82000000.0,-565000000.0,31000000.0,630000000.0,-112000000.0,546000000.0,-595000000.0,0.0,131000000.0,-16000000.0,-24000000.0,-24000000.0,-24000000.0,0.0,6000000.0,-0.025,972000000.0,2000000.0,0.0,-2.346,3.927,23.467,23.436,563000000.0,0.0,128.662,2.286,2.286,1258000000.0,1597000000.0,974000000.0,974000000.0,0.0,,,,,18000000.0,605000000.0,1.0,68030910.0,68030910,,14.317,13987000000.0,0.0,4000000.0,240000000.0,205.598,-298000000.0
23,WLTW,MRQ,2015-09-30,2015-09-30,2015-09-30,2021-08-04,-954000000.0,17813000000.0,,12334000000.0,5479000000.0,,35.283,-53000000.0,466000000.0,466000000.0,0.0,116000000.0,1.038,6.383,2571000000.0,323000000.0,2248000000.0,2571000000.0,520000000.0,48000000.0,0.0,0.03,0.821,40000000.0,88000000.0,0.104,88000000.0,40000000.0,5000000.0,1.72,1.7,1.72,2393000000.0,,2393000000.0,9397794667.0,15.0,12.221,53000000.0,0.781,1.0,846000000.0,1.0,3815000000.0,35000000.0,4222000000.0,,0.0,171000000.0,0.0,171000000.0,15275000000.0,11881000000.0,3394000000.0,7360794667.0,-4000000.0,-20000000.0,8000000.0,49000000.0,-56000000.0,-10000000.0,-100000000.0,0.0,106000000.0,-13000000.0,117000000.0,117000000.0,117000000.0,0.0,-1000000.0,0.138,819000000.0,27000000.0,0.0,0.477,3.076,15.562,15.5,531000000.0,0.0,108.53,1.93,1.93,1100000000.0,1677000000.0,846000000.0,846000000.0,0.0,,,,,12000000.0,570000000.0,1.0,67822797.0,67822797,,12.474,13998000000.0,70000000.0,-112000000.0,201000000.0,206.391,453000000.0
24,WLTW,MRQ,2015-06-30,2015-06-30,2015-06-30,2021-08-04,-872000000.0,18319000000.0,,12946000000.0,5373000000.0,,35.351,-30000000.0,483000000.0,483000000.0,0.0,72000000.0,1.036,6.593,2520000000.0,468000000.0,2052000000.0,2520000000.0,443000000.0,39000000.0,0.0,0.026,0.821,124000000.0,163000000.0,0.177,163000000.0,124000000.0,89000000.0,1.03,1.01,1.03,2393000000.0,,2393000000.0,10211937472.0,17.0,13.689,41000000.0,0.606,1.0,922000000.0,1.0,3772000000.0,35000000.0,4089000000.0,,0.0,168000000.0,0.0,168000000.0,15778000000.0,12495000000.0,3283000000.0,8409937472.0,-26000000.0,-220000000.0,-13000000.0,216000000.0,-55000000.0,143000000.0,-240000000.0,0.0,71000000.0,6000000.0,70000000.0,70000000.0,70000000.0,0.0,2000000.0,0.076,817000000.0,105000000.0,0.0,0.797,3.514,24.097,24.003,516000000.0,0.0,124.238,2.225,2.225,1226000000.0,1618000000.0,922000000.0,922000000.0,0.0,,,,,16000000.0,561000000.0,1.0,67691927.0,67691927,,13.621,14547000000.0,15000000.0,19000000.0,267000000.0,214.9,451000000.0
25,WLTW,MRQ,2015-03-31,2015-03-31,2015-03-31,2021-08-04,-952000000.0,16105000000.0,,11328000000.0,4777000000.0,,33.917,-17000000.0,503000000.0,503000000.0,0.0,214000000.0,1.074,5.976,2305000000.0,168000000.0,2137000000.0,2305000000.0,408000000.0,36000000.0,0.0,0.025,0.821,299000000.0,335000000.0,0.308,335000000.0,299000000.0,266000000.0,3.09,3.04,3.09,2298000000.0,,2298000000.0,10321324815.0,17.0,13.581,-81000000.0,-1.196,1.0,1087000000.0,1.0,3307000000.0,33000000.0,4052000000.0,,0.0,167000000.0,0.0,167000000.0,13733000000.0,10548000000.0,3185000000.0,8647324815.0,-111000000.0,-8000000.0,23000000.0,-5000000.0,-54000000.0,-39000000.0,-8000000.0,0.0,-64000000.0,-21000000.0,210000000.0,210000000.0,210000000.0,0.0,4000000.0,0.193,794000000.0,293000000.0,0.0,0.266,3.763,26.526,26.402,462000000.0,0.0,127.629,2.28,2.28,1150000000.0,1669000000.0,1087000000.0,1087000000.0,0.0,,,,,18000000.0,567000000.0,1.0,67753531.0,67753531,,16.043,12798000000.0,19000000.0,56000000.0,252000000.0,188.891,780000000.0
26,WLTW,MRQ,2014-12-31,2014-12-31,2014-12-31,2021-08-04,-1066000000.0,15421000000.0,,10839000000.0,4582000000.0,,29.692,-33000000.0,635000000.0,635000000.0,0.0,83000000.0,1.062,6.728,2297000000.0,167000000.0,2130000000.0,2297000000.0,619000000.0,38000000.0,0.0,0.027,0.795,145000000.0,183000000.0,0.191,183000000.0,145000000.0,111000000.0,1.162,1.161,1.162,1985000000.0,,1985000000.0,9592638377.0,15.0,11.961,163000000.0,2.438,1.0,958000000.0,1.0,3387000000.0,34000000.0,3485000000.0,,0.0,169000000.0,0.0,169000000.0,13355000000.0,10211000000.0,3144000000.0,7935638377.0,-3000000.0,-130000000.0,20000000.0,-4000000.0,-53000000.0,-40000000.0,-159000000.0,8000000.0,196000000.0,-18000000.0,76000000.0,76000000.0,76000000.0,0.0,7000000.0,0.079,819000000.0,139000000.0,0.0,0.684,3.998,21.922,21.982,483000000.0,0.0,118.702,2.087,2.087,1044000000.0,1530000000.0,958000000.0,958000000.0,0.0,,,,,12000000.0,600000000.0,1.0,66853459.0,66853459,,14.33,12034000000.0,19000000.0,35000000.0,180000000.0,180.006,628000000.0
27,WLTW,MRQ,2014-09-30,2014-09-30,2014-09-30,2021-08-04,-735000000.0,15208000000.0,,10824000000.0,4384000000.0,,33.531,-27000000.0,656000000.0,656000000.0,0.0,-8000000.0,1.082,5.729,2313000000.0,165000000.0,2148000000.0,2313000000.0,481000000.0,36000000.0,0.0,0.029,0.795,29000000.0,65000000.0,0.08,65000000.0,29000000.0,-5000000.0,-0.106,-0.106,-0.106,2258000000.0,,2258000000.0,8994140739.0,14.0,11.342,102000000.0,1.515,1.0,812000000.0,1.0,3134000000.0,34000000.0,3726000000.0,,0.0,177000000.0,0.0,177000000.0,12935000000.0,10005000000.0,2930000000.0,7385140739.0,-34000000.0,-6000000.0,-70000000.0,-3000000.0,-54000000.0,-128000000.0,-35000000.0,-2000000.0,129000000.0,-18000000.0,-7000000.0,-7000000.0,-7000000.0,0.0,-1000000.0,-0.009,778000000.0,34000000.0,0.0,-7.5,3.271,20.862,20.933,481000000.0,0.0,109.669,1.963,1.963,1021000000.0,1521000000.0,812000000.0,812000000.0,0.0,,,,,14000000.0,569000000.0,1.0,67340353.0,67340353,,12.058,12074000000.0,20000000.0,2000000.0,172000000.0,179.298,819000000.0
28,WLTW,MRQ,2014-06-30,2014-06-30,2014-06-30,2021-08-04,-660000000.0,16551000000.0,,12072000000.0,4479000000.0,,36.2,-31000000.0,708000000.0,708000000.0,0.0,48000000.0,1.099,5.765,2317000000.0,15000000.0,2302000000.0,2317000000.0,418000000.0,36000000.0,0.0,0.027,0.795,141000000.0,177000000.0,0.189,177000000.0,141000000.0,106000000.0,0.689,0.689,0.689,2444000000.0,,2444000000.0,9332025522.0,15.0,12.01,116000000.0,1.718,1.0,935000000.0,1.0,3230000000.0,35000000.0,3946000000.0,,0.0,190000000.0,0.0,190000000.0,14089000000.0,10984000000.0,3105000000.0,7744025522.0,-20000000.0,-28000000.0,-32000000.0,-5000000.0,-53000000.0,-106000000.0,-61000000.0,-2000000.0,147000000.0,-6000000.0,47000000.0,47000000.0,47000000.0,0.0,1000000.0,0.05,787000000.0,148000000.0,0.0,1.154,3.169,23.186,23.186,496000000.0,0.0,114.702,2.067,2.067,1175000000.0,1664000000.0,935000000.0,935000000.0,0.0,,,,,13000000.0,575000000.0,1.0,67514310.0,67514310,,13.849,13321000000.0,21000000.0,59000000.0,204000000.0,197.306,1088000000.0
29,WLTW,MRQ,2014-03-31,2014-03-31,2014-03-31,2021-08-04,-685000000.0,15828000000.0,,11445000000.0,4383000000.0,,36.135,-22000000.0,734000000.0,734000000.0,0.0,250000000.0,1.114,5.469,2322000000.0,15000000.0,2307000000.0,2322000000.0,371000000.0,36000000.0,0.0,0.026,0.795,341000000.0,377000000.0,0.344,377000000.0,341000000.0,309000000.0,3.629,3.576,3.629,2442000000.0,,2442000000.0,9430222987.0,14.0,11.773,-17000000.0,-0.252,1.0,1097000000.0,1.0,3174000000.0,32000000.0,3966000000.0,,0.0,196000000.0,0.0,196000000.0,13356000000.0,10276000000.0,3080000000.0,7900222987.0,-65000000.0,5000000.0,8000000.0,-6000000.0,-50000000.0,-49000000.0,-21000000.0,-4000000.0,5000000.0,3000000.0,246000000.0,246000000.0,246000000.0,0.0,4000000.0,0.224,771000000.0,326000000.0,0.0,0.219,3.235,20.154,19.99,482000000.0,0.0,116.901,2.135,2.135,1185000000.0,1752000000.0,1097000000.0,1097000000.0,0.0,,,,,13000000.0,570000000.0,1.0,67580652.0,67580652,,16.232,12654000000.0,22000000.0,63000000.0,167000000.0,187.243,1169000000.0
30,WLTW,MRQ,2013-12-31,2013-12-31,2013-12-31,2021-08-04,-693000000.0,14800000000.0,,10461000000.0,4339000000.0,,33.007,-37000000.0,796000000.0,796000000.0,0.0,74000000.0,1.104,5.669,2326000000.0,15000000.0,2311000000.0,2326000000.0,586000000.0,39000000.0,0.0,0.025,0.742,135000000.0,174000000.0,0.189,174000000.0,135000000.0,102000000.0,1.027,0.946,1.027,2215000000.0,,2215000000.0,9674818449.0,16.0,12.697,158000000.0,2.354,1.0,919000000.0,1.0,3191000000.0,33000000.0,3665000000.0,,0.0,176000000.0,0.0,176000000.0,12557000000.0,9474000000.0,3083000000.0,7965818449.0,175000000.0,20000000.0,50000000.0,-6000000.0,-49000000.0,-5000000.0,-15000000.0,2000000.0,195000000.0,-2000000.0,68000000.0,68000000.0,68000000.0,0.0,6000000.0,0.074,774000000.0,145000000.0,0.0,0.722,3.596,21.824,21.465,481000000.0,0.0,118.702,2.179,2.179,1041000000.0,1595000000.0,919000000.0,919000000.0,0.0,,,,,10000000.0,569000000.0,1.0,67107710.0,67107710,,13.694,11609000000.0,22000000.0,34000000.0,102000000.0,172.991,987000000.0
31,WLTW,MRQ,2013-09-30,2013-09-30,2013-09-30,2021-08-04,-808000000.0,15323000000.0,,11014000000.0,4309000000.0,,30.426,-26000000.0,623000000.0,623000000.0,0.0,-27000000.0,1.087,6.559,2332000000.0,17000000.0,2315000000.0,2332000000.0,489000000.0,35000000.0,0.0,0.026,0.742,14000000.0,49000000.0,0.062,49000000.0,14000000.0,-16000000.0,-0.397,-0.397,-0.397,2024000000.0,,2024000000.0,9475522647.0,-31.0,-57.778,203000000.0,3.052,1.0,795000000.0,1.0,3207000000.0,30000000.0,3690000000.0,,0.0,184000000.0,0.0,184000000.0,13276000000.0,10135000000.0,3141000000.0,7635522647.0,117000000.0,-1000000.0,43000000.0,-75000000.0,-49000000.0,-82000000.0,-30000000.0,-3000000.0,229000000.0,3000000.0,-27000000.0,-27000000.0,-27000000.0,0.0,0.0,-0.034,725000000.0,70000000.0,0.0,-1.869,3.772,-15.031,-14.788,472000000.0,0.0,114.781,2.117,2.117,985000000.0,1577000000.0,795000000.0,795000000.0,0.0,,,,,10000000.0,541000000.0,1.0,66522266.0,66522266,,11.951,12116000000.0,20000000.0,11000000.0,87000000.0,182.135,879000000.0
32,WLTW,MRQ,2013-06-30,2013-06-30,2013-06-30,2021-08-04,-880000000.0,15938000000.0,,11674000000.0,4264000000.0,,30.082,-25000000.0,503000000.0,503000000.0,0.0,107000000.0,1.084,7.05,2343000000.0,17000000.0,2326000000.0,2343000000.0,414000000.0,35000000.0,0.0,0.027,0.742,166000000.0,201000000.0,0.226,201000000.0,166000000.0,134000000.0,1.589,1.563,1.589,1977000000.0,,1977000000.0,8970587167.0,-35.0,-81.551,73000000.0,1.111,1.0,890000000.0,1.0,3202000000.0,32000000.0,3811000000.0,,0.0,177000000.0,0.0,177000000.0,13938000000.0,10765000000.0,3173000000.0,7099587167.0,-24000000.0,-28000000.0,43000000.0,-57000000.0,-48000000.0,-68000000.0,-54000000.0,-1000000.0,98000000.0,-4000000.0,105000000.0,105000000.0,105000000.0,0.0,2000000.0,0.118,723000000.0,167000000.0,0.0,0.467,3.591,-15.603,-15.505,452000000.0,0.0,108.026,1.991,1.991,1044000000.0,1653000000.0,890000000.0,890000000.0,0.0,,,,,8000000.0,529000000.0,1.0,65720798.0,65720798,,13.542,12736000000.0,25000000.0,29000000.0,84000000.0,193.789,909000000.0
33,WLTW,MRQ,2013-03-31,2013-03-31,2013-03-31,2021-08-04,-886000000.0,15802000000.0,,11595000000.0,4207000000.0,,28.45,-19000000.0,531000000.0,531000000.0,0.0,223000000.0,1.087,7.458,2402000000.0,15000000.0,2387000000.0,2402000000.0,455000000.0,40000000.0,0.0,0.028,0.742,298000000.0,338000000.0,0.322,338000000.0,298000000.0,267000000.0,3.364,3.285,3.364,1865000000.0,,1865000000.0,8710590931.0,-36.0,-87.106,20000000.0,0.305,1.0,1051000000.0,1.0,3182000000.0,31000000.0,3820000000.0,,0.0,183000000.0,0.0,183000000.0,13909000000.0,10671000000.0,3238000000.0,6857590931.0,36000000.0,-1000000.0,19000000.0,51000000.0,-47000000.0,18000000.0,-21000000.0,-1000000.0,39000000.0,-5000000.0,219000000.0,219000000.0,219000000.0,0.0,4000000.0,0.208,770000000.0,281000000.0,0.0,0.221,3.677,-15.172,-15.13,447000000.0,0.0,104.609,1.949,1.949,1051000000.0,1599000000.0,1051000000.0,1051000000.0,0.0,,,,,12000000.0,568000000.0,1.0,65554332.0,65554332,,16.033,12620000000.0,31000000.0,48000000.0,72000000.0,192.512,924000000.0
34,WLTW,MRQ,2012-12-31,2012-12-31,2012-12-31,2021-08-04,-850000000.0,15112000000.0,,10898000000.0,4214000000.0,,26.025,-42000000.0,500000000.0,500000000.0,0.0,-801000000.0,1.069,7.879,2353000000.0,15000000.0,2338000000.0,2353000000.0,541000000.0,35000000.0,0.0,0.032,0.715,-787000000.0,-752000000.0,-0.863,-752000000.0,-787000000.0,-818000000.0,-12.318,-12.212,-12.318,1699000000.0,,1699000000.0,7753526879.0,-36.0,-98.146,173000000.0,2.65,1.0,871000000.0,1.0,3212000000.0,31000000.0,3559000000.0,,0.0,174000000.0,0.0,174000000.0,13387000000.0,10194000000.0,3193000000.0,5798526879.0,75000000.0,-29000000.0,12000000.0,-23000000.0,-46000000.0,-67000000.0,-73000000.0,-2000000.0,215000000.0,1000000.0,-805000000.0,-805000000.0,-805000000.0,1000000.0,4000000.0,-0.924,1663000000.0,-792000000.0,0.0,-0.058,3.413,-13.001,-12.997,468000000.0,0.0,88.821,1.666,1.666,933000000.0,1427000000.0,871000000.0,871000000.0,0.0,,,,,8000000.0,967000000.0,1.0,65283146.0,65283146,,13.342,11900000000.0,31000000.0,-13000000.0,58000000.0,182.283,704000000.0
35,WLTW,MRQ,2012-09-30,2012-09-30,2012-09-30,2021-08-04,-717000000.0,17003000000.0,,12116000000.0,4887000000.0,,40.913,-32000000.0,424000000.0,424000000.0,0.0,26000000.0,1.093,5.35,2379000000.0,15000000.0,2364000000.0,2379000000.0,279000000.0,35000000.0,0.0,0.029,0.715,68000000.0,103000000.0,0.137,103000000.0,68000000.0,36000000.0,0.397,0.397,0.397,2674000000.0,,2674000000.0,8396185846.0,13.0,10.848,120000000.0,1.836,1.0,754000000.0,1.0,3683000000.0,32000000.0,4189000000.0,,0.0,175000000.0,0.0,175000000.0,14305000000.0,11086000000.0,3219000000.0,6392185846.0,15000000.0,0.0,-26000000.0,-32000000.0,-46000000.0,-104000000.0,-33000000.0,-1000000.0,152000000.0,2000000.0,26000000.0,26000000.0,26000000.0,0.0,0.0,0.034,683000000.0,71000000.0,0.0,1.801,2.39,16.646,16.859,446000000.0,0.0,97.801,1.865,1.865,908000000.0,2278000000.0,754000000.0,754000000.0,0.0,,,,,6000000.0,502000000.0,1.0,65358888.0,65358888,,11.536,13320000000.0,56000000.0,10000000.0,153000000.0,203.798,1030000000.0
36,WLTW,MRQ,2012-06-30,2012-06-30,2012-06-30,2021-08-04,-744000000.0,17608000000.0,,12726000000.0,4882000000.0,,41.016,-25000000.0,407000000.0,407000000.0,0.0,110000000.0,1.092,5.544,2411000000.0,14000000.0,2397000000.0,2411000000.0,276000000.0,34000000.0,0.0,0.029,0.715,177000000.0,211000000.0,0.251,211000000.0,177000000.0,144000000.0,1.642,1.616,1.642,2687000000.0,,2687000000.0,8320421653.0,12.0,10.323,71000000.0,1.084,1.0,842000000.0,1.0,3689000000.0,33000000.0,4274000000.0,,0.0,177000000.0,0.0,177000000.0,14897000000.0,11649000000.0,3248000000.0,6332421653.0,-53000000.0,-2000000.0,-25000000.0,-42000000.0,-47000000.0,-120000000.0,-29000000.0,-2000000.0,96000000.0,-4000000.0,108000000.0,108000000.0,108000000.0,-1000000.0,2000000.0,0.128,663000000.0,179000000.0,0.0,0.435,2.357,15.149,15.268,428000000.0,0.0,96.662,1.844,1.844,1022000000.0,2343000000.0,842000000.0,842000000.0,0.0,,,,,7000000.0,500000000.0,1.0,65510802.0,65510802,,12.853,13919000000.0,45000000.0,36000000.0,138000000.0,212.469,1077000000.0
37,WLTW,MRQ,2012-03-31,2012-03-31,2012-03-31,2021-08-04,-713000000.0,17091000000.0,,12217000000.0,4874000000.0,,40.692,-33000000.0,464000000.0,464000000.0,0.0,232000000.0,1.102,5.378,2452000000.0,17000000.0,2435000000.0,2452000000.0,285000000.0,34000000.0,0.0,0.03,0.715,325000000.0,359000000.0,0.354,359000000.0,325000000.0,293000000.0,3.417,3.391,3.417,2675000000.0,,2675000000.0,8024416186.0,12.0,10.275,29000000.0,0.441,1.0,1013000000.0,1.0,3714000000.0,32000000.0,4274000000.0,,0.0,187000000.0,0.0,187000000.0,14387000000.0,11091000000.0,3296000000.0,6091416186.0,25000000.0,-2000000.0,-8000000.0,83000000.0,-46000000.0,0.0,-37000000.0,-2000000.0,62000000.0,3000000.0,225000000.0,225000000.0,225000000.0,0.0,7000000.0,0.222,696000000.0,317000000.0,0.0,0.209,2.277,15.421,15.477,426000000.0,0.0,92.662,1.764,1.764,1009000000.0,2319000000.0,1013000000.0,1013000000.0,0.0,,,,,9000000.0,506000000.0,1.0,65737839.0,65737839,,15.41,13377000000.0,75000000.0,68000000.0,134000000.0,203.49,1126000000.0
38,WLTW,MRQ,2011-12-31,2011-12-31,2011-12-31,2021-08-04,-744000000.0,15728000000.0,,10987000000.0,4741000000.0,,37.945,-37000000.0,436000000.0,436000000.0,0.0,29000000.0,1.099,5.314,2369000000.0,15000000.0,2354000000.0,2369000000.0,320000000.0,34000000.0,0.0,0.027,0.689,67000000.0,101000000.0,0.123,101000000.0,67000000.0,23000000.0,0.344,0.344,0.344,2486000000.0,,2486000000.0,8769844838.0,22.0,16.423,130000000.0,1.984,1.0,819000000.0,1.0,3715000000.0,44000000.0,3950000000.0,,0.0,170000000.0,0.0,170000000.0,13211000000.0,9996000000.0,3215000000.0,6733844838.0,74000000.0,9000000.0,14000000.0,-34000000.0,-44000000.0,-64000000.0,-29000000.0,-1000000.0,167000000.0,-1000000.0,25000000.0,25000000.0,25000000.0,-1000000.0,4000000.0,0.031,738000000.0,81000000.0,0.0,2.003,2.709,33.009,33.166,406000000.0,0.0,102.781,1.954,1.954,910000000.0,2160000000.0,819000000.0,819000000.0,0.0,,,,,8000000.0,510000000.0,1.0,65516145.0,65516145,,12.501,12013000000.0,66000000.0,-2000000.0,73000000.0,183.359,991000000.0
39,WLTW,MRQ,2011-09-30,2011-09-30,2011-09-30,2021-08-04,-539000000.0,16615000000.0,,11700000000.0,4915000000.0,,41.149,-19000000.0,363000000.0,363000000.0,0.0,60000000.0,1.081,5.17,2399000000.0,114000000.0,2285000000.0,2399000000.0,287000000.0,35000000.0,0.0,0.03,0.689,100000000.0,135000000.0,0.178,135000000.0,100000000.0,62000000.0,0.927,0.901,0.927,2688000000.0,,2688000000.0,8051410990.0,16.0,12.64,127000000.0,1.944,1.0,760000000.0,1.0,3737000000.0,38000000.0,4094000000.0,,0.0,186000000.0,0.0,186000000.0,13898000000.0,10820000000.0,3078000000.0,5947410990.0,57000000.0,-1000000.0,4000000.0,-27000000.0,-46000000.0,-69000000.0,-20000000.0,0.0,146000000.0,-11000000.0,60000000.0,60000000.0,60000000.0,0.0,0.0,0.079,670000000.0,90000000.0,0.0,0.743,2.213,21.471,21.218,387000000.0,0.0,91.046,1.721,1.721,911000000.0,2180000000.0,760000000.0,760000000.0,0.0,,,,,8000000.0,489000000.0,1.0,65322888.0,65322888,,11.635,12878000000.0,26000000.0,2000000.0,179000000.0,197.144,880000000.0
40,WLTW,MRQ,2011-06-30,2011-06-30,2011-06-30,2021-08-04,-488000000.0,17941000000.0,,12981000000.0,4960000000.0,,41.684,-24000000.0,317000000.0,317000000.0,0.0,89000000.0,1.074,5.616,2421000000.0,114000000.0,2307000000.0,2421000000.0,323000000.0,36000000.0,0.0,0.025,0.689,150000000.0,186000000.0,0.216,186000000.0,150000000.0,116000000.0,1.298,1.272,1.298,2707000000.0,,2707000000.0,9217161810.0,18.0,14.137,95000000.0,1.463,1.0,861000000.0,1.0,3778000000.0,34000000.0,4184000000.0,,0.0,186000000.0,0.0,186000000.0,15202000000.0,12083000000.0,3119000000.0,7072161810.0,-117000000.0,-1000000.0,23000000.0,-176000000.0,-45000000.0,-208000000.0,-28000000.0,-3000000.0,119000000.0,2000000.0,85000000.0,85000000.0,85000000.0,-1000000.0,4000000.0,0.099,705000000.0,156000000.0,0.0,0.531,2.613,25.168,24.914,391000000.0,0.0,108.901,2.062,2.062,1049000000.0,2165000000.0,861000000.0,861000000.0,0.0,,,,,7000000.0,505000000.0,1.0,64941403.0,64941403,,13.258,14163000000.0,41000000.0,31000000.0,183000000.0,218.089,898000000.0
41,WLTW,MRQ,2011-03-31,2011-03-31,2011-03-31,2021-08-04,-509000000.0,17238000000.0,,12304000000.0,4934000000.0,,40.681,-18000000.0,432000000.0,432000000.0,0.0,42000000.0,1.083,5.54,2577000000.0,145000000.0,2432000000.0,2577000000.0,349000000.0,37000000.0,0.0,0.026,0.689,75000000.0,112000000.0,0.111,112000000.0,75000000.0,35000000.0,0.53,0.53,0.53,2630000000.0,,2630000000.0,8862958714.0,17.0,13.268,-11000000.0,-0.17,1.0,1007000000.0,1.0,3789000000.0,40000000.0,4236000000.0,,0.0,193000000.0,0.0,193000000.0,14569000000.0,11358000000.0,3211000000.0,6911958714.0,110000000.0,-5000000.0,19000000.0,160000000.0,-45000000.0,127000000.0,-24000000.0,-1000000.0,7000000.0,6000000.0,34000000.0,34000000.0,34000000.0,1000000.0,8000000.0,0.034,772000000.0,235000000.0,0.0,1.3,2.628,24.252,24.026,386000000.0,0.0,106.914,2.053,2.053,992000000.0,2125000000.0,1007000000.0,1007000000.0,0.0,,,,,13000000.0,583000000.0,1.0,64649762.0,64649762,,15.576,13449000000.0,34000000.0,1000000.0,102000000.0,208.029,946000000.0
42,WLTW,MRQ,2010-12-31,2010-12-31,2010-12-31,2021-08-04,-541000000.0,15850000000.0,,11100000000.0,4750000000.0,,40.009,-20000000.0,316000000.0,316000000.0,0.0,103000000.0,1.077,5.139,2267000000.0,110000000.0,2157000000.0,2267000000.0,298000000.0,36000000.0,0.0,0.03,0.689,168000000.0,204000000.0,0.246,204000000.0,168000000.0,126000000.0,1.536,1.51,1.536,2577000000.0,,2577000000.0,8079718782.0,11.0,8.918,221000000.0,3.431,1.0,828000000.0,1.0,3786000000.0,42000000.0,3706000000.0,,0.0,161000000.0,0.0,161000000.0,13242000000.0,10309000000.0,2933000000.0,5908718782.0,156000000.0,3000000.0,10000000.0,-33000000.0,-44000000.0,-67000000.0,-18000000.0,-1000000.0,241000000.0,1000000.0,98000000.0,98000000.0,98000000.0,0.0,5000000.0,0.118,651000000.0,177000000.0,0.0,0.449,2.293,12.986,12.922,381000000.0,0.0,91.735,1.773,1.773,839000000.0,2136000000.0,828000000.0,828000000.0,0.0,,,,,11000000.0,464000000.0,1.0,64410665.0,64410665,,12.855,12064000000.0,43000000.0,28000000.0,149000000.0,187.298,791000000.0
43,WLTW,MRQ,2010-09-30,2010-09-30,2010-09-30,2021-08-04,-572000000.0,15752000000.0,,,,,38.426,-12000000.0,141000000.0,141000000.0,0.0,65000000.0,,5.366,2312000000.0,,,2312000000.0,245000000.0,36000000.0,0.0,0.034,0.689,114000000.0,150000000.0,0.205,150000000.0,114000000.0,74000000.0,1.007,0.98,1.007,2470000000.0,,2470000000.0,7455908231.0,10.0,8.266,82000000.0,1.276,1.0,733000000.0,1.0,3782000000.0,40000000.0,14141000000.0,,0.0,169000000.0,,,13254000000.0,,,5247908231.0,-14000000.0,-7000000.0,9000000.0,-46000000.0,-43000000.0,-89000000.0,-19000000.0,0.0,94000000.0,6000000.0,64000000.0,64000000.0,64000000.0,0.0,1000000.0,0.087,627000000.0,106000000.0,9763000000.0,0.684,2.125,12.036,12.04,356000000.0,0.0,81.642,1.582,1.582,8632000000.0,2083000000.0,733000000.0,733000000.0,0.0,,,,,10000000.0,462000000.0,1.0,64279213.0,64279213,,11.403,11970000000.0,53000000.0,10000000.0,75000000.0,186.219,
44,WLTW,MRQ,2010-06-30,2010-06-30,2010-06-30,2021-08-04,-610000000.0,17020000000.0,,,,,37.522,-14000000.0,139000000.0,139000000.0,0.0,91000000.0,,6.077,2347000000.0,,,2347000000.0,240000000.0,37000000.0,0.0,0.035,0.689,165000000.0,202000000.0,0.253,202000000.0,165000000.0,124000000.0,1.377,1.377,1.377,2401000000.0,,2401000000.0,7294763510.0,10.0,8.169,71000000.0,1.11,1.0,799000000.0,1.0,3799000000.0,41000000.0,15429000000.0,,0.0,151000000.0,,,14591000000.0,,,5093763510.0,-51000000.0,-2000000.0,6000000.0,-62000000.0,-45000000.0,-120000000.0,-16000000.0,0.0,85000000.0,-4000000.0,89000000.0,89000000.0,89000000.0,0.0,2000000.0,0.111,628000000.0,171000000.0,10975000000.0,0.5,2.122,11.294,11.383,346000000.0,0.0,79.603,1.539,1.539,9687000000.0,2063000000.0,799000000.0,799000000.0,0.0,,,,,11000000.0,456000000.0,1.0,63989874.0,63989874,,12.486,13221000000.0,91000000.0,35000000.0,121000000.0,206.611,
45,WLTW,MRQ,2010-03-31,2010-03-31,2010-03-31,2021-08-04,-594000000.0,17615000000.0,,,,,36.857,-27000000.0,196000000.0,196000000.0,0.0,211000000.0,,6.478,2397000000.0,,,2397000000.0,248000000.0,36000000.0,0.0,0.033,0.689,314000000.0,350000000.0,0.36,350000000.0,314000000.0,271000000.0,3.205,3.179,3.205,2349000000.0,,2349000000.0,7465680656.0,10.0,8.398,42000000.0,0.659,1.0,972000000.0,1.0,3823000000.0,43000000.0,15993000000.0,,0.0,172000000.0,,,15216000000.0,,,5282680656.0,11000000.0,-14000000.0,11000000.0,22000000.0,-44000000.0,-17000000.0,-41000000.0,0.0,69000000.0,-10000000.0,204000000.0,204000000.0,204000000.0,0.0,7000000.0,0.21,671000000.0,301000000.0,11494000000.0,0.215,2.249,11.765,11.853,352000000.0,0.0,82.887,1.603,1.603,10528000000.0,2019000000.0,972000000.0,972000000.0,0.0,,,,,13000000.0,486000000.0,1.0,63733204.0,63733204,,15.251,13792000000.0,88000000.0,67000000.0,109000000.0,216.402,
46,WLTW,MRQ,2009-12-31,2009-12-31,2009-12-31,2021-08-04,-594000000.0,15625000000.0,,10975000000.0,4650000000.0,,34.305,-14000000.0,221000000.0,221000000.0,0.0,86000000.0,1.045,6.145,2374000000.0,209000000.0,2165000000.0,2374000000.0,301000000.0,45000000.0,0.0,0.039,0.689,155000000.0,200000000.0,0.246,200000000.0,155000000.0,109000000.0,1.192,1.166,1.192,2180000000.0,,2180000000.0,6843786962.0,10.0,7.866,119000000.0,1.873,1.0,814000000.0,1.0,3849000000.0,46000000.0,3431000000.0,,0.0,156000000.0,0.0,156000000.0,13396000000.0,10498000000.0,2898000000.0,4440786962.0,-12000000.0,157000000.0,3000000.0,-245000000.0,-44000000.0,-289000000.0,144000000.0,1000000.0,133000000.0,1000000.0,79000000.0,79000000.0,79000000.0,-2000000.0,7000000.0,0.097,657000000.0,157000000.0,0.0,0.578,2.037,10.139,10.225,352000000.0,0.0,69.881,1.365,1.365,816000000.0,1859000000.0,814000000.0,814000000.0,0.0,,,,,9000000.0,450000000.0,1.0,63548032.0,63548032,,12.809,11776000000.0,84000000.0,30000000.0,77000000.0,185.309,477000000.0
47,WLTW,MRQ,2009-09-30,2009-09-30,2009-09-30,2021-08-04,-567000000.0,16376000000.0,,,,,33.957,-33000000.0,203000000.0,203000000.0,0.0,81000000.0,,6.578,2606000000.0,,,2606000000.0,305000000.0,44000000.0,0.0,0.037,0.689,97000000.0,141000000.0,0.194,141000000.0,97000000.0,50000000.0,1.219,1.219,1.219,2155000000.0,,2155000000.0,7137166498.0,11.0,8.62,45000000.0,0.709,1.0,725000000.0,1.0,3868000000.0,47000000.0,14911000000.0,,0.0,308000000.0,,,14175000000.0,,,4744166498.0,94000000.0,7000000.0,3000000.0,106000000.0,-43000000.0,43000000.0,-27000000.0,-1000000.0,78000000.0,6000000.0,79000000.0,79000000.0,79000000.0,-1000000.0,2000000.0,0.109,644000000.0,81000000.0,10152000000.0,0.565,2.201,11.269,11.425,353000000.0,0.0,74.755,1.468,1.468,8980000000.0,1823000000.0,725000000.0,725000000.0,0.0,,,,,14000000.0,449000000.0,1.0,63462893.0,63462893,,11.424,12508000000.0,27000000.0,-29000000.0,27000000.0,197.092,
48,WLTW,MRQ,2009-06-30,2009-06-30,2009-06-30,2021-08-04,-576000000.0,17867000000.0,,,,,33.458,-18000000.0,103000000.0,103000000.0,0.0,91000000.0,,7.431,2496000000.0,,,2496000000.0,331000000.0,37000000.0,0.0,0.04,0.689,161000000.0,198000000.0,0.253,198000000.0,161000000.0,118000000.0,1.377,1.377,1.377,2114000000.0,,2114000000.0,6813485008.0,11.0,8.769,106000000.0,1.678,1.0,784000000.0,1.0,3904000000.0,43000000.0,16356000000.0,,0.0,295000000.0,,,15709000000.0,,,4306485008.0,-55000000.0,34000000.0,10000000.0,-158000000.0,-44000000.0,-212000000.0,33000000.0,17000000.0,124000000.0,8000000.0,87000000.0,87000000.0,87000000.0,0.0,4000000.0,0.111,619000000.0,165000000.0,11599000000.0,0.5,2.037,11.393,11.384,336000000.0,0.0,68.159,1.396,1.396,10382000000.0,1787000000.0,784000000.0,784000000.0,0.0,,,,,10000000.0,443000000.0,1.0,63182981.0,63182981,,12.408,13963000000.0,61000000.0,31000000.0,102000000.0,220.993,
49,WLTW,MRQ,2009-03-31,2009-03-31,2009-03-31,2021-08-04,-606000000.0,17103000000.0,,,,,32.153,-11000000.0,147000000.0,147000000.0,0.0,201000000.0,,7.411,2654000000.0,,,2654000000.0,333000000.0,38000000.0,0.0,0.047,0.689,293000000.0,331000000.0,0.356,331000000.0,293000000.0,255000000.0,3.046,3.046,3.046,2027000000.0,,2027000000.0,6144715048.0,11.0,9.199,73000000.0,1.158,1.0,930000000.0,1.0,3924000000.0,38000000.0,15686000000.0,,0.0,310000000.0,,,15023000000.0,,,3670715048.0,-22000000.0,-41000000.0,2000000.0,-14000000.0,-43000000.0,-58000000.0,-48000000.0,4000000.0,84000000.0,-4000000.0,193000000.0,193000000.0,193000000.0,-1000000.0,8000000.0,0.208,656000000.0,274000000.0,10795000000.0,0.226,1.811,11.123,10.891,305000000.0,0.0,58.278,1.239,1.24,9688000000.0,1744000000.0,930000000.0,930000000.0,0.0,,,,,5000000.0,480000000.0,1.0,62986133.0,63042000,63042000.0,14.752,13179000000.0,64000000.0,62000000.0,119000000.0,209.051,
50,WLTW,MRQ,2008-12-31,2008-12-31,2008-12-31,2021-08-04,-630000000.0,16402000000.0,,,,,29.442,-25000000.0,176000000.0,176000000.0,0.0,70000000.0,,7.863,2650000000.0,,,2650000000.0,471000000.0,37000000.0,0.0,0.042,0.689,121000000.0,158000000.0,0.199,158000000.0,121000000.0,85000000.0,0.901,0.901,0.901,1845000000.0,,1845000000.0,5352245093.0,11.0,8.995,106000000.0,1.692,1.0,792000000.0,1.0,3957000000.0,36000000.0,14919000000.0,,0.0,293000000.0,,,14507000000.0,,,4138245093.0,64000000.0,-927000000.0,7000000.0,908000000.0,-37000000.0,873000000.0,-940000000.0,12000000.0,131000000.0,-15000000.0,62000000.0,62000000.0,62000000.0,-1000000.0,8000000.0,0.078,659000000.0,133000000.0,10314000000.0,0.765,2.243,13.658,12.196,312000000.0,0.0,65.907,1.464,1.303,9131000000.0,1593000000.0,792000000.0,792000000.0,0.0,,,,,10000000.0,440000000.0,1.0,62788888.0,62665000,62665000.0,12.639,12445000000.0,76000000.0,23000000.0,39000000.0,198.596,
51,WLTW,MRQ,2008-09-30,2008-09-30,2008-09-30,2021-08-04,-203000000.0,14961000000.0,,,,,26.192,-1000000.0,156000000.0,156000000.0,0.0,38000000.0,,9.623,1370000000.0,,,1370000000.0,293000000.0,20000000.0,0.0,0.032,0.689,70000000.0,90000000.0,0.155,90000000.0,70000000.0,38000000.0,0.662,0.662,0.662,1404000000.0,,1404000000.0,5827017111.0,11.0,9.793,79000000.0,1.474,1.0,579000000.0,1.0,1729000000.0,32000000.0,14446000000.0,,0.0,272000000.0,,,13511000000.0,,,4572017111.0,-38000000.0,6000000.0,4000000.0,-90000000.0,-37000000.0,-123000000.0,5000000.0,0.0,80000000.0,-11000000.0,36000000.0,36000000.0,36000000.0,0.0,2000000.0,0.062,510000000.0,69000000.0,11157000000.0,1.041,3.256,13.607,13.612,313000000.0,0.0,85.457,1.71,1.713,9937000000.0,1575000000.0,579000000.0,579000000.0,0.0,,,,,6000000.0,359000000.0,1.0,53500820.0,53605000,53605000.0,10.801,13232000000.0,0.0,2000000.0,69000000.0,246.843,
52,WLTW,MRQ,2008-06-30,2008-06-30,2008-06-30,2021-08-04,-148000000.0,16222000000.0,,,,,27.092,-19000000.0,205000000.0,205000000.0,0.0,41000000.0,,10.213,1460000000.0,,,1460000000.0,331000000.0,17000000.0,0.0,0.033,0.689,72000000.0,89000000.0,0.135,89000000.0,72000000.0,51000000.0,0.742,0.715,0.742,1442000000.0,,1442000000.0,5650077894.0,10.0,9.157,13000000.0,0.244,1.0,661000000.0,1.0,1739000000.0,21000000.0,15738000000.0,,0.0,284000000.0,,,14727000000.0,,,4430077894.0,12000000.0,-4000000.0,3000000.0,45000000.0,-36000000.0,3000000.0,-23000000.0,0.0,32000000.0,-2000000.0,39000000.0,39000000.0,39000000.0,0.0,2000000.0,0.059,586000000.0,75000000.0,12216000000.0,0.929,3.072,12.071,12.112,344000000.0,0.0,83.099,1.66,1.657,11013000000.0,1576000000.0,661000000.0,661000000.0,0.0,,,,,11000000.0,428000000.0,1.0,53310628.0,53227000,53605000.0,12.419,14483000000.0,0.0,12000000.0,94000000.0,272.099,
53,WLTW,MRQ,2008-03-31,2008-03-31,2008-03-31,2021-08-04,-133000000.0,15226000000.0,,,,,26.807,-43000000.0,195000000.0,195000000.0,0.0,175000000.0,,9.555,1415000000.0,,,1415000000.0,291000000.0,16000000.0,0.0,0.03,0.689,242000000.0,258000000.0,0.325,258000000.0,242000000.0,226000000.0,3.099,3.073,3.099,1437000000.0,,1437000000.0,5864824480.0,10.0,8.65,-33000000.0,-0.616,1.0,795000000.0,1.0,1728000000.0,16000000.0,14718000000.0,,0.0,298000000.0,,,13731000000.0,,,4814824480.0,-10000000.0,-35000000.0,-74000000.0,165000000.0,-36000000.0,55000000.0,-75000000.0,3000000.0,10000000.0,5000000.0,166000000.0,166000000.0,166000000.0,0.0,9000000.0,0.209,576000000.0,219000000.0,11280000000.0,0.222,3.351,11.859,11.752,345000000.0,0.0,89.033,1.828,1.812,10091000000.0,1574000000.0,795000000.0,795000000.0,0.0,,,,,7000000.0,411000000.0,1.0,54079031.0,53605000,53983000.0,14.831,13498000000.0,0.0,60000000.0,95000000.0,251.805,
54,WLTW,MRQ,2007-12-31,2007-12-31,2007-12-31,2021-08-04,-153000000.0,12969000000.0,,,,,25.129,-44000000.0,200000000.0,200000000.0,0.0,112000000.0,,8.592,1250000000.0,,,1250000000.0,388000000.0,17000000.0,0.0,0.026,0.662,141000000.0,158000000.0,0.247,158000000.0,141000000.0,123000000.0,1.775,1.748,1.775,1347000000.0,,1347000000.0,6415945692.0,10.0,9.366,-2000000.0,-0.037,1.0,639000000.0,1.0,1726000000.0,18000000.0,12293000000.0,,0.0,233000000.0,,,11574000000.0,,,5425945692.0,-11000000.0,35000000.0,-18000000.0,49000000.0,-36000000.0,-51000000.0,-2000000.0,7000000.0,42000000.0,1000000.0,95000000.0,95000000.0,95000000.0,0.0,17000000.0,0.149,495000000.0,144000000.0,9265000000.0,0.373,4.028,13.266,13.465,315000000.0,0.0,100.583,2.105,2.136,8241000000.0,1463000000.0,639000000.0,639000000.0,0.0,,,,,6000000.0,359000000.0,1.0,53945075.0,53603000,54358000.0,11.921,11243000000.0,21000000.0,28000000.0,69000000.0,209.746,
55,WLTW,MRQ,2007-09-30,2007-09-30,2007-09-30,2021-08-04,-152000000.0,13392000000.0,,,,,24.026,-41000000.0,210000000.0,210000000.0,0.0,67000000.0,,9.295,1200000000.0,,,1200000000.0,351000000.0,16000000.0,0.0,0.024,0.662,96000000.0,112000000.0,0.195,112000000.0,96000000.0,79000000.0,1.245,1.219,1.245,1297000000.0,,1297000000.0,6897222622.0,12.0,10.372,94000000.0,1.741,1.0,574000000.0,1.0,1727000000.0,17000000.0,12655000000.0,,0.0,243000000.0,,,12055000000.0,,,5839222622.0,63000000.0,-5000000.0,9000000.0,-1000000.0,-36000000.0,-27000000.0,-45000000.0,1000000.0,135000000.0,5000000.0,67000000.0,67000000.0,67000000.0,0.0,0.0,0.117,484000000.0,90000000.0,9811000000.0,0.532,4.502,12.639,13.336,279000000.0,0.0,108.45,2.281,2.287,8604000000.0,1404000000.0,574000000.0,574000000.0,0.0,,,,,7000000.0,352000000.0,1.0,53842368.0,53983000,54737000.0,10.633,11665000000.0,45000000.0,12000000.0,103000000.0,216.087,
56,WLTW,MRQ,2007-06-30,2007-06-30,2007-06-30,2021-08-04,-174000000.0,15019000000.0,,,,,22.89,-47000000.0,142000000.0,142000000.0,0.0,78000000.0,,11.207,1200000000.0,,,1200000000.0,321000000.0,17000000.0,0.0,0.022,0.662,133000000.0,150000000.0,0.24,150000000.0,133000000.0,114000000.0,1.457,1.43,1.457,1227000000.0,,1227000000.0,7199506222.0,12.0,10.73,-29000000.0,-0.541,1.0,626000000.0,1.0,1728000000.0,19000000.0,14349000000.0,,0.0,231000000.0,,,13751000000.0,,,6252506222.0,-115000000.0,-67000000.0,7000000.0,0.0,-35000000.0,-26000000.0,-107000000.0,7000000.0,18000000.0,4000000.0,78000000.0,78000000.0,78000000.0,0.0,0.0,0.125,491000000.0,135000000.0,11522000000.0,0.454,5.096,12.918,13.9,238000000.0,0.0,116.715,2.472,2.474,10289000000.0,1373000000.0,626000000.0,626000000.0,0.0,,,,,7000000.0,360000000.0,1.0,53570611.0,53605000,54737000.0,11.678,13291000000.0,64000000.0,36000000.0,129000000.0,247.943,
57,WLTW,MRQ,2007-03-31,2007-03-31,2007-03-31,2021-08-04,-179000000.0,14846000000.0,,,,,19.99,-26000000.0,253000000.0,253000000.0,0.0,169000000.0,,11.9,1200000000.0,,,1200000000.0,317000000.0,16000000.0,0.0,0.025,0.662,249000000.0,265000000.0,0.359,265000000.0,249000000.0,237000000.0,2.94,2.914,2.94,1147000000.0,,1147000000.0,6576254964.0,11.0,10.071,54000000.0,0.941,1.0,739000000.0,1.0,1651000000.0,12000000.0,14142000000.0,,0.0,249000000.0,,,13649000000.0,,,6064254964.0,-36000000.0,-5000000.0,-453000000.0,395000000.0,-36000000.0,-89000000.0,-27000000.0,4000000.0,80000000.0,1000000.0,169000000.0,169000000.0,169000000.0,0.0,0.0,0.229,504000000.0,235000000.0,11447000000.0,0.225,5.287,12.687,12.851,181000000.0,0.0,104.848,2.43,2.41,10025000000.0,1331000000.0,739000000.0,739000000.0,0.0,,,,,4000000.0,377000000.0,1.0,57838713.0,57380000,58135000.0,12.879,13195000000.0,76000000.0,68000000.0,113000000.0,229.958,
58,WLTW,MRQ,2006-12-31,2006-12-31,2006-12-31,2021-08-04,-178000000.0,13378000000.0,,,,,24.533,127000000.0,288000000.0,288000000.0,0.0,148000000.0,,8.172,800000000.0,,,800000000.0,430000000.0,17000000.0,0.0,0.024,0.636,121000000.0,138000000.0,0.222,138000000.0,121000000.0,110000000.0,2.49,2.517,2.49,1454000000.0,,1454000000.0,6723143560.0,12.0,10.968,199000000.0,3.358,1.0,621000000.0,1.0,1656000000.0,11000000.0,12234000000.0,,0.0,231000000.0,,,11882000000.0,,,6242143560.0,130000000.0,-25000000.0,-175000000.0,165000000.0,-37000000.0,-44000000.0,102000000.0,0.0,72000000.0,4000000.0,148000000.0,148000000.0,148000000.0,0.0,0.0,0.238,495000000.0,126000000.0,10062000000.0,0.255,4.293,13.902,13.885,167000000.0,0.0,105.192,2.571,2.568,8756000000.0,1250000000.0,621000000.0,621000000.0,0.0,,,,,0.0,375000000.0,1.0,59340448.0,59267000,58511000.0,10.478,11722000000.0,72000000.0,-38000000.0,54000000.0,197.783,
59,WLTW,MRQ,2006-09-30,2006-09-30,2006-09-30,2021-08-04,-208000000.0,14422000000.0,,,,,25.022,48000000.0,154000000.0,154000000.0,0.0,89000000.0,,8.708,635000000.0,,,635000000.0,333000000.0,17000000.0,0.0,0.025,0.636,101000000.0,118000000.0,0.217,118000000.0,101000000.0,92000000.0,1.51,1.483,1.51,1483000000.0,,1483000000.0,6377154410.0,12.0,10.976,10000000.0,0.169,1.0,543000000.0,1.0,1603000000.0,9000000.0,13300000000.0,,0.0,230000000.0,,,12914000000.0,,,5987154410.0,-54000000.0,-39000000.0,-27000000.0,35000000.0,-37000000.0,-26000000.0,10000000.0,1000000.0,-38000000.0,-2000000.0,89000000.0,89000000.0,89000000.0,0.0,0.0,0.164,538000000.0,5000000.0,11056000000.0,0.421,4.037,16.818,16.741,158000000.0,0.0,100.662,2.527,2.518,9585000000.0,1138000000.0,543000000.0,543000000.0,0.0,,,,,4000000.0,383000000.0,1.0,59477652.0,59267000,60023000.0,9.162,12819000000.0,187000000.0,3000000.0,206000000.0,216.292,
60,WLTW,MRQ,2006-06-30,2006-06-30,2006-06-30,2021-08-04,-217000000.0,15274000000.0,,,,,24.263,-13000000.0,210000000.0,210000000.0,0.0,72000000.0,,9.602,600000000.0,,,600000000.0,274000000.0,15000000.0,0.0,0.029,0.636,117000000.0,132000000.0,0.223,132000000.0,117000000.0,108000000.0,1.219,1.192,1.219,1438000000.0,,1438000000.0,5489476739.0,11.0,10.054,85000000.0,1.434,1.0,593000000.0,1.0,1595000000.0,9000000.0,14069000000.0,,0.0,200000000.0,,,13807000000.0,,,5047476739.0,45000000.0,-8000000.0,3000000.0,0.0,-37000000.0,-32000000.0,-21000000.0,0.0,98000000.0,7000000.0,72000000.0,72000000.0,72000000.0,0.0,0.0,0.121,474000000.0,119000000.0,12052000000.0,0.522,3.51,16.178,16.212,226000000.0,0.0,85.033,2.182,2.179,10721000000.0,1086000000.0,593000000.0,593000000.0,0.0,,,,,3000000.0,351000000.0,1.0,59358955.0,59267000,60023000.0,10.006,13679000000.0,185000000.0,36000000.0,211000000.0,230.803,
61,WLTW,MRQ,2006-03-31,2006-03-31,2006-03-31,2021-08-04,-238000000.0,13997000000.0,,,,,23.133,-12000000.0,158000000.0,158000000.0,0.0,140000000.0,,9.187,600000000.0,,,600000000.0,235000000.0,14000000.0,0.0,0.026,0.636,211000000.0,225000000.0,0.335,225000000.0,211000000.0,202000000.0,2.358,2.331,2.358,1371000000.0,,1371000000.0,5792341597.0,10.0,9.297,3000000.0,0.051,1.0,671000000.0,1.0,1607000000.0,9000000.0,12832000000.0,,0.0,202000000.0,,,12595000000.0,,,5385341597.0,-36000000.0,-21000000.0,4000000.0,0.0,-34000000.0,-27000000.0,-24000000.0,9000000.0,15000000.0,1000000.0,140000000.0,140000000.0,140000000.0,0.0,0.0,0.209,467000000.0,204000000.0,10890000000.0,0.27,3.928,15.213,15.432,215000000.0,0.0,90.755,2.373,2.371,9653000000.0,1050000000.0,671000000.0,671000000.0,0.0,,,,,0.0,348000000.0,1.0,59339359.0,59267000,60023000.0,11.322,12390000000.0,174000000.0,62000000.0,195000000.0,209.054,
62,WLTW,MRQ,2005-12-31,2005-12-31,2005-12-31,2021-08-04,-239000000.0,12194000000.0,,,,,21.057,-7000000.0,193000000.0,193000000.0,0.0,55000000.0,,8.689,600000000.0,,,600000000.0,367000000.0,14000000.0,0.0,0.024,0.583,92000000.0,106000000.0,0.189,106000000.0,92000000.0,83000000.0,0.927,0.901,0.927,1256000000.0,,1256000000.0,6229403837.0,14.0,12.263,104000000.0,1.744,1.0,562000000.0,1.0,1584000000.0,9000000.0,11017000000.0,,0.0,194000000.0,,,10913000000.0,,,5814403837.0,9000000.0,-17000000.0,-49000000.0,-1000000.0,-34000000.0,-75000000.0,-27000000.0,-1000000.0,111000000.0,-1000000.0,55000000.0,55000000.0,55000000.0,0.0,0.0,0.098,463000000.0,99000000.0,9148000000.0,0.629,4.629,20.692,21.107,212000000.0,0.0,97.854,2.565,2.623,8026000000.0,948000000.0,562000000.0,562000000.0,0.0,,,,,-4000000.0,356000000.0,1.0,59418989.0,59647000,60398000.0,9.422,10610000000.0,174000000.0,28000000.0,153000000.0,177.88,
63,WLTW,MRQ,2005-09-30,2005-09-30,2005-09-30,2021-08-04,-253000000.0,12278000000.0,,,,,20.993,-7000000.0,185000000.0,185000000.0,0.0,45000000.0,,8.665,600000000.0,,,600000000.0,288000000.0,13000000.0,0.0,0.023,0.583,70000000.0,83000000.0,0.17,83000000.0,70000000.0,61000000.0,0.742,0.742,0.742,1268000000.0,,1268000000.0,6329286045.0,13.0,11.592,86000000.0,1.424,1.0,487000000.0,1.0,1565000000.0,9000000.0,11128000000.0,,0.0,201000000.0,,,10987000000.0,,,6035286045.0,41000000.0,-10000000.0,-149000000.0,144000000.0,-35000000.0,-36000000.0,-16000000.0,1000000.0,93000000.0,-12000000.0,45000000.0,45000000.0,45000000.0,0.0,0.0,0.092,421000000.0,66000000.0,9230000000.0,0.786,4.76,19.532,19.454,217000000.0,0.0,99.47,2.632,2.62,7967000000.0,810000000.0,487000000.0,487000000.0,0.0,,,,,0.0,319000000.0,1.0,60674314.0,60400000,61155000.0,8.063,10713000000.0,194000000.0,16000000.0,186000000.0,177.368,
64,WLTW,MRQ,2005-06-30,2005-06-30,2005-06-30,2021-08-04,-243000000.0,12868000000.0,,,,,22.931,-3000000.0,156000000.0,156000000.0,0.0,114000000.0,,8.104,450000000.0,,,450000000.0,250000000.0,14000000.0,0.0,0.025,0.583,195000000.0,209000000.0,0.381,209000000.0,195000000.0,189000000.0,1.854,1.854,1.854,1411000000.0,,1411000000.0,5643464742.0,11.0,9.614,18000000.0,0.293,1.0,549000000.0,1.0,1557000000.0,6000000.0,11605000000.0,,0.0,199000000.0,,,11435000000.0,,,5393464742.0,-47000000.0,95000000.0,-138000000.0,0.0,-35000000.0,-165000000.0,97000000.0,5000000.0,21000000.0,3000000.0,114000000.0,114000000.0,114000000.0,0.0,0.0,0.208,428000000.0,121000000.0,9807000000.0,0.314,3.822,15.91,15.363,223000000.0,0.0,86.675,2.349,2.323,8526000000.0,795000000.0,549000000.0,549000000.0,0.0,,,,,-3000000.0,316000000.0,1.0,62225946.0,61532000,61910000.0,8.922,11311000000.0,191000000.0,75000000.0,195000000.0,183.823,
65,WLTW,MRQ,2005-03-31,2005-03-31,2005-03-31,2021-08-04,-222000000.0,13536000000.0,,,,,24.118,-9000000.0,200000000.0,200000000.0,0.0,67000000.0,,8.106,450000000.0,,,450000000.0,254000000.0,13000000.0,0.0,0.021,0.583,97000000.0,110000000.0,0.164,110000000.0,97000000.0,91000000.0,1.086,1.086,1.086,1484000000.0,,1484000000.0,6153257781.0,12.0,11.374,-139000000.0,-2.259,1.0,669000000.0,1.0,1571000000.0,6000000.0,12215000000.0,,0.0,217000000.0,,,12029000000.0,,,6054257781.0,-146000000.0,-13000000.0,13000000.0,0.0,-31000000.0,6000000.0,-22000000.0,0.0,-130000000.0,-5000000.0,67000000.0,67000000.0,67000000.0,0.0,0.0,0.1,582000000.0,87000000.0,10365000000.0,0.537,4.08,18.861,18.073,243000000.0,0.0,97.669,2.657,2.637,9018000000.0,710000000.0,669000000.0,669000000.0,0.0,,,,,-20000000.0,393000000.0,1.0,61987586.0,61532000,62288000.0,10.872,11965000000.0,195000000.0,24000000.0,145000000.0,194.452,
66,WLTW,MRQ,2004-12-31,2004-12-31,2004-12-31,2021-08-04,-212000000.0,11653000000.0,,,,,24.496,-8000000.0,351000000.0,351000000.0,0.0,83000000.0,,7.169,450000000.0,,,450000000.0,351000000.0,12000000.0,0.0,0.018,0.503,132000000.0,144000000.0,0.245,144000000.0,132000000.0,125000000.0,1.43,1.404,1.43,1424000000.0,,1424000000.0,6598370846.0,11.0,9.878,33000000.0,0.568,1.0,588000000.0,1.0,1551000000.0,7000000.0,10201000000.0,,0.0,206000000.0,,,10209000000.0,,,6418370846.0,66000000.0,-66000000.0,0.0,0.0,-30000000.0,100000000.0,-75000000.0,-4000000.0,41000000.0,15000000.0,83000000.0,83000000.0,83000000.0,0.0,0.0,0.141,460000000.0,128000000.0,8562000000.0,0.352,4.507,15.966,16.083,249000000.0,0.0,109.06,2.821,2.841,7316000000.0,675000000.0,588000000.0,588000000.0,0.0,,,,,-110000000.0,347000000.0,1.0,58851955.0,58133000,59269000.0,10.115,10102000000.0,203000000.0,42000000.0,147000000.0,173.774,
67,WLTW,MRQ,2004-09-30,2004-09-30,2004-09-30,2021-08-04,-136000000.0,11635000000.0,,,,,22.475,-9000000.0,270000000.0,270000000.0,0.0,75000000.0,,7.721,450000000.0,,,450000000.0,242000000.0,12000000.0,0.0,0.02,0.503,112000000.0,124000000.0,0.253,124000000.0,112000000.0,106000000.0,1.272,1.192,1.272,1332000000.0,,1332000000.0,5988830354.0,9.0,8.283,34000000.0,0.574,1.0,490000000.0,1.0,1435000000.0,6000000.0,10380000000.0,,0.0,195000000.0,,,10285000000.0,,,5921830354.0,-112000000.0,-13000000.0,-102000000.0,0.0,-29000000.0,-131000000.0,-24000000.0,-2000000.0,43000000.0,-1000000.0,75000000.0,75000000.0,75000000.0,0.0,0.0,0.153,381000000.0,109000000.0,8822000000.0,0.395,4.446,13.551,13.405,236000000.0,0.0,99.073,2.616,2.594,7590000000.0,597000000.0,490000000.0,490000000.0,0.0,,,,,0.0,276000000.0,1.0,59772486.0,59267000,63042000.0,8.268,10200000000.0,135000000.0,31000000.0,161000000.0,172.103,
68,WLTW,MRQ,2004-06-30,2004-06-30,2004-06-30,2021-08-04,-133000000.0,12681000000.0,,,,,23.053,-8000000.0,383000000.0,383000000.0,0.0,96000000.0,,8.209,450000000.0,,,450000000.0,227000000.0,11000000.0,0.0,0.019,0.503,152000000.0,163000000.0,0.306,163000000.0,152000000.0,148000000.0,1.616,1.51,1.616,1375000000.0,,1375000000.0,6022979913.0,9.0,8.412,105000000.0,1.76,1.0,532000000.0,1.0,1430000000.0,4000000.0,11318000000.0,,0.0,185000000.0,,,11288000000.0,,,5933979913.0,174000000.0,-9000000.0,-40000000.0,150000000.0,-30000000.0,80000000.0,-19000000.0,-2000000.0,113000000.0,-2000000.0,96000000.0,96000000.0,96000000.0,0.0,0.0,0.18,384000000.0,148000000.0,9810000000.0,0.311,4.316,12.872,12.652,238000000.0,0.0,99.205,2.666,2.658,8474000000.0,552000000.0,532000000.0,532000000.0,0.0,,,,,-2000000.0,275000000.0,1.0,59815151.0,59645000,63797000.0,8.919,11251000000.0,135000000.0,52000000.0,197000000.0,188.633,
69,WLTW,MRQ,2004-03-31,2004-03-31,2004-03-31,2021-08-04,-114000000.0,12867000000.0,,,,,22.617,-13000000.0,211000000.0,211000000.0,0.0,148000000.0,,8.524,300000000.0,,,300000000.0,221000000.0,12000000.0,0.0,0.017,0.503,225000000.0,237000000.0,0.356,237000000.0,225000000.0,220000000.0,2.49,2.305,2.49,1349000000.0,,1349000000.0,5819430744.0,9.0,8.325,150000000.0,2.515,1.0,665000000.0,1.0,1416000000.0,5000000.0,11540000000.0,,0.0,193000000.0,,,11499000000.0,,,5813430744.0,-154000000.0,-49000000.0,-139000000.0,-87000000.0,-26000000.0,-252000000.0,-65000000.0,-3000000.0,163000000.0,1000000.0,148000000.0,148000000.0,148000000.0,0.0,0.0,0.223,431000000.0,234000000.0,10142000000.0,0.202,4.309,13.064,12.917,242000000.0,0.0,98.543,2.659,2.689,8797000000.0,485000000.0,665000000.0,665000000.0,0.0,,,,,2000000.0,419000000.0,1.0,58993820.0,59645000,64175000.0,11.149,11451000000.0,133000000.0,72000000.0,169000000.0,191.986,
70,WLTW,MRQ,2003-12-31,2003-12-31,2003-12-31,2021-08-04,-126000000.0,10958000000.0,,,,,22.627,-17000000.0,364000000.0,364000000.0,0.0,118000000.0,,7.262,370000000.0,,,370000000.0,327000000.0,11000000.0,0.0,0.017,0.424,188000000.0,199000000.0,0.345,199000000.0,188000000.0,175000000.0,2.013,1.854,2.013,1324000000.0,,1324000000.0,5427843460.0,9.0,8.162,153000000.0,2.615,1.0,577000000.0,1.0,1345000000.0,13000000.0,9619000000.0,,0.0,179000000.0,,,9615000000.0,,,5259843460.0,74000000.0,-4000000.0,19000000.0,-78000000.0,-25000000.0,-84000000.0,-12000000.0,9000000.0,170000000.0,10000000.0,118000000.0,118000000.0,118000000.0,0.0,0.0,0.205,386000000.0,191000000.0,8210000000.0,0.211,3.973,12.705,12.526,249000000.0,0.0,90.252,2.534,2.495,6980000000.0,367000000.0,577000000.0,577000000.0,0.0,,,,,3000000.0,23000000.0,1.0,58279745.0,58514000,63797000.0,9.861,9613000000.0,141000000.0,57000000.0,137000000.0,164.285,
71,WLTW,MRQ,2003-09-30,2003-09-30,2003-09-30,2021-08-04,-140000000.0,11428000000.0,,,,,19.893,-12000000.0,280000000.0,280000000.0,0.0,99000000.0,,8.931,448000000.0,,,448000000.0,269000000.0,9000000.0,0.0,0.014,0.424,108000000.0,117000000.0,0.259,117000000.0,108000000.0,96000000.0,1.722,1.563,1.722,1149000000.0,,1149000000.0,4925586701.0,8.0,7.385,72000000.0,1.247,1.0,452000000.0,1.0,1343000000.0,12000000.0,10253000000.0,,0.0,185000000.0,,,10262000000.0,,,4721586701.0,-8000000.0,-8000000.0,3000000.0,-43000000.0,-19000000.0,-59000000.0,-33000000.0,-13000000.0,84000000.0,2000000.0,99000000.0,99000000.0,99000000.0,0.0,0.0,0.219,352000000.0,100000000.0,8773000000.0,0.246,4.109,11.405,11.101,230000000.0,0.0,81.457,2.382,2.374,7536000000.0,275000000.0,452000000.0,452000000.0,0.0,,,,,4000000.0,339000000.0,1.0,57964194.0,57758000,63420000.0,7.826,10085000000.0,169000000.0,-3000000.0,171000000.0,174.608,
72,WLTW,MRQ,2003-06-30,2003-06-30,2003-06-30,2021-08-04,-129000000.0,12429000000.0,,,,,18.334,-16000000.0,286000000.0,286000000.0,0.0,80000000.0,,10.798,490000000.0,,,490000000.0,244000000.0,9000000.0,0.0,0.008,0.344,137000000.0,146000000.0,0.297,146000000.0,137000000.0,124000000.0,1.404,1.245,1.404,1052000000.0,,1052000000.0,4989457940.0,8.0,7.97,128000000.0,2.231,1.0,492000000.0,1.0,1330000000.0,13000000.0,11303000000.0,,0.0,170000000.0,,,11359000000.0,,,4679457940.0,92000000.0,-16000000.0,7000000.0,-9000000.0,-19000000.0,-21000000.0,-31000000.0,1000000.0,144000000.0,5000000.0,80000000.0,80000000.0,80000000.0,0.0,0.0,0.163,360000000.0,132000000.0,9829000000.0,0.245,4.448,13.524,13.198,226000000.0,0.0,81.457,2.437,2.434,8556000000.0,201000000.0,492000000.0,492000000.0,0.0,,,,,5000000.0,346000000.0,1.0,57447004.0,57380000,63797000.0,8.574,11099000000.0,151000000.0,44000000.0,203000000.0,193.43,
73,WLTW,MRQ,2003-03-31,2003-03-31,2003-03-31,2021-08-04,-137000000.0,12037000000.0,,,,,17.245,-8000000.0,189000000.0,189000000.0,0.0,117000000.0,,11.389,499000000.0,,,499000000.0,197000000.0,10000000.0,0.0,0.005,0.344,193000000.0,203000000.0,0.366,203000000.0,193000000.0,178000000.0,2.093,1.828,2.093,970000000.0,,970000000.0,4538377350.0,9.0,8.761,87000000.0,1.547,1.0,555000000.0,1.0,1314000000.0,15000000.0,11033000000.0,,0.0,175000000.0,,,11047000000.0,,,4182377350.0,-22000000.0,-48000000.0,10000000.0,-68000000.0,0.0,-58000000.0,-59000000.0,-3000000.0,95000000.0,0.0,117000000.0,117000000.0,117000000.0,0.0,0.0,0.211,369000000.0,186000000.0,9609000000.0,0.164,4.312,16.148,15.828,212000000.0,0.0,73.377,2.274,2.244,8268000000.0,140000000.0,555000000.0,555000000.0,0.0,,,,,8000000.0,351000000.0,1.0,56998103.0,56248000,63797000.0,9.867,10723000000.0,153000000.0,61000000.0,189000000.0,190.638,
74,WLTW,MRQ,2002-12-31,2002-12-31,2002-12-31,2021-08-04,-131000000.0,10145000000.0,,,,,15.39,-16000000.0,211000000.0,211000000.0,0.0,118000000.0,,10.85,567000000.0,,,567000000.0,233000000.0,10000000.0,0.0,0.0,0.0,191000000.0,201000000.0,0.416,201000000.0,191000000.0,176000000.0,2.119,1.881,2.119,854000000.0,,854000000.0,4891700324.0,12.0,10.846,88000000.0,1.586,1.0,483000000.0,1.0,1262000000.0,15000000.0,9239000000.0,,0.0,162000000.0,,,9266000000.0,,,4232700324.0,13000000.0,12000000.0,4000000.0,-91000000.0,0.0,-87000000.0,-4000000.0,0.0,104000000.0,4000000.0,118000000.0,118000000.0,118000000.0,0.0,0.0,0.244,300000000.0,183000000.0,7725000000.0,0.0,4.956,20.156,20.049,213000000.0,0.0,75.947,2.44,2.429,6589000000.0,42000000.0,483000000.0,483000000.0,0.0,,,,,-34000000.0,324000000.0,1.0,55732277.0,55492000,64175000.0,8.704,8883000000.0,151000000.0,58000000.0,169000000.0,160.077,
75,WLTW,MRQ,2002-09-30,2002-09-30,2002-09-30,2021-08-04,,,,,,,,-12000000.0,,,0.0,31000000.0,,,,,,,,9000000.0,,0.0,0.0,67000000.0,76000000.0,0.195,76000000.0,67000000.0,51000000.0,0.556,0.503,0.556,,,,5603301843.0,,,61000000.0,1.099,1.0,390000000.0,1.0,,16000000.0,,,,,,,,,,4944301843.0,33000000.0,-9000000.0,1000000.0,-20000000.0,0.0,-19000000.0,-21000000.0,0.0,73000000.0,-1000000.0,31000000.0,31000000.0,31000000.0,0.0,0.0,0.079,326000000.0,64000000.0,,0.0,,,,,0.0,88.715,,,,,390000000.0,390000000.0,0.0,,,,,18000000.0,299000000.0,1.0,55732277.0,55492000,63042000.0,7.028,,,20000000.0,,,
76,WLTW,MRQ,2002-06-30,2002-06-30,2002-06-30,2021-08-04,,,,,,,,-11000000.0,,,0.0,-7000000.0,,,,,,,,8000000.0,,0.0,0.0,30000000.0,38000000.0,0.092,38000000.0,30000000.0,13000000.0,-0.132,-0.132,-0.132,,,,5517673445.0,,,67000000.0,1.207,1.0,411000000.0,1.0,,17000000.0,,,,,,,,,,4858673445.0,-30000000.0,-7000000.0,0.0,-90000000.0,0.0,-90000000.0,-18000000.0,0.0,78000000.0,9000000.0,-7000000.0,-7000000.0,-7000000.0,0.0,0.0,-0.017,380000000.0,31000000.0,,0.0,,,,,0.0,87.179,,,,,411000000.0,411000000.0,0.0,,,,,78000000.0,294000000.0,1.0,55732277.0,55492000,55492000.0,7.406,,,20000000.0,,,
77,WLTW,MRQ,2002-03-31,2002-03-31,2002-03-31,2021-08-04,,,,,,,,-5000000.0,,,0.0,68000000.0,,,,,,,,8000000.0,,0.0,0.0,128000000.0,136000000.0,0.302,136000000.0,128000000.0,111000000.0,1.219,1.139,1.219,,,,4305588699.0,,,83000000.0,1.496,1.0,451000000.0,1.0,,17000000.0,,,,,,,,,,3646588699.0,59000000.0,6000000.0,-2000000.0,-20000000.0,0.0,-22000000.0,-7000000.0,-8000000.0,88000000.0,-4000000.0,68000000.0,68000000.0,68000000.0,0.0,0.0,0.151,323000000.0,128000000.0,,0.0,,,,,0.0,65.43,,,,,451000000.0,451000000.0,0.0,,,,,18000000.0,297000000.0,1.0,55732277.0,55492000,60023000.0,8.127,,,43000000.0,,,
78,WLTW,MRQ,2001-12-31,2001-12-31,2001-12-31,2021-08-04,5000000.0,8949000000.0,,7249000000.0,1700000000.0,,13.557,,128000000.0,128000000.0,,,1.001,11.835,787000000.0,0.0,787000000.0,787000000.0,163000000.0,,0.0,0.0,0.0,,,,,,,,,,696000000.0,,696000000.0,,,,,,1.0,,,1201000000.0,,1165000000.0,,0.0,177000000.0,42000000.0,135000000.0,8237000000.0,7242000000.0,995000000.0,3476808253.0,,,,,,,,,,,,,,,,,,,6799000000.0,,4.995,1738.404,2399.389,185000000.0,,62.384,2.442,2.249,5703000000.0,-165000000.0,,,,,,,,,,1.0,55732277.0,51340000,,,7748000000.0,75000000.0,,75000000.0,150.915,7000000.0
79,WLTW,MRQ,2000-12-31,2000-12-31,2000-12-31,2021-08-04,-5000000.0,7590000000.0,,5890000000.0,1700000000.0,,5.21,,88000000.0,88000000.0,,,1.001,29.668,1230000000.0,0.0,1230000000.0,1230000000.0,130000000.0,,0.0,,0.0,,,,,,,,,,238000000.0,,238000000.0,,,,,,1.0,,,1225000000.0,,1624000000.0,,0.0,175000000.0,41000000.0,134000000.0,7061000000.0,5883000000.0,1178000000.0,,,,,,,,,,,,,,,,,,,,5484000000.0,,,,,192000000.0,,,,,4675000000.0,-167000000.0,,,,,,,,,,1.0,,45678000,,,6365000000.0,59000000.0,,43000000.0,139.345,7000000.0
0,WLTW,MRT,2021-06-30,2021-06-30,2021-06-30,2021-08-04,-2278000000.0,38267000000.0,38366750000.0,20568000000.0,17699000000.0,0.251,90.481,-224000000.0,2217000000.0,2217000000.0,0.0,1527000000.0,1.073,2.275,6095000000.0,1262000000.0,4833000000.0,6095000000.0,1782000000.0,854000000.0,0.0,0.012,2.81,2103000000.0,2957000000.0,0.306,2957000000.0,2103000000.0,1871000000.0,11.66,11.63,11.66,11670000000.0,11132750000.0,11670000000.0,33814232495.0,16.0,11.435,1231000000.0,9.544,1.0,9649000000.0,1.0,13781000000.0,232000000.0,9190000000.0,9559750000.0,0.0,0.0,0.0,0.0,26552000000.0,19174000000.0,7378000000.0,29667232495.0,1094000000.0,903000000.0,13000000.0,-531000000.0,-444000000.0,-1040000000.0,679000000.0,0.0,1455000000.0,33000000.0,1514000000.0,1514000000.0,1514000000.0,0.0,13000000.0,0.157,8277000000.0,1372000000.0,0.0,0.241,2.542,19.595,19.727,1757000000.0,0.0,230.02,3.075,3.075,2507000000.0,3166000000.0,9649000000.0,9649000000.0,0.0,0.039,0.136,0.22,0.218,114000000.0,5680000000.0,1.0,128976752.0,128976752,,74.812,24486000000.0,0.0,357000000.0,628000000.0,189.848,1394000000.0
1,WLTW,MRT,2021-03-31,2021-03-31,2021-03-31,2021-08-04,-2311000000.0,38632000000.0,38327500000.0,20872000000.0,17760000000.0,0.247,89.369,-256000000.0,1960000000.0,1960000000.0,0.0,1443000000.0,1.097,2.348,6107000000.0,618000000.0,5489000000.0,6107000000.0,1526000000.0,874000000.0,0.0,0.012,2.78,2002000000.0,2876000000.0,0.304,2876000000.0,2002000000.0,1760000000.0,10.97,10.94,10.97,11526000000.0,10799000000.0,11526000000.0,34134775135.0,17.0,11.869,1367000000.0,10.599,1.0,9476000000.0,1.0,13864000000.0,242000000.0,9895000000.0,9810750000.0,0.0,0.0,0.0,0.0,27058000000.0,19020000000.0,8038000000.0,29518775135.0,1017000000.0,905000000.0,14000000.0,-823000000.0,-354000000.0,-1253000000.0,647000000.0,0.0,1623000000.0,43000000.0,1424000000.0,1424000000.0,1424000000.0,0.0,19000000.0,0.15,8201000000.0,1275000000.0,0.0,0.253,2.561,20.729,20.864,1792000000.0,0.0,228.88,3.115,3.115,2569000000.0,3075000000.0,9476000000.0,9476000000.0,0.0,0.037,0.132,0.204,0.211,118000000.0,5636000000.0,1.0,128970531.0,128970531,,73.474,24768000000.0,0.0,336000000.0,576000000.0,192.044,1852000000.0
2,WLTW,MRT,2020-12-31,2020-12-31,2020-12-31,2021-08-04,-2359000000.0,38531000000.0,38101250000.0,20301000000.0,18230000000.0,0.245,83.938,-286000000.0,2089000000.0,2089000000.0,0.0,1020000000.0,1.05,2.551,6705000000.0,1123000000.0,5582000000.0,6705000000.0,2161000000.0,916000000.0,0.0,0.013,2.75,1558000000.0,2474000000.0,0.265,2474000000.0,1558000000.0,1314000000.0,7.68,7.65,7.68,10820000000.0,10483250000.0,10820000000.0,32182794728.0,21.0,13.008,1488000000.0,11.543,1.0,9352000000.0,1.0,14247000000.0,244000000.0,9568000000.0,9992500000.0,0.0,0.0,0.0,0.0,27599000000.0,19332000000.0,8267000000.0,27157794728.0,1180000000.0,143000000.0,16000000.0,-47000000.0,-346000000.0,-434000000.0,-160000000.0,0.0,1774000000.0,21000000.0,996000000.0,996000000.0,996000000.0,0.0,24000000.0,0.107,8169000000.0,1183000000.0,0.0,0.358,2.51,27.267,27.432,1916000000.0,0.0,210.68,2.904,2.904,2555000000.0,2434000000.0,9352000000.0,9352000000.0,0.0,0.026,0.095,0.156,0.167,90000000.0,5507000000.0,1.0,128905424.0,128905424,,72.549,24284000000.0,0.0,318000000.0,561000000.0,188.386,969000000.0
3,WLTW,MRT,2020-09-30,2020-09-30,2020-09-30,2021-08-04,-2253000000.0,38037000000.0,37325000000.0,19914000000.0,18123000000.0,0.249,81.601,-319000000.0,1647000000.0,1647000000.0,0.0,1088000000.0,1.036,2.607,6672000000.0,1116000000.0,5556000000.0,6672000000.0,1733000000.0,927000000.0,0.0,0.013,2.69,1633000000.0,2560000000.0,0.276,2560000000.0,1633000000.0,1387000000.0,8.21,8.17,8.21,10515000000.0,10340500000.0,10515000000.0,32464214011.0,20.0,12.681,1348000000.0,10.461,1.0,9278000000.0,1.0,14256000000.0,246000000.0,9586000000.0,10236000000.0,0.0,0.0,0.0,0.0,27417000000.0,19220000000.0,8197000000.0,26908214011.0,765000000.0,141000000.0,19000000.0,-299000000.0,-343000000.0,-711000000.0,-191000000.0,0.0,1667000000.0,15000000.0,1064000000.0,1064000000.0,1064000000.0,0.0,24000000.0,0.115,7995000000.0,1283000000.0,0.0,0.328,2.559,25.29,25.435,1891000000.0,0.0,208.82,2.9,2.9,2223000000.0,2047000000.0,9278000000.0,9278000000.0,0.0,0.029,0.103,0.16,0.176,85000000.0,5428000000.0,1.0,128858414.0,128858414,,72.002,23781000000.0,0.0,323000000.0,587000000.0,184.551,694000000.0
4,WLTW,MRT,2020-06-30,2020-06-30,2020-06-30,2021-08-04,-2390000000.0,38110000000.0,36741500000.0,19922000000.0,18188000000.0,0.252,80.281,-319000000.0,1087000000.0,1087000000.0,0.0,1046000000.0,1.047,2.676,6643000000.0,669000000.0,5974000000.0,6643000000.0,1504000000.0,921000000.0,0.0,0.014,2.66,1562000000.0,2483000000.0,0.268,2483000000.0,1562000000.0,1315000000.0,7.86,7.82,7.86,10335000000.0,10183500000.0,10335000000.0,31395494342.0,20.0,12.644,1144000000.0,8.886,1.0,9258000000.0,1.0,14453000000.0,247000000.0,10194000000.0,10420750000.0,0.0,0.0,0.0,0.0,27654000000.0,19019000000.0,8635000000.0,25354494342.0,304000000.0,-1388000000.0,-76000000.0,1036000000.0,-339000000.0,556000000.0,-1715000000.0,0.0,1463000000.0,-22000000.0,1018000000.0,1018000000.0,1018000000.0,0.0,28000000.0,0.11,7941000000.0,1317000000.0,0.0,0.338,2.453,24.906,25.057,1883000000.0,0.0,196.95,2.739,2.739,2430000000.0,2015000000.0,9258000000.0,9258000000.0,0.0,0.028,0.1,0.15,0.169,75000000.0,5380000000.0,1.0,128735691.0,128735691,,71.915,23657000000.0,0.0,297000000.0,575000000.0,183.764,903000000.0
5,WLTW,MRT,2020-03-31,2020-03-31,2020-03-31,2021-08-04,-2446000000.0,37727000000.0,36005500000.0,19550000000.0,18177000000.0,0.255,79.732,-312000000.0,898000000.0,898000000.0,0.0,1093000000.0,1.05,2.664,6939000000.0,848000000.0,6091000000.0,6939000000.0,1329000000.0,913000000.0,0.0,0.015,2.63,1563000000.0,2476000000.0,0.269,2476000000.0,1563000000.0,1322000000.0,8.19,8.16,8.19,10263000000.0,10122250000.0,10263000000.0,27720886312.0,18.0,11.196,839000000.0,6.518,1.0,9193000000.0,1.0,14522000000.0,241000000.0,10622000000.0,10174000000.0,0.0,0.0,0.0,0.0,27338000000.0,18624000000.0,8714000000.0,21862886312.0,-49000000.0,-1377000000.0,-124000000.0,1089000000.0,-336000000.0,501000000.0,-1701000000.0,0.0,1151000000.0,-37000000.0,1062000000.0,1062000000.0,1062000000.0,0.0,31000000.0,0.116,7863000000.0,1330000000.0,0.0,0.321,2.13,20.587,20.739,1880000000.0,0.0,169.85,2.378,2.378,2594000000.0,2009000000.0,9193000000.0,9193000000.0,0.0,0.029,0.105,0.154,0.17,63000000.0,5295000000.0,1.0,128718789.0,128718789,,71.419,23205000000.0,0.0,260000000.0,501000000.0,180.277,926000000.0
6,WLTW,MRT,2019-12-31,2019-12-31,2019-12-31,2021-08-04,-2227000000.0,35426000000.0,35547000000.0,17037000000.0,18389000000.0,0.254,79.714,-305000000.0,887000000.0,887000000.0,0.0,1073000000.0,1.06,2.445,6745000000.0,480000000.0,6265000000.0,6745000000.0,1784000000.0,877000000.0,0.0,0.013,2.6,1527000000.0,2404000000.0,0.266,2404000000.0,1527000000.0,1293000000.0,8.05,8.02,8.05,10249000000.0,10079500000.0,10249000000.0,32069972250.0,21.0,13.34,776000000.0,6.035,1.0,9039000000.0,1.0,14672000000.0,234000000.0,10542000000.0,9875500000.0,0.0,0.0,0.0,0.0,25057000000.0,16070000000.0,8987000000.0,25963972250.0,-136000000.0,-1312000000.0,-105000000.0,958000000.0,-329000000.0,397000000.0,-1614000000.0,0.0,1081000000.0,-2000000.0,1044000000.0,1044000000.0,1044000000.0,0.0,29000000.0,0.115,7710000000.0,1329000000.0,0.0,0.323,2.533,24.87,25.086,2014000000.0,0.0,201.94,2.872,2.872,2621000000.0,1792000000.0,9039000000.0,9039000000.0,0.0,0.029,0.104,0.155,0.169,74000000.0,5249000000.0,1.0,128572706.0,128572706,,70.303,20754000000.0,0.0,249000000.0,526000000.0,161.418,967000000.0
7,WLTW,MRT,2019-09-30,2019-09-30,2019-09-30,2021-08-04,-2113000000.0,35703000000.0,34786750000.0,17400000000.0,18303000000.0,0.251,76.647,-290000000.0,867000000.0,867000000.0,0.0,905000000.0,1.04,2.597,6973000000.0,635000000.0,6338000000.0,6973000000.0,1521000000.0,827000000.0,0.0,0.013,2.55,1323000000.0,2150000000.0,0.247,2150000000.0,1323000000.0,1097000000.0,6.74,6.72,6.74,9887000000.0,9980250000.0,9887000000.0,29646061718.0,22.0,13.789,902000000.0,6.993,1.0,8721000000.0,1.0,14748000000.0,226000000.0,10325000000.0,8950750000.0,0.0,0.0,0.0,0.0,25672000000.0,16736000000.0,8936000000.0,24892061718.0,-27000000.0,-1335000000.0,-293000000.0,1118000000.0,-323000000.0,413000000.0,-1632000000.0,0.0,1192000000.0,-30000000.0,878000000.0,878000000.0,878000000.0,0.0,27000000.0,0.101,7609000000.0,1112000000.0,0.0,0.378,2.518,28.351,28.631,1922000000.0,0.0,192.97,2.854,2.854,2167000000.0,1336000000.0,8721000000.0,8721000000.0,0.0,0.025,0.088,0.148,0.152,83000000.0,5142000000.0,1.0,128994464.0,128994464,,67.608,20955000000.0,0.0,219000000.0,690000000.0,162.449,664000000.0
8,WLTW,MRT,2019-06-30,2019-06-30,2019-06-30,2021-08-04,-1993000000.0,35166000000.0,34121250000.0,18333000000.0,16833000000.0,0.252,78.074,-310000000.0,812000000.0,812000000.0,0.0,871000000.0,1.066,2.471,5566000000.0,341000000.0,5225000000.0,5566000000.0,1444000000.0,797000000.0,0.0,0.013,2.5,1251000000.0,2048000000.0,0.238,2048000000.0,1251000000.0,1036000000.0,6.5,6.47,6.5,10090000000.0,10020750000.0,10090000000.0,29585897534.0,24.0,14.446,886000000.0,6.856,1.0,8591000000.0,1.0,13509000000.0,215000000.0,9207000000.0,8207750000.0,0.0,0.0,0.0,0.0,24934000000.0,17204000000.0,7730000000.0,24753897534.0,-82000000.0,-16000000.0,-330000000.0,-197000000.0,-318000000.0,-942000000.0,-336000000.0,0.0,1196000000.0,-17000000.0,847000000.0,847000000.0,847000000.0,0.0,24000000.0,0.099,7569000000.0,1022000000.0,0.0,0.385,2.453,29.225,29.468,1897000000.0,0.0,191.54,2.881,2.881,2461000000.0,1442000000.0,8591000000.0,8591000000.0,0.0,0.025,0.085,0.152,0.146,73000000.0,5097000000.0,1.0,129236178.0,129236178,,66.475,21657000000.0,0.0,189000000.0,532000000.0,167.577,1129000000.0
9,WLTW,MRT,2019-03-31,2019-03-31,2019-03-31,2021-08-04,-1974000000.0,35893000000.0,33883000000.0,19020000000.0,16873000000.0,0.252,78.171,-318000000.0,992000000.0,992000000.0,0.0,787000000.0,1.077,2.542,5824000000.0,345000000.0,5479000000.0,5824000000.0,1240000000.0,772000000.0,0.0,0.014,2.45,1138000000.0,1910000000.0,0.224,1910000000.0,1138000000.0,927000000.0,5.88,5.85,5.88,10092000000.0,10055250000.0,10092000000.0,26218743992.0,23.0,13.727,905000000.0,7.01,1.0,8533000000.0,1.0,13643000000.0,211000000.0,9428000000.0,7797000000.0,0.0,0.0,0.0,0.0,25651000000.0,17654000000.0,7997000000.0,22676743992.0,89000000.0,-32000000.0,-546000000.0,163000000.0,-315000000.0,-797000000.0,-337000000.0,0.0,1223000000.0,-51000000.0,767000000.0,767000000.0,767000000.0,0.0,20000000.0,0.09,7624000000.0,909000000.0,0.0,0.417,2.247,29.566,29.872,1903000000.0,0.0,175.65,2.658,2.658,2490000000.0,1439000000.0,8533000000.0,8533000000.0,0.0,0.023,0.076,0.146,0.133,57000000.0,5094000000.0,1.0,129101873.0,129101873,,66.095,22250000000.0,0.0,160000000.0,544000000.0,172.345,1366000000.0
10,WLTW,MRT,2018-12-31,2018-12-31,2018-12-31,2021-08-04,-1961000000.0,32385000000.0,33462750000.0,16420000000.0,15965000000.0,0.254,75.82,-322000000.0,1033000000.0,1033000000.0,0.0,715000000.0,1.073,2.272,4575000000.0,186000000.0,4389000000.0,4575000000.0,1647000000.0,747000000.0,0.0,0.016,2.4,1039000000.0,1786000000.0,0.21,1786000000.0,1039000000.0,831000000.0,5.29,5.27,5.29,9852000000.0,10200250000.0,9852000000.0,23485470785.0,23.0,13.15,966000000.0,7.434,1.0,8513000000.0,1.0,13783000000.0,208000000.0,6843000000.0,7372500000.0,0.0,0.0,0.0,0.0,22388000000.0,15301000000.0,7087000000.0,19732470785.0,44000000.0,-32000000.0,-557000000.0,66000000.0,-306000000.0,-903000000.0,-341000000.0,0.0,1288000000.0,-41000000.0,695000000.0,695000000.0,695000000.0,0.0,20000000.0,0.082,7704000000.0,809000000.0,0.0,0.454,2.003,28.392,28.707,942000000.0,0.0,151.86,2.318,2.318,2379000000.0,1201000000.0,8513000000.0,8513000000.0,0.0,0.021,0.068,0.141,0.122,50000000.0,5123000000.0,1.0,129938567.0,129938567,,65.516,18602000000.0,0.0,136000000.0,559000000.0,143.16,1119000000.0
11,WLTW,MRT,2018-09-30,2018-09-30,2018-09-30,2021-08-04,-1627000000.0,33041000000.0,33481000000.0,16756000000.0,16285000000.0,0.245,76.845,-375000000.0,931000000.0,931000000.0,0.0,585000000.0,1.077,2.274,4684000000.0,186000000.0,4498000000.0,4684000000.0,1465000000.0,789000000.0,0.0,0.017,2.33,634000000.0,1423000000.0,0.173,1423000000.0,634000000.0,431000000.0,4.23,4.2,4.23,10049000000.0,10268750000.0,10049000000.0,22193656431.0,35.0,15.596,688000000.0,5.261,1.0,8219000000.0,1.0,13886000000.0,203000000.0,7353000000.0,7363500000.0,0.0,0.0,0.0,0.0,22851000000.0,15555000000.0,7296000000.0,18430656431.0,-25000000.0,53000000.0,-433000000.0,112000000.0,-296000000.0,-775000000.0,-313000000.0,0.0,1063000000.0,44000000.0,562000000.0,562000000.0,562000000.0,0.0,23000000.0,0.068,7800000000.0,419000000.0,0.0,0.551,1.834,32.795,33.319,944000000.0,0.0,140.94,2.242,2.242,2132000000.0,1102000000.0,8219000000.0,8219000000.0,0.0,0.017,0.055,0.086,0.077,34000000.0,5181000000.0,1.0,130769522.0,130769522,,62.851,19155000000.0,0.0,-131000000.0,678000000.0,146.479,1201000000.0
12,WLTW,MRT,2018-06-30,2018-06-30,2018-06-30,2021-08-04,-1605000000.0,34213000000.0,33288750000.0,17889000000.0,16324000000.0,0.247,77.579,-390000000.0,911000000.0,911000000.0,0.0,485000000.0,1.092,2.331,4674000000.0,85000000.0,4589000000.0,4674000000.0,1357000000.0,806000000.0,0.0,0.015,2.26,561000000.0,1367000000.0,0.166,1367000000.0,561000000.0,362000000.0,3.49,3.47,3.49,10228000000.0,10235250000.0,10228000000.0,23624935662.0,42.0,17.282,548000000.0,4.157,1.0,8212000000.0,1.0,14030000000.0,199000000.0,7564000000.0,7230000000.0,0.0,0.0,0.0,0.0,23839000000.0,16382000000.0,7457000000.0,19986935662.0,-13000000.0,53000000.0,-640000000.0,473000000.0,-289000000.0,-618000000.0,-333000000.0,0.0,938000000.0,72000000.0,464000000.0,464000000.0,464000000.0,0.0,21000000.0,0.057,7836000000.0,376000000.0,0.0,0.648,1.954,43.075,43.438,924000000.0,0.0,151.6,2.434,2.434,2394000000.0,1270000000.0,8212000000.0,8212000000.0,0.0,0.014,0.045,0.078,0.068,38000000.0,5155000000.0,1.0,131839945.0,131839945,,62.288,20183000000.0,0.0,-102000000.0,691000000.0,153.087,1507000000.0
13,WLTW,MRT,2018-03-31,2018-03-31,2018-03-31,2021-08-04,-1430000000.0,34212000000.0,32929000000.0,17606000000.0,16606000000.0,0.248,80.716,-376000000.0,954000000.0,954000000.0,0.0,461000000.0,1.114,2.191,4592000000.0,85000000.0,4507000000.0,4592000000.0,1239000000.0,822000000.0,0.0,0.014,2.19,529000000.0,1351000000.0,0.165,1351000000.0,529000000.0,336000000.0,3.29,3.27,3.29,10672000000.0,10244000000.0,10672000000.0,23626979978.0,45.0,17.489,409000000.0,3.093,1.0,8175000000.0,1.0,14316000000.0,193000000.0,7730000000.0,6941500000.0,0.0,0.0,0.0,0.0,23382000000.0,15804000000.0,7578000000.0,20121979978.0,-64000000.0,55000000.0,-501000000.0,401000000.0,-280000000.0,-517000000.0,-332000000.0,0.0,785000000.0,117000000.0,439000000.0,439000000.0,439000000.0,0.0,22000000.0,0.054,7801000000.0,374000000.0,0.0,0.666,1.885,45.836,46.258,926000000.0,0.0,152.19,2.461,2.461,2600000000.0,1557000000.0,8175000000.0,8175000000.0,0.0,0.013,0.043,0.076,0.065,56000000.0,5091000000.0,1.0,132216177.0,132216177,,61.831,19896000000.0,0.0,-103000000.0,711000000.0,150.481,1802000000.0
14,WLTW,MRT,2017-12-31,2017-12-31,2017-12-31,2021-08-04,-1513000000.0,32458000000.0,32434000000.0,15861000000.0,16597000000.0,0.253,76.69,-375000000.0,1030000000.0,1030000000.0,0.0,592000000.0,1.075,2.19,4535000000.0,85000000.0,4450000000.0,4535000000.0,1711000000.0,833000000.0,0.0,0.014,2.12,656000000.0,1489000000.0,0.182,1489000000.0,656000000.0,468000000.0,4.21,4.18,4.21,10126000000.0,10145500000.0,10126000000.0,23562929635.0,36.0,15.825,487000000.0,3.688,1.0,8202000000.0,1.0,14401000000.0,188000000.0,6807000000.0,6547500000.0,0.0,0.0,0.0,0.0,22181000000.0,14755000000.0,7426000000.0,19896929635.0,48000000.0,44000000.0,-648000000.0,580000000.0,-277000000.0,-479000000.0,-335000000.0,0.0,862000000.0,112000000.0,568000000.0,568000000.0,568000000.0,0.0,24000000.0,0.069,7686000000.0,516000000.0,0.0,0.504,1.965,35.03,35.793,985000000.0,0.0,150.69,2.426,2.426,2246000000.0,1104000000.0,8202000000.0,8202000000.0,0.0,0.018,0.056,0.1,0.08,67000000.0,4967000000.0,1.0,132038819.0,132038819,,62.118,18057000000.0,0.0,-100000000.0,615000000.0,136.755,1106000000.0
15,WLTW,MRT,2017-09-30,2017-09-30,2017-09-30,2021-08-04,-1676000000.0,32272000000.0,31882750000.0,15691000000.0,16581000000.0,0.253,73.833,-338000000.0,912000000.0,912000000.0,0.0,487000000.0,1.078,2.238,4578000000.0,85000000.0,4493000000.0,4578000000.0,1472000000.0,804000000.0,0.0,0.013,2.07,616000000.0,1420000000.0,0.176,1420000000.0,616000000.0,431000000.0,3.39,3.38,3.39,9915000000.0,10130250000.0,9915000000.0,24041368719.0,39.0,16.931,489000000.0,3.641,1.0,8051000000.0,1.0,14563000000.0,185000000.0,6819000000.0,6120000000.0,0.0,0.0,0.0,0.0,22191000000.0,14556000000.0,7635000000.0,20711368719.0,115000000.0,-14000000.0,-750000000.0,746000000.0,-275000000.0,-362000000.0,-350000000.0,0.0,827000000.0,30000000.0,465000000.0,465000000.0,465000000.0,0.0,22000000.0,0.058,7730000000.0,321000000.0,0.0,0.611,2.089,44.541,45.496,937000000.0,0.0,154.23,2.573,2.573,2155000000.0,1130000000.0,8051000000.0,8051000000.0,0.0,0.015,0.046,0.101,0.077,77000000.0,5006000000.0,1.0,134288846.0,134288846,,59.953,17709000000.0,0.0,-34000000.0,856000000.0,131.872,1135000000.0
16,WLTW,MRT,2017-06-30,2017-06-30,2017-06-30,2021-08-04,-1776000000.0,32774000000.0,31765000000.0,16233000000.0,16541000000.0,0.251,75.914,-320000000.0,852000000.0,852000000.0,0.0,510000000.0,1.08,2.176,4182000000.0,85000000.0,4097000000.0,4182000000.0,1311000000.0,808000000.0,0.0,0.014,2.02,591000000.0,1399000000.0,0.175,1399000000.0,591000000.0,408000000.0,3.56,3.55,3.56,10263000000.0,10343250000.0,10263000000.0,22859099014.0,39.0,16.34,496000000.0,3.669,1.0,7976000000.0,1.0,14665000000.0,183000000.0,6410000000.0,5798000000.0,0.0,0.0,0.0,0.0,22330000000.0,15029000000.0,7301000000.0,19665099014.0,-99000000.0,43000000.0,-582000000.0,342000000.0,-269000000.0,-647000000.0,-268000000.0,0.0,816000000.0,2000000.0,487000000.0,487000000.0,487000000.0,0.0,23000000.0,0.061,7628000000.0,348000000.0,0.0,0.567,1.916,40.38,40.86,895000000.0,0.0,145.46,2.466,2.466,2288000000.0,1402000000.0,7976000000.0,7976000000.0,0.0,0.015,0.047,0.102,0.074,88000000.0,4913000000.0,1.0,135192486.0,135192486,,58.997,18109000000.0,0.0,-79000000.0,823000000.0,133.95,1204000000.0
17,WLTW,MRT,2017-03-31,2017-03-31,2017-03-31,2021-08-04,-1908000000.0,32232000000.0,31673750000.0,15795000000.0,16437000000.0,0.252,75.837,-314000000.0,901000000.0,901000000.0,0.0,545000000.0,1.083,2.119,4095000000.0,120000000.0,3975000000.0,4095000000.0,1203000000.0,768000000.0,0.0,0.015,1.97,642000000.0,1410000000.0,0.177,1410000000.0,642000000.0,458000000.0,3.84,3.82,3.84,10278000000.0,10540000000.0,10278000000.0,20734236491.0,32.0,14.705,595000000.0,4.39,1.0,7972000000.0,1.0,14687000000.0,184000000.0,6154000000.0,5598500000.0,0.0,0.0,0.0,0.0,21775000000.0,14585000000.0,7190000000.0,17739236491.0,-40000000.0,-6000000.0,-480000000.0,199000000.0,-264000000.0,-645000000.0,-304000000.0,0.0,909000000.0,-13000000.0,526000000.0,526000000.0,526000000.0,0.0,19000000.0,0.066,7549000000.0,423000000.0,0.0,0.513,1.726,33.725,34.086,863000000.0,0.0,130.89,2.225,2.225,2307000000.0,1561000000.0,7972000000.0,7972000000.0,0.0,0.017,0.05,0.115,0.081,102000000.0,4903000000.0,1.0,135527821.0,135527821,,58.822,17545000000.0,0.0,-68000000.0,799000000.0,129.457,1210000000.0
18,WLTW,MRT,2016-12-31,2016-12-31,2016-12-31,2021-08-04,-1884000000.0,30253000000.0,31873000000.0,13792000000.0,16461000000.0,0.247,73.603,-303000000.0,870000000.0,870000000.0,0.0,438000000.0,1.032,1.989,3865000000.0,508000000.0,3357000000.0,3865000000.0,1481000000.0,769000000.0,0.0,0.016,1.92,508000000.0,1277000000.0,0.162,1277000000.0,508000000.0,324000000.0,3.07,3.04,3.07,10065000000.0,10758250000.0,10065000000.0,19740350893.0,39.0,15.458,630000000.0,4.607,1.0,7887000000.0,1.0,14781000000.0,184000000.0,5097000000.0,5351750000.0,0.0,0.0,0.0,0.0,20019000000.0,13370000000.0,6649000000.0,16721350893.0,353000000.0,475000000.0,-333000000.0,-142000000.0,-199000000.0,-775000000.0,195000000.0,0.0,933000000.0,-15000000.0,420000000.0,420000000.0,420000000.0,0.0,18000000.0,0.053,7539000000.0,348000000.0,0.0,0.625,1.661,39.813,39.831,839000000.0,0.0,122.28,2.12,2.12,2080000000.0,1452000000.0,7887000000.0,7887000000.0,0.0,0.013,0.039,0.095,0.064,123000000.0,4849000000.0,1.0,136746409.0,136746409,,57.676,15472000000.0,0.0,-96000000.0,864000000.0,113.144,422000000.0
19,WLTW,MRT,2016-09-30,2016-09-30,2016-09-30,2021-08-04,-1221000000.0,31801000000.0,29019500000.0,14733000000.0,17068000000.0,0.239,77.993,-261000000.0,767000000.0,767000000.0,0.0,272000000.0,1.036,1.936,3786000000.0,519000000.0,3267000000.0,3786000000.0,1282000000.0,623000000.0,0.0,0.017,2.261,446000000.0,1069000000.0,0.154,1069000000.0,446000000.0,269000000.0,1.7,1.69,1.7,10767000000.0,8799250000.0,10767000000.0,21188997015.0,48.0,19.821,491000000.0,3.557,1.0,6934000000.0,1.0,15072000000.0,177000000.0,5531000000.0,5057500000.0,0.0,0.0,0.0,0.0,20847000000.0,14217000000.0,6630000000.0,18328997015.0,327000000.0,-89000000.0,-147000000.0,376000000.0,-245000000.0,-113000000.0,-312000000.0,0.0,752000000.0,-26000000.0,254000000.0,254000000.0,254000000.0,0.0,18000000.0,0.037,6469000000.0,465000000.0,0.0,1.33,1.702,72.161,78.1,811000000.0,0.0,132.77,2.643,2.643,2043000000.0,1455000000.0,6934000000.0,6934000000.0,0.0,0.009,0.029,0.088,0.064,112000000.0,4121000000.0,1.0,138050742.0,138050742,,50.228,16729000000.0,0.0,15000000.0,1137000000.0,121.18,516000000.0
20,WLTW,MRT,2016-06-30,2016-06-30,2016-06-30,2021-08-04,-1181000000.0,32409000000.0,25522500000.0,15230000000.0,17179000000.0,0.235,79.818,-233000000.0,949000000.0,949000000.0,0.0,419000000.0,1.056,1.916,3809000000.0,528000000.0,3281000000.0,3809000000.0,1221000000.0,469000000.0,0.0,0.021,2.602,499000000.0,968000000.0,0.161,968000000.0,499000000.0,332000000.0,3.65,3.62,3.65,11050000000.0,6705750000.0,11050000000.0,20166576097.0,40.0,20.833,440000000.0,3.178,1.0,6003000000.0,1.0,15240000000.0,167000000.0,5612000000.0,4730250000.0,0.0,0.0,0.0,0.0,21169000000.0,14417000000.0,6752000000.0,17209576097.0,498000000.0,-166000000.0,29000000.0,456000000.0,-235000000.0,212000000.0,-387000000.0,0.0,673000000.0,-32000000.0,403000000.0,403000000.0,403000000.0,0.0,16000000.0,0.067,5512000000.0,491000000.0,0.0,0.713,1.557,42.704,34.058,794000000.0,0.0,124.31,2.867,2.867,2187000000.0,1739000000.0,6003000000.0,6003000000.0,0.0,0.016,0.06,0.105,0.083,98000000.0,3572000000.0,1.0,138440802.0,138440802,,43.361,17169000000.0,0.0,-71000000.0,1156000000.0,124.017,813000000.0
21,WLTW,MRT,2016-03-31,2016-03-31,2016-03-31,2021-08-04,-1053000000.0,33029000000.0,22000000000.0,15579000000.0,17450000000.0,0.226,80.704,-195000000.0,954000000.0,954000000.0,0.0,415000000.0,1.021,1.944,3911000000.0,1144000000.0,2767000000.0,3911000000.0,1109000000.0,339000000.0,0.0,0.025,2.944,485000000.0,824000000.0,0.166,824000000.0,485000000.0,330000000.0,4.16,4.12,4.16,11151000000.0,4541500000.0,11151000000.0,19129496877.0,39.0,23.215,232000000.0,1.679,1.0,4976000000.0,1.0,15563000000.0,155000000.0,5167000000.0,4349500000.0,0.0,0.0,0.0,0.0,21672000000.0,15256000000.0,6416000000.0,16395496877.0,472000000.0,-336000000.0,37000000.0,773000000.0,-223000000.0,563000000.0,-518000000.0,0.0,427000000.0,-21000000.0,401000000.0,401000000.0,401000000.0,0.0,14000000.0,0.081,4516000000.0,460000000.0,0.0,0.708,1.47,40.887,28.524,790000000.0,0.0,118.66,3.295,3.295,2268000000.0,1771000000.0,4976000000.0,4976000000.0,0.0,0.018,0.088,0.112,0.097,81000000.0,2932000000.0,1.0,138172062.0,138172062,,36.013,17466000000.0,0.0,-71000000.0,1234000000.0,126.408,323000000.0
22,WLTW,MRT,2015-12-31,2015-12-31,2015-12-31,2021-08-04,-1037000000.0,18839000000.0,17769000000.0,12503000000.0,6336000000.0,0.215,32.765,-146000000.0,532000000.0,532000000.0,0.0,384000000.0,0.977,7.369,3266000000.0,988000000.0,2278000000.0,3266000000.0,752000000.0,171000000.0,0.0,0.026,3.285,482000000.0,653000000.0,0.171,653000000.0,482000000.0,340000000.0,5.49,5.41,5.49,2229000000.0,2328250000.0,2229000000.0,10858010105.0,23.0,16.628,98000000.0,1.441,1.0,3829000000.0,1.0,4852000000.0,142000000.0,3920000000.0,4070750000.0,0.0,0.0,0.0,0.0,16426000000.0,12801000000.0,3625000000.0,8753010105.0,-59000000.0,-813000000.0,49000000.0,890000000.0,-277000000.0,640000000.0,-943000000.0,0.0,244000000.0,-44000000.0,373000000.0,373000000.0,373000000.0,0.0,11000000.0,0.097,3402000000.0,427000000.0,0.0,0.598,3.927,23.467,23.436,563000000.0,0.0,128.662,2.286,2.286,1258000000.0,1597000000.0,3829000000.0,3829000000.0,0.0,0.021,0.16,0.118,0.126,64000000.0,2303000000.0,1.0,68030910.0,68030910,,56.283,13987000000.0,0.0,-33000000.0,240000000.0,205.598,-298000000.0
23,WLTW,MRT,2015-09-30,2015-09-30,2015-09-30,2021-08-04,-954000000.0,17813000000.0,16914500000.0,12334000000.0,5479000000.0,0.225,35.283,-133000000.0,466000000.0,466000000.0,0.0,485000000.0,1.038,6.383,2571000000.0,323000000.0,2248000000.0,2571000000.0,520000000.0,161000000.0,0.0,0.03,3.258,608000000.0,769000000.0,0.202,769000000.0,608000000.0,471000000.0,7.002,6.911,7.002,2393000000.0,2267250000.0,2393000000.0,9397794667.0,15.0,12.221,176000000.0,2.595,1.0,3813000000.0,1.0,3815000000.0,137000000.0,4222000000.0,3962000000.0,0.0,171000000.0,0.0,171000000.0,15275000000.0,11881000000.0,3394000000.0,7360794667.0,-144000000.0,-378000000.0,38000000.0,256000000.0,-218000000.0,54000000.0,-507000000.0,8000000.0,309000000.0,-46000000.0,473000000.0,473000000.0,473000000.0,0.0,12000000.0,0.124,3249000000.0,564000000.0,0.0,0.465,3.076,15.562,15.5,531000000.0,0.0,108.53,1.93,1.93,1100000000.0,1677000000.0,3813000000.0,3813000000.0,0.0,0.028,0.209,0.153,0.159,58000000.0,2298000000.0,1.0,67822797.0,67822797,,56.22,13998000000.0,70000000.0,-2000000.0,201000000.0,206.391,453000000.0
24,WLTW,MRT,2015-06-30,2015-06-30,2015-06-30,2021-08-04,-872000000.0,18319000000.0,16263250000.0,12946000000.0,5373000000.0,0.232,35.351,-107000000.0,483000000.0,483000000.0,0.0,361000000.0,1.036,6.593,2520000000.0,468000000.0,2052000000.0,2520000000.0,443000000.0,149000000.0,0.0,0.026,3.232,597000000.0,746000000.0,0.197,746000000.0,597000000.0,461000000.0,5.176,5.105,5.176,2393000000.0,2233500000.0,2393000000.0,10211937472.0,17.0,13.689,225000000.0,3.324,1.0,3779000000.0,1.0,3772000000.0,136000000.0,4089000000.0,3838000000.0,0.0,168000000.0,0.0,168000000.0,15778000000.0,12495000000.0,3283000000.0,8409937472.0,-174000000.0,-364000000.0,-40000000.0,204000000.0,-216000000.0,-64000000.0,-442000000.0,6000000.0,332000000.0,-51000000.0,349000000.0,349000000.0,349000000.0,0.0,12000000.0,0.092,3208000000.0,571000000.0,0.0,0.624,3.514,24.097,24.003,516000000.0,0.0,124.238,2.225,2.225,1226000000.0,1618000000.0,3779000000.0,3779000000.0,0.0,0.021,0.156,0.156,0.158,60000000.0,2297000000.0,1.0,67691927.0,67691927,,55.826,14547000000.0,15000000.0,112000000.0,267000000.0,214.9,451000000.0
25,WLTW,MRT,2015-03-31,2015-03-31,2015-03-31,2021-08-04,-952000000.0,16105000000.0,15821250000.0,11328000000.0,4777000000.0,0.24,33.917,-108000000.0,503000000.0,503000000.0,0.0,337000000.0,1.074,5.976,2305000000.0,168000000.0,2137000000.0,2305000000.0,408000000.0,146000000.0,0.0,0.025,3.205,614000000.0,760000000.0,0.2,760000000.0,614000000.0,478000000.0,4.834,4.784,4.834,2298000000.0,2246250000.0,2298000000.0,10321324815.0,17.0,13.581,300000000.0,4.428,1.0,3792000000.0,1.0,3307000000.0,136000000.0,4052000000.0,3802250000.0,0.0,167000000.0,0.0,167000000.0,13733000000.0,10548000000.0,3185000000.0,8647324815.0,-168000000.0,-172000000.0,-59000000.0,-17000000.0,-214000000.0,-313000000.0,-263000000.0,4000000.0,408000000.0,-63000000.0,326000000.0,326000000.0,326000000.0,0.0,11000000.0,0.086,3178000000.0,614000000.0,0.0,0.663,3.763,26.526,26.402,462000000.0,0.0,127.629,2.28,2.28,1150000000.0,1669000000.0,3792000000.0,3792000000.0,0.0,0.021,0.145,0.161,0.162,57000000.0,2311000000.0,1.0,67753531.0,67753531,,55.968,12798000000.0,19000000.0,152000000.0,252000000.0,188.891,780000000.0
26,WLTW,MRT,2014-12-31,2014-12-31,2014-12-31,2021-08-04,-1066000000.0,15421000000.0,15752000000.0,10839000000.0,4582000000.0,0.241,29.692,-113000000.0,635000000.0,635000000.0,0.0,373000000.0,1.062,6.728,2297000000.0,167000000.0,2130000000.0,2297000000.0,619000000.0,146000000.0,0.0,0.027,3.179,656000000.0,802000000.0,0.211,802000000.0,656000000.0,521000000.0,5.4,5.32,5.4,1985000000.0,2282250000.0,1985000000.0,9592638377.0,15.0,11.961,364000000.0,5.445,1.0,3802000000.0,1.0,3387000000.0,135000000.0,3485000000.0,3780750000.0,0.0,169000000.0,0.0,169000000.0,13355000000.0,10211000000.0,3144000000.0,7935638377.0,-122000000.0,-159000000.0,-74000000.0,-18000000.0,-210000000.0,-323000000.0,-276000000.0,0.0,477000000.0,-39000000.0,362000000.0,362000000.0,362000000.0,0.0,11000000.0,0.095,3155000000.0,647000000.0,0.0,0.589,3.998,21.922,21.982,483000000.0,0.0,118.702,2.087,2.087,1044000000.0,1530000000.0,3802000000.0,3802000000.0,0.0,0.023,0.159,0.174,0.173,52000000.0,2314000000.0,1.0,66853459.0,66853459,,56.871,12034000000.0,19000000.0,159000000.0,180000000.0,180.006,628000000.0
27,WLTW,MRT,2014-09-30,2014-09-30,2014-09-30,2021-08-04,-735000000.0,15208000000.0,15596750000.0,10824000000.0,4384000000.0,0.241,33.531,-117000000.0,656000000.0,656000000.0,0.0,364000000.0,1.082,5.729,2313000000.0,165000000.0,2148000000.0,2313000000.0,481000000.0,147000000.0,0.0,0.029,3.126,646000000.0,793000000.0,0.211,793000000.0,646000000.0,512000000.0,5.239,5.105,5.239,2258000000.0,2339750000.0,2258000000.0,8994140739.0,14.0,11.342,359000000.0,5.331,1.0,3763000000.0,1.0,3134000000.0,134000000.0,3726000000.0,3825750000.0,0.0,177000000.0,0.0,177000000.0,12935000000.0,10005000000.0,2930000000.0,7385140739.0,56000000.0,-9000000.0,-44000000.0,-20000000.0,-206000000.0,-288000000.0,-132000000.0,-6000000.0,476000000.0,-23000000.0,354000000.0,354000000.0,354000000.0,0.0,10000000.0,0.094,3110000000.0,653000000.0,0.0,0.597,3.271,20.862,20.933,481000000.0,0.0,109.669,1.963,1.963,1021000000.0,1521000000.0,3763000000.0,3763000000.0,0.0,0.023,0.151,0.169,0.172,50000000.0,2283000000.0,1.0,67340353.0,67340353,,55.88,12074000000.0,20000000.0,158000000.0,172000000.0,179.298,819000000.0
28,WLTW,MRT,2014-06-30,2014-06-30,2014-06-30,2021-08-04,-660000000.0,16551000000.0,15625500000.0,12072000000.0,4479000000.0,0.24,36.2,-116000000.0,708000000.0,708000000.0,0.0,345000000.0,1.099,5.765,2317000000.0,15000000.0,2302000000.0,2317000000.0,418000000.0,146000000.0,0.0,0.027,3.073,631000000.0,777000000.0,0.207,777000000.0,631000000.0,501000000.0,4.947,4.814,4.947,2444000000.0,2281250000.0,2444000000.0,9332025522.0,15.0,12.01,460000000.0,6.813,1.0,3746000000.0,1.0,3230000000.0,130000000.0,3946000000.0,3816750000.0,0.0,190000000.0,0.0,190000000.0,14089000000.0,10984000000.0,3105000000.0,7744025522.0,207000000.0,-4000000.0,69000000.0,-92000000.0,-201000000.0,-242000000.0,-127000000.0,-7000000.0,576000000.0,-2000000.0,334000000.0,334000000.0,334000000.0,0.0,11000000.0,0.089,3057000000.0,689000000.0,0.0,0.621,3.169,23.186,23.186,496000000.0,0.0,114.702,2.067,2.067,1175000000.0,1664000000.0,3746000000.0,3746000000.0,0.0,0.021,0.146,0.165,0.168,46000000.0,2255000000.0,1.0,67514310.0,67514310,,55.485,13321000000.0,21000000.0,167000000.0,204000000.0,197.306,1088000000.0
29,WLTW,MRT,2014-03-31,2014-03-31,2014-03-31,2021-08-04,-685000000.0,15828000000.0,15472250000.0,11445000000.0,4383000000.0,0.239,36.135,-110000000.0,734000000.0,734000000.0,0.0,404000000.0,1.114,5.469,2322000000.0,15000000.0,2307000000.0,2322000000.0,371000000.0,145000000.0,0.0,0.026,3.02,656000000.0,801000000.0,0.216,801000000.0,656000000.0,529000000.0,5.848,5.688,5.848,2442000000.0,2164500000.0,2442000000.0,9430222987.0,14.0,11.773,417000000.0,6.17,1.0,3701000000.0,1.0,3174000000.0,127000000.0,3966000000.0,3783000000.0,0.0,196000000.0,0.0,196000000.0,13356000000.0,10276000000.0,3080000000.0,7900222987.0,203000000.0,-4000000.0,144000000.0,-144000000.0,-196000000.0,-204000000.0,-120000000.0,-6000000.0,527000000.0,0.0,392000000.0,392000000.0,392000000.0,0.0,12000000.0,0.106,2993000000.0,708000000.0,0.0,0.516,3.235,20.154,19.99,482000000.0,0.0,116.901,2.135,2.135,1185000000.0,1752000000.0,3701000000.0,3701000000.0,0.0,0.025,0.181,0.173,0.177,41000000.0,2209000000.0,1.0,67580652.0,67580652,,54.764,12654000000.0,22000000.0,137000000.0,167000000.0,187.243,1169000000.0
30,WLTW,MRT,2013-12-31,2013-12-31,2013-12-31,2021-08-04,-693000000.0,14800000000.0,15465750000.0,10461000000.0,4339000000.0,0.236,33.007,-107000000.0,796000000.0,796000000.0,0.0,377000000.0,1.104,5.669,2326000000.0,15000000.0,2311000000.0,2326000000.0,586000000.0,149000000.0,0.0,0.025,2.967,613000000.0,762000000.0,0.208,762000000.0,613000000.0,487000000.0,5.53,5.37,5.53,2215000000.0,2020250000.0,2215000000.0,9674818449.0,16.0,12.697,454000000.0,6.765,1.0,3655000000.0,1.0,3191000000.0,126000000.0,3665000000.0,3746500000.0,0.0,176000000.0,0.0,176000000.0,12557000000.0,9474000000.0,3083000000.0,7965818449.0,304000000.0,-10000000.0,155000000.0,-87000000.0,-193000000.0,-137000000.0,-120000000.0,-3000000.0,561000000.0,-8000000.0,365000000.0,365000000.0,365000000.0,0.0,12000000.0,0.1,2992000000.0,663000000.0,0.0,0.537,3.596,21.824,21.465,481000000.0,0.0,118.702,2.179,2.179,1041000000.0,1595000000.0,3655000000.0,3655000000.0,0.0,0.024,0.181,0.164,0.168,40000000.0,2207000000.0,1.0,67107710.0,67107710,,54.465,11609000000.0,22000000.0,122000000.0,102000000.0,172.991,987000000.0
31,WLTW,MRT,2013-09-30,2013-09-30,2013-09-30,2021-08-04,-808000000.0,15323000000.0,15543750000.0,11014000000.0,4309000000.0,0.232,30.426,-112000000.0,623000000.0,623000000.0,0.0,-498000000.0,1.087,6.559,2332000000.0,17000000.0,2315000000.0,2332000000.0,489000000.0,145000000.0,0.0,0.026,2.94,-309000000.0,-164000000.0,-0.045,-164000000.0,-309000000.0,-433000000.0,-7.762,-7.762,-7.762,2024000000.0,1891250000.0,2024000000.0,9475522647.0,-31.0,-57.778,469000000.0,7.05,1.0,3607000000.0,1.0,3207000000.0,124000000.0,3690000000.0,3720000000.0,0.0,184000000.0,0.0,184000000.0,13276000000.0,10135000000.0,3141000000.0,7635522647.0,204000000.0,-59000000.0,117000000.0,-104000000.0,-190000000.0,-199000000.0,-178000000.0,-7000000.0,581000000.0,-5000000.0,-508000000.0,-508000000.0,-508000000.0,1000000.0,10000000.0,-0.141,3881000000.0,-274000000.0,0.0,-0.379,3.772,-15.031,-14.788,472000000.0,0.0,114.781,2.117,2.117,985000000.0,1577000000.0,3607000000.0,3607000000.0,0.0,-0.033,-0.269,-0.083,-0.086,38000000.0,2605000000.0,1.0,66522266.0,66522266,,54.222,12116000000.0,20000000.0,75000000.0,87000000.0,182.135,879000000.0
32,WLTW,MRT,2013-06-30,2013-06-30,2013-06-30,2021-08-04,-880000000.0,15938000000.0,15963750000.0,11674000000.0,4264000000.0,0.223,30.082,-118000000.0,503000000.0,503000000.0,0.0,-445000000.0,1.084,7.05,2343000000.0,17000000.0,2326000000.0,2343000000.0,414000000.0,145000000.0,0.0,0.027,2.914,-255000000.0,-110000000.0,-0.031,-110000000.0,-255000000.0,-381000000.0,-6.967,-6.967,-6.967,1977000000.0,2053750000.0,1977000000.0,8970587167.0,-35.0,-81.551,386000000.0,5.873,1.0,3566000000.0,1.0,3202000000.0,126000000.0,3811000000.0,3844750000.0,0.0,177000000.0,0.0,177000000.0,13938000000.0,10765000000.0,3173000000.0,7099587167.0,102000000.0,-58000000.0,48000000.0,-61000000.0,-187000000.0,-221000000.0,-181000000.0,-5000000.0,504000000.0,-6000000.0,-455000000.0,-455000000.0,-455000000.0,1000000.0,10000000.0,-0.128,3839000000.0,-273000000.0,0.0,-0.418,3.591,-15.603,-15.505,452000000.0,0.0,108.026,1.991,1.991,1044000000.0,1653000000.0,3566000000.0,3566000000.0,0.0,-0.029,-0.222,-0.066,-0.072,34000000.0,2566000000.0,1.0,65720798.0,65720798,,54.26,12736000000.0,25000000.0,74000000.0,84000000.0,193.789,909000000.0
33,WLTW,MRT,2013-03-31,2013-03-31,2013-03-31,2021-08-04,-886000000.0,15802000000.0,16381250000.0,11595000000.0,4207000000.0,0.215,28.45,-118000000.0,531000000.0,531000000.0,0.0,-442000000.0,1.087,7.458,2402000000.0,15000000.0,2387000000.0,2402000000.0,455000000.0,144000000.0,0.0,0.028,2.887,-244000000.0,-100000000.0,-0.028,-100000000.0,-244000000.0,-371000000.0,-6.914,-6.914,-6.914,1865000000.0,2231250000.0,1865000000.0,8710590931.0,-36.0,-87.106,384000000.0,5.858,1.0,3518000000.0,1.0,3182000000.0,127000000.0,3820000000.0,3960500000.0,0.0,183000000.0,0.0,183000000.0,13909000000.0,10671000000.0,3238000000.0,6857590931.0,73000000.0,-32000000.0,-20000000.0,-46000000.0,-186000000.0,-273000000.0,-156000000.0,-6000000.0,502000000.0,-6000000.0,-452000000.0,-452000000.0,-452000000.0,0.0,10000000.0,-0.128,3779000000.0,-261000000.0,0.0,-0.418,3.677,-15.172,-15.13,447000000.0,0.0,104.609,1.949,1.949,1051000000.0,1599000000.0,3518000000.0,3518000000.0,0.0,-0.028,-0.203,-0.062,-0.069,33000000.0,2537000000.0,1.0,65554332.0,65554332,,53.665,12620000000.0,31000000.0,81000000.0,72000000.0,192.512,924000000.0
34,WLTW,MRT,2012-12-31,2012-12-31,2012-12-31,2021-08-04,-850000000.0,15112000000.0,16703500000.0,10898000000.0,4214000000.0,0.208,26.025,-132000000.0,500000000.0,500000000.0,0.0,-433000000.0,1.069,7.879,2353000000.0,15000000.0,2338000000.0,2353000000.0,541000000.0,138000000.0,0.0,0.032,2.861,-217000000.0,-79000000.0,-0.023,-79000000.0,-217000000.0,-345000000.0,-6.834,-6.834,-6.834,1699000000.0,2433750000.0,1699000000.0,7753526879.0,-36.0,-98.146,393000000.0,6.02,1.0,3480000000.0,1.0,3212000000.0,128000000.0,3559000000.0,4074000000.0,0.0,174000000.0,0.0,174000000.0,13387000000.0,10194000000.0,3193000000.0,5798526879.0,62000000.0,-33000000.0,-47000000.0,-14000000.0,-185000000.0,-291000000.0,-172000000.0,-7000000.0,525000000.0,2000000.0,-446000000.0,-446000000.0,-446000000.0,0.0,13000000.0,-0.128,3705000000.0,-225000000.0,0.0,-0.419,3.413,-13.001,-12.997,468000000.0,0.0,88.821,1.666,1.666,933000000.0,1427000000.0,3480000000.0,3480000000.0,0.0,-0.027,-0.183,-0.053,-0.062,30000000.0,2475000000.0,1.0,65283146.0,65283146,,53.306,11900000000.0,31000000.0,101000000.0,58000000.0,182.283,704000000.0
35,WLTW,MRT,2012-09-30,2012-09-30,2012-09-30,2021-08-04,-717000000.0,17003000000.0,16857500000.0,12116000000.0,4887000000.0,0.203,40.913,-127000000.0,424000000.0,424000000.0,0.0,397000000.0,1.093,5.35,2379000000.0,15000000.0,2364000000.0,2379000000.0,279000000.0,137000000.0,0.0,0.029,2.834,637000000.0,774000000.0,0.226,774000000.0,637000000.0,496000000.0,5.801,5.748,5.801,2674000000.0,2630500000.0,2674000000.0,8396185846.0,13.0,10.848,350000000.0,5.355,1.0,3428000000.0,1.0,3683000000.0,141000000.0,4189000000.0,4171750000.0,0.0,175000000.0,0.0,175000000.0,14305000000.0,11086000000.0,3219000000.0,6392185846.0,61000000.0,5000000.0,-45000000.0,-25000000.0,-183000000.0,-288000000.0,-128000000.0,-6000000.0,477000000.0,0.0,384000000.0,384000000.0,384000000.0,-2000000.0,13000000.0,0.112,2780000000.0,648000000.0,0.0,0.489,2.39,16.646,16.859,446000000.0,0.0,97.801,1.865,1.865,908000000.0,2278000000.0,3428000000.0,3428000000.0,0.0,0.023,0.146,0.153,0.186,30000000.0,2018000000.0,1.0,65358888.0,65358888,,52.449,13320000000.0,56000000.0,112000000.0,153000000.0,203.798,1030000000.0
36,WLTW,MRT,2012-06-30,2012-06-30,2012-06-30,2021-08-04,-744000000.0,17608000000.0,16760500000.0,12726000000.0,4882000000.0,0.205,41.016,-114000000.0,407000000.0,407000000.0,0.0,431000000.0,1.092,5.544,2411000000.0,14000000.0,2397000000.0,2411000000.0,276000000.0,137000000.0,0.0,0.029,2.808,669000000.0,806000000.0,0.235,806000000.0,669000000.0,522000000.0,6.331,6.252,6.331,2687000000.0,2634000000.0,2687000000.0,8320421653.0,12.0,10.323,357000000.0,5.449,1.0,3434000000.0,1.0,3689000000.0,147000000.0,4274000000.0,4148000000.0,0.0,177000000.0,0.0,177000000.0,14897000000.0,11649000000.0,3248000000.0,6332421653.0,103000000.0,4000000.0,-15000000.0,-20000000.0,-183000000.0,-253000000.0,-115000000.0,-5000000.0,471000000.0,-13000000.0,418000000.0,418000000.0,418000000.0,-2000000.0,13000000.0,0.122,2767000000.0,667000000.0,0.0,0.444,2.357,15.149,15.268,428000000.0,0.0,96.662,1.844,1.844,1022000000.0,2343000000.0,3434000000.0,3434000000.0,0.0,0.025,0.159,0.161,0.195,32000000.0,2005000000.0,1.0,65510802.0,65510802,,52.419,13919000000.0,45000000.0,104000000.0,138000000.0,212.469,1077000000.0
37,WLTW,MRT,2012-03-31,2012-03-31,2012-03-31,2021-08-04,-713000000.0,17091000000.0,16843750000.0,12217000000.0,4874000000.0,0.205,40.692,-113000000.0,464000000.0,464000000.0,0.0,410000000.0,1.102,5.378,2452000000.0,17000000.0,2435000000.0,2452000000.0,285000000.0,139000000.0,0.0,0.03,2.781,642000000.0,781000000.0,0.226,781000000.0,642000000.0,494000000.0,5.987,5.907,5.987,2675000000.0,2639000000.0,2675000000.0,8024416186.0,12.0,10.275,381000000.0,5.796,1.0,3453000000.0,1.0,3714000000.0,148000000.0,4274000000.0,4125500000.0,0.0,187000000.0,0.0,187000000.0,14387000000.0,11091000000.0,3296000000.0,6091416186.0,39000000.0,5000000.0,33000000.0,-154000000.0,-181000000.0,-341000000.0,-114000000.0,-6000000.0,494000000.0,-7000000.0,395000000.0,395000000.0,395000000.0,-2000000.0,15000000.0,0.114,2809000000.0,644000000.0,0.0,0.465,2.277,15.421,15.477,426000000.0,0.0,92.662,1.764,1.764,1009000000.0,2319000000.0,3453000000.0,3453000000.0,0.0,0.023,0.15,0.156,0.186,32000000.0,2010000000.0,1.0,65737839.0,65737839,,52.527,13377000000.0,75000000.0,99000000.0,134000000.0,203.49,1126000000.0
38,WLTW,MRT,2011-12-31,2011-12-31,2011-12-31,2021-08-04,-744000000.0,15728000000.0,16880500000.0,10987000000.0,4741000000.0,0.204,37.945,-98000000.0,436000000.0,436000000.0,0.0,220000000.0,1.099,5.314,2369000000.0,15000000.0,2354000000.0,2369000000.0,320000000.0,142000000.0,0.0,0.027,2.755,392000000.0,534000000.0,0.155,534000000.0,392000000.0,236000000.0,3.099,3.046,3.099,2486000000.0,2627750000.0,2486000000.0,8769844838.0,22.0,16.423,341000000.0,5.205,1.0,3447000000.0,1.0,3715000000.0,156000000.0,3950000000.0,4116000000.0,0.0,170000000.0,0.0,170000000.0,13211000000.0,9996000000.0,3215000000.0,6733844838.0,124000000.0,2000000.0,60000000.0,-77000000.0,-180000000.0,-214000000.0,-101000000.0,-5000000.0,439000000.0,-4000000.0,204000000.0,204000000.0,204000000.0,-1000000.0,16000000.0,0.059,2885000000.0,562000000.0,0.0,0.889,2.709,33.009,33.166,406000000.0,0.0,102.781,1.954,1.954,910000000.0,2160000000.0,3447000000.0,3447000000.0,0.0,0.012,0.078,0.095,0.114,36000000.0,2087000000.0,1.0,65516145.0,65516145,,52.613,12013000000.0,66000000.0,32000000.0,73000000.0,183.359,991000000.0
39,WLTW,MRT,2011-09-30,2011-09-30,2011-09-30,2021-08-04,-539000000.0,16615000000.0,16911000000.0,11700000000.0,4915000000.0,0.204,41.149,-81000000.0,363000000.0,363000000.0,0.0,294000000.0,1.081,5.17,2399000000.0,114000000.0,2285000000.0,2399000000.0,287000000.0,144000000.0,0.0,0.03,2.755,493000000.0,637000000.0,0.184,637000000.0,493000000.0,339000000.0,4.291,4.212,4.291,2688000000.0,2650500000.0,2688000000.0,8051410990.0,16.0,12.64,432000000.0,6.613,1.0,3456000000.0,1.0,3737000000.0,154000000.0,4094000000.0,4055000000.0,0.0,186000000.0,0.0,186000000.0,13898000000.0,10820000000.0,3078000000.0,5947410990.0,206000000.0,-4000000.0,56000000.0,-76000000.0,-180000000.0,-217000000.0,-90000000.0,-5000000.0,513000000.0,-2000000.0,277000000.0,277000000.0,277000000.0,0.0,17000000.0,0.08,2798000000.0,658000000.0,0.0,0.642,2.213,21.471,21.218,387000000.0,0.0,91.046,1.721,1.721,911000000.0,2180000000.0,3456000000.0,3456000000.0,0.0,0.016,0.105,0.122,0.143,39000000.0,2041000000.0,1.0,65322888.0,65322888,,52.906,12878000000.0,26000000.0,62000000.0,179000000.0,197.144,880000000.0
40,WLTW,MRT,2011-06-30,2011-06-30,2011-06-30,2021-08-04,-488000000.0,17941000000.0,16695250000.0,12981000000.0,4960000000.0,0.205,41.684,-74000000.0,317000000.0,317000000.0,0.0,299000000.0,1.074,5.616,2421000000.0,114000000.0,2307000000.0,2421000000.0,323000000.0,145000000.0,0.0,0.025,2.755,507000000.0,652000000.0,0.19,652000000.0,507000000.0,351000000.0,4.371,4.291,4.371,2707000000.0,2596000000.0,2707000000.0,9217161810.0,18.0,14.137,387000000.0,5.959,1.0,3429000000.0,1.0,3778000000.0,156000000.0,4184000000.0,6566750000.0,0.0,186000000.0,0.0,186000000.0,15202000000.0,12083000000.0,3119000000.0,7072161810.0,135000000.0,-10000000.0,61000000.0,-95000000.0,-177000000.0,-237000000.0,-89000000.0,-5000000.0,461000000.0,15000000.0,281000000.0,281000000.0,281000000.0,0.0,18000000.0,0.082,2755000000.0,674000000.0,0.0,0.63,2.613,25.168,24.914,391000000.0,0.0,108.901,2.062,2.062,1049000000.0,2165000000.0,3429000000.0,3429000000.0,0.0,0.017,0.108,0.077,0.148,41000000.0,2014000000.0,1.0,64941403.0,64941403,,52.801,14163000000.0,41000000.0,70000000.0,183000000.0,218.089,898000000.0
41,WLTW,MRT,2011-03-31,2011-03-31,2011-03-31,2021-08-04,-509000000.0,17238000000.0,16465000000.0,12304000000.0,4934000000.0,0.204,40.681,-64000000.0,432000000.0,432000000.0,0.0,301000000.0,1.083,5.54,2577000000.0,145000000.0,2432000000.0,2577000000.0,349000000.0,146000000.0,0.0,0.026,2.755,522000000.0,668000000.0,0.198,668000000.0,522000000.0,359000000.0,4.45,4.397,4.45,2630000000.0,2519500000.0,2630000000.0,8862958714.0,17.0,13.268,363000000.0,5.615,1.0,3367000000.0,1.0,3789000000.0,163000000.0,4236000000.0,9378000000.0,0.0,193000000.0,0.0,193000000.0,14569000000.0,11358000000.0,3211000000.0,6911958714.0,201000000.0,-11000000.0,44000000.0,19000000.0,-177000000.0,-149000000.0,-77000000.0,-2000000.0,427000000.0,9000000.0,285000000.0,285000000.0,285000000.0,1000000.0,16000000.0,0.085,2678000000.0,689000000.0,0.0,0.619,2.628,24.252,24.026,386000000.0,0.0,106.914,2.053,2.053,992000000.0,2125000000.0,3367000000.0,3367000000.0,0.0,0.017,0.113,0.056,0.155,45000000.0,1965000000.0,1.0,64649762.0,64649762,,52.081,13449000000.0,34000000.0,74000000.0,102000000.0,208.029,946000000.0
42,WLTW,MRT,2010-12-31,2010-12-31,2010-12-31,2021-08-04,-541000000.0,15850000000.0,16559250000.0,11100000000.0,4750000000.0,0.201,40.009,-73000000.0,316000000.0,316000000.0,0.0,470000000.0,1.077,5.139,2267000000.0,110000000.0,2157000000.0,2267000000.0,298000000.0,145000000.0,0.0,0.03,2.755,761000000.0,906000000.0,0.272,906000000.0,761000000.0,595000000.0,7.099,7.046,7.099,2577000000.0,2449250000.0,2577000000.0,8079718782.0,11.0,8.918,416000000.0,6.459,1.0,3332000000.0,1.0,3786000000.0,166000000.0,3706000000.0,12317250000.0,0.0,161000000.0,0.0,161000000.0,13242000000.0,10309000000.0,2933000000.0,5908718782.0,102000000.0,-20000000.0,36000000.0,-119000000.0,-176000000.0,-293000000.0,-94000000.0,-1000000.0,489000000.0,-7000000.0,455000000.0,455000000.0,455000000.0,0.0,15000000.0,0.137,2577000000.0,755000000.0,0.0,0.388,2.293,12.986,12.922,381000000.0,0.0,91.735,1.773,1.773,839000000.0,2136000000.0,3332000000.0,3332000000.0,0.0,0.027,0.186,0.062,0.228,45000000.0,1868000000.0,1.0,64410665.0,64410665,,51.731,12064000000.0,43000000.0,140000000.0,149000000.0,187.298,791000000.0
43,WLTW,MRT,2010-09-30,2010-09-30,2010-09-30,2021-08-04,-572000000.0,15752000000.0,16503000000.0,,,0.201,38.426,-67000000.0,141000000.0,141000000.0,0.0,453000000.0,,5.366,2312000000.0,,,2312000000.0,245000000.0,154000000.0,0.0,0.034,2.755,748000000.0,902000000.0,0.272,902000000.0,748000000.0,578000000.0,6.781,6.702,6.781,2470000000.0,2350000000.0,2470000000.0,7455908231.0,10.0,8.266,314000000.0,4.885,1.0,3318000000.0,1.0,3782000000.0,170000000.0,14141000000.0,12248500000.0,0.0,169000000.0,,,13254000000.0,,,5247908231.0,-66000000.0,134000000.0,29000000.0,-331000000.0,-176000000.0,-515000000.0,68000000.0,1000000.0,381000000.0,-7000000.0,436000000.0,436000000.0,436000000.0,-2000000.0,17000000.0,0.131,2583000000.0,735000000.0,9763000000.0,0.406,2.125,12.036,12.04,356000000.0,0.0,81.642,1.582,1.582,8632000000.0,2083000000.0,3318000000.0,3318000000.0,0.0,0.026,0.186,0.061,0.225,43000000.0,1854000000.0,1.0,64279213.0,64279213,,51.619,11970000000.0,53000000.0,142000000.0,75000000.0,186.219,
44,WLTW,MRT,2010-06-30,2010-06-30,2010-06-30,2021-08-04,-610000000.0,17020000000.0,16659000000.0,,,0.199,37.522,-88000000.0,139000000.0,139000000.0,0.0,469000000.0,,6.077,2347000000.0,,,2347000000.0,240000000.0,162000000.0,0.0,0.035,2.755,731000000.0,893000000.0,0.27,893000000.0,731000000.0,554000000.0,6.993,6.94,6.993,2401000000.0,2271250000.0,2401000000.0,7294763510.0,10.0,8.169,277000000.0,4.329,1.0,3310000000.0,1.0,3799000000.0,177000000.0,15429000000.0,12441000000.0,0.0,151000000.0,,,14591000000.0,,,5093763510.0,42000000.0,148000000.0,23000000.0,-179000000.0,-176000000.0,-383000000.0,60000000.0,0.0,365000000.0,-7000000.0,451000000.0,451000000.0,451000000.0,-3000000.0,18000000.0,0.136,2600000000.0,710000000.0,10975000000.0,0.394,2.122,11.294,11.383,346000000.0,0.0,79.603,1.539,1.539,9687000000.0,2063000000.0,3310000000.0,3310000000.0,0.0,0.027,0.199,0.059,0.221,47000000.0,1841000000.0,1.0,63989874.0,63989874,,51.727,13221000000.0,91000000.0,103000000.0,121000000.0,206.611,
45,WLTW,MRT,2010-03-31,2010-03-31,2010-03-31,2021-08-04,-594000000.0,17615000000.0,16870750000.0,,,0.195,36.857,-92000000.0,196000000.0,196000000.0,0.0,469000000.0,,6.478,2397000000.0,,,2397000000.0,248000000.0,162000000.0,0.0,0.033,2.755,727000000.0,889000000.0,0.27,889000000.0,727000000.0,548000000.0,6.993,6.94,6.993,2349000000.0,2199500000.0,2349000000.0,7465680656.0,10.0,8.398,312000000.0,4.895,1.0,3295000000.0,1.0,3823000000.0,179000000.0,15993000000.0,12672750000.0,0.0,172000000.0,,,15216000000.0,,,5282680656.0,38000000.0,184000000.0,27000000.0,-275000000.0,-175000000.0,-475000000.0,109000000.0,17000000.0,404000000.0,5000000.0,449000000.0,449000000.0,449000000.0,-3000000.0,20000000.0,0.136,2591000000.0,704000000.0,11494000000.0,0.394,2.249,11.765,11.853,352000000.0,0.0,82.887,1.603,1.603,10528000000.0,2019000000.0,3295000000.0,3295000000.0,0.0,0.027,0.204,0.057,0.221,46000000.0,1828000000.0,1.0,63733204.0,63733204,,51.7,13792000000.0,88000000.0,99000000.0,109000000.0,216.402,
46,WLTW,MRT,2009-12-31,2009-12-31,2009-12-31,2021-08-04,-594000000.0,15625000000.0,16742750000.0,10975000000.0,4650000000.0,0.194,34.305,-76000000.0,221000000.0,221000000.0,0.0,459000000.0,1.045,6.145,2374000000.0,209000000.0,2165000000.0,2374000000.0,301000000.0,164000000.0,0.0,0.039,2.755,706000000.0,870000000.0,0.267,870000000.0,706000000.0,532000000.0,6.834,6.808,6.834,2180000000.0,2119000000.0,2180000000.0,6843786962.0,10.0,7.866,343000000.0,5.397,1.0,3253000000.0,1.0,3849000000.0,174000000.0,3431000000.0,12596000000.0,0.0,156000000.0,0.0,156000000.0,13396000000.0,10498000000.0,2898000000.0,4440786962.0,5000000.0,157000000.0,18000000.0,-311000000.0,-174000000.0,-516000000.0,102000000.0,21000000.0,419000000.0,11000000.0,438000000.0,438000000.0,438000000.0,-4000000.0,21000000.0,0.135,2576000000.0,677000000.0,0.0,0.403,2.037,10.139,10.225,352000000.0,0.0,69.881,1.365,1.365,816000000.0,1859000000.0,3253000000.0,3253000000.0,0.0,0.026,0.207,0.056,0.217,38000000.0,1822000000.0,1.0,63548032.0,63548032,,51.19,11776000000.0,84000000.0,94000000.0,77000000.0,185.309,477000000.0
47,WLTW,MRT,2009-09-30,2009-09-30,2009-09-30,2021-08-04,-567000000.0,16376000000.0,16937000000.0,,,0.191,33.957,-87000000.0,203000000.0,203000000.0,0.0,443000000.0,,6.578,2606000000.0,,,2606000000.0,305000000.0,156000000.0,0.0,0.037,2.755,672000000.0,828000000.0,0.256,828000000.0,672000000.0,508000000.0,6.543,6.543,6.543,2155000000.0,2035250000.0,2155000000.0,7137166498.0,11.0,8.62,330000000.0,5.2,1.0,3231000000.0,1.0,3868000000.0,164000000.0,14911000000.0,15468000000.0,0.0,308000000.0,,,14175000000.0,,,4744166498.0,81000000.0,-927000000.0,22000000.0,842000000.0,-167000000.0,646000000.0,-982000000.0,32000000.0,417000000.0,-5000000.0,421000000.0,421000000.0,421000000.0,-3000000.0,22000000.0,0.13,2578000000.0,653000000.0,10152000000.0,0.421,2.201,11.269,11.425,353000000.0,0.0,74.755,1.468,1.468,8980000000.0,1823000000.0,3231000000.0,3231000000.0,0.0,0.025,0.207,0.043,0.208,39000000.0,1812000000.0,1.0,63462893.0,63462893,,50.912,12508000000.0,27000000.0,87000000.0,27000000.0,197.092,
48,WLTW,MRT,2009-06-30,2009-06-30,2009-06-30,2021-08-04,-576000000.0,17867000000.0,16583250000.0,,,0.186,33.458,-55000000.0,103000000.0,103000000.0,0.0,400000000.0,,7.431,2496000000.0,,,2496000000.0,331000000.0,132000000.0,0.0,0.04,2.755,645000000.0,777000000.0,0.252,777000000.0,645000000.0,496000000.0,5.987,5.987,5.987,2114000000.0,1847500000.0,2114000000.0,6813485008.0,11.0,8.769,364000000.0,5.761,1.0,3085000000.0,1.0,3904000000.0,149000000.0,16356000000.0,15351750000.0,0.0,295000000.0,,,15709000000.0,,,4306485008.0,-51000000.0,-928000000.0,23000000.0,646000000.0,-161000000.0,480000000.0,-950000000.0,33000000.0,419000000.0,-22000000.0,378000000.0,378000000.0,378000000.0,-2000000.0,22000000.0,0.123,2444000000.0,641000000.0,11599000000.0,0.46,2.037,11.393,11.384,336000000.0,0.0,68.159,1.396,1.396,10382000000.0,1787000000.0,3085000000.0,3085000000.0,0.0,0.023,0.205,0.042,0.209,31000000.0,1722000000.0,1.0,63182981.0,63182981,,48.826,13963000000.0,61000000.0,118000000.0,102000000.0,220.993,
49,WLTW,MRT,2009-03-31,2009-03-31,2009-03-31,2021-08-04,-606000000.0,17103000000.0,16172000000.0,,,0.183,32.153,-56000000.0,147000000.0,147000000.0,0.0,350000000.0,,7.411,2654000000.0,,,2654000000.0,333000000.0,112000000.0,0.0,0.047,2.755,556000000.0,668000000.0,0.226,668000000.0,556000000.0,429000000.0,5.351,5.325,5.351,2027000000.0,1679500000.0,2027000000.0,6144715048.0,11.0,9.199,271000000.0,4.299,1.0,2962000000.0,1.0,3924000000.0,127000000.0,15686000000.0,15197250000.0,0.0,310000000.0,,,15023000000.0,,,3670715048.0,16000000.0,-966000000.0,16000000.0,849000000.0,-153000000.0,695000000.0,-1006000000.0,16000000.0,327000000.0,-32000000.0,330000000.0,330000000.0,330000000.0,-2000000.0,20000000.0,0.111,2411000000.0,551000000.0,10795000000.0,0.515,1.811,11.123,10.891,305000000.0,0.0,58.278,1.239,1.24,9688000000.0,1744000000.0,2962000000.0,2962000000.0,0.0,0.02,0.196,0.037,0.188,32000000.0,1707000000.0,1.0,62986133.0,63042000,63042000.0,46.985,13179000000.0,64000000.0,99000000.0,119000000.0,209.051,
50,WLTW,MRT,2008-12-31,2008-12-31,2008-12-31,2021-08-04,-630000000.0,16402000000.0,15702750000.0,,,0.18,33.023,-88000000.0,176000000.0,176000000.0,0.0,324000000.0,,7.863,2650000000.0,,,2650000000.0,471000000.0,90000000.0,0.0,0.042,2.755,505000000.0,595000000.0,0.21,595000000.0,505000000.0,400000000.0,5.404,5.404,5.404,1845000000.0,1532000000.0,1845000000.0,5352245093.0,11.0,8.995,165000000.0,2.953,1.0,2827000000.0,1.0,3957000000.0,105000000.0,14919000000.0,14955250000.0,0.0,293000000.0,,,14507000000.0,,,4138245093.0,28000000.0,-960000000.0,-60000000.0,1028000000.0,-146000000.0,808000000.0,-1033000000.0,15000000.0,253000000.0,-23000000.0,303000000.0,303000000.0,303000000.0,-1000000.0,21000000.0,0.107,2331000000.0,496000000.0,10314000000.0,0.51,2.243,13.658,12.196,312000000.0,0.0,65.907,1.464,1.303,9131000000.0,1593000000.0,2827000000.0,2827000000.0,0.0,0.019,0.198,0.034,0.179,34000000.0,1638000000.0,1.0,62788888.0,55870000,55870000.0,50.6,12445000000.0,76000000.0,97000000.0,39000000.0,222.749,
51,WLTW,MRT,2008-09-30,2008-09-30,2008-09-30,2021-08-04,-203000000.0,14961000000.0,14844500000.0,,,0.18,26.192,-107000000.0,156000000.0,156000000.0,0.0,366000000.0,,9.623,1370000000.0,,,1370000000.0,293000000.0,70000000.0,0.0,0.032,2.728,525000000.0,595000000.0,0.223,595000000.0,525000000.0,438000000.0,6.278,6.199,6.278,1404000000.0,1407500000.0,1404000000.0,5827017111.0,11.0,9.793,57000000.0,1.063,1.0,2674000000.0,1.0,1729000000.0,87000000.0,14446000000.0,14298750000.0,0.0,272000000.0,,,13511000000.0,,,4572017111.0,-47000000.0,2000000.0,-85000000.0,169000000.0,-145000000.0,-116000000.0,-95000000.0,10000000.0,164000000.0,-7000000.0,336000000.0,336000000.0,336000000.0,0.0,30000000.0,0.126,2167000000.0,507000000.0,11157000000.0,0.435,3.256,13.607,13.612,313000000.0,0.0,85.457,1.71,1.713,9937000000.0,1575000000.0,2674000000.0,2674000000.0,0.0,0.023,0.239,0.037,0.196,30000000.0,1557000000.0,1.0,53500820.0,53605000,53605000.0,49.883,13232000000.0,0.0,102000000.0,69000000.0,246.843,
52,WLTW,MRT,2008-06-30,2008-06-30,2008-06-30,2021-08-04,-148000000.0,16222000000.0,14452250000.0,,,0.185,27.092,-147000000.0,205000000.0,205000000.0,0.0,395000000.0,,10.213,1460000000.0,,,1460000000.0,331000000.0,66000000.0,0.0,0.033,2.702,551000000.0,617000000.0,0.231,617000000.0,551000000.0,479000000.0,6.861,6.755,6.861,1442000000.0,1380750000.0,1442000000.0,5650077894.0,10.0,9.157,72000000.0,1.353,1.0,2669000000.0,1.0,1739000000.0,72000000.0,15738000000.0,13851000000.0,0.0,284000000.0,,,14727000000.0,,,4430077894.0,54000000.0,-9000000.0,-80000000.0,258000000.0,-144000000.0,-20000000.0,-145000000.0,11000000.0,219000000.0,9000000.0,367000000.0,367000000.0,367000000.0,0.0,28000000.0,0.138,2141000000.0,528000000.0,12216000000.0,0.394,3.072,12.071,12.112,344000000.0,0.0,83.099,1.66,1.657,11013000000.0,1576000000.0,2669000000.0,2669000000.0,0.0,0.025,0.266,0.04,0.206,31000000.0,1550000000.0,1.0,53310628.0,53227000,53605000.0,50.144,14483000000.0,0.0,112000000.0,94000000.0,272.099,
53,WLTW,MRT,2008-03-31,2008-03-31,2008-03-31,2021-08-04,-133000000.0,15226000000.0,14151500000.0,,,0.186,26.807,-175000000.0,195000000.0,195000000.0,0.0,432000000.0,,9.555,1415000000.0,,,1415000000.0,291000000.0,66000000.0,0.0,0.03,2.675,612000000.0,678000000.0,0.257,678000000.0,612000000.0,542000000.0,7.576,7.47,7.576,1437000000.0,1327000000.0,1437000000.0,5864824480.0,10.0,8.65,30000000.0,0.56,1.0,2634000000.0,1.0,1728000000.0,70000000.0,14718000000.0,13503750000.0,0.0,298000000.0,,,13731000000.0,,,4814824480.0,-73000000.0,-72000000.0,-76000000.0,213000000.0,-143000000.0,-49000000.0,-229000000.0,18000000.0,205000000.0,15000000.0,406000000.0,406000000.0,406000000.0,0.0,26000000.0,0.154,2046000000.0,588000000.0,11280000000.0,0.353,3.351,11.859,11.752,345000000.0,0.0,89.033,1.828,1.812,10091000000.0,1574000000.0,2634000000.0,2634000000.0,0.0,0.029,0.306,0.045,0.232,27000000.0,1482000000.0,1.0,54079031.0,53605000,53983000.0,49.137,13498000000.0,0.0,136000000.0,95000000.0,251.805,
54,WLTW,MRT,2007-12-31,2007-12-31,2007-12-31,2021-08-04,-153000000.0,12969000000.0,14056500000.0,,,0.183,24.609,-158000000.0,200000000.0,200000000.0,0.0,426000000.0,,8.592,1250000000.0,,,1250000000.0,388000000.0,66000000.0,0.0,0.026,2.649,619000000.0,685000000.0,0.266,685000000.0,619000000.0,553000000.0,7.47,7.364,7.47,1347000000.0,1254500000.0,1347000000.0,6415945692.0,10.0,9.366,117000000.0,2.137,1.0,2578000000.0,1.0,1726000000.0,66000000.0,12293000000.0,13359750000.0,0.0,233000000.0,,,11574000000.0,,,5425945692.0,-99000000.0,-42000000.0,-455000000.0,443000000.0,-143000000.0,-193000000.0,-181000000.0,19000000.0,275000000.0,11000000.0,409000000.0,409000000.0,409000000.0,0.0,17000000.0,0.159,1974000000.0,604000000.0,9265000000.0,0.355,4.028,13.266,13.465,315000000.0,0.0,100.583,2.105,2.136,8241000000.0,1463000000.0,2578000000.0,2578000000.0,0.0,0.029,0.326,0.046,0.24,24000000.0,1448000000.0,1.0,53945075.0,54737000,55492000.0,47.098,11243000000.0,21000000.0,144000000.0,69000000.0,205.4,
55,WLTW,MRT,2007-09-30,2007-09-30,2007-09-30,2021-08-04,-152000000.0,13392000000.0,14158750000.0,,,0.181,24.026,13000000.0,210000000.0,210000000.0,0.0,462000000.0,,9.295,1200000000.0,,,1200000000.0,351000000.0,66000000.0,0.0,0.024,2.623,599000000.0,665000000.0,0.26,665000000.0,599000000.0,540000000.0,8.132,8.079,8.132,1297000000.0,1281250000.0,1297000000.0,6897222622.0,12.0,10.372,318000000.0,5.891,1.0,2560000000.0,1.0,1727000000.0,59000000.0,12655000000.0,13345000000.0,0.0,243000000.0,,,12055000000.0,,,5839222622.0,42000000.0,-102000000.0,-612000000.0,559000000.0,-144000000.0,-186000000.0,-77000000.0,12000000.0,305000000.0,14000000.0,462000000.0,462000000.0,462000000.0,0.0,0.0,0.18,1974000000.0,586000000.0,9811000000.0,0.323,4.502,12.639,13.336,279000000.0,0.0,108.45,2.281,2.287,8604000000.0,1404000000.0,2560000000.0,2560000000.0,0.0,0.033,0.361,0.045,0.234,18000000.0,1464000000.0,1.0,53842368.0,53983000,54737000.0,47.422,11665000000.0,45000000.0,78000000.0,103000000.0,216.087,
56,WLTW,MRT,2007-06-30,2007-06-30,2007-06-30,2021-08-04,-174000000.0,15019000000.0,14416250000.0,,,0.175,22.89,102000000.0,142000000.0,142000000.0,0.0,484000000.0,,11.207,1200000000.0,,,1200000000.0,321000000.0,67000000.0,0.0,0.022,2.596,604000000.0,671000000.0,0.265,671000000.0,604000000.0,553000000.0,8.397,8.344,8.397,1227000000.0,1327750000.0,1227000000.0,7199506222.0,12.0,10.73,234000000.0,4.365,1.0,2529000000.0,1.0,1728000000.0,51000000.0,14349000000.0,13506250000.0,0.0,231000000.0,,,13751000000.0,,,6252506222.0,-75000000.0,-136000000.0,-648000000.0,595000000.0,-145000000.0,-185000000.0,-22000000.0,12000000.0,132000000.0,7000000.0,484000000.0,484000000.0,484000000.0,0.0,0.0,0.191,2028000000.0,501000000.0,11522000000.0,0.309,5.096,12.918,13.9,238000000.0,0.0,116.715,2.472,2.474,10289000000.0,1373000000.0,2529000000.0,2529000000.0,0.0,0.034,0.365,0.045,0.239,15000000.0,1495000000.0,1.0,53570611.0,53605000,54737000.0,47.178,13291000000.0,64000000.0,69000000.0,129000000.0,247.943,
57,WLTW,MRT,2007-03-31,2007-03-31,2007-03-31,2021-08-04,-179000000.0,14846000000.0,14480000000.0,,,0.172,19.99,136000000.0,253000000.0,253000000.0,0.0,478000000.0,,11.9,1200000000.0,,,1200000000.0,317000000.0,65000000.0,0.0,0.025,2.57,588000000.0,653000000.0,0.262,653000000.0,588000000.0,547000000.0,8.159,8.106,8.159,1147000000.0,1380500000.0,1147000000.0,6576254964.0,11.0,10.071,348000000.0,6.065,1.0,2496000000.0,1.0,1651000000.0,41000000.0,14142000000.0,13436250000.0,0.0,249000000.0,,,13649000000.0,,,6064254964.0,85000000.0,-77000000.0,-652000000.0,595000000.0,-147000000.0,-191000000.0,64000000.0,5000000.0,212000000.0,10000000.0,478000000.0,478000000.0,478000000.0,0.0,0.0,0.192,2011000000.0,485000000.0,11447000000.0,0.315,5.287,12.687,12.851,181000000.0,0.0,104.848,2.43,2.41,10025000000.0,1331000000.0,2496000000.0,2496000000.0,0.0,0.033,0.346,0.044,0.236,11000000.0,1486000000.0,1.0,57838713.0,57380000,58135000.0,43.499,13195000000.0,76000000.0,69000000.0,113000000.0,229.958,
58,WLTW,MRT,2006-12-31,2006-12-31,2006-12-31,2021-08-04,-178000000.0,13378000000.0,14267750000.0,,,0.17,24.533,150000000.0,288000000.0,288000000.0,0.0,449000000.0,,8.172,800000000.0,,,800000000.0,430000000.0,63000000.0,0.0,0.024,2.543,550000000.0,613000000.0,0.252,613000000.0,550000000.0,512000000.0,7.576,7.523,7.576,1454000000.0,1436500000.0,1454000000.0,6723143560.0,12.0,10.968,297000000.0,5.011,1.0,2428000000.0,1.0,1656000000.0,38000000.0,12234000000.0,13108750000.0,0.0,231000000.0,,,11882000000.0,,,6242143560.0,85000000.0,-93000000.0,-195000000.0,200000000.0,-145000000.0,-129000000.0,67000000.0,10000000.0,147000000.0,10000000.0,449000000.0,449000000.0,449000000.0,0.0,0.0,0.185,1974000000.0,454000000.0,10062000000.0,0.336,4.293,13.902,13.885,167000000.0,0.0,105.192,2.571,2.568,8756000000.0,1250000000.0,2428000000.0,2428000000.0,0.0,0.031,0.313,0.042,0.227,7000000.0,1457000000.0,1.0,59340448.0,59267000,59645000.0,40.967,11722000000.0,72000000.0,63000000.0,54000000.0,197.783,
59,WLTW,MRT,2006-09-30,2006-09-30,2006-09-30,2021-08-04,-208000000.0,14422000000.0,13971750000.0,,,0.17,25.022,16000000.0,154000000.0,154000000.0,0.0,356000000.0,,8.708,635000000.0,,,635000000.0,333000000.0,60000000.0,0.0,0.025,2.49,521000000.0,581000000.0,0.245,581000000.0,521000000.0,485000000.0,6.013,5.907,6.013,1483000000.0,1387000000.0,1483000000.0,6377154410.0,12.0,10.976,202000000.0,3.408,1.0,2369000000.0,1.0,1603000000.0,36000000.0,13300000000.0,12804500000.0,0.0,230000000.0,,,12914000000.0,,,5987154410.0,-36000000.0,-85000000.0,-69000000.0,34000000.0,-142000000.0,-160000000.0,-62000000.0,9000000.0,186000000.0,5000000.0,356000000.0,356000000.0,356000000.0,0.0,0.0,0.15,1942000000.0,427000000.0,11056000000.0,0.414,4.037,16.818,16.741,158000000.0,0.0,100.662,2.527,2.518,9585000000.0,1138000000.0,2369000000.0,2369000000.0,0.0,0.025,0.257,0.041,0.22,3000000.0,1438000000.0,1.0,59477652.0,59267000,60023000.0,39.972,12819000000.0,187000000.0,129000000.0,206000000.0,216.292,
60,WLTW,MRT,2006-06-30,2006-06-30,2006-06-30,2021-08-04,-217000000.0,15274000000.0,13435750000.0,,,0.172,24.263,-39000000.0,210000000.0,210000000.0,0.0,312000000.0,,9.602,600000000.0,,,600000000.0,274000000.0,56000000.0,0.0,0.029,2.437,490000000.0,546000000.0,0.236,546000000.0,490000000.0,454000000.0,5.245,5.166,5.245,1438000000.0,1333250000.0,1438000000.0,5489476739.0,11.0,10.054,278000000.0,4.691,1.0,2313000000.0,1.0,1595000000.0,36000000.0,14069000000.0,12261500000.0,0.0,200000000.0,,,13807000000.0,,,5047476739.0,59000000.0,-56000000.0,-191000000.0,143000000.0,-140000000.0,-170000000.0,-88000000.0,9000000.0,317000000.0,-5000000.0,312000000.0,312000000.0,312000000.0,0.0,0.0,0.135,1825000000.0,488000000.0,12052000000.0,0.465,3.51,16.178,16.212,226000000.0,0.0,85.033,2.182,2.179,10721000000.0,1086000000.0,2313000000.0,2313000000.0,0.0,0.023,0.234,0.04,0.212,-1000000.0,1374000000.0,1.0,59358955.0,59267000,60023000.0,39.027,13679000000.0,185000000.0,142000000.0,211000000.0,230.803,
61,WLTW,MRT,2006-03-31,2006-03-31,2006-03-31,2021-08-04,-238000000.0,13997000000.0,12834250000.0,,,0.177,23.133,-29000000.0,158000000.0,158000000.0,0.0,354000000.0,,9.187,600000000.0,,,600000000.0,235000000.0,55000000.0,0.0,0.026,2.384,568000000.0,623000000.0,0.275,623000000.0,568000000.0,535000000.0,5.881,5.828,5.881,1371000000.0,1326500000.0,1371000000.0,5792341597.0,10.0,9.297,211000000.0,3.56,1.0,2269000000.0,1.0,1607000000.0,33000000.0,12832000000.0,11645500000.0,0.0,202000000.0,,,12595000000.0,,,5385341597.0,-33000000.0,47000000.0,-332000000.0,143000000.0,-138000000.0,-303000000.0,30000000.0,14000000.0,240000000.0,-9000000.0,354000000.0,354000000.0,354000000.0,0.0,0.0,0.156,1779000000.0,490000000.0,10890000000.0,0.405,3.928,15.213,15.432,215000000.0,0.0,90.755,2.373,2.371,9653000000.0,1050000000.0,2269000000.0,2269000000.0,0.0,0.028,0.267,0.049,0.25,-7000000.0,1339000000.0,1.0,59339359.0,59267000,60023000.0,38.284,12390000000.0,174000000.0,181000000.0,195000000.0,209.054,
62,WLTW,MRT,2005-12-31,2005-12-31,2005-12-31,2021-08-04,-239000000.0,12194000000.0,12719000000.0,,,0.178,20.665,-26000000.0,193000000.0,193000000.0,0.0,281000000.0,,8.689,600000000.0,,,600000000.0,367000000.0,54000000.0,0.0,0.024,2.331,454000000.0,508000000.0,0.224,508000000.0,454000000.0,424000000.0,4.636,4.556,4.636,1256000000.0,1354750000.0,1256000000.0,6229403837.0,14.0,12.263,69000000.0,1.135,1.0,2267000000.0,1.0,1584000000.0,30000000.0,11017000000.0,11491250000.0,0.0,194000000.0,,,10913000000.0,,,5814403837.0,-143000000.0,55000000.0,-323000000.0,143000000.0,-135000000.0,-270000000.0,32000000.0,5000000.0,95000000.0,-15000000.0,281000000.0,281000000.0,281000000.0,0.0,0.0,0.124,1894000000.0,373000000.0,9148000000.0,0.503,4.629,20.692,21.107,212000000.0,0.0,97.854,2.565,2.623,8026000000.0,948000000.0,2267000000.0,2267000000.0,0.0,0.022,0.207,0.04,0.2,-27000000.0,1384000000.0,1.0,59418989.0,60778000,61532000.0,37.3,10610000000.0,174000000.0,143000000.0,153000000.0,174.57,
63,WLTW,MRT,2005-09-30,2005-09-30,2005-09-30,2021-08-04,-253000000.0,12278000000.0,12583750000.0,,,0.182,20.993,-27000000.0,185000000.0,185000000.0,0.0,309000000.0,,8.665,600000000.0,,,600000000.0,288000000.0,52000000.0,0.0,0.023,2.252,494000000.0,546000000.0,0.238,546000000.0,494000000.0,466000000.0,5.113,5.086,5.113,1268000000.0,1396750000.0,1268000000.0,6329286045.0,13.0,11.592,-2000000.0,-0.033,1.0,2293000000.0,1.0,1565000000.0,28000000.0,11128000000.0,11287250000.0,0.0,201000000.0,,,10987000000.0,,,6035286045.0,-86000000.0,6000000.0,-274000000.0,144000000.0,-131000000.0,-95000000.0,-16000000.0,2000000.0,25000000.0,1000000.0,309000000.0,309000000.0,309000000.0,0.0,0.0,0.135,1891000000.0,402000000.0,9230000000.0,0.44,4.76,19.532,19.454,217000000.0,0.0,99.47,2.632,2.62,7967000000.0,810000000.0,2293000000.0,2293000000.0,0.0,0.025,0.221,0.044,0.215,-133000000.0,1375000000.0,1.0,60674314.0,60400000,61155000.0,37.964,10713000000.0,194000000.0,157000000.0,186000000.0,177.368,
64,WLTW,MRT,2005-06-30,2005-06-30,2005-06-30,2021-08-04,-243000000.0,12868000000.0,12423000000.0,,,0.185,22.931,-29000000.0,156000000.0,156000000.0,0.0,339000000.0,,8.104,450000000.0,,,450000000.0,250000000.0,51000000.0,0.0,0.025,2.172,536000000.0,587000000.0,0.256,587000000.0,536000000.0,511000000.0,5.642,5.536,5.642,1411000000.0,1412750000.0,1411000000.0,5643464742.0,11.0,9.614,-54000000.0,-0.878,1.0,2296000000.0,1.0,1557000000.0,25000000.0,11605000000.0,11100250000.0,0.0,199000000.0,,,11435000000.0,,,5393464742.0,-239000000.0,3000000.0,-227000000.0,0.0,-125000000.0,-190000000.0,-24000000.0,-1000000.0,-25000000.0,12000000.0,339000000.0,339000000.0,339000000.0,0.0,0.0,0.148,1851000000.0,445000000.0,9807000000.0,0.385,3.822,15.91,15.363,223000000.0,0.0,86.675,2.349,2.323,8526000000.0,795000000.0,2296000000.0,2296000000.0,0.0,0.027,0.24,0.048,0.233,-133000000.0,1332000000.0,1.0,62225946.0,61532000,61910000.0,37.314,11311000000.0,191000000.0,172000000.0,195000000.0,183.823,
65,WLTW,MRT,2005-03-31,2005-03-31,2005-03-31,2021-08-04,-222000000.0,13536000000.0,12376250000.0,,,0.184,24.118,-34000000.0,200000000.0,200000000.0,0.0,321000000.0,,8.106,450000000.0,,,450000000.0,254000000.0,48000000.0,0.0,0.021,2.093,493000000.0,541000000.0,0.237,541000000.0,493000000.0,470000000.0,5.404,5.192,5.404,1484000000.0,1403750000.0,1484000000.0,6153257781.0,12.0,11.374,33000000.0,0.536,1.0,2279000000.0,1.0,1571000000.0,23000000.0,12215000000.0,11028500000.0,0.0,217000000.0,,,12029000000.0,,,6054257781.0,-18000000.0,-101000000.0,-129000000.0,150000000.0,-120000000.0,55000000.0,-140000000.0,-8000000.0,67000000.0,7000000.0,321000000.0,321000000.0,321000000.0,0.0,0.0,0.141,1807000000.0,472000000.0,10365000000.0,0.387,4.08,18.861,18.073,243000000.0,0.0,97.669,2.657,2.637,9018000000.0,710000000.0,2279000000.0,2279000000.0,0.0,0.026,0.229,0.045,0.216,-132000000.0,1291000000.0,1.0,61987586.0,61532000,62288000.0,37.038,11965000000.0,195000000.0,149000000.0,145000000.0,194.452,
66,WLTW,MRT,2004-12-31,2004-12-31,2004-12-31,2021-08-04,-212000000.0,11653000000.0,12209000000.0,,,0.186,24.027,-38000000.0,351000000.0,351000000.0,0.0,402000000.0,,7.169,450000000.0,,,450000000.0,351000000.0,47000000.0,0.0,0.018,2.013,621000000.0,668000000.0,0.294,668000000.0,621000000.0,599000000.0,6.781,6.411,6.781,1424000000.0,1370000000.0,1424000000.0,6598370846.0,11.0,9.878,322000000.0,5.433,1.0,2275000000.0,1.0,1551000000.0,22000000.0,10201000000.0,10859750000.0,0.0,206000000.0,,,10209000000.0,,,6418370846.0,-26000000.0,-137000000.0,-281000000.0,63000000.0,-115000000.0,-203000000.0,-183000000.0,-11000000.0,360000000.0,13000000.0,402000000.0,402000000.0,402000000.0,0.0,0.0,0.177,1656000000.0,619000000.0,8562000000.0,0.297,4.507,15.966,16.083,249000000.0,0.0,109.06,2.821,2.841,7316000000.0,675000000.0,2275000000.0,2275000000.0,0.0,0.033,0.293,0.057,0.273,-110000000.0,1218000000.0,1.0,58851955.0,59267000,62665000.0,38.386,10102000000.0,203000000.0,197000000.0,147000000.0,170.449,
67,WLTW,MRT,2004-09-30,2004-09-30,2004-09-30,2021-08-04,-136000000.0,11635000000.0,12035250000.0,,,0.188,22.475,-47000000.0,270000000.0,270000000.0,0.0,437000000.0,,7.721,450000000.0,,,450000000.0,242000000.0,46000000.0,0.0,0.02,1.934,677000000.0,723000000.0,0.319,723000000.0,677000000.0,649000000.0,7.391,6.861,7.391,1332000000.0,1345000000.0,1332000000.0,5988830354.0,9.0,8.283,442000000.0,7.458,1.0,2264000000.0,1.0,1435000000.0,28000000.0,10380000000.0,10714250000.0,0.0,195000000.0,,,10285000000.0,,,5921830354.0,-18000000.0,-75000000.0,-262000000.0,-15000000.0,-110000000.0,-387000000.0,-120000000.0,2000000.0,489000000.0,8000000.0,437000000.0,437000000.0,437000000.0,0.0,0.0,0.193,1582000000.0,682000000.0,8822000000.0,0.262,4.446,13.551,13.405,236000000.0,0.0,99.073,2.616,2.594,7590000000.0,597000000.0,2264000000.0,2264000000.0,0.0,0.036,0.325,0.063,0.299,3000000.0,993000000.0,1.0,59772486.0,59267000,63042000.0,38.2,10200000000.0,135000000.0,212000000.0,161000000.0,172.103,
68,WLTW,MRT,2004-06-30,2004-06-30,2004-06-30,2021-08-04,-133000000.0,12681000000.0,11983500000.0,,,0.186,23.053,-50000000.0,383000000.0,383000000.0,0.0,461000000.0,,8.209,450000000.0,,,450000000.0,227000000.0,43000000.0,0.0,0.019,1.854,673000000.0,716000000.0,0.322,716000000.0,673000000.0,639000000.0,7.841,7.232,7.841,1375000000.0,1299250000.0,1375000000.0,6022979913.0,9.0,8.412,480000000.0,8.048,1.0,2226000000.0,1.0,1430000000.0,34000000.0,11318000000.0,10682500000.0,0.0,185000000.0,,,11288000000.0,,,5933979913.0,86000000.0,-70000000.0,-157000000.0,-58000000.0,-100000000.0,-315000000.0,-129000000.0,-9000000.0,530000000.0,11000000.0,461000000.0,461000000.0,461000000.0,0.0,0.0,0.207,1553000000.0,673000000.0,9810000000.0,0.236,4.316,12.872,12.652,238000000.0,0.0,99.205,2.666,2.658,8474000000.0,552000000.0,2226000000.0,2226000000.0,0.0,0.038,0.355,0.063,0.302,7000000.0,1056000000.0,1.0,59815151.0,59645000,63797000.0,37.321,11251000000.0,135000000.0,178000000.0,197000000.0,188.633,
69,WLTW,MRT,2004-03-31,2004-03-31,2004-03-31,2021-08-04,-114000000.0,12867000000.0,11920500000.0,,,0.183,22.617,-58000000.0,211000000.0,211000000.0,0.0,445000000.0,,8.524,300000000.0,,,300000000.0,221000000.0,41000000.0,0.0,0.017,1.695,658000000.0,699000000.0,0.32,699000000.0,658000000.0,615000000.0,7.629,6.967,7.629,1349000000.0,1218500000.0,1349000000.0,5819430744.0,9.0,8.325,503000000.0,8.433,1.0,2186000000.0,1.0,1416000000.0,43000000.0,11540000000.0,10678750000.0,0.0,193000000.0,,,11499000000.0,,,5813430744.0,4000000.0,-77000000.0,-110000000.0,-217000000.0,-89000000.0,-416000000.0,-141000000.0,-6000000.0,561000000.0,18000000.0,445000000.0,445000000.0,445000000.0,0.0,0.0,0.204,1529000000.0,657000000.0,10142000000.0,0.222,4.309,13.064,12.917,242000000.0,0.0,98.543,2.659,2.689,8797000000.0,485000000.0,2186000000.0,2186000000.0,0.0,0.037,0.365,0.062,0.301,14000000.0,1127000000.0,1.0,58993820.0,59645000,64175000.0,36.65,11451000000.0,133000000.0,170000000.0,169000000.0,191.986,
70,WLTW,MRT,2003-12-31,2003-12-31,2003-12-31,2021-08-04,-126000000.0,10958000000.0,11713000000.0,,,0.177,23.074,-53000000.0,364000000.0,364000000.0,0.0,414000000.0,,7.262,370000000.0,,,370000000.0,327000000.0,39000000.0,0.0,0.017,1.536,626000000.0,665000000.0,0.32,665000000.0,626000000.0,573000000.0,7.205,6.49,7.205,1324000000.0,1123750000.0,1324000000.0,5427843460.0,9.0,8.162,440000000.0,7.668,1.0,2076000000.0,1.0,1345000000.0,53000000.0,9619000000.0,10552000000.0,0.0,179000000.0,,,9615000000.0,,,5259843460.0,136000000.0,-76000000.0,39000000.0,-198000000.0,-63000000.0,-222000000.0,-135000000.0,-6000000.0,493000000.0,17000000.0,414000000.0,414000000.0,414000000.0,0.0,0.0,0.199,1467000000.0,609000000.0,8210000000.0,0.213,3.973,12.705,12.526,249000000.0,0.0,90.252,2.534,2.495,6980000000.0,367000000.0,2076000000.0,2076000000.0,0.0,0.035,0.368,0.059,0.302,20000000.0,1059000000.0,1.0,58279745.0,57380000,63797000.0,36.18,9613000000.0,141000000.0,159000000.0,137000000.0,167.532,
71,WLTW,MRT,2003-09-30,2003-09-30,2003-09-30,2021-08-04,-140000000.0,11428000000.0,11509750000.0,,,0.172,19.893,-52000000.0,280000000.0,280000000.0,0.0,414000000.0,,8.931,448000000.0,,,448000000.0,269000000.0,38000000.0,0.0,0.014,1.113,629000000.0,667000000.0,0.337,667000000.0,629000000.0,574000000.0,7.338,6.517,7.338,1149000000.0,1006250000.0,1149000000.0,4925586701.0,8.0,7.385,375000000.0,6.493,1.0,1982000000.0,1.0,1343000000.0,55000000.0,10253000000.0,10457000000.0,0.0,185000000.0,,,10262000000.0,,,4721586701.0,75000000.0,-60000000.0,24000000.0,-211000000.0,-38000000.0,-225000000.0,-127000000.0,-15000000.0,427000000.0,11000000.0,414000000.0,414000000.0,414000000.0,0.0,0.0,0.209,1381000000.0,601000000.0,8773000000.0,0.152,4.109,11.405,11.101,230000000.0,0.0,81.457,2.382,2.374,7536000000.0,275000000.0,1982000000.0,1982000000.0,0.0,0.036,0.411,0.06,0.317,-17000000.0,1360000000.0,1.0,57964194.0,57758000,63420000.0,34.316,10085000000.0,169000000.0,160000000.0,171000000.0,174.608,
72,WLTW,MRT,2003-06-30,2003-06-30,2003-06-30,2021-08-04,-129000000.0,12429000000.0,,,,,18.334,-52000000.0,286000000.0,286000000.0,0.0,346000000.0,,10.798,490000000.0,,,490000000.0,244000000.0,38000000.0,0.0,0.008,0.689,588000000.0,626000000.0,0.326,626000000.0,588000000.0,529000000.0,6.172,5.457,6.172,1052000000.0,,1052000000.0,4989457940.0,8.0,7.97,364000000.0,6.344,1.0,1920000000.0,1.0,1330000000.0,59000000.0,11303000000.0,,0.0,170000000.0,,,11359000000.0,,,4679457940.0,116000000.0,-61000000.0,22000000.0,-188000000.0,-19000000.0,-185000000.0,-115000000.0,-2000000.0,416000000.0,8000000.0,346000000.0,346000000.0,346000000.0,0.0,0.0,0.18,1355000000.0,565000000.0,9829000000.0,0.112,4.448,13.524,13.198,226000000.0,0.0,81.457,2.437,2.434,8556000000.0,201000000.0,1920000000.0,1920000000.0,0.0,,,,0.306,-3000000.0,1320000000.0,1.0,57447004.0,57380000,63797000.0,33.461,11099000000.0,151000000.0,183000000.0,203000000.0,193.43,
73,WLTW,MRT,2003-03-31,2003-03-31,2003-03-31,2021-08-04,-137000000.0,12037000000.0,,,,,17.245,-47000000.0,189000000.0,189000000.0,0.0,259000000.0,,11.389,499000000.0,,,499000000.0,197000000.0,37000000.0,0.0,0.005,0.344,481000000.0,518000000.0,0.282,518000000.0,481000000.0,418000000.0,4.636,4.079,4.636,970000000.0,,970000000.0,4538377350.0,9.0,8.761,303000000.0,5.387,1.0,1839000000.0,1.0,1314000000.0,63000000.0,11033000000.0,,0.0,175000000.0,,,11047000000.0,,,4182377350.0,-6000000.0,-52000000.0,15000000.0,-269000000.0,0.0,-254000000.0,-102000000.0,-3000000.0,350000000.0,12000000.0,259000000.0,259000000.0,259000000.0,0.0,0.0,0.141,1375000000.0,464000000.0,9609000000.0,0.074,4.312,16.148,15.828,212000000.0,0.0,73.377,2.274,2.244,8268000000.0,140000000.0,1839000000.0,1839000000.0,0.0,,,,0.262,70000000.0,1268000000.0,1.0,56998103.0,56248000,63797000.0,32.694,10723000000.0,153000000.0,159000000.0,189000000.0,190.638,
74,WLTW,MRT,2002-12-31,2002-12-31,2002-12-31,2021-08-04,-131000000.0,10145000000.0,9547000000.0,,,0.182,15.39,-44000000.0,211000000.0,211000000.0,0.0,210000000.0,,10.85,567000000.0,,,567000000.0,233000000.0,35000000.0,0.0,0.0,0.0,416000000.0,451000000.0,0.26,451000000.0,416000000.0,351000000.0,3.788,3.391,3.788,854000000.0,775000000.0,854000000.0,4891700324.0,12.0,10.846,299000000.0,5.388,1.0,1735000000.0,1.0,1262000000.0,65000000.0,9239000000.0,5202000000.0,0.0,162000000.0,,,9266000000.0,,,4232700324.0,75000000.0,2000000.0,3000000.0,-221000000.0,0.0,-218000000.0,-50000000.0,-8000000.0,343000000.0,8000000.0,210000000.0,210000000.0,210000000.0,0.0,0.0,0.121,1329000000.0,406000000.0,7725000000.0,0.0,4.956,20.156,20.049,213000000.0,0.0,75.947,2.44,2.429,6589000000.0,42000000.0,1735000000.0,1735000000.0,0.0,0.022,0.271,0.08,0.24,80000000.0,1214000000.0,1.0,55732277.0,55492000,61910000.0,31.266,8883000000.0,151000000.0,141000000.0,169000000.0,160.077,
75,WLTW,MRT,2002-09-30,2002-09-30,2002-09-30,2021-08-04,,,,,,,,,,,,,,,,,,,,,,0.0,0.0,,,,,,,,,,,,,5603301843.0,,,,,1.0,,,,,,,,,,,,,,4944301843.0,,,,,,,,,,,,,,,,,,,,,,,,,,88.715,,,,,,,,,,,,,,1.0,55732277.0,55492000,,,,,,,,
76,WLTW,MRT,2002-06-30,2002-06-30,2002-06-30,2021-08-04,,,,,,,,,,,,,,,,,,,,,,0.0,0.0,,,,,,,,,,,,,5517673445.0,,,,,1.0,,,,,,,,,,,,,,4858673445.0,,,,,,,,,,,,,,,,,,,,,,,,,,87.179,,,,,,,,,,,,,,1.0,55732277.0,55492000,,,,,,,,
77,WLTW,MRT,2002-03-31,2002-03-31,2002-03-31,2021-08-04,,,,,,,,,,,,,,,,,,,,,,0.0,0.0,,,,,,,,,,,,,4305588699.0,,,,,1.0,,,,,,,,,,,,,,3646588699.0,,,,,,,,,,,,,,,,,,,,,,,,,,65.43,,,,,,,,,,,,,,1.0,55732277.0,55492000,,,,,,,,
78,WLTW,MRT,2001-12-31,2001-12-31,2001-12-31,2021-08-04,5000000.0,8949000000.0,8269500000.0,7249000000.0,1700000000.0,0.172,13.557,-35000000.0,128000000.0,128000000.0,0.0,2000000.0,1.001,11.835,787000000.0,0.0,787000000.0,787000000.0,163000000.0,33000000.0,0.0,0.0,0.0,146000000.0,179000000.0,0.126,179000000.0,146000000.0,64000000.0,0.026,0.026,0.026,696000000.0,467000000.0,696000000.0,,,,186000000.0,3.623,1.0,1424000000.0,1.0,1201000000.0,82000000.0,1165000000.0,1394500000.0,0.0,177000000.0,42000000.0,135000000.0,8237000000.0,7242000000.0,995000000.0,3476808253.0,44000000.0,27000000.0,278000000.0,-172000000.0,0.0,-167000000.0,-10000000.0,-2000000.0,221000000.0,-4000000.0,2000000.0,2000000.0,2000000.0,0.0,0.0,0.001,1280000000.0,144000000.0,6799000000.0,0.0,4.995,1738.404,2399.389,185000000.0,0.0,62.384,2.442,2.249,5703000000.0,-165000000.0,1424000000.0,1424000000.0,0.0,0.0,0.004,0.105,0.103,158000000.0,1054000000.0,1.0,55732277.0,51340000,55870000.0,27.737,7748000000.0,75000000.0,62000000.0,75000000.0,150.915,7000000.0
79,WLTW,MRT,2000-12-31,2000-12-31,2000-12-31,2021-08-04,-5000000.0,7590000000.0,,5890000000.0,1700000000.0,,5.21,-23000000.0,88000000.0,88000000.0,0.0,9000000.0,1.001,29.668,1230000000.0,0.0,1230000000.0,1230000000.0,130000000.0,37000000.0,0.0,,0.0,131000000.0,168000000.0,0.129,168000000.0,131000000.0,42000000.0,0.185,0.185,0.185,238000000.0,,238000000.0,,,,56000000.0,1.226,1.0,1305000000.0,1.0,1225000000.0,89000000.0,1624000000.0,,0.0,175000000.0,41000000.0,134000000.0,7061000000.0,5883000000.0,1178000000.0,,15000000.0,-8000000.0,9000000.0,-32000000.0,0.0,-23000000.0,-41000000.0,-7000000.0,79000000.0,-7000000.0,9000000.0,9000000.0,9000000.0,0.0,0.0,0.007,1152000000.0,153000000.0,5484000000.0,0.0,,,,192000000.0,0.0,,,,4675000000.0,-167000000.0,1305000000.0,1305000000.0,0.0,,,,0.1,0.0,1062000000.0,1.0,,45678000,45678000.0,28.57,6365000000.0,59000000.0,33000000.0,43000000.0,139.345,7000000.0
80,WLTW,MRT,1999-12-31,1999-12-31,1999-12-31,2021-08-04,,,,,,,,-30000000.0,,,0.0,-132000000.0,,,,,,,,76000000.0,,,0.0,-36000000.0,40000000.0,0.032,40000000.0,-36000000.0,-125000000.0,-2.94,-2.94,-2.94,,,,,,,-11000000.0,-0.245,1.0,1244000000.0,1.0,,89000000.0,,,,,,,,,,,-32000000.0,-21000000.0,36000000.0,-61000000.0,0.0,-25000000.0,-26000000.0,24000000.0,19000000.0,-6000000.0,-132000000.0,-132000000.0,-132000000.0,0.0,0.0,-0.106,1266000000.0,-22000000.0,,0.0,,,,,0.0,,,,,,1244000000.0,1244000000.0,0.0,,,,-0.029,0.0,1136000000.0,1.0,,44922000,44922000.0,27.692,,,7000000.0,,,
