None,ticker,dimension,calendardate,datekey,reportperiod,lastupdated,accoci,assets,assetsavg,assetsc,assetsnc,assetturnover,bvps,capex,cashneq,cashnequsd,cor,consolinc,currentratio,de,debt,debtc,debtnc,debtusd,deferredrev,depamor,deposits,divyield,dps,ebit,ebitda,ebitdamargin,ebitdausd,ebitusd,ebt,eps,epsdil,epsusd,equity,equityavg,equityusd,ev,evebit,evebitda,fcf,fcfps,fxusd,gp,grossmargin,intangibles,intexp,invcap,invcapavg,inventory,investments,investmentsc,investmentsnc,liabilities,liabilitiesc,liabilitiesnc,marketcap,ncf,ncfbus,ncfcommon,ncfdebt,ncfdiv,ncff,ncfi,ncfinv,ncfo,ncfx,netinc,netinccmn,netinccmnusd,netincdis,netincnci,netmargin,opex,opinc,payables,payoutratio,pb,pe,pe1,ppnenet,prefdivis,price,ps,ps1,receivables,retearn,revenue,revenueusd,rnd,roa,roe,roic,ros,sbcomp,sgna,sharefactor,sharesbas,shareswa,shareswadil,sps,tangibles,taxassets,taxexp,taxliabilities,tbvps,workingcapital
0,ANTM,MRY,2020-12-31,2020-12-31,2020-12-31,2021-10-20,150000000.0,86615000000.0,85891000000.0,45751000000.0,40864000000.0,1.419,133.488,-1021000000.0,5741000000.0,5741000000.0,96998000000.0,4572000000.0,1.553,1.609,20035000000.0,700000000.0,19335000000.0,20035000000.0,1259000000.0,1154000000.0,0.0,0.012,3.8,7022000000.0,8176000000.0,0.067,8176000000.0,7022000000.0,6238000000.0,18.23,17.98,18.23,33199000000.0,33317000000.0,33199000000.0,96715466898.0,14.0,11.829,9667000000.0,38.869,1.0,24869000000.0,0.204,31096000000.0,784000000.0,40360000000.0,42039000000.0,0.0,29839000000.0,24992000000.0,4847000000.0,53416000000.0,29453000000.0,23963000000.0,79856466898.0,804000000.0,-1976000000.0,-2524000000.0,-298000000.0,-954000000.0,-2567000000.0,-7324000000.0,-3433000000.0,10688000000.0,7000000.0,4572000000.0,4572000000.0,4572000000.0,0.0,0.0,0.038,17811000000.0,7058000000.0,16852000000.0,0.208,2.405,17.466,17.613,3483000000.0,0.0,321.09,0.655,0.655,10958000000.0,23802000000.0,121867000000.0,121867000000.0,0.0,0.053,0.137,0.167,0.058,283000000.0,17450000000.0,1.0,248704310.0,248704310.0,,490.008,55519000000.0,0.0,1666000000.0,2019000000.0,223.233,16298000000.0
1,ANTM,MRY,2019-12-31,2019-12-31,2019-12-31,2021-10-20,-296000000.0,77453000000.0,76409000000.0,39033000000.0,38420000000.0,1.364,125.128,-1077000000.0,4937000000.0,4937000000.0,83778000000.0,4807000000.0,1.659,1.441,20085000000.0,2298000000.0,17787000000.0,20085000000.0,1017000000.0,1133000000.0,0.0,0.011,3.2,6731000000.0,7864000000.0,0.075,7864000000.0,6731000000.0,5985000000.0,18.81,18.47,18.81,31728000000.0,30962750000.0,31728000000.0,92623843405.0,14.0,11.778,4984000000.0,19.656,1.0,20435000000.0,0.196,29174000000.0,746000000.0,39895000000.0,39292250000.0,0.0,25448000000.0,20685000000.0,4763000000.0,45725000000.0,23532000000.0,22193000000.0,76583843405.0,1003000000.0,0.0,-1514000000.0,608000000.0,-818000000.0,-2266000000.0,-2792000000.0,-1919000000.0,6061000000.0,0.0,4807000000.0,4807000000.0,4807000000.0,0.0,0.0,0.046,13702000000.0,6733000000.0,13040000000.0,0.17,2.414,15.932,16.057,3133000000.0,0.0,302.03,0.735,0.735,10391000000.0,22573000000.0,104213000000.0,104213000000.0,0.0,0.063,0.155,0.171,0.065,294000000.0,13364000000.0,1.0,253563697.0,253563697.0,,410.993,48279000000.0,0.0,1178000000.0,2227000000.0,190.402,15501000000.0
2,ANTM,MRY,2018-12-31,2018-12-31,2018-12-31,2021-10-20,-986000000.0,71571000000.0,73420950000.0,34321000000.0,37250000000.0,1.254,110.349,-1208000000.0,3934000000.0,3934000000.0,71895000000.0,3750000000.0,1.563,1.508,19211000000.0,1994000000.0,17217000000.0,19211000000.0,902000000.0,1132000000.0,0.0,0.011,3.0,5821000000.0,6953000000.0,0.075,6953000000.0,5821000000.0,5068000000.0,14.53,14.19,14.53,28541000000.0,28343100000.0,28541000000.0,83086173410.0,14.0,11.95,2619000000.0,10.126,1.0,20210000000.0,0.219,29511000000.0,753000000.0,35372000000.0,35149450000.0,0.0,22452000000.0,18206000000.0,4246000000.0,43030000000.0,21965000000.0,21065000000.0,67927173410.0,325000000.0,-1760000000.0,-262000000.0,-1086000000.0,-776000000.0,-2241000000.0,-1259000000.0,1929000000.0,3827000000.0,-2000000.0,3750000000.0,3750000000.0,3750000000.0,0.0,0.0,0.041,14378000000.0,5832000000.0,13214000000.0,0.206,2.38,18.114,18.075,2735000000.0,0.0,262.63,0.737,0.737,9301000000.0,19988000000.0,92105000000.0,92105000000.0,0.0,0.051,0.132,0.166,0.063,226000000.0,14020000000.0,1.0,258642095.0,258642095.0,,356.11,42060000000.0,10000000.0,1318000000.0,1960000000.0,162.619,12356000000.0
3,ANTM,MRY,2017-12-31,2017-12-31,2017-12-31,2021-10-20,-101000000.0,70540000000.0,69007750000.0,36263000000.0,34277000000.0,1.305,103.221,-791000000.0,3609000000.0,3609000000.0,72236000000.0,3843000000.0,1.553,1.662,19932000000.0,2550000000.0,17382000000.0,19932000000.0,860000000.0,891000000.0,0.0,0.012,2.7,4703000000.0,5594000000.0,0.062,5594000000.0,4703000000.0,3964000000.0,14.7,14.35,14.7,26503000000.0,26243725000.0,26503000000.0,67907184830.0,14.0,12.139,3394000000.0,13.219,1.0,17804000000.0,0.198,27599000000.0,739000000.0,35908000000.0,31780800000.0,0.0,24931000000.0,20993000000.0,3938000000.0,44037000000.0,23356000000.0,20681000000.0,57773684830.0,-466000000.0,-2080000000.0,-1773000000.0,3724000000.0,-705000000.0,427000000.0,-5082000000.0,-1749000000.0,4185000000.0,4000000.0,3843000000.0,3843000000.0,3843000000.0,0.0,0.0,0.043,12819000000.0,4985000000.0,13583000000.0,0.184,2.18,15.033,15.307,2175000000.0,0.0,225.01,0.642,0.642,8452000000.0,18054000000.0,90040000000.0,90040000000.0,0.0,0.056,0.146,0.148,0.052,170000000.0,12650000000.0,1.0,256760521.0,256760521.0,,350.677,42941000000.0,342000000.0,121000000.0,1727000000.0,167.241,12907000000.0
4,ANTM,MRY,2016-12-31,2016-12-31,2016-12-31,2021-10-20,-267900000.0,65083100000.0,64351075000.0,34314900000.0,30768200000.0,1.319,95.281,-584000000.0,4075300000.0,4075300000.0,66834000000.0,2470000000.0,1.611,1.593,15726900000.0,1368400000.0,14358500000.0,15726900000.0,971900000.0,912000000.0,0.0,0.018,2.6,5278000000.0,6190000000.0,0.073,6190000000.0,5278000000.0,4555000000.0,9.39,9.21,9.39,25100400000.0,24406325000.0,25100400000.0,50938306883.0,10.0,8.229,2686000000.0,10.196,1.0,18029000000.0,0.212,25526100000.0,723000000.0,29914200000.0,30971175000.0,0.0,21443700000.0,18647400000.0,2796300000.0,39982700000.0,21294400000.0,18688300000.0,37874106883.0,1962000000.0,0.0,120000000.0,360000000.0,-684000000.0,-799000000.0,-514000000.0,319000000.0,3270000000.0,5000000.0,2470000000.0,2470000000.0,2470000000.0,0.0,0.0,0.029,12751000000.0,5278000000.0,13079900000.0,0.277,1.509,15.334,15.311,1977900000.0,0.0,143.77,0.446,0.446,8397400000.0,16560600000.0,84863000000.0,84863000000.0,0.0,0.038,0.101,0.17,0.062,111000000.0,12559000000.0,1.0,263435396.0,263435396.0,,322.14,39557000000.0,168700000.0,2085000000.0,2779900000.0,150.158,13020500000.0
5,ANTM,MRY,2015-12-31,2015-12-31,2015-12-31,2021-10-20,-292600000.0,61717800000.0,63465800000.0,30862100000.0,30855700000.0,1.247,88.268,-602900000.0,2113500000.0,2113500000.0,61116900000.0,2560000000.0,1.616,1.678,15864500000.0,540000000.0,15324500000.0,15864500000.0,1145500000.0,907900000.0,0.0,0.018,2.5,5284000000.0,6191900000.0,0.078,6191900000.0,5284000000.0,4631000000.0,9.73,9.38,9.73,23044100000.0,23419275000.0,23044100000.0,51115377932.0,10.0,8.255,3609000000.0,13.824,1.0,18039600000.0,0.228,25720200000.0,653000000.0,30656000000.0,32310925000.0,0.0,21011200000.0,18380900000.0,2630300000.0,38673700000.0,19092600000.0,19581100000.0,36403577932.0,-38200000.0,-638900000.0,-1329800000.0,-892300000.0,-656600000.0,-3093300000.0,-1151500000.0,426400000.0,4211900000.0,-5300000.0,2560000000.0,2560000000.0,2560000000.0,0.0,0.0,0.032,12764900000.0,5274700000.0,12262600000.0,0.257,1.58,14.22,14.331,2019800000.0,0.0,139.44,0.46,0.46,7024200000.0,14778500000.0,79156500000.0,79156500000.0,0.0,0.04,0.109,0.164,0.067,52400000.0,12534800000.0,1.0,261069836.0,261069836.0,,303.2,35997600000.0,316600000.0,2071000000.0,2630600000.0,137.885,11769500000.0
6,ANTM,MRY,2014-12-31,2014-12-31,2014-12-31,2021-10-20,171900000.0,61676300000.0,61930900000.0,31947800000.0,29728500000.0,1.193,89.839,-626600000.0,2151700000.0,2151700000.0,56854900000.0,2569700000.0,1.704,1.543,15043900000.0,1024300000.0,14019600000.0,15043900000.0,1078100000.0,851000000.0,0.0,0.014,1.752,4978400000.0,5829400000.0,0.079,5829400000.0,4978400000.0,4377700000.0,9.31,8.99,9.31,24251300000.0,24316875000.0,24251300000.0,47468933853.0,10.0,8.143,2742700000.0,10.16,1.0,17019200000.0,0.23,25040100000.0,600700000.0,30775700000.0,31208775000.0,0.0,21626000000.0,19394200000.0,2231800000.0,37425000000.0,18752700000.0,18672300000.0,33923533853.0,564800000.0,740000000.0,-2697500000.0,763700000.0,-480700000.0,-1822500000.0,-974900000.0,-269500000.0,3369300000.0,-7100000.0,2569700000.0,2569700000.0,2569700000.0,-9600000.0,0.0,0.035,11969300000.0,5049900000.0,12094500000.0,0.188,1.399,13.201,13.498,1944300000.0,0.0,125.67,0.459,0.459,6942500000.0,14014400000.0,73874100000.0,73874100000.0,0.0,0.041,0.106,0.16,0.067,122500000.0,11748400000.0,1.0,269941385.0,269941385.0,,273.667,36636200000.0,308900000.0,1808000000.0,2945600000.0,135.719,13195100000.0
7,ANTM,MRY,2013-12-31,2013-12-31,2013-12-31,2021-10-20,183200000.0,59574500000.0,59714725000.0,29745800000.0,29828700000.0,1.189,83.831,-607300000.0,1582100000.0,1582100000.0,56237100000.0,2489700000.0,1.819,1.406,14491600000.0,918000000.0,13573600000.0,14491600000.0,822700000.0,908800000.0,0.0,0.016,1.5,4298300000.0,5207100000.0,0.073,5207100000.0,4298300000.0,3695600000.0,8.34,8.2,8.34,24765200000.0,24605950000.0,24765200000.0,39971989934.0,9.0,7.676,2445000000.0,8.276,1.0,14786400000.0,0.208,25358200000.0,602700000.0,30774300000.0,30449300000.0,0.0,20813800000.0,18790000000.0,2023800000.0,34809300000.0,16351500000.0,18457800000.0,27293589934.0,-897700000.0,0.0,-1095400000.0,-583700000.0,-448000000.0,-1717800000.0,-2234400000.0,-971800000.0,3052300000.0,2200000.0,2489700000.0,2489700000.0,2489700000.0,144600000.0,0.0,0.035,10198200000.0,4588200000.0,10618400000.0,0.18,1.102,10.963,11.078,1801500000.0,0.0,92.39,0.384,0.384,5032000000.0,13813900000.0,71023500000.0,71023500000.0,0.0,0.042,0.101,0.141,0.061,115900000.0,9952900000.0,1.0,295417144.0,295417144.0,,240.418,34216300000.0,618700000.0,1205900000.0,3325200000.0,115.824,13394300000.0
8,ANTM,MRY,2012-12-31,2012-12-31,2012-12-31,2021-10-20,299100000.0,58955400000.0,55451200000.0,29347500000.0,29607900000.0,1.109,78.387,-544500000.0,2475300000.0,2475300000.0,48213600000.0,2655500000.0,1.835,1.477,14977900000.0,807100000.0,14170800000.0,14977900000.0,896800000.0,740700000.0,0.0,0.019,1.152,4374600000.0,5115300000.0,0.083,5115300000.0,4374600000.0,3862800000.0,8.26,8.18,8.26,23802700000.0,23697850000.0,23802700000.0,29644490075.0,7.0,5.795,2200100000.0,7.245,1.0,13283600000.0,0.216,25555300000.0,511800000.0,29907700000.0,26750125000.0,0.0,19989300000.0,18140100000.0,1849200000.0,35152700000.0,15995000000.0,19157700000.0,18498690075.0,283000000.0,-4597000000.0,-2386000000.0,5121000000.0,-367100000.0,2088900000.0,-4551600000.0,582600000.0,2744600000.0,1100000.0,2655500000.0,2655500000.0,2655500000.0,-4500000.0,0.0,0.043,8913500000.0,4370100000.0,9907200000.0,0.139,0.777,6.966,7.375,1717300000.0,0.0,60.92,0.301,0.301,4615000000.0,12647100000.0,61497200000.0,61497200000.0,0.0,0.048,0.112,0.164,0.071,117700000.0,8680500000.0,1.0,303655451.0,303655451.0,,202.523,33400100000.0,464900000.0,1207300000.0,3222900000.0,109.993,13352500000.0
9,ANTM,MRY,2011-12-31,2011-12-31,2011-12-31,2021-10-20,114900000.0,52163200000.0,51627075000.0,27097400000.0,25065800000.0,1.176,66.947,-515800000.0,2201600000.0,2201600000.0,47647500000.0,2646700000.0,1.704,1.24,9840200000.0,1374500000.0,8465700000.0,9840200000.0,926500000.0,637200000.0,0.0,0.015,1.0,4388200000.0,5025400000.0,0.083,5025400000.0,4388200000.0,3957900000.0,7.35,7.25,7.35,23288200000.0,23791425000.0,23288200000.0,30533788799.0,7.0,6.076,2858600000.0,8.218,1.0,13063200000.0,0.215,21790400000.0,430300000.0,22112700000.0,22361725000.0,0.0,18494900000.0,17116000000.0,1378900000.0,28875000000.0,15898700000.0,12976300000.0,23045788799.0,412800000.0,-600000000.0,-2794800000.0,1120200000.0,-357800000.0,-2019200000.0,-942000000.0,383900000.0,3374400000.0,-400000.0,2646700000.0,2646700000.0,2646700000.0,0.0,0.0,0.044,8675000000.0,4388200000.0,9537300000.0,0.136,0.99,8.707,9.014,1418100000.0,0.0,66.25,0.38,0.38,4346800000.0,11490700000.0,60710700000.0,60710700000.0,0.0,0.051,0.111,0.196,0.072,92600000.0,8435600000.0,1.0,347860963.0,347860963.0,,174.526,30372800000.0,530600000.0,1311200000.0,2724000000.0,87.313,11198700000.0
10,ANTM,MRY,2010-12-31,2010-12-31,2010-12-31,2021-10-20,224600000.0,50166900000.0,50635050000.0,26140800000.0,24026100000.0,1.159,60.498,-450600000.0,1788800000.0,1788800000.0,44930400000.0,2887100000.0,1.866,1.107,8953700000.0,805900000.0,8147800000.0,8953700000.0,891400000.0,600800000.0,0.0,0.0,0.0,4772700000.0,5373500000.0,0.092,5373500000.0,4772700000.0,4353800000.0,7.03,6.94,7.03,23812600000.0,24121000000.0,23812600000.0,29158167614.0,6.0,5.426,966100000.0,2.454,1.0,13768100000.0,0.235,21261700000.0,418900000.0,22060600000.0,21164975000.0,0.0,18447400000.0,17326800000.0,1120600000.0,26354300000.0,14009500000.0,12344800000.0,22380667614.0,-3027300000.0,-300000.0,-4216700000.0,514400000.0,0.0,-3169300000.0,-1271500000.0,-148900000.0,1416700000.0,-3200000.0,2887100000.0,2887100000.0,2887100000.0,0.0,0.0,0.049,8995400000.0,4772700000.0,8729400000.0,0.0,0.94,7.752,8.088,1155500000.0,0.0,56.86,0.381,0.381,3920200000.0,10721600000.0,58698500000.0,58698500000.0,0.0,0.057,0.12,0.225,0.081,107900000.0,8732600000.0,1.0,393610053.0,393610053.0,,149.129,28905200000.0,493200000.0,1466700000.0,2586900000.0,73.436,12131300000.0
11,ANTM,MRY,2009-12-31,2009-12-31,2009-12-31,2021-10-20,68100000.0,52125400000.0,50095500000.0,28070700000.0,24054700000.0,1.296,54.246,-378000000.0,4816100000.0,4816100000.0,47541300000.0,4745900000.0,1.913,1.096,8399100000.0,60800000.0,8338300000.0,8399100000.0,1050000000.0,553500000.0,0.0,0.0,0.0,7850400000.0,8403900000.0,0.129,8403900000.0,7850400000.0,7403000000.0,9.96,9.88,9.96,24863300000.0,22872900000.0,24863300000.0,33736964966.0,4.0,4.014,2660900000.0,5.805,1.0,17398200000.0,0.268,21523900000.0,447400000.0,19510800000.0,19897975000.0,0.0,17772300000.0,16734100000.0,1038200000.0,27262100000.0,14673700000.0,12588400000.0,26716964966.0,2632200000.0,4606000000.0,-2511900000.0,-768100000.0,0.0,-3402800000.0,3002800000.0,-1276600000.0,3038900000.0,-6700000.0,4745900000.0,4745900000.0,4745900000.0,0.0,0.0,0.073,9547800000.0,7850400000.0,8878800000.0,0.0,1.075,5.629,5.852,1099600000.0,0.0,58.29,0.411,0.411,4160500000.0,9598500000.0,64939500000.0,64939500000.0,0.0,0.095,0.207,0.395,0.121,144000000.0,9019300000.0,1.0,458345599.0,458345599.0,,141.682,30601500000.0,523800000.0,2657100000.0,3699100000.0,66.765,13397000000.0
12,ANTM,MRY,2008-12-31,2008-12-31,2008-12-31,2021-10-20,-895700000.0,48403200000.0,50173350000.0,12130000000.0,36273200000.0,1.221,42.102,-332900000.0,2183900000.0,2183900000.0,48734200000.0,2490700000.0,0.808,1.258,8841600000.0,1007700000.0,7833900000.0,8841600000.0,1087700000.0,571700000.0,0.0,0.0,0.0,3592200000.0,4163900000.0,0.068,4163900000.0,3592200000.0,3122400000.0,4.79,4.76,4.79,21431700000.0,21465900000.0,21431700000.0,28390268934.0,8.0,6.818,2202500000.0,4.327,1.0,12516900000.0,0.204,22288500000.0,469800000.0,17752100000.0,19656125000.0,0.0,15218700000.0,2676400000.0,12542300000.0,26971500000.0,15020300000.0,11951200000.0,21445868934.0,-584000000.0,-192700000.0,-3155000000.0,-271500000.0,0.0,-3735600000.0,616200000.0,961700000.0,2535400000.0,0.0,2490700000.0,2490700000.0,2490700000.0,0.0,0.0,0.041,8924700000.0,3592200000.0,9576000000.0,0.0,1.001,8.61,8.795,1054500000.0,0.0,42.13,0.35,0.35,4416800000.0,5479400000.0,61251100000.0,61251100000.0,0.0,0.05,0.116,0.183,0.059,140000000.0,8497200000.0,1.0,509040326.0,509040326.0,,120.327,26114700000.0,938900000.0,631700000.0,2098900000.0,51.302,-2890300000.0
13,ANTM,MRY,2007-12-31,2007-12-31,2007-12-31,2021-10-20,156100000.0,52060000000.0,53160750000.0,13031800000.0,39028200000.0,1.151,40.24,-264700000.0,2767900000.0,2767900000.0,46469900000.0,3345400000.0,0.906,1.264,9043900000.0,20400000.0,9023500000.0,9043900000.0,1114600000.0,586200000.0,0.0,0.0,0.0,5705800000.0,6292000000.0,0.103,6292000000.0,5705800000.0,5257900000.0,5.64,5.56,5.64,22990400000.0,24198125000.0,22990400000.0,56001211769.0,10.0,8.9,4079900000.0,7.141,1.0,14698000000.0,0.24,22656200000.0,447900000.0,21291600000.0,20153075000.0,0.0,18481900000.0,3766600000.0,14715300000.0,29069600000.0,14388200000.0,14681400000.0,50122711769.0,165800000.0,-298500000.0,-5366900000.0,1854300000.0,0.0,-3409900000.0,-768900000.0,-151700000.0,4344600000.0,0.0,3345400000.0,3345400000.0,3345400000.0,0.0,0.0,0.055,8992200000.0,5705800000.0,9602300000.0,0.0,2.18,14.983,15.555,995900000.0,0.0,87.73,0.819,0.819,3866500000.0,4387600000.0,61167900000.0,61167900000.0,0.0,0.063,0.138,0.283,0.093,23800000.0,8701500000.0,1.0,571329212.0,571329212.0,,107.062,29403800000.0,560500000.0,1912500000.0,3004400000.0,51.466,-1356400000.0
14,ANTM,MRY,2006-12-31,2006-12-31,2006-12-31,2021-10-20,50100000.0,51574900000.0,51129150000.0,11621800000.0,39953100000.0,1.116,39.637,-187500000.0,2602100000.0,2602100000.0,42625200000.0,3094900000.0,0.768,1.099,7014200000.0,521000000.0,6493200000.0,7014200000.0,987900000.0,604900000.0,0.0,0.0,0.0,5317900000.0,5922800000.0,0.104,5922800000.0,5317900000.0,4914400000.0,4.93,4.82,4.93,24575800000.0,24017475000.0,24575800000.0,53903662641.0,10.0,9.101,3856700000.0,6.22,1.0,14433000000.0,0.253,22779700000.0,403500000.0,18068800000.0,18215850000.0,0.0,18210100000.0,2522700000.0,15687400000.0,26999100000.0,15138500000.0,11860600000.0,48789462641.0,-138100000.0,-25400000.0,-3990700000.0,614400000.0,0.0,-3725000000.0,-457300000.0,-277300000.0,4044200000.0,0.0,3094900000.0,3094900000.0,3094900000.0,0.0,0.0,0.054,9115100000.0,5317900000.0,9562000000.0,0.0,1.985,15.764,15.961,988600000.0,0.0,78.69,0.855,0.855,3508000000.0,4656100000.0,57058200000.0,57058200000.0,0.0,0.061,0.129,0.292,0.093,110400000.0,8817700000.0,1.0,620021129.0,620021129.0,,92.026,28795200000.0,642600000.0,1819500000.0,3888400000.0,46.442,-3516700000.0
15,ANTM,MRY,2005-12-31,2005-12-31,2005-12-31,2021-10-20,-20300000.0,51287200000.0,43830500000.0,11448500000.0,39838700000.0,1.018,40.56,-151600000.0,2740200000.0,2740200000.0,32986000000.0,2463800000.0,0.775,1.052,6805900000.0,481200000.0,6324700000.0,6805900000.0,1057100000.0,556600000.0,0.0,0.0,0.0,4116500000.0,4673100000.0,0.105,4673100000.0,4116500000.0,3890300000.0,4.03,3.94,4.03,24993100000.0,21695050000.0,24993100000.0,51381014437.0,12.0,10.995,2983900000.0,4.842,1.0,11628100000.0,0.261,23155500000.0,226200000.0,17419000000.0,14482750000.0,0.0,17595800000.0,2489800000.0,15106000000.0,26294100000.0,14778400000.0,11515700000.0,49166614437.0,1283000000.0,-2496900000.0,95900000.0,2474300000.0,0.0,3299100000.0,-5151600000.0,-1771700000.0,3135500000.0,0.0,2463800000.0,2463800000.0,2463800000.0,0.0,0.0,0.055,7511600000.0,4116500000.0,9285500000.0,0.0,1.967,19.956,19.799,1078600000.0,0.0,79.79,1.102,1.102,2960100000.0,4173500000.0,44614100000.0,44614100000.0,0.0,0.056,0.114,0.284,0.092,81200000.0,7272700000.0,1.0,616200206.0,616200206.0,,72.402,28131700000.0,689000000.0,1426500000.0,4100500000.0,45.654,-3329900000.0
16,ANTM,MRY,2004-12-31,2004-12-31,2004-12-31,2021-10-20,145800000.0,39738400000.0,20365825000.0,19357500000.0,20380900000.0,1.017,70.103,-127700000.0,1457200000.0,1457200000.0,15375600000.0,960100000.0,1.671,1.042,4450400000.0,160900000.0,4289500000.0,4450400000.0,1046600000.0,269100000.0,0.0,0.0,0.0,1585600000.0,1854700000.0,0.09,1854700000.0,1585600000.0,1443300000.0,3.15,3.05,3.15,19459000000.0,9794575000.0,19459000000.0,17089965705.0,11.0,9.214,950800000.0,3.425,1.0,5332300000.0,0.258,18229500000.0,142300000.0,12920900000.0,8244975000.0,0.0,14335000000.0,13586900000.0,748100000.0,20279400000.0,11581200000.0,8698200000.0,15960765705.0,992700000.0,-2239900000.0,298500000.0,1989600000.0,0.0,2046100000.0,-2131900000.0,-22000000.0,1078500000.0,0.0,960100000.0,960100000.0,960100000.0,0.0,0.0,0.046,3600600000.0,1731700000.0,7167000000.0,0.0,0.82,16.624,18.254,1045200000.0,0.0,57.5,0.771,0.771,2306400000.0,1960100000.0,20707900000.0,20707900000.0,0.0,0.047,0.098,0.192,0.077,10000000.0,3477700000.0,1.0,277578534.0,277578534.0,,74.602,21508900000.0,434000000.0,483200000.0,3015200000.0,77.488,7776300000.0
17,ANTM,MRY,2003-12-31,2003-12-31,2003-12-31,2021-10-20,138700000.0,13414600000.0,13008900000.0,8775100000.0,4639500000.0,1.29,21.695,-101300000.0,464500000.0,464500000.0,12293200000.0,774300000.0,1.838,1.236,1662800000.0,0.0,1662800000.0,1662800000.0,411100000.0,245000000.0,0.0,0.0,0.0,1343100000.0,1588100000.0,0.095,1588100000.0,1343100000.0,1211900000.0,2.8,2.73,2.8,5999900000.0,5765800000.0,5999900000.0,11753700950.0,9.0,7.401,1057700000.0,3.824,1.0,4488200000.0,0.267,3677100000.0,131200000.0,6160600000.0,6008375000.0,0.0,7013700000.0,6849000000.0,164700000.0,7414700000.0,4775200000.0,2639500000.0,10371100950.0,-230400000.0,-6600000.0,-160200000.0,-100000000.0,0.0,-260200000.0,-1129200000.0,-1021300000.0,1159000000.0,0.0,774300000.0,774300000.0,774300000.0,0.0,0.0,0.046,3145100000.0,1343100000.0,2742200000.0,0.0,1.729,13.394,13.393,510500000.0,0.0,37.5,0.618,0.618,1016000000.0,1154300000.0,16781400000.0,16781400000.0,0.0,0.06,0.134,0.224,0.08,0.0,3097500000.0,1.0,276562692.0,276562692.0,,60.678,9737500000.0,0.0,437600000.0,670300000.0,35.209,3999900000.0
18,ANTM,MRY,2002-12-31,2002-12-31,2002-12-31,2021-10-20,122700000.0,12439300000.0,9429725000.0,7876500000.0,4562800000.0,1.41,18.955,-109600000.0,744000000.0,744000000.0,9845900000.0,549100000.0,1.77,1.32,2017300000.0,357900000.0,1659400000.0,2017300000.0,326600000.0,157000000.0,0.0,0.0,0.0,901000000.0,1058000000.0,0.08,1058000000.0,901000000.0,802500000.0,2.305,2.255,2.305,5362300000.0,3761075000.0,5362300000.0,9962547362.0,11.0,9.416,884500000.0,3.127,1.0,3446300000.0,0.259,3759500000.0,98500000.0,5504200000.0,4416225000.0,0.0,5948100000.0,5948100000.0,0.0,7077000000.0,4448900000.0,2628100000.0,8896947362.0,288500000.0,-788700000.0,-225100000.0,938500000.0,0.0,709300000.0,-1414900000.0,-516600000.0,994100000.0,0.0,549100000.0,549100000.0,549100000.0,0.0,0.0,0.041,2545300000.0,901000000.0,471800000.0,0.0,1.659,16.203,13.644,537400000.0,0.0,31.45,0.669,0.669,1161500000.0,481300000.0,13292200000.0,13292200000.0,0.0,0.058,0.146,0.204,0.068,0.0,2515100000.0,1.0,282891808.0,282891808.0,,46.987,8679800000.0,11700000.0,253400000.0,499700000.0,30.682,3427600000.0
19,ANTM,MRY,2001-12-31,2001-12-31,2001-12-31,2021-10-20,42400000.0,6276600000.0,5992550000.0,5299900000.0,976700000.0,1.743,9.991,-66300000.0,446000000.0,446000000.0,7814700000.0,342200000.0,1.781,2.047,1128700000.0,310700000.0,818000000.0,1128700000.0,199200000.0,120500000.0,0.0,0.0,0.0,585800000.0,706300000.0,0.068,706300000.0,585800000.0,525600000.0,1.655,1.65,1.655,2060000000.0,1989900000.0,2060000000.0,5551756000.0,9.0,7.86,588300000.0,2.853,1.0,2630000000.0,0.252,467400000.0,60200000.0,3515300000.0,3241000000.0,0.0,4071800000.0,4071800000.0,0.0,4216600000.0,2976600000.0,1240000000.0,5102856000.0,203100000.0,40900000.0,2110200000.0,0.0,0.0,46600000.0,-498100000.0,-472700000.0,654600000.0,0.0,342200000.0,342200000.0,342200000.0,0.0,0.0,0.033,2045200000.0,584800000.0,331000000.0,0.0,2.477,14.912,14.955,402300000.0,0.0,24.75,0.489,0.489,790500000.0,55700000.0,10444700000.0,10444700000.0,0.0,0.057,0.172,0.181,0.056,0.0,1986100000.0,1.0,206176000.0,206176000.0,,50.659,5809200000.0,400000.0,183400000.0,107600000.0,28.176,2323300000.0
20,ANTM,MRY,2000-12-31,2000-12-31,2000-12-31,2021-10-20,71200000.0,5708500000.0,5262350000.0,4624300000.0,1084200000.0,1.667,9.425,-61800000.0,292900000.0,292900000.0,6551000000.0,226000000.0,1.653,1.973,848000000.0,250500000.0,597500000.0,848000000.0,260200000.0,102100000.0,0.0,,0.0,382900000.0,485000000.0,0.055,485000000.0,382900000.0,328200000.0,1.095,1.09,1.095,1919800000.0,1790350000.0,1919800000.0,,,,622700000.0,3.057,1.0,2220000000.0,0.253,498900000.0,54700000.0,2966700000.0,2756050000.0,0.0,3529300000.0,3511300000.0,18000000.0,3788700000.0,2798000000.0,990700000.0,,-1100000.0,-79700000.0,0.0,75500000.0,0.0,75500000.0,-761100000.0,-619600000.0,684500000.0,0.0,226000000.0,226000000.0,226000000.0,0.0,0.0,0.026,1835500000.0,384500000.0,303700000.0,0.0,,,,428800000.0,0.0,,,,856600000.0,1848600000.0,8771000000.0,8771000000.0,0.0,0.043,0.126,0.139,0.044,0.0,1808400000.0,1.0,203690000.0,203690000.0,,43.061,5209600000.0,11000000.0,102200000.0,22600000.0,25.576,1826300000.0
21,ANTM,MRY,1999-12-31,1999-12-31,1999-12-31,2021-10-20,38300000.0,4816200000.0,,3805400000.0,1010800000.0,,,-89500000.0,304000000.0,304000000.0,4582700000.0,44900000.0,1.701,1.9,668700000.0,146700000.0,522000000.0,668700000.0,226300000.0,61800000.0,0.0,,0.0,85500000.0,147300000.0,0.023,147300000.0,85500000.0,55100000.0,,,,1660900000.0,,1660900000.0,,,,130300000.0,,1.0,1687400000.0,0.269,398500000.0,30400000.0,2545400000.0,,0.0,2783800000.0,2768000000.0,15800000.0,3155300000.0,2237000000.0,918300000.0,,83100000.0,-244500000.0,0.0,220100000.0,0.0,220100000.0,-356800000.0,-22800000.0,219800000.0,0.0,44900000.0,44900000.0,44900000.0,0.0,0.0,0.007,1596200000.0,91200000.0,178600000.0,,,,,408500000.0,0.0,,,,735900000.0,,6270100000.0,6270100000.0,0.0,,,,0.014,0.0,1469400000.0,1.0,,,,,4417700000.0,37600000.0,10200000.0,4700000.0,,1568400000.0
22,ANTM,MRY,1998-12-31,1998-12-31,1998-12-31,2021-10-20,,,,,,,,-83300000.0,,,3934200000.0,172400000.0,,,,,,,,58300000.0,,,0.0,311200000.0,369500000.0,0.065,369500000.0,311200000.0,283300000.0,,,,,,,,,,36600000.0,,1.0,1748200000.0,0.308,,27900000.0,,,,,,,,,,,7300000.0,44100000.0,0.0,-3800000.0,0.0,-3800000.0,-108800000.0,-69600000.0,119900000.0,0.0,172400000.0,172400000.0,172400000.0,3900000.0,0.0,0.03,1432100000.0,316100000.0,,,,,,,0.0,,,,,,5682400000.0,5682400000.0,0.0,,,,0.055,0.0,1420100000.0,1.0,,,,,,,110900000.0,,,
0,ANTM,MRQ,2021-09-30,2021-09-30,2021-09-30,2021-10-20,-103000000.0,98060000000.0,,51904000000.0,46156000000.0,,146.574,-258000000.0,5490000000.0,5490000000.0,29543000000.0,1502000000.0,1.476,1.742,22785000000.0,1024000000.0,21761000000.0,22785000000.0,954000000.0,351000000.0,0.0,0.012,1.13,2204000000.0,2555000000.0,0.071,2555000000.0,2204000000.0,2003000000.0,6.2,6.13,6.2,35737000000.0,,35737000000.0,108877410944.0,14.0,11.894,2246000000.0,9.212,1.0,6279000000.0,0.175,34933000000.0,201000000.0,45260000000.0,,0.0,34051000000.0,28467000000.0,5584000000.0,62252000000.0,35162000000.0,27090000000.0,90894410944.0,232000000.0,0.0,-431000000.0,-452000000.0,-276000000.0,-830000000.0,-1440000000.0,-773000000.0,2504000000.0,-2000000.0,1509000000.0,1509000000.0,1509000000.0,0.0,-7000000.0,0.042,4082000000.0,2197000000.0,19522000000.0,0.182,2.543,16.472,16.496,3835000000.0,0.0,372.8,0.679,0.679,12807000000.0,26700000000.0,35822000000.0,35822000000.0,0.0,,,,,63000000.0,3946000000.0,1.0,243815480.0,243815480.0,,146.923,63127000000.0,0.0,494000000.0,2629000000.0,258.913,16742000000.0
1,ANTM,MRQ,2021-06-30,2021-06-30,2021-06-30,2021-10-20,-17000000.0,96097000000.0,,50238000000.0,45859000000.0,,142.819,-285000000.0,5258000000.0,5258000000.0,27377000000.0,1801000000.0,1.487,1.746,23241000000.0,1024000000.0,22217000000.0,23241000000.0,1081000000.0,309000000.0,0.0,0.011,1.13,2550000000.0,2859000000.0,0.084,2859000000.0,2550000000.0,2345000000.0,7.33,7.25,7.33,34968000000.0,,34968000000.0,107388161697.0,17.0,14.33,1398000000.0,5.71,1.0,6474000000.0,0.191,34939000000.0,205000000.0,45347000000.0,,0.0,33092000000.0,27594000000.0,5498000000.0,61051000000.0,33794000000.0,27257000000.0,93480161697.0,-4068000000.0,-3415000000.0,-428000000.0,-227000000.0,-278000000.0,-820000000.0,-4925000000.0,-1300000000.0,1683000000.0,-6000000.0,1793000000.0,1793000000.0,1793000000.0,0.0,8000000.0,0.053,3911000000.0,2563000000.0,18674000000.0,0.154,2.673,22.094,22.095,3733000000.0,0.0,381.8,0.723,0.723,12685000000.0,25874000000.0,33851000000.0,33851000000.0,0.0,,,,,69000000.0,3821000000.0,1.0,244840654.0,244840654.0,,138.257,61158000000.0,0.0,552000000.0,2397000000.0,249.787,16444000000.0
2,ANTM,MRQ,2021-03-31,2021-03-31,2021-03-31,2021-10-20,-195000000.0,95683000000.0,,54495000000.0,41188000000.0,,138.229,-204000000.0,9326000000.0,9326000000.0,26012000000.0,1667000000.0,1.568,1.825,23234000000.0,700000000.0,22534000000.0,23234000000.0,1139000000.0,282000000.0,0.0,0.011,1.13,2366000000.0,2648000000.0,0.082,2648000000.0,2366000000.0,2174000000.0,6.8,6.71,6.8,33853000000.0,,33853000000.0,102202897067.0,14.0,12.357,2301000000.0,9.395,1.0,6373000000.0,0.197,31060000000.0,192000000.0,43782000000.0,,0.0,33217000000.0,28185000000.0,5032000000.0,61765000000.0,34749000000.0,27016000000.0,87908897067.0,3585000000.0,-27000000.0,-358000000.0,3212000000.0,-277000000.0,3388000000.0,-2307000000.0,-1330000000.0,2505000000.0,-1000000.0,1665000000.0,1665000000.0,1665000000.0,0.0,2000000.0,0.051,4005000000.0,2368000000.0,17676000000.0,0.166,2.597,18.648,18.922,3533000000.0,0.0,358.95,0.705,0.705,12291000000.0,24793000000.0,32385000000.0,32385000000.0,0.0,,,,,64000000.0,3925000000.0,1.0,244905689.0,244905689.0,,132.235,64623000000.0,0.0,509000000.0,1961000000.0,263.869,19746000000.0
3,ANTM,MRQ,2020-12-31,2020-12-31,2020-12-31,2021-10-20,150000000.0,86615000000.0,,45751000000.0,40864000000.0,,133.488,-278000000.0,5741000000.0,5741000000.0,26610000000.0,551000000.0,1.553,1.609,20035000000.0,700000000.0,19335000000.0,20035000000.0,1259000000.0,290000000.0,0.0,0.012,0.95,802000000.0,1092000000.0,0.034,1092000000.0,802000000.0,611000000.0,2.27,2.23,2.27,33199000000.0,,33199000000.0,96715466898.0,14.0,11.829,3535000000.0,14.214,1.0,5214000000.0,0.164,31096000000.0,191000000.0,40360000000.0,,0.0,29839000000.0,24992000000.0,4847000000.0,53416000000.0,29453000000.0,23963000000.0,79856466898.0,1757000000.0,-3000000.0,-1294000000.0,-869000000.0,-234000000.0,-2367000000.0,305000000.0,773000000.0,3813000000.0,6000000.0,551000000.0,551000000.0,551000000.0,0.0,0.0,0.017,4410000000.0,804000000.0,16852000000.0,0.419,2.405,17.466,17.613,3483000000.0,0.0,321.09,0.655,0.655,10958000000.0,23802000000.0,31824000000.0,31824000000.0,0.0,,,,,69000000.0,4318000000.0,1.0,248704310.0,248704310.0,,127.959,55519000000.0,0.0,60000000.0,2019000000.0,223.233,16298000000.0
4,ANTM,MRQ,2020-09-30,2020-09-30,2020-09-30,2021-10-20,-112000000.0,86574000000.0,,45450000000.0,41124000000.0,,134.871,-306000000.0,3984000000.0,3984000000.0,25143000000.0,222000000.0,1.591,1.552,20843000000.0,1749000000.0,19094000000.0,20843000000.0,961000000.0,308000000.0,0.0,0.014,0.95,587000000.0,895000000.0,0.029,895000000.0,587000000.0,389000000.0,0.88,0.87,0.88,33921000000.0,,33921000000.0,83000119554.0,11.0,9.631,-1456000000.0,-5.789,1.0,6015000000.0,0.193,31184000000.0,198000000.0,43688000000.0,,0.0,30510000000.0,25782000000.0,4728000000.0,52653000000.0,28561000000.0,24092000000.0,67552119554.0,-2044000000.0,-67000000.0,-738000000.0,-658000000.0,-238000000.0,-984000000.0,89000000.0,369000000.0,-1150000000.0,1000000.0,222000000.0,222000000.0,222000000.0,0.0,0.0,0.007,5398000000.0,617000000.0,15802000000.0,1.08,1.991,13.633,13.683,3363000000.0,0.0,268.59,0.575,0.575,11537000000.0,24678000000.0,31158000000.0,31158000000.0,0.0,,,,,80000000.0,5305000000.0,1.0,251506458.0,251506458.0,,123.885,55390000000.0,0.0,167000000.0,2375000000.0,220.233,16889000000.0
5,ANTM,MRQ,2020-06-30,2020-06-30,2020-06-30,2021-10-20,-254000000.0,87976000000.0,,46764000000.0,41212000000.0,,136.663,-233000000.0,6028000000.0,6028000000.0,21772000000.0,2276000000.0,1.64,1.553,21476000000.0,1603000000.0,19873000000.0,21476000000.0,946000000.0,286000000.0,0.0,0.013,0.95,3350000000.0,3636000000.0,0.124,3636000000.0,3350000000.0,3149000000.0,9.02,8.91,9.02,34455000000.0,,34455000000.0,82639491189.0,10.0,8.521,5277000000.0,20.931,1.0,7492000000.0,0.256,31218000000.0,201000000.0,43684000000.0,,0.0,30105000000.0,25488000000.0,4617000000.0,53521000000.0,28522000000.0,24999000000.0,66301491189.0,683000000.0,2000000.0,-7000000.0,-299000000.0,-242000000.0,105000000.0,-4934000000.0,-4004000000.0,5510000000.0,2000000.0,2276000000.0,2276000000.0,2276000000.0,0.0,0.0,0.078,4139000000.0,3353000000.0,15135000000.0,0.105,1.924,11.207,11.243,3427000000.0,0.0,262.98,0.587,0.587,10988000000.0,25346000000.0,29264000000.0,29264000000.0,0.0,,,,,67000000.0,4046000000.0,1.0,252116097.0,252116097.0,,116.074,56758000000.0,0.0,873000000.0,2497000000.0,225.126,18242000000.0
6,ANTM,MRQ,2020-03-31,2020-03-31,2020-03-31,2021-10-20,-1008000000.0,82399000000.0,,41256000000.0,41143000000.0,,125.601,-204000000.0,5345000000.0,5345000000.0,23473000000.0,1523000000.0,1.526,1.6,21683000000.0,2678000000.0,19005000000.0,21683000000.0,947000000.0,270000000.0,0.0,0.015,0.95,2283000000.0,2553000000.0,0.086,2553000000.0,2283000000.0,2089000000.0,6.03,5.94,6.03,31693000000.0,,31693000000.0,72436984810.0,11.0,9.059,2311000000.0,9.159,1.0,6148000000.0,0.208,31274000000.0,194000000.0,40424000000.0,,0.0,25137000000.0,20451000000.0,4686000000.0,50706000000.0,27039000000.0,23667000000.0,57288984810.0,408000000.0,-1908000000.0,-485000000.0,1528000000.0,-240000000.0,679000000.0,-2784000000.0,-571000000.0,2515000000.0,-2000000.0,1523000000.0,1523000000.0,1523000000.0,0.0,0.0,0.051,3864000000.0,2284000000.0,14960000000.0,0.158,1.808,11.988,12.07,3350000000.0,0.0,227.04,0.525,0.525,11325000000.0,23360000000.0,29621000000.0,29621000000.0,0.0,,,,,67000000.0,3781000000.0,1.0,252329919.0,252329919.0,,117.39,51125000000.0,0.0,566000000.0,2213000000.0,202.612,14217000000.0
7,ANTM,MRQ,2019-12-31,2019-12-31,2019-12-31,2021-10-20,-296000000.0,77453000000.0,,39033000000.0,38420000000.0,,125.128,-351000000.0,4937000000.0,4937000000.0,22532000000.0,934000000.0,1.659,1.441,20085000000.0,2298000000.0,17787000000.0,20085000000.0,1017000000.0,246000000.0,0.0,0.011,0.8,1288000000.0,1534000000.0,0.056,1534000000.0,1288000000.0,1098000000.0,3.7,3.64,3.7,31728000000.0,,31728000000.0,92623843405.0,14.0,11.778,976000000.0,3.849,1.0,4875000000.0,0.178,29174000000.0,190000000.0,39895000000.0,,0.0,25448000000.0,20685000000.0,4763000000.0,45725000000.0,23532000000.0,22193000000.0,76583843405.0,747000000.0,0.0,-255000000.0,-310000000.0,-202000000.0,-1304000000.0,723000000.0,976000000.0,1327000000.0,1000000.0,934000000.0,934000000.0,934000000.0,0.0,0.0,0.034,3584000000.0,1291000000.0,13040000000.0,0.216,2.414,15.932,16.057,3133000000.0,0.0,302.03,0.735,0.735,10391000000.0,22573000000.0,27407000000.0,27407000000.0,0.0,,,,,68000000.0,3502000000.0,1.0,253563697.0,253563697.0,,108.087,48279000000.0,0.0,164000000.0,2227000000.0,190.402,15501000000.0
8,ANTM,MRQ,2019-09-30,2019-09-30,2019-09-30,2021-10-20,-299000000.0,77809000000.0,,39504000000.0,38305000000.0,,122.478,-271000000.0,4190000000.0,4190000000.0,21498000000.0,1183000000.0,1.7,1.483,20230000000.0,1410000000.0,18820000000.0,20230000000.0,948000000.0,301000000.0,0.0,0.013,0.8,1674000000.0,1975000000.0,0.074,1975000000.0,1674000000.0,1489000000.0,4.64,4.55,4.64,31332000000.0,,31332000000.0,76639710680.0,12.0,10.427,1396000000.0,5.457,1.0,5176000000.0,0.194,29256000000.0,185000000.0,41359000000.0,,0.0,26731000000.0,22270000000.0,4461000000.0,46477000000.0,23234000000.0,23243000000.0,61421710680.0,112000000.0,0.0,-607000000.0,923000000.0,-204000000.0,144000000.0,-1698000000.0,-1511000000.0,1667000000.0,-1000000.0,1183000000.0,1183000000.0,1183000000.0,0.0,0.0,0.044,3502000000.0,1674000000.0,14429000000.0,0.172,1.96,14.291,14.334,2921000000.0,0.0,240.1,0.613,0.613,10207000000.0,22104000000.0,26674000000.0,26674000000.0,0.0,,,,,86000000.0,3418000000.0,1.0,255817204.0,255817204.0,,104.27,48553000000.0,91000000.0,306000000.0,2140000000.0,189.796,16270000000.0
9,ANTM,MRQ,2019-06-30,2019-06-30,2019-06-30,2021-10-20,-383000000.0,75851000000.0,,37805000000.0,38046000000.0,,119.726,-221000000.0,4078000000.0,4078000000.0,20466000000.0,1139000000.0,1.637,1.463,19296000000.0,1860000000.0,17436000000.0,19296000000.0,900000000.0,297000000.0,0.0,0.011,0.8,1637000000.0,1934000000.0,0.076,1934000000.0,1637000000.0,1453000000.0,4.44,4.36,4.44,30793000000.0,,30793000000.0,87443199908.0,15.0,12.328,1216000000.0,4.728,1.0,5000000000.0,0.196,29340000000.0,184000000.0,38639000000.0,,0.0,24890000000.0,20629000000.0,4261000000.0,45058000000.0,23090000000.0,21968000000.0,72583199908.0,-404000000.0,0.0,-434000000.0,-72000000.0,-206000000.0,-677000000.0,-1165000000.0,-944000000.0,1437000000.0,1000000.0,1139000000.0,1139000000.0,1139000000.0,0.0,0.0,0.045,3363000000.0,1637000000.0,13732000000.0,0.18,2.357,17.812,17.85,2837000000.0,0.0,282.21,0.75,0.75,9918000000.0,21679000000.0,25466000000.0,25466000000.0,0.0,,,,,70000000.0,3278000000.0,1.0,257195705.0,257195705.0,,99.014,46511000000.0,296000000.0,314000000.0,2211000000.0,180.839,14715000000.0
10,ANTM,MRQ,2019-03-31,2019-03-31,2019-03-31,2021-10-20,-623000000.0,74523000000.0,,36611000000.0,37912000000.0,,116.718,-234000000.0,4482000000.0,4482000000.0,19282000000.0,1551000000.0,1.614,1.484,19342000000.0,1946000000.0,17396000000.0,19342000000.0,998000000.0,289000000.0,0.0,0.011,0.8,2132000000.0,2421000000.0,0.098,2421000000.0,2132000000.0,1945000000.0,6.03,5.91,6.03,29998000000.0,,29998000000.0,89034283097.0,15.0,12.468,1396000000.0,5.432,1.0,5384000000.0,0.218,29425000000.0,187000000.0,37276000000.0,,0.0,23261000000.0,19026000000.0,4235000000.0,44525000000.0,22682000000.0,21843000000.0,73757283097.0,548000000.0,0.0,-218000000.0,67000000.0,-206000000.0,-429000000.0,-652000000.0,-440000000.0,1630000000.0,-1000000.0,1551000000.0,1551000000.0,1551000000.0,0.0,0.0,0.063,3253000000.0,2131000000.0,12941000000.0,0.133,2.459,18.486,18.587,2799000000.0,0.0,286.98,0.783,0.783,10179000000.0,21136000000.0,24666000000.0,24666000000.0,0.0,,,,,70000000.0,3166000000.0,1.0,257011928.0,257011928.0,,95.972,45098000000.0,0.0,394000000.0,2221000000.0,175.47,13929000000.0
11,ANTM,MRQ,2018-12-31,2018-12-31,2018-12-31,2021-10-20,-986000000.0,71571000000.0,,34321000000.0,37250000000.0,,110.349,-320000000.0,3934000000.0,3934000000.0,18936000000.0,425000000.0,1.563,1.508,19211000000.0,1994000000.0,17217000000.0,19211000000.0,902000000.0,288000000.0,0.0,0.011,0.75,732000000.0,1020000000.0,0.044,1020000000.0,732000000.0,543000000.0,1.64,1.61,1.64,28541000000.0,,28541000000.0,83086173410.0,14.0,11.95,143000000.0,0.553,1.0,4437000000.0,0.19,29511000000.0,189000000.0,35372000000.0,,0.0,22452000000.0,18206000000.0,4246000000.0,43030000000.0,21965000000.0,21065000000.0,67927173410.0,-326000000.0,-28000000.0,-453000000.0,-566000000.0,-193000000.0,-1561000000.0,773000000.0,748000000.0,463000000.0,-1000000.0,425000000.0,425000000.0,425000000.0,0.0,0.0,0.018,3711000000.0,726000000.0,13214000000.0,0.457,2.38,18.114,18.075,2735000000.0,0.0,262.63,0.737,0.737,9301000000.0,19988000000.0,23373000000.0,23373000000.0,0.0,,,,,91000000.0,3618000000.0,1.0,258642095.0,258642095.0,,90.368,42060000000.0,10000000.0,118000000.0,1960000000.0,162.619,12356000000.0
12,ANTM,MRQ,2018-09-30,2018-09-30,2018-09-30,2021-10-20,-811000000.0,74445000000.0,,37108000000.0,37337000000.0,,111.92,-355000000.0,4260000000.0,4260000000.0,18185000000.0,960000000.0,1.535,1.559,19419000000.0,2119000000.0,17300000000.0,19419000000.0,896000000.0,288000000.0,0.0,0.011,0.75,1430000000.0,1718000000.0,0.074,1718000000.0,1430000000.0,1242000000.0,3.7,3.62,3.7,29094000000.0,,29094000000.0,85843905456.0,16.0,13.309,252000000.0,0.969,1.0,5066000000.0,0.218,29569000000.0,188000000.0,35861000000.0,,0.0,23785000000.0,19683000000.0,4102000000.0,45351000000.0,24174000000.0,21177000000.0,71240305456.0,-422000000.0,-10000000.0,-359000000.0,98000000.0,-195000000.0,-340000000.0,-688000000.0,-132000000.0,607000000.0,-1000000.0,960000000.0,960000000.0,960000000.0,0.0,0.0,0.041,3637000000.0,1429000000.0,14853000000.0,0.203,2.449,15.633,15.501,2592000000.0,0.0,274.05,0.779,0.779,9317000000.0,20182000000.0,23251000000.0,23251000000.0,0.0,,,,,57000000.0,3546000000.0,1.0,259953678.0,259953678.0,,89.443,44876000000.0,69000000.0,282000000.0,2063000000.0,172.631,12934000000.0
13,ANTM,MRQ,2018-06-30,2018-06-30,2018-06-30,2021-10-20,-782800000.0,74367400000.0,,37370400000.0,36997000000.0,,112.559,-315000000.0,4682000000.0,4682000000.0,17728000000.0,1054000000.0,1.525,1.589,19285600000.0,1770200000.0,17515400000.0,19285600000.0,2089900000.0,286000000.0,0.0,0.012,0.75,1696000000.0,1982000000.0,0.086,1982000000.0,1696000000.0,1504000000.0,4.07,3.98,4.07,28725000000.0,,28725000000.0,76000380096.0,15.0,12.21,227000000.0,0.89,1.0,5216000000.0,0.227,29638800000.0,192000000.0,34826500000.0,,0.0,23556300000.0,19540700000.0,4015600000.0,45642400000.0,24505700000.0,21136700000.0,60745080096.0,51000000.0,-376000000.0,885000000.0,-409000000.0,-196000000.0,287000000.0,-778000000.0,89000000.0,542000000.0,0.0,1054000000.0,1054000000.0,1054000000.0,0.0,0.0,0.046,3521000000.0,1695000000.0,14260900000.0,0.184,2.115,13.984,14.126,2392200000.0,0.0,238.03,0.671,0.671,9100900000.0,19757300000.0,22944000000.0,22944000000.0,0.0,,,,,36000000.0,3428000000.0,1.0,255199261.0,255199261.0,,89.906,44728600000.0,154500000.0,450000000.0,1902200000.0,175.269,12864700000.0
14,ANTM,MRQ,2018-03-31,2018-03-31,2018-03-31,2021-10-20,-720600000.0,73300400000.0,,36974100000.0,36326300000.0,,105.632,-218000000.0,4630600000.0,4630600000.0,17046000000.0,1312000000.0,1.494,1.714,19885900000.0,1775800000.0,18110100000.0,19885900000.0,2115900000.0,270000000.0,0.0,0.013,0.75,1964000000.0,2234000000.0,0.099,2234000000.0,1964000000.0,1780000000.0,5.13,4.99,5.13,27012400000.0,,27012400000.0,72505001430.0,15.0,12.379,1997000000.0,7.809,1.0,5491000000.0,0.244,29261500000.0,184000000.0,34538300000.0,,0.0,23452900000.0,19457700000.0,3995200000.0,46288000000.0,24755900000.0,21532100000.0,56182101430.0,1022000000.0,-1346000000.0,-335000000.0,-209000000.0,-192000000.0,-627000000.0,-566000000.0,1224000000.0,2215000000.0,0.0,1312000000.0,1312000000.0,1312000000.0,0.0,0.0,0.058,3508000000.0,1983000000.0,14203500000.0,0.146,2.08,13.553,13.723,2237600000.0,0.0,219.7,0.624,0.624,8561100000.0,19241100000.0,22537000000.0,22537000000.0,0.0,,,,,42000000.0,3428000000.0,1.0,255721900.0,255721900.0,,88.131,44038900000.0,0.0,468000000.0,2007800000.0,172.214,12218200000.0
15,ANTM,MRQ,2017-12-31,2017-12-31,2017-12-31,2021-10-20,-101000000.0,70540000000.0,,36263000000.0,34277000000.0,,103.221,-278000000.0,3609000000.0,3609000000.0,18672000000.0,1231000000.0,1.553,1.662,19932000000.0,2550000000.0,17382000000.0,19932000000.0,860000000.0,228000000.0,0.0,0.012,0.7,288000000.0,516000000.0,0.023,516000000.0,288000000.0,124000000.0,4.78,4.65,4.78,26503000000.0,,26503000000.0,67907184830.0,14.0,12.139,-1579000000.0,-6.15,1.0,4009000000.0,0.177,27599000000.0,164000000.0,35908000000.0,,0.0,24931000000.0,20993000000.0,3938000000.0,44037000000.0,23356000000.0,20681000000.0,57773684830.0,-2488000000.0,-2046000000.0,-316000000.0,3354000000.0,-180000000.0,2433000000.0,-3620000000.0,-903000000.0,-1301000000.0,0.0,1231000000.0,1231000000.0,1231000000.0,0.0,0.0,0.054,3439000000.0,570000000.0,13583000000.0,0.146,2.18,15.033,15.307,2175000000.0,0.0,225.01,0.642,0.642,8452000000.0,18054000000.0,22681000000.0,22681000000.0,0.0,,,,,39000000.0,3394000000.0,1.0,256760521.0,256760521.0,,88.335,42941000000.0,342000000.0,-1107000000.0,1727000000.0,167.241,12907000000.0
16,ANTM,MRQ,2017-09-30,2017-09-30,2017-09-30,2021-10-20,-126000000.0,68309900000.0,,36973700000.0,31336200000.0,,98.819,-218800000.0,6097200000.0,6097200000.0,18104000000.0,747000000.0,1.515,1.633,16230700000.0,2453400000.0,13777300000.0,16230700000.0,1950200000.0,223500000.0,0.0,0.014,0.7,1269000000.0,1492500000.0,0.067,1492500000.0,1269000000.0,1119000000.0,2.87,2.8,2.87,25948300000.0,,25948300000.0,61590780747.0,12.0,10.022,2185900000.0,8.325,1.0,4322000000.0,0.193,25428400000.0,150000000.0,28602500000.0,,0.0,23174500000.0,20166800000.0,3007700000.0,42361600000.0,24412500000.0,17949100000.0,49859580747.0,1536100000.0,-34000000.0,-1099000000.0,-41700000.0,-181000000.0,-1676500000.0,806800000.0,843300000.0,2404700000.0,1100000.0,747000000.0,747000000.0,747000000.0,0.0,0.0,0.033,3053000000.0,1269000000.0,13489200000.0,0.244,1.921,16.727,16.789,2049200000.0,0.0,189.88,0.56,0.56,7822200000.0,17306600000.0,22426000000.0,22426000000.0,0.0,,,,,43900000.0,3011000000.0,1.0,262584689.0,262584689.0,,85.405,42881500000.0,0.0,372000000.0,2796800000.0,163.305,12561200000.0
17,ANTM,MRQ,2017-06-30,2017-06-30,2017-06-30,2021-10-20,-134900000.0,68237600000.0,,37130700000.0,31106900000.0,,99.747,-166300000.0,4561200000.0,4561200000.0,17917200000.0,855300000.0,1.645,1.582,16292400000.0,1204400000.0,15088000000.0,16292400000.0,1837800000.0,218800000.0,0.0,0.014,0.65,1395600000.0,1614400000.0,0.072,1614400000.0,1395600000.0,1205700000.0,3.23,3.16,3.23,26431700000.0,,26431700000.0,60222155687.0,11.0,9.728,226800000.0,0.856,1.0,4490000000.0,0.2,25443600000.0,189900000.0,31957300000.0,,0.0,23700300000.0,20791100000.0,2909200000.0,41805900000.0,22567900000.0,19238000000.0,49851855687.0,-2211200000.0,0.0,-410800000.0,-837400000.0,-171800000.0,-1563800000.0,-1041800000.0,-806600000.0,393100000.0,1300000.0,855300000.0,855300000.0,855300000.0,0.0,0.0,0.038,3094400000.0,1395600000.0,13226700000.0,0.201,1.886,17.482,17.436,1975700000.0,0.0,188.13,0.566,0.566,8631100000.0,17667000000.0,22407200000.0,22407200000.0,0.0,,,,,44400000.0,3053800000.0,1.0,264986210.0,264986210.0,,84.56,42794000000.0,0.0,350400000.0,2745700000.0,161.495,14562800000.0
18,ANTM,MRQ,2017-03-31,2017-03-31,2017-03-31,2021-10-20,-161800000.0,68943500000.0,,37981800000.0,30961700000.0,,98.691,-127900000.0,6772400000.0,6772400000.0,17542800000.0,1009900000.0,1.639,1.642,17142700000.0,1692800000.0,15449900000.0,17142700000.0,1926100000.0,220700000.0,0.0,0.016,0.65,1750000000.0,1970700000.0,0.087,1970700000.0,1750000000.0,1515000000.0,3.82,3.73,3.82,26091900000.0,,26091900000.0,55374529064.0,10.0,8.603,2560300000.0,9.684,1.0,4983100000.0,0.221,25484200000.0,235000000.0,30655400000.0,,0.0,22662000000.0,19782600000.0,2879400000.0,42851600000.0,23174200000.0,19677400000.0,43722929064.0,2697100000.0,0.0,52800000.0,1249100000.0,-172200000.0,1234300000.0,-1227000000.0,-882700000.0,2688200000.0,1600000.0,1009900000.0,1009900000.0,1009900000.0,0.0,0.0,0.045,3233100000.0,1750000000.0,13033800000.0,0.17,1.676,15.745,15.706,1957600000.0,0.0,165.38,0.502,0.502,8218600000.0,17357700000.0,22525900000.0,22525900000.0,0.0,,,,,42700000.0,3191300000.0,1.0,264378577.0,264378577.0,,85.203,43459300000.0,0.0,505100000.0,3154900000.0,164.383,14807600000.0
19,ANTM,MRQ,2016-12-31,2016-12-31,2016-12-31,2021-10-20,-267900000.0,65083100000.0,,34314900000.0,30768200000.0,,95.281,-168400000.0,4075300000.0,4075300000.0,17567500000.0,368600000.0,1.611,1.593,15726900000.0,1368400000.0,14358500000.0,15726900000.0,971900000.0,232600000.0,0.0,0.018,0.65,835500000.0,1068100000.0,0.049,1068100000.0,835500000.0,658200000.0,1.39,1.37,1.39,25100400000.0,,25100400000.0,50938306883.0,10.0,8.229,108200000.0,0.411,1.0,4146900000.0,0.191,25526100000.0,177300000.0,29914200000.0,,0.0,21443700000.0,18647400000.0,2796300000.0,39982700000.0,21294400000.0,18688300000.0,37874106883.0,1529500000.0,0.0,28800000.0,326000000.0,-171300000.0,579000000.0,670800000.0,678500000.0,276600000.0,3100000.0,368600000.0,368600000.0,368600000.0,0.0,0.0,0.017,3311400000.0,835500000.0,13079900000.0,0.468,1.509,15.334,15.311,1977900000.0,0.0,143.77,0.446,0.446,8397400000.0,16560600000.0,21714400000.0,21714400000.0,0.0,,,,,35400000.0,3265100000.0,1.0,263435396.0,263435396.0,,82.428,39557000000.0,168700000.0,289600000.0,2779900000.0,150.158,13020500000.0
20,ANTM,MRQ,2016-09-30,2016-09-30,2016-09-30,2021-10-20,-363900000.0,64399900000.0,,32924300000.0,31475600000.0,,94.023,-164400000.0,2546000000.0,2546000000.0,16922500000.0,617800000.0,1.565,1.603,15610200000.0,1367900000.0,14242300000.0,15610200000.0,1613400000.0,228300000.0,0.0,0.021,0.65,1309400000.0,1537700000.0,0.072,1537700000.0,1309400000.0,1136500000.0,2.35,2.3,2.35,24744200000.0,,24744200000.0,46965558762.0,9.0,7.951,799600000.0,3.038,1.0,4481400000.0,0.209,25574500000.0,172900000.0,30852700000.0,,0.0,22439000000.0,19713000000.0,2726000000.0,39655700000.0,21036900000.0,18618800000.0,32977958762.0,963300000.0,0.0,19500000.0,344000000.0,-171100000.0,-524600000.0,523000000.0,624800000.0,964000000.0,900000.0,617800000.0,617800000.0,617800000.0,0.0,0.0,0.029,3172000000.0,1309400000.0,12704700000.0,0.277,1.333,14.449,14.387,2006600000.0,0.0,125.31,0.396,0.396,7229000000.0,16364100000.0,21403900000.0,21403900000.0,0.0,,,,,39200000.0,3124600000.0,1.0,263171006.0,263171006.0,,81.331,38825400000.0,0.0,518700000.0,2749300000.0,147.529,11887400000.0
21,ANTM,MRQ,2016-06-30,2016-06-30,2016-06-30,2021-10-20,-364900000.0,64062600000.0,,32957700000.0,31104900000.0,,92.159,-133700000.0,1582700000.0,1582700000.0,16805200000.0,780600000.0,1.583,1.644,15570300000.0,1367900000.0,14202400000.0,15570300000.0,832800000.0,225800000.0,0.0,0.019,0.65,1634000000.0,1859800000.0,0.087,1859800000.0,1634000000.0,1448300000.0,2.97,2.91,2.97,24233600000.0,,24233600000.0,48663947414.0,10.0,8.636,535900000.0,2.038,1.0,4651000000.0,0.217,25621900000.0,185700000.0,31611500000.0,,0.0,22846500000.0,20215500000.0,2631000000.0,39829000000.0,20816800000.0,19012200000.0,34536247414.0,-93300000.0,0.0,20800000.0,-119500000.0,-170900000.0,-444700000.0,-316800000.0,-11600000.0,669600000.0,-1400000.0,780600000.0,780600000.0,780600000.0,0.0,0.0,0.036,3017000000.0,1634000000.0,13393700000.0,0.219,1.425,14.891,14.807,1989800000.0,0.0,131.34,0.422,0.422,7386100000.0,15918400000.0,21456200000.0,21456200000.0,0.0,,,,,38600000.0,2969100000.0,1.0,262953003.0,262953003.0,,81.597,38440700000.0,9000000.0,667700000.0,2704900000.0,146.188,12140900000.0
22,ANTM,MRQ,2016-03-31,2016-03-31,2016-03-31,2021-10-20,-382400000.0,63858700000.0,,32965000000.0,30893700000.0,,90.097,-117500000.0,1676000000.0,1676000000.0,15538800000.0,703000000.0,1.584,1.712,15803700000.0,939200000.0,14864500000.0,15803700000.0,1021300000.0,225300000.0,0.0,0.018,0.65,1499100000.0,1724400000.0,0.085,1724400000.0,1499100000.0,1312000000.0,2.69,2.63,2.69,23547100000.0,,23547100000.0,50076284041.0,10.0,8.376,1242300000.0,4.753,1.0,4749700000.0,0.234,25669800000.0,187100000.0,31506300000.0,,0.0,22584400000.0,19968600000.0,2615800000.0,40311600000.0,20810300000.0,19501300000.0,36325284041.0,-437500000.0,0.0,50900000.0,-190500000.0,-170700000.0,-408700000.0,-1391000000.0,-972700000.0,1359800000.0,2400000.0,703000000.0,703000000.0,703000000.0,0.0,0.0,0.035,3250600000.0,1499100000.0,13356100000.0,0.242,1.543,15.149,15.157,1998300000.0,0.0,138.99,0.452,0.452,7199300000.0,15310400000.0,20288500000.0,20288500000.0,0.0,,,,,-2200000.0,3200200000.0,1.0,261351781.0,261351781.0,,77.629,38188900000.0,0.0,609000000.0,2827100000.0,146.121,12154700000.0
23,ANTM,MRQ,2015-12-31,2015-12-31,2015-12-31,2021-10-20,-292600000.0,61717800000.0,,30862100000.0,30855700000.0,,88.268,-229900000.0,2113500000.0,2113500000.0,16315500000.0,180900000.0,1.616,1.678,15864500000.0,540000000.0,15324500000.0,15864500000.0,1145500000.0,231300000.0,0.0,0.018,0.625,554000000.0,785300000.0,0.039,785300000.0,554000000.0,374300000.0,0.7,0.72,0.7,23044100000.0,,23044100000.0,51115377932.0,10.0,8.255,815100000.0,3.122,1.0,3872400000.0,0.192,25720200000.0,179700000.0,30656000000.0,,0.0,21011200000.0,18380900000.0,2630300000.0,38673700000.0,19092600000.0,19581100000.0,36403577932.0,565700000.0,-2700000.0,16100000.0,-651000000.0,-163100000.0,-1108300000.0,630700000.0,939500000.0,1045000000.0,-1700000.0,180900000.0,180900000.0,180900000.0,0.0,0.0,0.009,3325900000.0,546500000.0,12262600000.0,0.893,1.58,14.22,14.331,2019800000.0,0.0,139.44,0.46,0.46,7024200000.0,14778500000.0,20187900000.0,20187900000.0,0.0,,,,,33900000.0,3268400000.0,1.0,261069836.0,261069836.0,,77.328,35997600000.0,316600000.0,193400000.0,2630600000.0,137.885,11769500000.0
24,ANTM,MRQ,2015-09-30,2015-09-30,2015-09-30,2021-10-20,-216200000.0,62335600000.0,,31539400000.0,30796200000.0,,88.827,-143300000.0,1547800000.0,1547800000.0,15469100000.0,654800000.0,1.717,1.683,16259600000.0,540000000.0,15719600000.0,16259600000.0,945100000.0,-29200000.0,0.0,0.017,0.625,1294400000.0,1265200000.0,0.064,1265200000.0,1294400000.0,1129600000.0,2.51,2.43,2.51,23236100000.0,,23236100000.0,51702499880.0,9.0,7.769,200100000.0,0.765,1.0,4432500000.0,0.223,25766100000.0,164800000.0,32915500000.0,,0.0,21869300000.0,19431300000.0,2438000000.0,39099500000.0,18365800000.0,20733700000.0,36622199880.0,-5200000.0,5400000.0,-90500000.0,-144300000.0,-163000000.0,-593900000.0,244500000.0,278300000.0,343400000.0,800000.0,654800000.0,654800000.0,654800000.0,0.0,0.0,0.033,3140400000.0,1292100000.0,12032000000.0,0.249,1.576,12.69,12.821,1930800000.0,0.0,140.0,0.47,0.47,6558800000.0,14761800000.0,19901600000.0,19901600000.0,0.0,,,,,38900000.0,3080400000.0,1.0,261587142.0,261587142.0,,76.08,36569500000.0,428500000.0,474800000.0,3173000000.0,139.799,13173600000.0
25,ANTM,MRQ,2015-06-30,2015-06-30,2015-06-30,2021-10-20,400000.0,64263800000.0,,33202200000.0,31061600000.0,,87.181,-140900000.0,1553000000.0,1553000000.0,15205400000.0,859100000.0,1.606,1.786,16633300000.0,1164900000.0,15468400000.0,16633300000.0,950500000.0,491500000.0,0.0,0.013,0.625,1712100000.0,2203600000.0,0.11,2203600000.0,1712100000.0,1558000000.0,3.27,3.13,3.27,23062600000.0,,23062600000.0,57863383522.0,10.0,8.459,1032100000.0,3.902,1.0,4810100000.0,0.24,25817200000.0,154100000.0,32853700000.0,,0.0,22414000000.0,19965300000.0,2448700000.0,41201200000.0,20673200000.0,20528000000.0,43420983522.0,156000000.0,-5800000.0,-590600000.0,-663500000.0,-163900000.0,-1703000000.0,684900000.0,639500000.0,1173000000.0,1100000.0,859100000.0,859100000.0,859100000.0,0.0,0.0,0.043,3100900000.0,1709200000.0,13502400000.0,0.191,1.883,15.172,15.312,1931400000.0,0.0,164.14,0.567,0.567,7308800000.0,14352200000.0,20015500000.0,20015500000.0,0.0,,,,,21300000.0,3040800000.0,1.0,264536271.0,264536271.0,,75.663,38446600000.0,309400000.0,698900000.0,3226200000.0,145.336,12529000000.0
26,ANTM,MRQ,2015-03-31,2015-03-31,2015-03-31,2021-10-20,237900000.0,65546000000.0,,34740400000.0,30805600000.0,,91.212,-88800000.0,1397000000.0,1397000000.0,14126900000.0,865200000.0,1.631,1.694,15839400000.0,1075000000.0,14764400000.0,15839400000.0,1079800000.0,214300000.0,0.0,0.013,0.625,1723500000.0,1937800000.0,0.102,1937800000.0,1723500000.0,1569100000.0,3.25,3.09,3.25,24334300000.0,,24334300000.0,54195152162.0,10.0,8.651,1561700000.0,5.854,1.0,4924600000.0,0.258,25864500000.0,154400000.0,32818500000.0,,0.0,23212700000.0,20933500000.0,2279200000.0,41211700000.0,21305400000.0,19906300000.0,41194652162.0,-754700000.0,-635800000.0,-664800000.0,566500000.0,-166600000.0,311900000.0,-2711600000.0,-1430900000.0,1650500000.0,-5500000.0,865200000.0,865200000.0,865200000.0,0.0,0.0,0.045,3197700000.0,1726900000.0,13844500000.0,0.192,1.693,15.068,15.303,1915900000.0,0.0,154.41,0.549,0.549,7514300000.0,14150100000.0,19051500000.0,19051500000.0,0.0,,,,,-41700000.0,3145200000.0,1.0,266787463.0,266787463.0,,71.411,39681500000.0,164100000.0,703900000.0,3641500000.0,148.738,13435000000.0
27,ANTM,MRQ,2014-12-31,2014-12-31,2014-12-31,2021-10-20,171900000.0,61676300000.0,,31947800000.0,29728500000.0,,89.839,-216000000.0,2151700000.0,2151700000.0,14857900000.0,506700000.0,1.704,1.543,15043900000.0,1024300000.0,14019600000.0,15043900000.0,1078100000.0,208100000.0,0.0,0.014,0.438,1040700000.0,1248800000.0,0.066,1248800000.0,1040700000.0,887100000.0,1.89,1.81,1.89,24251300000.0,,24251300000.0,47468933853.0,10.0,8.143,89100000.0,0.33,1.0,4126400000.0,0.217,25040100000.0,153600000.0,30775700000.0,,0.0,21626000000.0,19394200000.0,2231800000.0,37425000000.0,18752700000.0,18672300000.0,33923533853.0,433800000.0,0.0,-310100000.0,75200000.0,-117600000.0,-528900000.0,660100000.0,827300000.0,305100000.0,-2500000.0,506700000.0,506700000.0,506700000.0,0.0,0.0,0.027,3085400000.0,1041000000.0,12094500000.0,0.232,1.399,13.201,13.498,1944300000.0,0.0,125.67,0.459,0.459,6942500000.0,14014400000.0,18984300000.0,18984300000.0,0.0,,,,,36700000.0,3032800000.0,1.0,269941385.0,269941385.0,,70.327,36636200000.0,308900000.0,380400000.0,2945600000.0,135.719,13195100000.0
28,ANTM,MRQ,2014-09-30,2014-09-30,2014-09-30,2021-10-20,333100000.0,62058200000.0,,32227100000.0,29831100000.0,,88.585,-139400000.0,1717900000.0,1717900000.0,14211100000.0,630900000.0,1.752,1.554,15263300000.0,725000000.0,14538300000.0,15263300000.0,1003500000.0,208100000.0,0.0,0.014,0.438,1242500000.0,1450600000.0,0.078,1450600000.0,1242500000.0,1087200000.0,2.31,2.22,2.31,24294000000.0,,24294000000.0,45817977574.0,10.0,8.689,466300000.0,1.7,1.0,4345900000.0,0.234,25092600000.0,155300000.0,32116000000.0,,0.0,22376800000.0,20152000000.0,2224800000.0,37764200000.0,18395000000.0,19369200000.0,32805377574.0,-66700000.0,0.0,-492700000.0,288900000.0,-119200000.0,-560900000.0,-107700000.0,-159600000.0,605700000.0,-3800000.0,630900000.0,630900000.0,630900000.0,0.0,0.0,0.034,3028600000.0,1317300000.0,12096100000.0,0.19,1.35,14.836,15.065,1848900000.0,0.0,119.62,0.451,0.451,6118800000.0,13863800000.0,18557000000.0,18557000000.0,0.0,,,,,26200000.0,2968300000.0,1.0,274246594.0,274246594.0,,67.665,36965600000.0,445000000.0,456300000.0,3284200000.0,134.79,13832100000.0
29,ANTM,MRQ,2014-06-30,2014-06-30,2014-06-30,2021-10-20,475000000.0,62303600000.0,,32428200000.0,29875400000.0,,87.162,-135500000.0,1784600000.0,1784600000.0,14121300000.0,731100000.0,1.691,1.556,14797200000.0,759400000.0,14037800000.0,14797200000.0,953500000.0,218100000.0,0.0,0.015,0.438,1409300000.0,1627400000.0,0.088,1627400000.0,1409300000.0,1263700000.0,2.64,2.56,2.64,24376900000.0,,24376900000.0,43165135127.0,10.0,8.485,935500000.0,3.345,1.0,4352100000.0,0.236,25153900000.0,145600000.0,30986000000.0,,0.0,22456300000.0,20239900000.0,2216400000.0,37926700000.0,19176300000.0,18750400000.0,30095535127.0,-186600000.0,0.0,-762000000.0,-220600000.0,-120500000.0,-474100000.0,-783000000.0,21000000.0,1071000000.0,-500000.0,731100000.0,731100000.0,731100000.0,0.0,0.0,0.04,2939800000.0,1412300000.0,13309900000.0,0.166,1.235,13.457,13.726,1829200000.0,0.0,107.61,0.417,0.417,5880700000.0,13744400000.0,18473400000.0,18473400000.0,0.0,,,,,43200000.0,2885800000.0,1.0,279672290.0,279672290.0,,66.054,37149700000.0,241600000.0,532600000.0,3216900000.0,132.833,13251900000.0
30,ANTM,MRQ,2014-03-31,2014-03-31,2014-03-31,2021-10-20,327400000.0,61685500000.0,,31806800000.0,29878700000.0,,86.191,-135700000.0,1971200000.0,1971200000.0,13664600000.0,701000000.0,1.72,1.534,15040800000.0,1108700000.0,13932100000.0,15040800000.0,1073000000.0,216700000.0,0.0,0.016,0.438,1285900000.0,1502600000.0,0.084,1502600000.0,1285900000.0,1139700000.0,2.46,2.4,2.46,24345300000.0,,24345300000.0,41028305496.0,10.0,8.126,1251800000.0,4.432,1.0,4194800000.0,0.235,25304000000.0,146200000.0,30957400000.0,,0.0,22120600000.0,19993400000.0,2127200000.0,37340200000.0,18493700000.0,18846500000.0,28118805496.0,384300000.0,740000000.0,-1132700000.0,620200000.0,-123400000.0,-258600000.0,-744300000.0,-958200000.0,1387500000.0,-300000.0,701000000.0,701000000.0,701000000.0,-9600000.0,0.0,0.039,2915500000.0,1279300000.0,12322300000.0,0.178,1.155,12.196,12.649,1811700000.0,0.0,99.55,0.394,0.394,5691500000.0,14011500000.0,17859400000.0,17859400000.0,0.0,,,,,16400000.0,2861500000.0,1.0,282459121.0,282459121.0,,63.228,36381500000.0,234500000.0,438700000.0,3440800000.0,128.803,13313100000.0
31,ANTM,MRQ,2013-12-31,2013-12-31,2013-12-31,2021-10-20,183200000.0,59574500000.0,,29745800000.0,29828700000.0,,83.831,-199200000.0,1582100000.0,1582100000.0,14580800000.0,148200000.0,1.819,1.406,14491600000.0,918000000.0,13573600000.0,14491600000.0,822700000.0,237700000.0,0.0,0.016,0.375,455000000.0,692700000.0,0.039,692700000.0,455000000.0,309200000.0,0.53,0.51,0.53,24765200000.0,,24765200000.0,39971989934.0,9.0,7.676,73600000.0,0.249,1.0,3320900000.0,0.186,25358200000.0,145800000.0,30774300000.0,,0.0,20813800000.0,18790000000.0,2023800000.0,34809300000.0,16351500000.0,18457800000.0,27293589934.0,-598800000.0,0.0,-299900000.0,-428200000.0,-110500000.0,-725800000.0,-147600000.0,222100000.0,272800000.0,1800000.0,148200000.0,148200000.0,148200000.0,160700000.0,0.0,0.008,2705200000.0,615700000.0,10618400000.0,0.708,1.102,10.963,11.078,1801500000.0,0.0,92.39,0.384,0.384,5032000000.0,13813900000.0,17901700000.0,17901700000.0,0.0,,,,,35700000.0,2645500000.0,1.0,295417144.0,295417144.0,,60.598,34216300000.0,618700000.0,161000000.0,3325200000.0,115.824,13394300000.0
32,ANTM,MRQ,2013-09-30,2013-09-30,2013-09-30,2021-10-20,-4800000.0,60263500000.0,,29596900000.0,30666600000.0,,82.981,-158600000.0,2185700000.0,2185700000.0,14075000000.0,656200000.0,1.845,1.429,14864100000.0,350100000.0,14514000000.0,14864100000.0,939700000.0,231100000.0,0.0,0.017,0.375,1033600000.0,1264700000.0,0.071,1264700000.0,1033600000.0,882100000.0,2.21,2.16,2.21,24808100000.0,,24808100000.0,38489875198.0,9.0,7.211,1238800000.0,4.144,1.0,3780500000.0,0.212,26419200000.0,151500000.0,30480300000.0,,0.0,21022800000.0,19037900000.0,1984900000.0,35455400000.0,16042400000.0,19413000000.0,24996075198.0,838400000.0,0.0,-333300000.0,-268900000.0,-111400000.0,-536800000.0,-23400000.0,345800000.0,1397400000.0,1200000.0,656200000.0,656200000.0,656200000.0,-2400000.0,0.0,0.037,2604000000.0,1176500000.0,10541000000.0,0.17,1.008,8.909,8.933,1806500000.0,0.0,83.61,0.365,0.365,5032300000.0,14040500000.0,17855500000.0,17855500000.0,0.0,,,,,30900000.0,2542700000.0,1.0,298960354.0,298960354.0,,59.725,33844300000.0,520200000.0,225900000.0,3322900000.0,113.207,13554500000.0
33,ANTM,MRQ,2013-06-30,2013-06-30,2013-06-30,2021-10-20,-27200000.0,59612300000.0,,28900800000.0,30711500000.0,,81.676,-142000000.0,1347300000.0,1347300000.0,13832600000.0,800100000.0,1.802,1.43,14841100000.0,749600000.0,14091500000.0,14841100000.0,823600000.0,228000000.0,0.0,0.016,0.375,1360800000.0,1588800000.0,0.09,1588800000.0,1360800000.0,1208900000.0,2.67,2.64,2.67,24532500000.0,,24532500000.0,37695769292.0,8.0,6.956,283200000.0,0.943,1.0,3857700000.0,0.218,26476700000.0,151900000.0,30595300000.0,,0.0,21106200000.0,19105600000.0,2000600000.0,35079800000.0,16034100000.0,19045700000.0,24581669292.0,-318000000.0,0.0,-145700000.0,279600000.0,-112700000.0,123900000.0,-867800000.0,-592000000.0,425200000.0,700000.0,800100000.0,800100000.0,800100000.0,-800000.0,0.0,0.045,2497700000.0,1360000000.0,10268300000.0,0.14,1.002,8.653,8.781,1769500000.0,0.0,81.84,0.373,0.373,5324100000.0,13817900000.0,17690300000.0,17690300000.0,0.0,,,,,32000000.0,2435600000.0,1.0,300362528.0,300362528.0,,58.896,33135600000.0,458000000.0,408800000.0,3320800000.0,110.319,12866700000.0
34,ANTM,MRQ,2013-03-31,2013-03-31,2013-03-31,2021-10-20,342500000.0,59408600000.0,,28660700000.0,30747900000.0,,79.984,-107500000.0,1665300000.0,1665300000.0,13748700000.0,885200000.0,1.788,1.443,14779400000.0,749400000.0,14030000000.0,14779400000.0,865700000.0,212000000.0,0.0,0.019,0.375,1448900000.0,1660900000.0,0.094,1660900000.0,1448900000.0,1295400000.0,2.92,2.89,2.92,24318000000.0,,24318000000.0,32629548514.0,7.0,6.301,849400000.0,2.794,1.0,3827300000.0,0.218,26545300000.0,153500000.0,29947300000.0,,0.0,21172700000.0,19191500000.0,1981200000.0,35090600000.0,16030100000.0,19060500000.0,20136248514.0,-819300000.0,0.0,-316500000.0,-166200000.0,-113400000.0,-579100000.0,-1195600000.0,-947700000.0,956900000.0,-1500000.0,885200000.0,885200000.0,885200000.0,-12900000.0,0.0,0.05,2391300000.0,1436000000.0,9945200000.0,0.128,0.828,7.502,7.692,1738100000.0,0.0,66.23,0.316,0.316,5027100000.0,13275100000.0,17576000000.0,17576000000.0,0.0,,,,,17300000.0,2329100000.0,1.0,304035158.0,304035158.0,,57.809,32863300000.0,135400000.0,410200000.0,3492700000.0,108.09,12630600000.0
35,ANTM,MRQ,2012-12-31,2012-12-31,2012-12-31,2021-10-20,299100000.0,58955400000.0,,29347500000.0,29607900000.0,,78.387,-169800000.0,2475300000.0,2475300000.0,12290600000.0,464200000.0,1.835,1.477,14977900000.0,807100000.0,14170800000.0,14977900000.0,896800000.0,193100000.0,0.0,0.019,0.288,630200000.0,823300000.0,0.054,823300000.0,630200000.0,478700000.0,1.56,1.55,1.56,23802700000.0,,23802700000.0,29644490075.0,7.0,5.795,590000000.0,1.943,1.0,3031000000.0,0.198,25555300000.0,151500000.0,29907700000.0,,0.0,19989300000.0,18140100000.0,1849200000.0,35152700000.0,15995000000.0,19157700000.0,18498690075.0,42500000.0,-3604700000.0,-643900000.0,1409500000.0,-87100000.0,547800000.0,-1266500000.0,2517600000.0,759800000.0,1400000.0,464200000.0,464200000.0,464200000.0,-4500000.0,0.0,0.03,2405300000.0,625700000.0,9907200000.0,0.185,0.777,6.966,7.375,1717300000.0,0.0,60.92,0.301,0.301,4615000000.0,12647100000.0,15321600000.0,15321600000.0,0.0,,,,,17200000.0,2354400000.0,1.0,303655451.0,303655451.0,,50.457,33400100000.0,464900000.0,14500000.0,3222900000.0,109.993,13352500000.0
36,ANTM,MRQ,2012-09-30,2012-09-30,2012-09-30,2021-10-20,386900000.0,55817900000.0,,29640300000.0,26177600000.0,,73.239,-149000000.0,2442100000.0,2442100000.0,12051300000.0,691200000.0,2.105,1.344,13587900000.0,192200000.0,13395700000.0,13587900000.0,823700000.0,186900000.0,0.0,0.019,0.288,1159300000.0,1346200000.0,0.088,1346200000.0,1159300000.0,1025700000.0,2.17,2.15,2.17,23816500000.0,,23816500000.0,28060276406.0,6.0,5.543,91200000.0,0.28,1.0,3301800000.0,0.215,22679600000.0,133600000.0,30201000000.0,,0.0,21199400000.0,19689800000.0,1509600000.0,32001400000.0,14083100000.0,17918300000.0,18864076406.0,489000000.0,-87000000.0,-652200000.0,2374100000.0,-90700000.0,1566300000.0,-1317900000.0,-1089400000.0,240200000.0,400000.0,691200000.0,691200000.0,691200000.0,0.0,0.0,0.045,2142500000.0,1159300000.0,9010800000.0,0.133,0.792,7.466,7.524,1536500000.0,0.0,58.01,0.307,0.307,4493000000.0,12556800000.0,15353100000.0,15353100000.0,0.0,,,,,51700000.0,2078600000.0,1.0,325186630.0,325186630.0,,47.213,33138300000.0,274100000.0,334500000.0,2841500000.0,101.905,15557200000.0
37,ANTM,MRQ,2012-06-30,2012-06-30,2012-06-30,2021-10-20,212200000.0,54535000000.0,,28470100000.0,26064900000.0,,71.468,-101900000.0,1953100000.0,1953100000.0,12099800000.0,643600000.0,1.76,1.307,11149300000.0,1013700000.0,10135600000.0,11149300000.0,1707800000.0,182000000.0,0.0,0.017,0.288,1166200000.0,1348200000.0,0.088,1348200000.0,1166200000.0,1048600000.0,1.96,1.94,1.96,23643800000.0,,23643800000.0,28297829561.0,7.0,5.635,419600000.0,1.268,1.0,3307500000.0,0.215,22660500000.0,117600000.0,24892900000.0,,0.0,19828900000.0,18361500000.0,1467400000.0,30891200000.0,16177800000.0,14713400000.0,21103629561.0,-326000000.0,-904100000.0,-445800000.0,1627200000.0,-93500000.0,1141800000.0,-1987300000.0,-869400000.0,521500000.0,-2000000.0,643600000.0,643600000.0,643600000.0,0.0,0.0,0.042,2141300000.0,1166200000.0,9158900000.0,0.147,0.893,8.379,8.551,1478400000.0,0.0,63.79,0.343,0.343,4826200000.0,12224000000.0,15407300000.0,15407300000.0,0.0,,,,,35600000.0,2081800000.0,1.0,330829747.0,330829747.0,,46.572,31874500000.0,484900000.0,405000000.0,2868400000.0,96.347,12292300000.0
38,ANTM,MRQ,2012-03-31,2012-03-31,2012-03-31,2021-10-20,235000000.0,52496500000.0,,27543600000.0,24952900000.0,,70.287,-123800000.0,2279100000.0,2279100000.0,11771900000.0,856500000.0,1.726,1.231,9473300000.0,1010800000.0,8462500000.0,9473300000.0,1624100000.0,178700000.0,0.0,0.014,0.288,1418900000.0,1597600000.0,0.104,1597600000.0,1418900000.0,1309800000.0,2.56,2.53,2.56,23528400000.0,,23528400000.0,32298244392.0,8.0,6.539,1099300000.0,3.284,1.0,3643300000.0,0.236,21736700000.0,109100000.0,21998900000.0,,0.0,18758400000.0,17442500000.0,1315900000.0,28968100000.0,15955100000.0,13013000000.0,24704444392.0,77500000.0,-1200000.0,-644100000.0,-289800000.0,-95800000.0,-1167000000.0,20100000.0,23800000.0,1223100000.0,1300000.0,856500000.0,856500000.0,856500000.0,0.0,0.0,0.056,2224400000.0,1418900000.0,9075900000.0,0.113,1.05,9.588,9.946,1454600000.0,0.0,73.8,0.403,0.403,4665300000.0,11921100000.0,15415200000.0,15415200000.0,0.0,,,,,13200000.0,2165700000.0,1.0,334748569.0,334748569.0,,46.05,30759800000.0,353300000.0,453300000.0,3039000000.0,91.889,11588500000.0
39,ANTM,MRQ,2011-12-31,2011-12-31,2011-12-31,2021-10-20,114900000.0,52163200000.0,,27097400000.0,25065800000.0,,66.947,-182700000.0,2201600000.0,2201600000.0,12434600000.0,335300000.0,1.704,1.24,9840200000.0,1374500000.0,8465700000.0,9840200000.0,926500000.0,179800000.0,0.0,0.015,0.25,590800000.0,770600000.0,0.05,770600000.0,590800000.0,478200000.0,1.02,1.01,1.02,23288200000.0,,23288200000.0,30533788799.0,7.0,6.076,-124800000.0,-0.359,1.0,2883100000.0,0.188,21790400000.0,112600000.0,22112700000.0,,0.0,18494900000.0,17116000000.0,1378900000.0,28875000000.0,15898700000.0,12976300000.0,23045788799.0,-306800000.0,2300000.0,-669800000.0,-91700000.0,-85700000.0,-744000000.0,381200000.0,730300000.0,57900000.0,-1900000.0,335300000.0,335300000.0,335300000.0,0.0,0.0,0.022,2292300000.0,590800000.0,9537300000.0,0.245,0.99,8.707,9.014,1418100000.0,0.0,66.25,0.38,0.38,4346800000.0,11490700000.0,15317700000.0,15317700000.0,0.0,,,,,32900000.0,2228400000.0,1.0,347860963.0,347860963.0,,44.034,30372800000.0,530600000.0,142900000.0,2724000000.0,87.313,11198700000.0
40,ANTM,MRQ,2011-09-30,2011-09-30,2011-09-30,2021-10-20,132200000.0,52549900000.0,,27552300000.0,24997600000.0,,65.763,-129500000.0,2508400000.0,2508400000.0,12062900000.0,683200000.0,1.745,1.216,9996400000.0,1374100000.0,8622300000.0,9996400000.0,1638600000.0,151900000.0,0.0,0.011,0.25,1153400000.0,1305300000.0,0.085,1305300000.0,1153400000.0,1045200000.0,1.92,1.9,1.92,23718100000.0,,23718100000.0,30692502948.0,7.0,5.815,1300300000.0,3.605,1.0,3335100000.0,0.217,21841100000.0,108200000.0,22410500000.0,,0.0,18960500000.0,17660000000.0,1300500000.0,28831800000.0,15786300000.0,13045500000.0,23543902948.0,808600000.0,-602300000.0,-883900000.0,1242600000.0,-88200000.0,234100000.0,-853000000.0,-74500000.0,1429800000.0,-2300000.0,683200000.0,683200000.0,683200000.0,0.0,0.0,0.044,2181700000.0,1153400000.0,9132100000.0,0.13,0.993,8.232,8.412,1316900000.0,0.0,65.28,0.392,0.392,4301400000.0,11572800000.0,15398000000.0,15398000000.0,0.0,,,,,34900000.0,2119600000.0,1.0,360660278.0,360660278.0,,42.694,30708800000.0,532100000.0,362000000.0,2754700000.0,85.146,11766000000.0
41,ANTM,MRQ,2011-06-30,2011-06-30,2011-06-30,2021-10-20,343700000.0,50877200000.0,,26756800000.0,24120400000.0,,65.86,-101700000.0,1699800000.0,1699800000.0,11922000000.0,701600000.0,1.897,1.104,8848400000.0,556300000.0,8292100000.0,8848400000.0,1038100000.0,154800000.0,0.0,0.006,0.25,1111000000.0,1265800000.0,0.084,1265800000.0,1111000000.0,1007400000.0,1.92,1.89,1.92,24181300000.0,,24181300000.0,35520599420.0,7.0,6.612,670100000.0,1.825,1.0,3178700000.0,0.211,21147100000.0,103600000.0,22771400000.0,,0.0,19062100000.0,17859000000.0,1203100000.0,26695900000.0,14107300000.0,12588600000.0,28921399420.0,-702200000.0,0.0,-547000000.0,-120900000.0,-91100000.0,-723500000.0,-752300000.0,-591900000.0,771800000.0,1800000.0,701600000.0,701600000.0,701600000.0,0.0,0.0,0.046,2067700000.0,1111000000.0,8861300000.0,0.13,1.196,9.918,10.23,1212900000.0,0.0,78.77,0.489,0.489,4010400000.0,11418100000.0,15100700000.0,15100700000.0,0.0,,,,,24800000.0,2011100000.0,1.0,367162618.0,367162618.0,,41.128,29730100000.0,596100000.0,305800000.0,2639300000.0,80.973,12649500000.0
42,ANTM,MRQ,2011-03-31,2011-03-31,2011-03-31,2021-10-20,251400000.0,50918000000.0,,26819400000.0,24098600000.0,,63.855,-101900000.0,2402000000.0,2402000000.0,11228000000.0,926600000.0,1.894,1.124,9001200000.0,459200000.0,8542000000.0,9001200000.0,1048000000.0,150700000.0,0.0,0.004,0.25,1533000000.0,1683700000.0,0.113,1683700000.0,1533000000.0,1427100000.0,2.48,2.44,2.48,23978100000.0,,23978100000.0,33371834395.0,7.0,6.086,1013000000.0,2.698,1.0,3666300000.0,0.246,21204600000.0,105900000.0,22152300000.0,,0.0,18306700000.0,17141000000.0,1165700000.0,26939900000.0,14160300000.0,12779600000.0,26206934395.0,613200000.0,0.0,-694100000.0,90200000.0,-92800000.0,-785800000.0,282100000.0,320000000.0,1114900000.0,2000000.0,926600000.0,926600000.0,926600000.0,0.0,0.0,0.062,2133300000.0,1533000000.0,8649000000.0,0.101,1.093,8.923,9.293,1186100000.0,0.0,69.79,0.448,0.448,4219900000.0,11199900000.0,14894300000.0,14894300000.0,0.0,,,,,0.0,2076500000.0,1.0,375511311.0,375511311.0,,39.664,29713400000.0,457400000.0,500500000.0,3030100000.0,79.128,12659100000.0
43,ANTM,MRQ,2010-12-31,2010-12-31,2010-12-31,2021-10-20,224600000.0,50166900000.0,,26140800000.0,24026100000.0,,60.498,-123000000.0,1788800000.0,1788800000.0,11356600000.0,548800000.0,1.866,1.107,8953700000.0,805900000.0,8147800000.0,8953700000.0,891400000.0,158300000.0,0.0,0.0,0.0,865100000.0,1023400000.0,0.07,1023400000.0,865100000.0,752100000.0,1.44,1.42,1.44,23812600000.0,,23812600000.0,29158167614.0,6.0,5.426,464000000.0,1.179,1.0,3265400000.0,0.223,21261700000.0,113000000.0,22060600000.0,,0.0,18447400000.0,17326800000.0,1120600000.0,26354300000.0,14009500000.0,12344800000.0,22380667614.0,-457400000.0,-100000.0,-987800000.0,38400000.0,0.0,-939800000.0,-102600000.0,75800000.0,587000000.0,-2000000.0,548800000.0,548800000.0,548800000.0,0.0,0.0,0.038,2400300000.0,865100000.0,8729400000.0,0.0,0.94,7.752,8.088,1155500000.0,0.0,56.86,0.381,0.381,3920200000.0,10721600000.0,14622000000.0,14622000000.0,0.0,,,,,36400000.0,2340600000.0,1.0,393610053.0,393610053.0,,37.148,28905200000.0,493200000.0,203300000.0,2586900000.0,73.436,12131300000.0
44,ANTM,MRQ,2010-09-30,2010-09-30,2010-09-30,2021-10-20,372400000.0,51032400000.0,,26939400000.0,24093000000.0,,60.944,-110200000.0,2246200000.0,2246200000.0,11205600000.0,739100000.0,1.905,1.095,9023700000.0,806500000.0,8217200000.0,9023700000.0,989400000.0,155800000.0,0.0,0.0,0.0,1243100000.0,1398900000.0,0.096,1398900000.0,1243100000.0,1136800000.0,1.86,1.84,1.86,24361700000.0,,24361700000.0,29161945450.0,3.0,3.265,786300000.0,1.967,1.0,3366700000.0,0.231,21321900000.0,106300000.0,22346500000.0,,0.0,18933400000.0,17824100000.0,1109300000.0,26670700000.0,14141500000.0,12529200000.0,22641245450.0,218300000.0,100000.0,-439900000.0,444700000.0,0.0,167500000.0,-849000000.0,-533800000.0,896500000.0,3300000.0,739100000.0,739100000.0,739100000.0,0.0,0.0,0.051,2123600000.0,1243100000.0,8867900000.0,0.0,0.929,4.457,4.973,1206700000.0,0.0,56.64,0.359,0.359,4084800000.0,10581800000.0,14572300000.0,14572300000.0,0.0,,,,,37300000.0,2063200000.0,1.0,399739503.0,399739503.0,,36.454,29710500000.0,416000000.0,397700000.0,2683700000.0,74.325,12797900000.0
45,ANTM,MRQ,2010-06-30,2010-06-30,2010-06-30,2021-10-20,140700000.0,50160000000.0,,26081700000.0,24078300000.0,,55.691,-100300000.0,2027900000.0,2027900000.0,10985900000.0,722400000.0,1.758,1.108,8548600000.0,1213800000.0,7334800000.0,8548600000.0,1035200000.0,147200000.0,0.0,0.0,0.0,1229800000.0,1377000000.0,0.095,1377000000.0,1229800000.0,1129600000.0,1.73,1.71,1.73,23790500000.0,,23790500000.0,25766379629.0,3.0,2.896,155800000.0,0.365,1.0,3445400000.0,0.239,21382400000.0,100200000.0,20461800000.0,,0.0,17644800000.0,16559200000.0,1085600000.0,26369500000.0,14836500000.0,11533000000.0,20902279629.0,-1498300000.0,0.0,-1470100000.0,97100000.0,0.0,-1239300000.0,-511800000.0,-238700000.0,256100000.0,-3300000.0,722400000.0,722400000.0,722400000.0,0.0,0.0,0.05,2215600000.0,1229800000.0,8726900000.0,0.0,0.879,4.122,4.416,1171200000.0,0.0,48.93,0.327,0.327,4723600000.0,9997500000.0,14431300000.0,14431300000.0,0.0,,,,,41700000.0,2154700000.0,1.0,427187403.0,427187403.0,,33.782,28777600000.0,545400000.0,407200000.0,2481000000.0,67.365,11245200000.0
46,ANTM,MRQ,2010-03-31,2010-03-31,2010-03-31,2021-10-20,166800000.0,51180900000.0,,27116500000.0,24064400000.0,,55.232,-117100000.0,3526200000.0,3526200000.0,11382300000.0,876800000.0,1.831,1.087,8390300000.0,759900000.0,7630400000.0,8390300000.0,1117700000.0,139500000.0,0.0,0.0,0.0,1434700000.0,1574200000.0,0.104,1574200000.0,1434700000.0,1335300000.0,1.99,1.96,1.99,24519200000.0,,24519200000.0,32163247650.0,4.0,3.641,-440000000.0,-0.991,1.0,3690600000.0,0.245,21443500000.0,99400000.0,19791000000.0,,0.0,17740900000.0,16677000000.0,1063900000.0,26661700000.0,14810500000.0,11851200000.0,28580247650.0,-1289900000.0,-300000.0,-1318900000.0,-65800000.0,0.0,-1157700000.0,191900000.0,547800000.0,-322900000.0,-1200000.0,876800000.0,876800000.0,876800000.0,0.0,0.0,0.058,2255900000.0,1434700000.0,9039600000.0,0.0,1.166,5.668,5.967,1144500000.0,0.0,64.38,0.441,0.441,4336700000.0,9795600000.0,15072900000.0,15072900000.0,0.0,,,,,-7500000.0,2174100000.0,1.0,443930532.0,443930532.0,,33.953,29737400000.0,481600000.0,458500000.0,2881800000.0,66.987,12306000000.0
47,ANTM,MRQ,2009-12-31,2009-12-31,2009-12-31,2021-10-20,68100000.0,52125400000.0,,28070700000.0,24054700000.0,,54.246,-106100000.0,4816100000.0,4816100000.0,12067800000.0,2741800000.0,1.913,1.096,8399100000.0,60800000.0,8338300000.0,8399100000.0,1050000000.0,137100000.0,0.0,0.0,0.0,4443400000.0,4580500000.0,0.242,4580500000.0,4443400000.0,4339700000.0,5.81,5.76,5.81,24863300000.0,,24863300000.0,33736964966.0,4.0,4.014,-76400000.0,-0.167,1.0,6890100000.0,0.363,21523900000.0,103700000.0,19510800000.0,,0.0,17772300000.0,16734100000.0,1038200000.0,27262100000.0,14673700000.0,12588400000.0,26716964966.0,2973900000.0,4672300000.0,-778100000.0,-446300000.0,0.0,-1210200000.0,4163300000.0,-352100000.0,29700000.0,-8900000.0,2741800000.0,2741800000.0,2741800000.0,0.0,0.0,0.145,2446700000.0,4443400000.0,8878800000.0,0.0,1.075,5.629,5.852,1099600000.0,0.0,58.29,0.411,0.411,4160500000.0,9598500000.0,18957900000.0,18957900000.0,0.0,,,,,33600000.0,2324200000.0,1.0,458345599.0,458345599.0,,41.362,30601500000.0,523800000.0,1597900000.0,3699100000.0,66.765,13397000000.0
48,ANTM,MRQ,2009-09-30,2009-09-30,2009-09-30,2021-10-20,72500000.0,49497500000.0,,25362500000.0,24135000000.0,,48.136,-114400000.0,1842200000.0,1842200000.0,11665500000.0,730200000.0,1.795,1.165,8862200000.0,477800000.0,8384400000.0,8862200000.0,1089100000.0,139100000.0,0.0,0.0,0.0,1227800000.0,1366900000.0,0.089,1366900000.0,1227800000.0,1117200000.0,1.55,1.53,1.55,22867400000.0,,22867400000.0,29945919032.0,7.0,6.536,1325200000.0,2.79,1.0,3759600000.0,0.244,21649000000.0,110600000.0,20742100000.0,,0.0,17420800000.0,16378500000.0,1042300000.0,26630100000.0,14126400000.0,12503700000.0,22498719032.0,117600000.0,0.0,-658900000.0,-521900000.0,0.0,-1121400000.0,-201600000.0,-18500000.0,1439600000.0,1000000.0,730200000.0,730200000.0,730200000.0,0.0,0.0,0.047,2531800000.0,1227800000.0,8945300000.0,0.0,0.984,9.633,9.805,1067600000.0,0.0,47.36,0.369,0.369,3781300000.0,7126800000.0,15425100000.0,15425100000.0,0.0,,,,,35400000.0,2260300000.0,1.0,475057412.0,475057412.0,,32.47,27848500000.0,361100000.0,387000000.0,2326300000.0,58.621,11236100000.0
49,ANTM,MRQ,2009-06-30,2009-06-30,2009-06-30,2021-10-20,-423300000.0,49344300000.0,,25001400000.0,24342900000.0,,45.916,-88800000.0,1724600000.0,1724600000.0,11971200000.0,693500000.0,1.743,1.217,9171800000.0,658100000.0,8513700000.0,9171800000.0,1066900000.0,141600000.0,0.0,0.0,0.0,1169500000.0,1311100000.0,0.085,1311100000.0,1169500000.0,1052500000.0,1.44,1.43,1.44,22252900000.0,,22252900000.0,31622788583.0,9.0,7.848,288800000.0,0.596,1.0,3442000000.0,0.223,21921700000.0,117000000.0,20527500000.0,,0.0,16652300000.0,15634100000.0,1018200000.0,27091400000.0,14342300000.0,12749100000.0,24663288583.0,-653500000.0,-65200000.0,-411600000.0,-310500000.0,0.0,-864300000.0,-168000000.0,-152000000.0,377600000.0,1200000.0,693500000.0,693500000.0,693500000.0,0.0,0.0,0.045,2272500000.0,1169500000.0,9044400000.0,0.0,1.108,10.166,10.407,1038200000.0,0.0,50.89,0.407,0.407,3973200000.0,6639500000.0,15413200000.0,15413200000.0,0.0,,,,,50900000.0,2205900000.0,1.0,484639194.0,484639194.0,,31.803,27422600000.0,740700000.0,359000000.0,2302200000.0,56.584,10659100000.0
50,ANTM,MRQ,2009-03-31,2009-03-31,2009-03-31,2021-10-20,-745500000.0,49414800000.0,,12483200000.0,36931600000.0,,43.155,-68700000.0,2378100000.0,2378100000.0,11836800000.0,580400000.0,0.814,1.298,9337600000.0,810500000.0,8527100000.0,9337600000.0,1153100000.0,135700000.0,0.0,0.0,0.0,1009700000.0,1145400000.0,0.076,1145400000.0,1009700000.0,893600000.0,1.17,1.16,1.17,21508000000.0,,21508000000.0,25581493423.0,7.0,6.14,1123300000.0,2.254,1.0,3306500000.0,0.218,22222000000.0,116100000.0,18811500000.0,,0.0,15872700000.0,2601300000.0,13271400000.0,27906800000.0,15340800000.0,12566000000.0,18923793423.0,194200000.0,-1100000.0,-663300000.0,510600000.0,0.0,-206900000.0,-790900000.0,-754000000.0,1192000000.0,0.0,580400000.0,580400000.0,580400000.0,0.0,0.0,0.038,2296800000.0,1009700000.0,9673500000.0,0.0,0.88,7.621,7.765,1051800000.0,0.0,37.97,0.311,0.311,4925900000.0,5970600000.0,15143300000.0,15143300000.0,0.0,,,,,24100000.0,2228900000.0,1.0,498388028.0,498388028.0,,30.385,27192800000.0,730800000.0,313200000.0,2314500000.0,54.562,-2857600000.0
51,ANTM,MRQ,2008-12-31,2008-12-31,2008-12-31,2021-10-20,-895700000.0,48403200000.0,,12130000000.0,36273200000.0,,42.102,-108300000.0,2183900000.0,2183900000.0,12565000000.0,331400000.0,0.808,1.258,8841600000.0,1007700000.0,7833900000.0,8841600000.0,1087700000.0,134800000.0,0.0,0.0,0.0,623700000.0,758500000.0,0.05,758500000.0,623700000.0,507800000.0,0.67,0.67,0.67,21431700000.0,,21431700000.0,28390268934.0,8.0,6.818,369200000.0,0.725,1.0,2504600000.0,0.166,22288500000.0,115900000.0,17752100000.0,,0.0,15218700000.0,2676400000.0,12542300000.0,26971500000.0,15020300000.0,11951200000.0,21445868934.0,-86700000.0,0.0,-211900000.0,-421900000.0,0.0,-736700000.0,172500000.0,198900000.0,477500000.0,0.0,331400000.0,331400000.0,331400000.0,0.0,0.0,0.022,1880900000.0,623700000.0,9576000000.0,0.0,1.001,8.61,8.795,1054500000.0,0.0,42.13,0.35,0.35,4416800000.0,5479400000.0,15069600000.0,15069600000.0,0.0,,,,,25600000.0,1809800000.0,1.0,509040326.0,509040326.0,,29.604,26114700000.0,938900000.0,176400000.0,2098900000.0,51.302,-2890300000.0
52,ANTM,MRQ,2008-09-30,2008-09-30,2008-09-30,2021-10-20,-515000000.0,49758600000.0,,12677900000.0,37080700000.0,,42.386,-79900000.0,2270600000.0,2270600000.0,11859700000.0,820700000.0,0.842,1.296,9215000000.0,723700000.0,8491300000.0,9215000000.0,1050600000.0,146800000.0,0.0,0.0,0.0,667800000.0,814600000.0,0.054,814600000.0,667800000.0,549400000.0,1.61,1.6,1.61,21673300000.0,,21673300000.0,31410600861.0,7.0,6.285,818600000.0,1.601,1.0,3101300000.0,0.207,22477200000.0,118400000.0,19163700000.0,,0.0,16063100000.0,3202900000.0,12860200000.0,28085300000.0,15062100000.0,13023200000.0,23915100861.0,-3200000.0,-91200000.0,-152000000.0,-669400000.0,0.0,-902500000.0,800000.0,123700000.0,898500000.0,0.0,820700000.0,820700000.0,820700000.0,0.0,0.0,0.055,2433500000.0,667800000.0,9711400000.0,0.0,1.103,7.923,8.278,1019400000.0,0.0,46.77,0.387,0.387,4613300000.0,5167200000.0,14961000000.0,14961000000.0,0.0,,,,,38500000.0,2220200000.0,1.0,511334207.0,511334207.0,,29.259,27281400000.0,741700000.0,-271300000.0,2515600000.0,53.353,-2384200000.0
53,ANTM,MRQ,2008-06-30,2008-06-30,2008-06-30,2021-10-20,-226200000.0,50975900000.0,,13040400000.0,37935500000.0,,40.394,-70200000.0,2273800000.0,2273800000.0,12074100000.0,750500000.0,0.896,1.398,9769300000.0,19200000.0,9750100000.0,9769300000.0,1054600000.0,145400000.0,0.0,0.0,0.0,1302500000.0,1447900000.0,0.092,1447900000.0,1302500000.0,1186000000.0,1.44,1.44,1.44,21254500000.0,,21254500000.0,31811919602.0,6.0,5.465,48000000.0,0.091,1.0,3592700000.0,0.229,22623800000.0,116500000.0,21289400000.0,,0.0,17198300000.0,3581900000.0,13616400000.0,29721400000.0,14558200000.0,15163200000.0,25077619602.0,-278300000.0,-101100000.0,-840200000.0,489700000.0,0.0,-389200000.0,-7300000.0,149700000.0,118200000.0,0.0,750500000.0,750500000.0,750500000.0,0.0,0.0,0.048,2290200000.0,1302500000.0,9833900000.0,0.0,1.18,8.18,8.65,1014200000.0,0.0,47.66,0.404,0.404,4478000000.0,4396800000.0,15666800000.0,15666800000.0,0.0,,,,,50000000.0,2218600000.0,1.0,526177499.0,526177499.0,,29.775,28352100000.0,722100000.0,435500000.0,2919600000.0,53.883,-1517800000.0
54,ANTM,MRQ,2008-03-31,2008-03-31,2008-03-31,2021-10-20,-6100000.0,51555700000.0,,13409500000.0,38146200000.0,,39.68,-74500000.0,2552100000.0,2552100000.0,12235400000.0,588100000.0,0.877,1.397,9286400000.0,19900000.0,9266500000.0,9286400000.0,1151000000.0,144700000.0,0.0,0.0,0.0,998200000.0,1142900000.0,0.073,1142900000.0,998200000.0,879200000.0,1.08,1.07,1.08,21504100000.0,,21504100000.0,30191805492.0,6.0,5.082,966700000.0,1.784,1.0,3318300000.0,0.213,22579100000.0,119000000.0,20419300000.0,,0.0,17696300000.0,3845700000.0,13850600000.0,30051600000.0,15291600000.0,14760000000.0,23915805492.0,-215800000.0,-400000.0,-1950900000.0,330100000.0,0.0,-1707200000.0,450200000.0,489400000.0,1041200000.0,0.0,588100000.0,588100000.0,588100000.0,0.0,0.0,0.038,2320100000.0,998200000.0,10197500000.0,0.0,1.112,7.591,8.112,1002700000.0,0.0,44.13,0.388,0.388,4327500000.0,3954200000.0,15553700000.0,15553700000.0,0.0,,,,,25900000.0,2248600000.0,1.0,541939848.0,541939848.0,,28.7,28976600000.0,642100000.0,291100000.0,3254000000.0,53.468,-1882100000.0
55,ANTM,MRQ,2007-12-31,2007-12-31,2007-12-31,2021-10-20,156100000.0,52060000000.0,,13031800000.0,39028200000.0,,40.24,-105800000.0,2767900000.0,2767900000.0,11927000000.0,859100000.0,0.906,1.264,9043900000.0,20400000.0,9023500000.0,9043900000.0,1114600000.0,144100000.0,0.0,0.0,0.0,1448100000.0,1592200000.0,0.102,1592200000.0,1448100000.0,1322800000.0,1.52,1.5,1.52,22990400000.0,,22990400000.0,56001211769.0,10.0,8.9,998500000.0,1.748,1.0,3643000000.0,0.234,22656200000.0,125300000.0,21291600000.0,,0.0,18481900000.0,3766600000.0,14715300000.0,29069600000.0,14388200000.0,14681400000.0,50122711769.0,-56100000.0,0.0,-1647000000.0,192400000.0,0.0,-1480100000.0,319700000.0,461800000.0,1104300000.0,0.0,859100000.0,859100000.0,859100000.0,0.0,0.0,0.055,2194900000.0,1448100000.0,9602300000.0,0.0,2.18,14.983,15.555,995900000.0,0.0,87.73,0.819,0.819,3866500000.0,4387600000.0,15570000000.0,15570000000.0,0.0,,,,,11600000.0,2119700000.0,1.0,571329212.0,571329212.0,,27.252,29403800000.0,560500000.0,463700000.0,3004400000.0,51.466,-1356400000.0
56,ANTM,MRQ,2007-09-30,2007-09-30,2007-09-30,2021-10-20,79300000.0,52899700000.0,,13687700000.0,39212000000.0,,39.442,-46400000.0,2824000000.0,2824000000.0,11487300000.0,868000000.0,0.908,1.235,8702500000.0,321500000.0,8381000000.0,8702500000.0,985700000.0,146600000.0,0.0,0.0,0.0,1491000000.0,1637600000.0,0.107,1637600000.0,1491000000.0,1371400000.0,1.47,1.45,1.47,23673900000.0,,23673900000.0,51336379771.0,9.0,8.229,486900000.0,0.811,1.0,3754700000.0,0.246,22841400000.0,119600000.0,20857800000.0,,0.0,18850200000.0,3966000000.0,14884200000.0,29225800000.0,15079000000.0,14146800000.0,47369279771.0,-1381100000.0,-298500000.0,-2300600000.0,631600000.0,0.0,-1748400000.0,-166000000.0,94500000.0,533300000.0,0.0,868000000.0,868000000.0,868000000.0,0.0,0.0,0.057,2263700000.0,1491000000.0,9815000000.0,0.0,2.001,14.409,14.561,957800000.0,0.0,78.92,0.787,0.787,3962800000.0,4612000000.0,15242000000.0,15242000000.0,0.0,,,,,37200000.0,2189900000.0,1.0,600218953.0,600218953.0,,25.394,30058300000.0,563500000.0,503400000.0,2936400000.0,50.079,-1391300000.0
57,ANTM,MRQ,2007-06-30,2007-06-30,2007-06-30,2021-10-20,7700000.0,54194100000.0,,15151800000.0,39042300000.0,,40.721,-55900000.0,4205100000.0,4205100000.0,11519300000.0,835200000.0,0.961,1.169,8172200000.0,520000000.0,7652200000.0,8172200000.0,1665700000.0,151400000.0,0.0,0.0,0.0,1417400000.0,1568800000.0,0.103,1568800000.0,1417400000.0,1317300000.0,1.37,1.35,1.37,24988800000.0,,24988800000.0,52692545281.0,10.0,8.62,670000000.0,1.092,1.0,3748600000.0,0.246,22592300000.0,100100000.0,19799400000.0,,0.0,18813600000.0,3836800000.0,14976800000.0,29205300000.0,15769500000.0,13435800000.0,48988045281.0,803100000.0,0.0,-1046400000.0,1076200000.0,0.0,337600000.0,-260400000.0,39600000.0,725900000.0,0.0,835200000.0,835200000.0,835200000.0,0.0,0.0,0.055,2331200000.0,1417400000.0,9707200000.0,0.0,1.96,15.166,15.177,968700000.0,0.0,79.83,0.825,0.825,3888000000.0,5122100000.0,15267900000.0,15267900000.0,0.0,,,,,-14100000.0,2260300000.0,1.0,613654582.0,613654582.0,,24.88,31601800000.0,756200000.0,482100000.0,2897100000.0,51.498,-617700000.0
58,ANTM,MRQ,2007-03-31,2007-03-31,2007-03-31,2021-10-20,102300000.0,53489200000.0,,14018400000.0,39470800000.0,,41.049,-56600000.0,3402000000.0,3402000000.0,11536300000.0,783100000.0,0.89,1.128,7106500000.0,520900000.0,6585600000.0,7106500000.0,1655800000.0,144100000.0,0.0,0.0,0.0,1349300000.0,1493400000.0,0.099,1493400000.0,1349300000.0,1246400000.0,1.28,1.26,1.28,25139400000.0,,25139400000.0,54080015909.0,10.0,9.012,1924500000.0,3.142,1.0,3551700000.0,0.235,22775000000.0,102900000.0,18663500000.0,,0.0,18998000000.0,3781200000.0,15216800000.0,28349800000.0,15755200000.0,12594600000.0,49667915909.0,799900000.0,0.0,-372900000.0,-45900000.0,0.0,-519000000.0,-662200000.0,-747600000.0,1981100000.0,0.0,783100000.0,783100000.0,783100000.0,0.0,0.0,0.052,2202400000.0,1349300000.0,9351300000.0,0.0,1.976,15.787,15.933,979200000.0,0.0,81.1,0.852,0.852,3936200000.0,5071100000.0,15088000000.0,15088000000.0,0.0,,,,,-10900000.0,2131600000.0,1.0,612428063.0,612428063.0,,24.636,30714200000.0,665500000.0,463300000.0,3431900000.0,50.152,-1736800000.0
59,ANTM,MRQ,2006-12-31,2006-12-31,2006-12-31,2021-10-20,50100000.0,51574900000.0,,11621800000.0,39953100000.0,,39.637,-68300000.0,2602100000.0,2602100000.0,10886800000.0,801100000.0,0.768,1.099,7014200000.0,521000000.0,6493200000.0,7014200000.0,987900000.0,154700000.0,0.0,0.0,0.0,1383800000.0,1538500000.0,0.105,1538500000.0,1383800000.0,1283800000.0,1.3,1.28,1.3,24575800000.0,,24575800000.0,53903662641.0,10.0,9.101,1362600000.0,2.198,1.0,3712400000.0,0.254,22779700000.0,100000000.0,18068800000.0,,0.0,18210100000.0,2522700000.0,15687400000.0,26999100000.0,15138500000.0,11860600000.0,48789462641.0,372600000.0,-400000.0,-453000000.0,-338500000.0,0.0,-762700000.0,-295600000.0,206400000.0,1430900000.0,0.0,801100000.0,801100000.0,801100000.0,0.0,0.0,0.055,2328600000.0,1383800000.0,9562000000.0,0.0,1.985,15.764,15.961,988600000.0,0.0,78.69,0.855,0.855,3508000000.0,4656100000.0,14599200000.0,14599200000.0,0.0,,,,,11500000.0,2254300000.0,1.0,620021129.0,620021129.0,,23.546,28795200000.0,642600000.0,482700000.0,3888400000.0,46.442,-3516700000.0
60,ANTM,MRQ,2006-09-30,2006-09-30,2006-09-30,2021-10-20,18900000.0,51484200000.0,,11637000000.0,39847200000.0,,38.954,-46400000.0,2229500000.0,2229500000.0,10815700000.0,810800000.0,0.778,1.132,7343700000.0,221500000.0,7122200000.0,7343700000.0,1057700000.0,151600000.0,0.0,0.0,0.0,1360200000.0,1511800000.0,0.105,1511800000.0,1360200000.0,1254600000.0,1.31,1.29,1.31,24143400000.0,,24143400000.0,53289695130.0,11.0,9.483,568300000.0,0.917,1.0,3633700000.0,0.251,22924900000.0,105600000.0,18722900000.0,,0.0,18104200000.0,2680800000.0,15423400000.0,27340800000.0,14950600000.0,12390200000.0,47755295130.0,295100000.0,-25000000.0,-203100000.0,125200000.0,0.0,168400000.0,-488000000.0,-221300000.0,614700000.0,0.0,810800000.0,810800000.0,810800000.0,0.0,0.0,0.056,2273500000.0,1360200000.0,9502800000.0,0.0,1.978,16.211,16.429,993400000.0,0.0,77.05,0.887,0.887,3727900000.0,4167100000.0,14449400000.0,14449400000.0,0.0,,,,,20200000.0,2198700000.0,1.0,619796173.0,619796173.0,,23.313,28559300000.0,784500000.0,443800000.0,3863100000.0,46.079,-3313600000.0
61,ANTM,MRQ,2006-06-30,2006-06-30,2006-06-30,2021-10-20,-196200000.0,50091800000.0,,10585100000.0,39506700000.0,,36.456,-37800000.0,1934400000.0,1934400000.0,10597300000.0,751200000.0,0.738,1.156,7468800000.0,22400000.0,7446400000.0,7468800000.0,1596500000.0,150200000.0,0.0,0.0,0.0,1307200000.0,1457400000.0,0.103,1457400000.0,1307200000.0,1203300000.0,1.2,1.17,1.2,23237800000.0,,23237800000.0,51385683734.0,11.0,9.652,163200000.0,0.256,1.0,3573800000.0,0.252,22987300000.0,103900000.0,18296200000.0,,0.0,17479500000.0,2384700000.0,15094800000.0,26854000000.0,14342700000.0,12511300000.0,46385683734.0,-205600000.0,0.0,-1619700000.0,735500000.0,0.0,-1345600000.0,939000000.0,489300000.0,201000000.0,0.0,751200000.0,751200000.0,751200000.0,0.0,0.0,0.053,2266600000.0,1307200000.0,8532000000.0,0.0,1.996,16.711,16.427,1014900000.0,0.0,72.77,0.918,0.918,3509500000.0,3581500000.0,14171100000.0,14171100000.0,0.0,,,,,60400000.0,2192100000.0,1.0,637428662.0,637428662.0,,22.232,27104500000.0,728800000.0,452100000.0,3813400000.0,42.522,-3757600000.0
62,ANTM,MRQ,2006-03-31,2006-03-31,2006-03-31,2021-10-20,-73900000.0,51365700000.0,,11011800000.0,40353900000.0,,36.701,-35000000.0,2140000000.0,2140000000.0,10325400000.0,731800000.0,0.71,1.13,7140000000.0,476100000.0,6663900000.0,7140000000.0,1635300000.0,148400000.0,0.0,0.0,0.0,1266700000.0,1415100000.0,0.102,1415100000.0,1266700000.0,1172700000.0,1.12,1.09,1.12,24112900000.0,,24112900000.0,54937666837.0,12.0,11.037,1762600000.0,2.683,1.0,3513100000.0,0.254,23078100000.0,94000000.0,17775500000.0,,0.0,18341800000.0,2524000000.0,15817800000.0,27252800000.0,15512100000.0,11740700000.0,50871966837.0,-600200000.0,0.0,-1714900000.0,92200000.0,0.0,-1785100000.0,-612700000.0,-751700000.0,1797600000.0,0.0,731800000.0,731800000.0,731800000.0,0.0,0.0,0.053,2246400000.0,1266700000.0,8976500000.0,0.0,2.11,19.688,18.658,1047400000.0,0.0,77.43,1.071,1.071,3303200000.0,3775700000.0,13838500000.0,13838500000.0,0.0,,,,,18300000.0,2172600000.0,1.0,657005900.0,657005900.0,,21.063,28287600000.0,505000000.0,440900000.0,4128600000.0,43.055,-4500300000.0
63,ANTM,MRQ,2005-12-31,2005-12-31,2005-12-31,2021-10-20,-20300000.0,51287200000.0,,11448500000.0,39838700000.0,,40.56,-40800000.0,2740200000.0,2740200000.0,8342600000.0,652000000.0,0.775,1.052,6805900000.0,481200000.0,6324700000.0,6805900000.0,1057100000.0,135800000.0,0.0,0.0,0.0,1099400000.0,1235200000.0,0.109,1235200000.0,1099400000.0,1041400000.0,1.06,1.04,1.06,24993100000.0,,24993100000.0,51381014437.0,12.0,10.995,774300000.0,1.257,1.0,3022500000.0,0.266,23155500000.0,58000000.0,17419000000.0,,0.0,17595800000.0,2489800000.0,15106000000.0,26294100000.0,14778400000.0,11515700000.0,49166614437.0,576900000.0,-2166700000.0,56100000.0,2523900000.0,0.0,2965400000.0,-3203600000.0,-607100000.0,815100000.0,0.0,652000000.0,652000000.0,652000000.0,0.0,0.0,0.057,1923100000.0,1099400000.0,9285500000.0,0.0,1.967,19.956,19.799,1078600000.0,0.0,79.79,1.102,1.102,2960100000.0,4173500000.0,11365100000.0,11365100000.0,0.0,,,,,20700000.0,1862900000.0,1.0,616200206.0,616200206.0,,18.444,28131700000.0,689000000.0,389400000.0,4100500000.0,45.654,-3329900000.0
64,ANTM,MRQ,2005-09-30,2005-09-30,2005-09-30,2021-10-20,52800000.0,41855600000.0,,21572400000.0,20283200000.0,,34.606,-31900000.0,2163300000.0,2163300000.0,8170000000.0,640700000.0,1.756,0.971,4377700000.0,459600000.0,3918100000.0,4377700000.0,1173000000.0,136600000.0,0.0,0.0,0.0,1079500000.0,1216100000.0,0.109,1216100000.0,1079500000.0,1023400000.0,1.05,1.02,1.05,21234700000.0,,21234700000.0,49193727602.0,15.0,12.652,697200000.0,1.136,1.0,2986900000.0,0.268,18190900000.0,56100000.0,13597200000.0,,0.0,15272800000.0,14579400000.0,693400000.0,20620900000.0,12281900000.0,8339000000.0,46524527602.0,210000000.0,-17600000.0,91400000.0,-25300000.0,0.0,331200000.0,-850300000.0,-535700000.0,729100000.0,0.0,640700000.0,640700000.0,640700000.0,0.0,0.0,0.057,1907400000.0,1079500000.0,7517500000.0,0.0,2.191,23.305,22.769,966800000.0,0.0,75.82,1.164,1.164,2702900000.0,3521500000.0,11156900000.0,11156900000.0,0.0,,,,,24200000.0,1847800000.0,1.0,613618143.0,613618143.0,,18.182,23664700000.0,342600000.0,382700000.0,3273700000.0,38.566,9290500000.0
65,ANTM,MRQ,2005-06-30,2005-06-30,2005-06-30,2021-10-20,129800000.0,41691300000.0,,21456800000.0,20234500000.0,,33.547,-43300000.0,1953300000.0,1953300000.0,8300700000.0,559400000.0,1.679,1.029,4622500000.0,612700000.0,4009800000.0,4622500000.0,1052800000.0,155800000.0,0.0,0.0,0.0,955500000.0,1111300000.0,0.1,1111300000.0,955500000.0,896600000.0,0.92,0.9,0.92,20551700000.0,,20551700000.0,45445194545.0,17.0,14.487,616600000.0,1.006,1.0,2848300000.0,0.255,18166800000.0,58900000.0,13411700000.0,,0.0,15375100000.0,14664000000.0,711100000.0,21139600000.0,12782000000.0,8357600000.0,42662894545.0,462400000.0,-202300000.0,-219900000.0,191100000.0,0.0,-128200000.0,-69300000.0,75800000.0,659900000.0,0.0,559400000.0,559400000.0,559400000.0,0.0,0.0,0.05,1892800000.0,955500000.0,7993000000.0,0.0,2.076,26.703,22.108,999600000.0,0.0,69.64,1.269,1.269,3000300000.0,2880900000.0,11149000000.0,11149000000.0,0.0,,,,,20600000.0,1832900000.0,1.0,612620542.0,612620542.0,,18.199,23524500000.0,302700000.0,337200000.0,3139700000.0,38.4,8674800000.0
66,ANTM,MRQ,2005-03-31,2005-03-31,2005-03-31,2021-10-20,-5400000.0,40487900000.0,,20480100000.0,20007800000.0,,32.79,-35600000.0,1490900000.0,1490900000.0,8172700000.0,611700000.0,1.728,1.024,4273200000.0,0.0,4273200000.0,4273200000.0,1087500000.0,128400000.0,0.0,0.0,0.0,982100000.0,1110500000.0,0.101,1110500000.0,982100000.0,928900000.0,1.01,0.98,1.01,20000700000.0,,20000700000.0,41049436562.0,19.0,16.531,895800000.0,1.469,1.0,2770400000.0,0.253,17913700000.0,53200000.0,13503100000.0,,0.0,15015500000.0,14275700000.0,739800000.0,20487200000.0,11853400000.0,8633800000.0,38229936562.0,33700000.0,-110300000.0,168300000.0,-215400000.0,0.0,130700000.0,-1028400000.0,-704700000.0,931400000.0,0.0,611700000.0,611700000.0,611700000.0,0.0,0.0,0.056,1788300000.0,982100000.0,7426500000.0,0.0,1.911,29.956,20.283,1018700000.0,0.0,62.675,1.412,1.412,2633300000.0,2506800000.0,10943100000.0,10943100000.0,0.0,,,,,15700000.0,1729100000.0,1.0,609971066.0,609971066.0,,17.94,22574200000.0,460500000.0,317200000.0,3154700000.0,37.009,8626700000.0
67,ANTM,MRQ,2004-12-31,2004-12-31,2004-12-31,2021-10-20,145800000.0,39738400000.0,,19357500000.0,20380900000.0,,70.103,-43600000.0,1457200000.0,1457200000.0,4981000000.0,184500000.0,1.671,1.042,4450400000.0,160900000.0,4289500000.0,4450400000.0,1046600000.0,88100000.0,0.0,0.0,0.0,362300000.0,450400000.0,0.067,450400000.0,362300000.0,317400000.0,0.35,0.33,0.35,19459000000.0,,19459000000.0,17089965705.0,11.0,9.214,344500000.0,1.241,1.0,1738000000.0,0.259,18229500000.0,44900000.0,12920900000.0,,0.0,14335000000.0,13586900000.0,748100000.0,20279400000.0,11581200000.0,8698200000.0,15960765705.0,746600000.0,-2239900000.0,323600000.0,1983900000.0,0.0,2065500000.0,-1707000000.0,318800000.0,388100000.0,0.0,184500000.0,184500000.0,184500000.0,0.0,0.0,0.027,1229600000.0,508400000.0,7167000000.0,0.0,0.82,16.624,18.254,1045200000.0,0.0,57.5,0.771,0.771,2306400000.0,1960100000.0,6719000000.0,6719000000.0,0.0,,,,,10000000.0,1140400000.0,1.0,277578534.0,277578534.0,,24.206,21508900000.0,434000000.0,132900000.0,3015200000.0,77.488,7776300000.0
68,ANTM,MRQ,2004-09-30,2004-09-30,2004-09-30,2021-10-20,108600000.0,14136500000.0,,9626700000.0,4509800000.0,,24.356,-31700000.0,769800000.0,769800000.0,3608000000.0,242100000.0,2.0,1.079,1899000000.0,378600000.0,1520400000.0,1899000000.0,395500000.0,59500000.0,0.0,0.0,0.0,405300000.0,464800000.0,0.097,464800000.0,405300000.0,372400000.0,0.87,0.85,0.87,6800700000.0,,6800700000.0,13124798751.0,8.0,7.2,378600000.0,1.356,1.0,1199200000.0,0.249,3638000000.0,32900000.0,6814100000.0,,0.0,7237100000.0,7237100000.0,0.0,7335800000.0,4813600000.0,2522200000.0,12181098751.0,-379800000.0,0.0,-67800000.0,5700000.0,0.0,-62100000.0,-728000000.0,-696300000.0,410300000.0,0.0,242100000.0,242100000.0,242100000.0,0.0,0.0,0.05,793900000.0,405300000.0,445700000.0,0.0,1.791,12.374,12.271,499800000.0,0.0,43.625,0.666,0.666,1601100000.0,1882300000.0,4807200000.0,4807200000.0,0.0,,,,,0.0,782600000.0,1.0,279222894.0,279222894.0,,17.216,10498500000.0,5500000.0,130300000.0,533000000.0,37.599,4813100000.0
69,ANTM,MRQ,2004-06-30,2004-06-30,2004-06-30,2021-10-20,47000000.0,13658500000.0,,9142900000.0,4515600000.0,,23.672,-27800000.0,1149500000.0,1149500000.0,3412200000.0,237900000.0,2.079,1.081,2093200000.0,428600000.0,1664600000.0,2093200000.0,384700000.0,62700000.0,0.0,0.0,0.0,394800000.0,457500000.0,0.099,457500000.0,394800000.0,362600000.0,0.86,0.83,0.86,6563100000.0,,6563100000.0,13741798117.0,9.0,7.787,-58300000.0,-0.21,1.0,1195700000.0,0.259,3651500000.0,32200000.0,6553100000.0,,0.0,6442300000.0,6442300000.0,0.0,7095400000.0,4397600000.0,2697800000.0,12415398117.0,404100000.0,0.0,12500000.0,0.0,0.0,12500000.0,422100000.0,449900000.0,-30500000.0,0.0,237900000.0,237900000.0,237900000.0,0.0,0.0,0.052,800900000.0,394800000.0,354500000.0,0.0,1.892,13.225,13.19,499000000.0,0.0,44.78,0.7,0.7,1459400000.0,1687800000.0,4607900000.0,4607900000.0,0.0,,,,,0.0,789700000.0,1.0,277253196.0,277253196.0,,16.62,10007000000.0,47200000.0,124700000.0,504600000.0,36.093,4745300000.0
70,ANTM,MRQ,2004-03-31,2004-03-31,2004-03-31,2021-10-20,163500000.0,13929900000.0,,9383700000.0,4546200000.0,,23.003,-24600000.0,745900000.0,745900000.0,3374400000.0,295600000.0,1.915,1.192,2072300000.0,408600000.0,1663700000.0,2072300000.0,429200000.0,58800000.0,0.0,0.0,0.0,423200000.0,482000000.0,0.105,482000000.0,423200000.0,390900000.0,1.07,1.04,1.07,6355500000.0,,6355500000.0,14063398373.0,10.0,8.375,286000000.0,1.035,1.0,1199400000.0,0.262,3664400000.0,32300000.0,6691800000.0,,0.0,7176700000.0,7176700000.0,0.0,7574400000.0,4900100000.0,2674300000.0,12521698373.0,221800000.0,0.0,30200000.0,0.0,0.0,30200000.0,-119000000.0,-94400000.0,310600000.0,0.0,295600000.0,295600000.0,295600000.0,0.0,0.0,0.065,776200000.0,423200000.0,372400000.0,0.0,1.97,14.258,14.274,503300000.0,0.0,45.32,0.726,0.726,1454700000.0,1449900000.0,4573800000.0,4573800000.0,0.0,,,,,0.0,765000000.0,1.0,276295198.0,276295198.0,,16.554,10265500000.0,3800000.0,95300000.0,678400000.0,37.154,4483600000.0
71,ANTM,MRQ,2003-12-31,2003-12-31,2003-12-31,2021-10-20,138700000.0,13414600000.0,,8775100000.0,4639500000.0,,21.695,-23400000.0,464500000.0,464500000.0,3116000000.0,208800000.0,1.838,1.236,1662800000.0,0.0,1662800000.0,1662800000.0,411100000.0,61400000.0,0.0,0.0,0.0,357200000.0,418600000.0,0.097,418600000.0,357200000.0,324600000.0,0.755,0.74,0.755,5999900000.0,,5999900000.0,11753700950.0,9.0,7.401,409900000.0,1.482,1.0,1188900000.0,0.276,3677100000.0,32600000.0,6160600000.0,,0.0,7013700000.0,6849000000.0,164700000.0,7414700000.0,4775200000.0,2639500000.0,10371100950.0,-205600000.0,-300000.0,-53900000.0,0.0,0.0,-53900000.0,-585000000.0,-561300000.0,433300000.0,0.0,208800000.0,208800000.0,208800000.0,0.0,0.0,0.049,835700000.0,353200000.0,2742200000.0,0.0,1.729,13.394,13.393,510500000.0,0.0,37.5,0.618,0.618,1016000000.0,1154300000.0,4304900000.0,4304900000.0,0.0,,,,,0.0,823700000.0,1.0,276562692.0,276562692.0,,15.566,9737500000.0,0.0,115800000.0,670300000.0,35.209,3999900000.0
72,ANTM,MRQ,2003-09-30,2003-09-30,2003-09-30,2021-10-20,151600000.0,13205200000.0,,8634400000.0,4570800000.0,,21.112,-28100000.0,726700000.0,726700000.0,3123300000.0,196500000.0,1.832,1.256,2109300000.0,447300000.0,1662000000.0,2109300000.0,357000000.0,65100000.0,0.0,0.0,0.0,341500000.0,406600000.0,0.095,406600000.0,341500000.0,308600000.0,0.71,0.69,0.71,5853000000.0,,5853000000.0,11395698767.0,9.0,7.473,303400000.0,1.094,1.0,1138500000.0,0.267,3697200000.0,32900000.0,6178200000.0,,0.0,6507300000.0,6507300000.0,0.0,7352200000.0,4712400000.0,2639800000.0,9887798767.0,194200000.0,600000.0,-30000000.0,-100000000.0,0.0,-130000000.0,-7300000.0,20200000.0,331500000.0,0.0,196500000.0,196500000.0,196500000.0,0.0,0.0,0.046,795400000.0,343100000.0,435000000.0,0.0,1.689,13.409,13.408,520300000.0,0.0,35.665,0.6,0.6,1390400000.0,982200000.0,4261800000.0,4261800000.0,0.0,,,,,0.0,783500000.0,1.0,277240958.0,277240958.0,,15.372,9508000000.0,5100000.0,112100000.0,592200000.0,34.295,3922000000.0
73,ANTM,MRQ,2003-06-30,2003-06-30,2003-06-30,2021-10-20,200300000.0,12908900000.0,,8541500000.0,4367400000.0,,20.737,-36000000.0,529600000.0,529600000.0,3017300000.0,177300000.0,1.821,1.251,2037500000.0,376400000.0,1661100000.0,2037500000.0,334700000.0,62100000.0,0.0,0.0,0.0,310000000.0,372100000.0,0.09,372100000.0,310000000.0,277200000.0,0.64,0.625,0.64,5734300000.0,,5734300000.0,12199819150.0,10.0,8.58,109200000.0,0.395,1.0,1097100000.0,0.267,3713800000.0,32800000.0,6013400000.0,,0.0,6674000000.0,6674000000.0,0.0,7174600000.0,4689600000.0,2485000000.0,10667019150.0,12000000.0,-5800000.0,2100000.0,0.0,0.0,2100000.0,-135300000.0,-93500000.0,145200000.0,0.0,177300000.0,177300000.0,177300000.0,0.0,0.0,0.043,785700000.0,311400000.0,370900000.0,0.0,1.86,14.98,14.751,524500000.0,0.0,38.575,0.675,0.675,1311800000.0,804700000.0,4114400000.0,4114400000.0,0.0,,,,,0.0,773900000.0,1.0,276526744.0,276526744.0,,14.879,9195100000.0,6800000.0,99900000.0,602100000.0,33.252,3851900000.0
74,ANTM,MRQ,2003-03-31,2003-03-31,2003-03-31,2021-10-20,121500000.0,12506900000.0,,8123100000.0,4383800000.0,,19.769,-13800000.0,511400000.0,511400000.0,3036600000.0,191700000.0,1.761,1.284,2044200000.0,383900000.0,1660300000.0,2044200000.0,328500000.0,56400000.0,0.0,0.0,0.0,334400000.0,390800000.0,0.095,390800000.0,334400000.0,301500000.0,0.69,0.68,0.69,5476000000.0,,5476000000.0,10448907046.0,10.0,8.334,235200000.0,0.849,1.0,1063700000.0,0.259,3746700000.0,32900000.0,5681300000.0,,0.0,6394100000.0,6394100000.0,0.0,7030900000.0,4611700000.0,2419200000.0,9175607046.0,-231000000.0,-1100000.0,-78400000.0,0.0,0.0,-78400000.0,-401600000.0,-386700000.0,249000000.0,0.0,191700000.0,191700000.0,191700000.0,0.0,0.0,0.047,728300000.0,335400000.0,356500000.0,0.0,1.676,14.315,13.303,519900000.0,0.0,33.125,0.629,0.629,1196300000.0,636100000.0,4100300000.0,4100300000.0,0.0,,,,,0.0,716400000.0,1.0,276999458.0,276999458.0,,14.803,8760200000.0,7400000.0,109800000.0,544800000.0,31.625,3511400000.0
75,ANTM,MRQ,2002-12-31,2002-12-31,2002-12-31,2021-10-20,122700000.0,12439300000.0,,7876500000.0,4562800000.0,,18.955,-33500000.0,744000000.0,744000000.0,2908100000.0,171900000.0,1.77,1.32,2017300000.0,357900000.0,1659400000.0,2017300000.0,326600000.0,56000000.0,0.0,0.0,0.0,299500000.0,355500000.0,0.089,355500000.0,299500000.0,266400000.0,0.62,0.605,0.62,5362300000.0,,5362300000.0,9962547362.0,11.0,9.416,336700000.0,1.19,1.0,1092200000.0,0.273,3759500000.0,33100000.0,5504200000.0,,0.0,5948100000.0,5948100000.0,0.0,7077000000.0,4448900000.0,2628100000.0,8896947362.0,-217100000.0,500000.0,-133000000.0,0.0,0.0,-133200000.0,-454100000.0,-421100000.0,370200000.0,0.0,171900000.0,171900000.0,171900000.0,0.0,0.0,0.043,794800000.0,297400000.0,471800000.0,0.0,1.659,16.203,13.644,537400000.0,0.0,31.45,0.669,0.669,1161500000.0,481300000.0,4000300000.0,4000300000.0,0.0,,,,,0.0,781400000.0,1.0,282891808.0,282891808.0,,14.141,8679800000.0,11700000.0,94500000.0,499700000.0,30.682,3427600000.0
76,ANTM,MRQ,2002-09-30,2002-09-30,2002-09-30,2021-10-20,122000000.0,12235200000.0,,7793600000.0,4441600000.0,,25.877,-34700000.0,964100000.0,964100000.0,2626600000.0,171200000.0,1.749,1.298,2029700000.0,371200000.0,1658500000.0,2029700000.0,562500000.0,45100000.0,0.0,0.0,0.0,258400000.0,303500000.0,0.085,303500000.0,258400000.0,228100000.0,0.665,0.645,0.665,5325300000.0,,5325300000.0,7106069995.0,9.0,7.992,345800000.0,1.68,1.0,952800000.0,0.266,3788700000.0,30300000.0,5056400000.0,,0.0,5688300000.0,5688300000.0,0.0,6909900000.0,4455700000.0,2454200000.0,6688169995.0,246300000.0,-771100000.0,-54600000.0,938500000.0,0.0,879800000.0,-1014000000.0,-208200000.0,380500000.0,0.0,171200000.0,171200000.0,171200000.0,0.0,0.0,0.048,693100000.0,259700000.0,413500000.0,0.0,1.256,14.386,15.55,536700000.0,0.0,32.5,0.559,0.559,1130800000.0,372600000.0,3579400000.0,3579400000.0,0.0,,,,,0.0,683700000.0,1.0,205789846.0,205789846.0,,17.393,8446500000.0,0.0,56900000.0,74600000.0,41.044,3337900000.0
77,ANTM,MRQ,2002-06-30,2002-06-30,2002-06-30,2021-10-20,44100000.0,6641400000.0,,5670200000.0,971200000.0,,10.792,-14400000.0,706100000.0,706100000.0,2174800000.0,106200000.0,1.834,1.977,1124000000.0,304700000.0,819300000.0,1124000000.0,302700000.0,27400000.0,0.0,0.0,0.0,176500000.0,203900000.0,0.07,203900000.0,176500000.0,159000000.0,0.515,0.505,0.515,2230700000.0,,2230700000.0,7656733556.0,11.0,9.517,45700000.0,0.221,1.0,725300000.0,0.25,471900000.0,17500000.0,3495300000.0,,0.0,4000000000.0,4000000000.0,0.0,4410700000.0,3092100000.0,1318600000.0,6973733556.0,209400000.0,-7500000.0,-37500000.0,0.0,0.0,-37400000.0,186700000.0,208600000.0,60100000.0,0.0,106200000.0,106200000.0,106200000.0,0.0,0.0,0.037,548500000.0,176800000.0,247300000.0,0.0,3.126,17.211,17.17,396500000.0,0.0,33.74,0.632,0.632,946000000.0,234800000.0,2900100000.0,2900100000.0,0.0,,,,,0.0,544400000.0,1.0,206690384.0,206690384.0,,14.031,6169500000.0,0.0,52800000.0,30500000.0,29.849,2578100000.0
78,ANTM,MRQ,2002-03-31,2002-03-31,2002-03-31,2021-10-20,8500000.0,6403000000.0,,5418200000.0,984800000.0,,10.282,-27000000.0,495900000.0,495900000.0,2136400000.0,99800000.0,1.801,2.012,1178900000.0,360200000.0,818700000.0,1178900000.0,328700000.0,28500000.0,0.0,0.0,0.0,166600000.0,195100000.0,0.069,195100000.0,166600000.0,149000000.0,0.485,0.475,0.485,2126000000.0,,2126000000.0,6634799779.0,10.0,8.823,156300000.0,0.756,1.0,676000000.0,0.24,469000000.0,17600000.0,3609000000.0,,0.0,3960900000.0,3960900000.0,0.0,4277000000.0,3008000000.0,1269000000.0,5952099779.0,49900000.0,-10600000.0,0.0,0.0,0.0,100000.0,-133500000.0,-95900000.0,183300000.0,0.0,99800000.0,99800000.0,99800000.0,0.0,0.0,0.035,508900000.0,167100000.0,245800000.0,0.0,2.8,16.026,15.992,406600000.0,0.0,28.785,0.556,0.556,963500000.0,155500000.0,2812400000.0,2812400000.0,0.0,,,,,0.0,505600000.0,1.0,206777828.0,206777828.0,,13.601,5934000000.0,0.0,49200000.0,54100000.0,28.697,2410200000.0
79,ANTM,MRQ,2001-12-31,2001-12-31,2001-12-31,2021-10-20,42400000.0,6276600000.0,,5299900000.0,976700000.0,,9.991,-15000000.0,446000000.0,446000000.0,1967100000.0,87700000.0,1.781,2.047,1128700000.0,310700000.0,818000000.0,1128700000.0,199200000.0,30300000.0,0.0,0.0,0.0,156300000.0,186600000.0,0.07,186600000.0,156300000.0,137900000.0,0.425,0.425,0.425,2060000000.0,,2060000000.0,5551756000.0,9.0,7.86,127800000.0,0.62,1.0,695100000.0,0.261,467400000.0,18400000.0,3515300000.0,,0.0,4071800000.0,4071800000.0,0.0,4216600000.0,2976600000.0,1240000000.0,5102856000.0,41800000.0,-300000.0,2110200000.0,0.0,0.0,46600000.0,-147600000.0,-132300000.0,142800000.0,0.0,87700000.0,87700000.0,87700000.0,0.0,0.0,0.033,538900000.0,156200000.0,331000000.0,0.0,2.477,14.912,14.955,402300000.0,0.0,24.75,0.489,0.489,790500000.0,55700000.0,2662200000.0,2662200000.0,0.0,,,,,0.0,520200000.0,1.0,206176000.0,206176000.0,,12.912,5809200000.0,400000.0,50200000.0,107600000.0,28.176,2323300000.0
80,ANTM,MRQ,2001-09-30,2001-09-30,2001-09-30,2021-10-20,71800000.0,6093200000.0,,5085100000.0,1008100000.0,,10.678,-20000000.0,417900000.0,417900000.0,1976800000.0,111500000.0,1.801,1.802,866800000.0,269000000.0,597800000.0,866800000.0,296800000.0,29000000.0,0.0,,0.0,189900000.0,218900000.0,0.082,218900000.0,189900000.0,176100000.0,0.54,0.535,0.54,2174900000.0,,2174900000.0,,,,230700000.0,1.133,1.0,686900000.0,0.258,475300000.0,13800000.0,3243400000.0,,0.0,3925700000.0,3912800000.0,12900000.0,3918300000.0,2823400000.0,1094900000.0,,125700000.0,-1100000.0,0.0,0.0,0.0,0.0,-125000000.0,-103900000.0,250700000.0,0.0,111500000.0,111500000.0,111500000.0,0.0,0.0,0.042,496000000.0,190900000.0,312700000.0,0.0,,,,409400000.0,0.0,,,,772800000.0,,2663700000.0,2663700000.0,0.0,,,,,0.0,474300000.0,1.0,203690000.0,203690000.0,,13.077,5617900000.0,0.0,64600000.0,58400000.0,27.581,2261700000.0
81,ANTM,MRQ,2001-06-30,2001-06-30,2001-06-30,2021-10-20,,,,,,,,-20100000.0,,,1936700000.0,72400000.0,,,,,,,,31200000.0,,,0.0,120200000.0,151400000.0,0.059,151400000.0,120200000.0,106600000.0,0.35,0.35,0.35,,,,,,,62500000.0,0.307,1.0,621600000.0,0.243,,13600000.0,,,,,,,,,,,-43700000.0,42300000.0,0.0,0.0,0.0,0.0,-126300000.0,-148500000.0,82600000.0,0.0,72400000.0,72400000.0,72400000.0,0.0,0.0,0.028,502600000.0,119000000.0,,0.0,,,,,0.0,,,,,,2558300000.0,2558300000.0,0.0,,,,,0.0,492200000.0,1.0,203690000.0,203690000.0,,12.56,,,34200000.0,,,
82,ANTM,MRQ,2001-03-31,2001-03-31,2001-03-31,2021-10-20,,,,,,,,-11200000.0,,,1934100000.0,70600000.0,,,,,,,,30000000.0,,,0.0,119400000.0,149400000.0,0.058,149400000.0,119400000.0,105000000.0,0.34,0.34,0.34,,,,,,,167300000.0,0.821,1.0,626400000.0,0.245,,14400000.0,,,,,,,,,,,79300000.0,0.0,0.0,0.0,0.0,0.0,-99200000.0,-88000000.0,178500000.0,0.0,70600000.0,70600000.0,70600000.0,0.0,0.0,0.028,507700000.0,118700000.0,,0.0,,,,,0.0,,,,,,2560500000.0,2560500000.0,0.0,,,,,0.0,499400000.0,1.0,203690000.0,203690000.0,,12.571,,,34400000.0,,,
83,ANTM,MRQ,2000-12-31,2000-12-31,2000-12-31,2021-10-20,71200000.0,5708500000.0,,4624300000.0,1084200000.0,,9.425,-16000000.0,292900000.0,292900000.0,1719700000.0,72200000.0,1.653,1.973,848000000.0,250500000.0,597500000.0,848000000.0,260200000.0,29200000.0,0.0,,0.0,121600000.0,150800000.0,0.063,150800000.0,121600000.0,108100000.0,,,,1919800000.0,,1919800000.0,,,,185500000.0,0.911,1.0,665100000.0,0.279,498900000.0,13500000.0,2966700000.0,,0.0,3529300000.0,3511300000.0,18000000.0,3788700000.0,2798000000.0,990700000.0,,36600000.0,-16500000.0,0.0,200000.0,0.0,200000.0,-165100000.0,-132600000.0,201500000.0,0.0,72200000.0,72200000.0,72200000.0,0.0,0.0,0.03,542600000.0,122500000.0,303700000.0,,,,,428800000.0,0.0,,,,856600000.0,1848600000.0,2384800000.0,2384800000.0,0.0,,,,,0.0,533700000.0,1.0,203690000.0,203690000.0,,11.708,5209600000.0,11000000.0,35900000.0,22600000.0,25.576,1826300000.0
84,ANTM,MRQ,2000-09-30,2000-09-30,2000-09-30,2021-10-20,,,,,,,,,,,1750700000.0,63500000.0,,,,,,,,,,,0.0,105100000.0,,,,105100000.0,90900000.0,,,,,,,,,,,,1.0,569300000.0,0.245,,14200000.0,,,,,,,,,,,,,,,,,,,,,63500000.0,63500000.0,63500000.0,0.0,0.0,0.027,464000000.0,105300000.0,,,,,,,0.0,,,,,,2320000000.0,2320000000.0,0.0,,,,,,457200000.0,1.0,,,,,,,27400000.0,,,
85,ANTM,MRQ,1999-12-31,1999-12-31,1999-12-31,2021-10-20,38300000.0,4816200000.0,,3805400000.0,1010800000.0,,,,304000000.0,304000000.0,,,1.701,1.9,668700000.0,146700000.0,522000000.0,668700000.0,226300000.0,,0.0,,0.0,,,,,,,,,,1660900000.0,,1660900000.0,,,,,,1.0,,,398500000.0,,2545400000.0,,0.0,2783800000.0,2768000000.0,15800000.0,3155300000.0,2237000000.0,918300000.0,,,,,,,,,,,,,,,,,,,,178600000.0,,,,,408500000.0,,,,,735900000.0,,,,,,,,,,,1.0,,,,,4417700000.0,37600000.0,,4700000.0,,1568400000.0
0,ANTM,MRT,2021-09-30,2021-09-30,2021-09-30,2021-10-20,-103000000.0,98060000000.0,94113750000.0,51904000000.0,46156000000.0,1.423,146.574,-1025000000.0,5490000000.0,5490000000.0,109542000000.0,5521000000.0,1.476,1.742,22785000000.0,1024000000.0,21761000000.0,22785000000.0,954000000.0,1232000000.0,0.0,0.012,4.34,7922000000.0,9154000000.0,0.068,9154000000.0,7922000000.0,7133000000.0,22.6,22.32,22.6,35737000000.0,34439250000.0,35737000000.0,108877410944.0,14.0,11.894,9480000000.0,38.882,1.0,24340000000.0,0.182,34933000000.0,789000000.0,45260000000.0,43687250000.0,0.0,34051000000.0,28467000000.0,5584000000.0,62252000000.0,35162000000.0,27090000000.0,90894410944.0,1506000000.0,-3445000000.0,-2511000000.0,1664000000.0,-1065000000.0,-629000000.0,-8367000000.0,-2630000000.0,10505000000.0,-3000000.0,5518000000.0,5518000000.0,5518000000.0,0.0,3000000.0,0.041,16408000000.0,7932000000.0,19522000000.0,0.192,2.543,16.472,16.496,3835000000.0,0.0,372.8,0.679,0.679,12807000000.0,26700000000.0,133882000000.0,133882000000.0,0.0,0.059,0.16,0.181,0.059,265000000.0,16010000000.0,1.0,243815480.0,243815480.0,,549.112,63127000000.0,0.0,1615000000.0,2629000000.0,258.913,16742000000.0
1,ANTM,MRT,2021-06-30,2021-06-30,2021-06-30,2021-10-20,-17000000.0,96097000000.0,91242250000.0,50238000000.0,45859000000.0,1.416,142.819,-1073000000.0,5258000000.0,5258000000.0,105142000000.0,4241000000.0,1.487,1.746,23241000000.0,1024000000.0,22217000000.0,23241000000.0,1081000000.0,1189000000.0,0.0,0.011,4.16,6305000000.0,7494000000.0,0.058,7494000000.0,6305000000.0,5519000000.0,17.28,17.06,17.28,34968000000.0,33985250000.0,34968000000.0,107388161697.0,17.0,14.33,5778000000.0,23.599,1.0,24076000000.0,0.186,34939000000.0,786000000.0,45347000000.0,43294250000.0,0.0,33092000000.0,27594000000.0,5498000000.0,61051000000.0,33794000000.0,27257000000.0,93480161697.0,-770000000.0,-3512000000.0,-2818000000.0,1458000000.0,-1027000000.0,-783000000.0,-6838000000.0,-1488000000.0,6851000000.0,0.0,4231000000.0,4231000000.0,4231000000.0,0.0,10000000.0,0.033,17724000000.0,6352000000.0,18674000000.0,0.241,2.673,22.094,22.095,3733000000.0,0.0,381.8,0.723,0.723,12685000000.0,25874000000.0,129218000000.0,129218000000.0,0.0,0.046,0.124,0.146,0.049,282000000.0,17369000000.0,1.0,244840654.0,244840654.0,,527.764,61158000000.0,0.0,1288000000.0,2397000000.0,249.787,16444000000.0
2,ANTM,MRT,2021-03-31,2021-03-31,2021-03-31,2021-10-20,-195000000.0,95683000000.0,89212000000.0,54495000000.0,41188000000.0,1.397,138.229,-1021000000.0,9326000000.0,9326000000.0,99537000000.0,4716000000.0,1.568,1.825,23234000000.0,700000000.0,22534000000.0,23234000000.0,1139000000.0,1166000000.0,0.0,0.011,3.98,7105000000.0,8271000000.0,0.066,8271000000.0,7105000000.0,6323000000.0,18.97,18.72,18.97,33853000000.0,33857000000.0,33853000000.0,102202897067.0,14.0,12.357,9657000000.0,39.432,1.0,25094000000.0,0.201,31060000000.0,782000000.0,43782000000.0,42878500000.0,0.0,33217000000.0,28185000000.0,5032000000.0,61765000000.0,34749000000.0,27016000000.0,87908897067.0,3981000000.0,-95000000.0,-2397000000.0,1386000000.0,-991000000.0,142000000.0,-6847000000.0,-4192000000.0,10678000000.0,8000000.0,4714000000.0,4714000000.0,4714000000.0,0.0,2000000.0,0.038,17952000000.0,7142000000.0,17676000000.0,0.21,2.597,18.648,18.922,3533000000.0,0.0,358.95,0.705,0.705,12291000000.0,24793000000.0,124631000000.0,124631000000.0,0.0,0.053,0.139,0.166,0.057,280000000.0,17594000000.0,1.0,244905689.0,244905689.0,,508.894,64623000000.0,0.0,1609000000.0,1961000000.0,263.869,19746000000.0
3,ANTM,MRT,2020-12-31,2020-12-31,2020-12-31,2021-10-20,150000000.0,86615000000.0,85891000000.0,45751000000.0,40864000000.0,1.419,133.488,-1021000000.0,5741000000.0,5741000000.0,96998000000.0,4572000000.0,1.553,1.609,20035000000.0,700000000.0,19335000000.0,20035000000.0,1259000000.0,1154000000.0,0.0,0.012,3.8,7022000000.0,8176000000.0,0.067,8176000000.0,7022000000.0,6238000000.0,18.23,17.98,18.23,33199000000.0,33317000000.0,33199000000.0,96715466898.0,14.0,11.829,9667000000.0,38.869,1.0,24869000000.0,0.204,31096000000.0,784000000.0,40360000000.0,42039000000.0,0.0,29839000000.0,24992000000.0,4847000000.0,53416000000.0,29453000000.0,23963000000.0,79856466898.0,804000000.0,-1976000000.0,-2524000000.0,-298000000.0,-954000000.0,-2567000000.0,-7324000000.0,-3433000000.0,10688000000.0,7000000.0,4572000000.0,4572000000.0,4572000000.0,0.0,0.0,0.038,17811000000.0,7058000000.0,16852000000.0,0.208,2.405,17.466,17.613,3483000000.0,0.0,321.09,0.655,0.655,10958000000.0,23802000000.0,121867000000.0,121867000000.0,0.0,0.053,0.137,0.167,0.058,283000000.0,17450000000.0,1.0,248704310.0,248704310.0,,490.008,55519000000.0,0.0,1666000000.0,2019000000.0,223.233,16298000000.0
4,ANTM,MRT,2020-09-30,2020-09-30,2020-09-30,2021-10-20,-112000000.0,86574000000.0,83600500000.0,45450000000.0,41124000000.0,1.405,134.871,-1094000000.0,3984000000.0,3984000000.0,92920000000.0,4955000000.0,1.591,1.552,20843000000.0,1749000000.0,19094000000.0,20843000000.0,961000000.0,1110000000.0,0.0,0.014,3.65,7508000000.0,8618000000.0,0.073,8618000000.0,7508000000.0,6725000000.0,19.63,19.36,19.63,33921000000.0,32949250000.0,33921000000.0,83000119554.0,11.0,9.631,7108000000.0,28.262,1.0,24530000000.0,0.209,31184000000.0,783000000.0,43688000000.0,41922750000.0,0.0,30510000000.0,25782000000.0,4728000000.0,52653000000.0,28561000000.0,24092000000.0,67552119554.0,-206000000.0,-1973000000.0,-1485000000.0,261000000.0,-922000000.0,-1504000000.0,-6906000000.0,-3230000000.0,8202000000.0,2000000.0,4955000000.0,4955000000.0,4955000000.0,0.0,0.0,0.042,16985000000.0,7545000000.0,15802000000.0,0.186,1.991,13.633,13.683,3363000000.0,0.0,268.59,0.575,0.575,11537000000.0,24678000000.0,117450000000.0,117450000000.0,0.0,0.059,0.15,0.179,0.064,282000000.0,16634000000.0,1.0,251506458.0,251506458.0,,466.986,55390000000.0,0.0,1770000000.0,2375000000.0,220.233,16889000000.0
5,ANTM,MRT,2020-06-30,2020-06-30,2020-06-30,2021-10-20,-254000000.0,87976000000.0,81409250000.0,46764000000.0,41212000000.0,1.388,136.663,-1059000000.0,6028000000.0,6028000000.0,89275000000.0,5916000000.0,1.64,1.553,21476000000.0,1603000000.0,19873000000.0,21476000000.0,946000000.0,1103000000.0,0.0,0.013,3.5,8595000000.0,9698000000.0,0.086,9698000000.0,8595000000.0,7825000000.0,23.39,23.04,23.39,34455000000.0,32302000000.0,34455000000.0,82639491189.0,10.0,8.521,9960000000.0,39.506,1.0,23691000000.0,0.21,31218000000.0,770000000.0,43684000000.0,41340500000.0,0.0,30105000000.0,25488000000.0,4617000000.0,53521000000.0,28522000000.0,24999000000.0,66301491189.0,1950000000.0,-1906000000.0,-1354000000.0,1842000000.0,-888000000.0,-376000000.0,-8693000000.0,-5110000000.0,11019000000.0,0.0,5916000000.0,5916000000.0,5916000000.0,0.0,0.0,0.052,15089000000.0,8602000000.0,15135000000.0,0.15,1.924,11.207,11.243,3427000000.0,0.0,262.98,0.587,0.587,10988000000.0,25346000000.0,112966000000.0,112966000000.0,0.0,0.073,0.183,0.208,0.076,288000000.0,14747000000.0,1.0,252116097.0,252116097.0,,448.071,56758000000.0,0.0,1909000000.0,2497000000.0,225.126,18242000000.0
6,ANTM,MRT,2020-03-31,2020-03-31,2020-03-31,2021-10-20,-1008000000.0,82399000000.0,78378000000.0,41256000000.0,41143000000.0,1.393,125.601,-1047000000.0,5345000000.0,5345000000.0,87969000000.0,4779000000.0,1.526,1.6,21683000000.0,2678000000.0,19005000000.0,21683000000.0,947000000.0,1114000000.0,0.0,0.015,3.35,6882000000.0,7996000000.0,0.073,7996000000.0,6882000000.0,6129000000.0,18.81,18.49,18.81,31693000000.0,31386500000.0,31693000000.0,72436984810.0,11.0,9.059,5899000000.0,23.378,1.0,21199000000.0,0.194,31274000000.0,753000000.0,40424000000.0,40079250000.0,0.0,25137000000.0,20451000000.0,4686000000.0,50706000000.0,27039000000.0,23667000000.0,57288984810.0,863000000.0,-1908000000.0,-1781000000.0,2069000000.0,-852000000.0,-1158000000.0,-4924000000.0,-2050000000.0,6946000000.0,-1000000.0,4779000000.0,4779000000.0,4779000000.0,0.0,0.0,0.044,14313000000.0,6886000000.0,14960000000.0,0.178,1.808,11.988,12.07,3350000000.0,0.0,227.04,0.525,0.525,11325000000.0,23360000000.0,109168000000.0,109168000000.0,0.0,0.061,0.152,0.172,0.063,291000000.0,13979000000.0,1.0,252329919.0,252329919.0,,432.64,51125000000.0,0.0,1350000000.0,2213000000.0,202.612,14217000000.0
7,ANTM,MRT,2019-12-31,2019-12-31,2019-12-31,2021-10-20,-296000000.0,77453000000.0,76409000000.0,39033000000.0,38420000000.0,1.364,125.128,-1077000000.0,4937000000.0,4937000000.0,83778000000.0,4807000000.0,1.659,1.441,20085000000.0,2298000000.0,17787000000.0,20085000000.0,1017000000.0,1133000000.0,0.0,0.011,3.2,6731000000.0,7864000000.0,0.075,7864000000.0,6731000000.0,5985000000.0,18.81,18.47,18.81,31728000000.0,30962750000.0,31728000000.0,92623843405.0,14.0,11.778,4984000000.0,19.656,1.0,20435000000.0,0.196,29174000000.0,746000000.0,39895000000.0,39292250000.0,0.0,25448000000.0,20685000000.0,4763000000.0,45725000000.0,23532000000.0,22193000000.0,76583843405.0,1003000000.0,0.0,-1514000000.0,608000000.0,-818000000.0,-2266000000.0,-2792000000.0,-1919000000.0,6061000000.0,0.0,4807000000.0,4807000000.0,4807000000.0,0.0,0.0,0.046,13702000000.0,6733000000.0,13040000000.0,0.17,2.414,15.932,16.057,3133000000.0,0.0,302.03,0.735,0.735,10391000000.0,22573000000.0,104213000000.0,104213000000.0,0.0,0.063,0.155,0.171,0.065,294000000.0,13364000000.0,1.0,253563697.0,253563697.0,,410.993,48279000000.0,0.0,1178000000.0,2227000000.0,190.402,15501000000.0
8,ANTM,MRT,2019-09-30,2019-09-30,2019-09-30,2021-10-20,-299000000.0,77809000000.0,74938500000.0,39504000000.0,38305000000.0,1.337,122.478,-1046000000.0,4190000000.0,4190000000.0,80182000000.0,4298000000.0,1.7,1.483,20230000000.0,1410000000.0,18820000000.0,20230000000.0,948000000.0,1175000000.0,0.0,0.013,3.15,6175000000.0,7350000000.0,0.073,7350000000.0,6175000000.0,5430000000.0,16.75,16.43,16.75,31332000000.0,30166000000.0,31332000000.0,76639710680.0,12.0,10.427,4151000000.0,16.226,1.0,19997000000.0,0.2,29256000000.0,745000000.0,41359000000.0,38161500000.0,0.0,26731000000.0,22270000000.0,4461000000.0,46477000000.0,23234000000.0,23243000000.0,61421710680.0,-70000000.0,-28000000.0,-1712000000.0,352000000.0,-809000000.0,-2523000000.0,-2742000000.0,-2147000000.0,5197000000.0,-2000000.0,4298000000.0,4298000000.0,4298000000.0,0.0,0.0,0.043,13829000000.0,6168000000.0,14429000000.0,0.188,1.96,14.291,14.334,2921000000.0,0.0,240.1,0.613,0.613,10207000000.0,22104000000.0,100179000000.0,100179000000.0,0.0,0.057,0.142,0.162,0.062,317000000.0,13480000000.0,1.0,255817204.0,255817204.0,,391.604,48553000000.0,91000000.0,1132000000.0,2140000000.0,189.796,16270000000.0
9,ANTM,MRT,2019-06-30,2019-06-30,2019-06-30,2021-10-20,-383000000.0,75851000000.0,74097500000.0,37805000000.0,38046000000.0,1.306,119.726,-1130000000.0,4078000000.0,4078000000.0,76869000000.0,4075000000.0,1.637,1.463,19296000000.0,1860000000.0,17436000000.0,19296000000.0,900000000.0,1162000000.0,0.0,0.011,3.1,5931000000.0,7093000000.0,0.073,7093000000.0,5931000000.0,5183000000.0,15.81,15.5,15.81,30793000000.0,29606500000.0,30793000000.0,87443199908.0,15.0,12.328,3007000000.0,11.691,1.0,19887000000.0,0.206,29340000000.0,748000000.0,38639000000.0,36787000000.0,0.0,24890000000.0,20629000000.0,4261000000.0,45058000000.0,23090000000.0,21968000000.0,72583199908.0,-604000000.0,-38000000.0,-1464000000.0,-473000000.0,-800000000.0,-3007000000.0,-1732000000.0,-768000000.0,4137000000.0,-2000000.0,4075000000.0,4075000000.0,4075000000.0,0.0,0.0,0.042,13964000000.0,5923000000.0,13732000000.0,0.196,2.357,17.812,17.85,2837000000.0,0.0,282.21,0.75,0.75,9918000000.0,21679000000.0,96756000000.0,96756000000.0,0.0,0.055,0.138,0.161,0.061,288000000.0,13608000000.0,1.0,257195705.0,257195705.0,,376.196,46511000000.0,296000000.0,1108000000.0,2211000000.0,180.839,14715000000.0
10,ANTM,MRT,2019-03-31,2019-03-31,2019-03-31,2021-10-20,-623000000.0,74523000000.0,73726600000.0,36611000000.0,37912000000.0,1.278,116.718,-1224000000.0,4482000000.0,4482000000.0,74131000000.0,3990000000.0,1.614,1.484,19342000000.0,1946000000.0,17396000000.0,19342000000.0,998000000.0,1151000000.0,0.0,0.011,3.05,5990000000.0,7141000000.0,0.076,7141000000.0,5990000000.0,5234000000.0,15.44,15.12,15.44,29998000000.0,29089500000.0,29998000000.0,89034283097.0,15.0,12.468,2018000000.0,7.852,1.0,20103000000.0,0.213,29425000000.0,756000000.0,37276000000.0,35833875000.0,0.0,23261000000.0,19026000000.0,4235000000.0,44525000000.0,22682000000.0,21843000000.0,73757283097.0,-149000000.0,-414000000.0,-145000000.0,-810000000.0,-790000000.0,-2043000000.0,-1345000000.0,265000000.0,3242000000.0,-3000000.0,3990000000.0,3990000000.0,3990000000.0,0.0,0.0,0.042,14122000000.0,5981000000.0,12941000000.0,0.198,2.459,18.486,18.587,2799000000.0,0.0,286.98,0.783,0.783,10179000000.0,21136000000.0,94234000000.0,94234000000.0,0.0,0.054,0.137,0.167,0.064,254000000.0,13758000000.0,1.0,257011928.0,257011928.0,,366.652,45098000000.0,0.0,1244000000.0,2221000000.0,175.47,13929000000.0
11,ANTM,MRT,2018-12-31,2018-12-31,2018-12-31,2021-10-20,-986000000.0,71571000000.0,73420950000.0,34321000000.0,37250000000.0,1.254,110.349,-1208000000.0,3934000000.0,3934000000.0,71895000000.0,3750000000.0,1.563,1.508,19211000000.0,1994000000.0,17217000000.0,19211000000.0,902000000.0,1132000000.0,0.0,0.011,3.0,5821000000.0,6953000000.0,0.075,6953000000.0,5821000000.0,5068000000.0,14.53,14.19,14.53,28541000000.0,28343100000.0,28541000000.0,83086173410.0,14.0,11.95,2619000000.0,10.126,1.0,20210000000.0,0.219,29511000000.0,753000000.0,35372000000.0,35149450000.0,0.0,22452000000.0,18206000000.0,4246000000.0,43030000000.0,21965000000.0,21065000000.0,67927173410.0,325000000.0,-1760000000.0,-262000000.0,-1086000000.0,-776000000.0,-2241000000.0,-1259000000.0,1929000000.0,3827000000.0,-2000000.0,3750000000.0,3750000000.0,3750000000.0,0.0,0.0,0.041,14378000000.0,5832000000.0,13214000000.0,0.206,2.38,18.114,18.075,2735000000.0,0.0,262.63,0.737,0.737,9301000000.0,19988000000.0,92105000000.0,92105000000.0,0.0,0.051,0.132,0.166,0.063,226000000.0,14020000000.0,1.0,258642095.0,258642095.0,,356.11,42060000000.0,10000000.0,1318000000.0,1960000000.0,162.619,12356000000.0
12,ANTM,MRT,2018-09-30,2018-09-30,2018-09-30,2021-10-20,-811000000.0,74445000000.0,73163200000.0,37108000000.0,37337000000.0,1.249,111.92,-1166000000.0,4260000000.0,4260000000.0,71631000000.0,4557000000.0,1.535,1.559,19419000000.0,2119000000.0,17300000000.0,19419000000.0,896000000.0,1072000000.0,0.0,0.011,2.95,5378000000.0,6450000000.0,0.071,6450000000.0,5378000000.0,4650000000.0,17.68,17.24,17.68,29094000000.0,27833600000.0,29094000000.0,85843905456.0,16.0,13.309,897000000.0,3.451,1.0,19782000000.0,0.216,29569000000.0,728000000.0,35861000000.0,35283450000.0,0.0,23785000000.0,19683000000.0,4102000000.0,45351000000.0,24174000000.0,21177000000.0,71240305456.0,-1837000000.0,-3778000000.0,-125000000.0,2834000000.0,-763000000.0,1753000000.0,-5652000000.0,278000000.0,2063000000.0,-1000000.0,4557000000.0,4557000000.0,4557000000.0,0.0,0.0,0.05,14105000000.0,5677000000.0,14853000000.0,0.167,2.449,15.633,15.501,2592000000.0,0.0,274.05,0.779,0.779,9317000000.0,20182000000.0,91413000000.0,91413000000.0,0.0,0.062,0.164,0.152,0.059,174000000.0,13796000000.0,1.0,259953678.0,259953678.0,,351.651,44876000000.0,69000000.0,93000000.0,2063000000.0,172.631,12934000000.0
13,ANTM,MRT,2018-06-30,2018-06-30,2018-06-30,2021-10-20,-782800000.0,74367400000.0,71629425000.0,37370400000.0,36997000000.0,1.265,112.559,-1029800000.0,4682000000.0,4682000000.0,71550000000.0,4344000000.0,1.525,1.589,19285600000.0,1770200000.0,17515400000.0,19285600000.0,2089900000.0,1007500000.0,0.0,0.012,2.9,5217000000.0,6224500000.0,0.069,6224500000.0,5217000000.0,4527000000.0,16.85,16.42,16.85,28725000000.0,27047175000.0,28725000000.0,76000380096.0,15.0,12.21,2830900000.0,11.093,1.0,19038000000.0,0.21,29638800000.0,690000000.0,34826500000.0,33468825000.0,0.0,23556300000.0,19540700000.0,4015600000.0,45642400000.0,24505700000.0,21136700000.0,60745080096.0,121100000.0,-3802000000.0,-865000000.0,2694300000.0,-749000000.0,416500000.0,-4157200000.0,1253300000.0,3860700000.0,1100000.0,4344000000.0,4344000000.0,4344000000.0,0.0,0.0,0.048,13521000000.0,5517000000.0,14260900000.0,0.172,2.115,13.984,14.126,2392200000.0,0.0,238.03,0.671,0.671,9100900000.0,19757300000.0,90588000000.0,90588000000.0,0.0,0.061,0.161,0.156,0.058,160900000.0,13261000000.0,1.0,255199261.0,255199261.0,,354.97,44728600000.0,154500000.0,183000000.0,1902200000.0,175.269,12864700000.0
14,ANTM,MRT,2018-03-31,2018-03-31,2018-03-31,2021-10-20,-720600000.0,73300400000.0,70096975000.0,36974100000.0,36326300000.0,1.285,105.632,-881100000.0,4630600000.0,4630600000.0,71739200000.0,4145300000.0,1.494,1.714,19885900000.0,1775800000.0,18110100000.0,19885900000.0,2115900000.0,940300000.0,0.0,0.013,2.8,4916600000.0,5856900000.0,0.065,5856900000.0,4916600000.0,4228700000.0,16.01,15.6,16.01,27012400000.0,26473850000.0,27012400000.0,72505001430.0,15.0,12.379,2830700000.0,11.069,1.0,18312000000.0,0.203,29261500000.0,687900000.0,34538300000.0,32751525000.0,0.0,23452900000.0,19457700000.0,3995200000.0,46288000000.0,24755900000.0,21532100000.0,56182101430.0,-2141100000.0,-3426000000.0,-2160800000.0,2265900000.0,-724800000.0,-1434300000.0,-4421000000.0,357700000.0,3711800000.0,2400000.0,4145300000.0,4145300000.0,4145300000.0,0.0,0.0,0.046,13094400000.0,5217600000.0,14203500000.0,0.175,2.08,13.553,13.723,2237600000.0,0.0,219.7,0.624,0.624,8561100000.0,19241100000.0,90051200000.0,90051200000.0,0.0,0.059,0.157,0.15,0.055,169300000.0,12886800000.0,1.0,255721900.0,255721900.0,,352.145,44038900000.0,0.0,83400000.0,2007800000.0,172.214,12218200000.0
15,ANTM,MRT,2017-12-31,2017-12-31,2017-12-31,2021-10-20,-101000000.0,70540000000.0,69007750000.0,36263000000.0,34277000000.0,1.305,103.221,-791000000.0,3609000000.0,3609000000.0,72236000000.0,3843000000.0,1.553,1.662,19932000000.0,2550000000.0,17382000000.0,19932000000.0,860000000.0,891000000.0,0.0,0.012,2.7,4703000000.0,5594000000.0,0.062,5594000000.0,4703000000.0,3964000000.0,14.7,14.35,14.7,26503000000.0,26243725000.0,26503000000.0,67907184830.0,14.0,12.139,3394000000.0,13.219,1.0,17804000000.0,0.198,27599000000.0,739000000.0,35908000000.0,31780800000.0,0.0,24931000000.0,20993000000.0,3938000000.0,44037000000.0,23356000000.0,20681000000.0,57773684830.0,-466000000.0,-2080000000.0,-1773000000.0,3724000000.0,-705000000.0,427000000.0,-5082000000.0,-1749000000.0,4185000000.0,4000000.0,3843000000.0,3843000000.0,3843000000.0,0.0,0.0,0.043,12819000000.0,4985000000.0,13583000000.0,0.184,2.18,15.033,15.307,2175000000.0,0.0,225.01,0.642,0.642,8452000000.0,18054000000.0,90040000000.0,90040000000.0,0.0,0.056,0.146,0.148,0.052,170000000.0,12650000000.0,1.0,256760521.0,256760521.0,,350.677,42941000000.0,342000000.0,121000000.0,1727000000.0,167.241,12907000000.0
16,ANTM,MRT,2017-09-30,2017-09-30,2017-09-30,2021-10-20,-126000000.0,68309900000.0,67643525000.0,36973700000.0,31336200000.0,1.317,98.819,-681400000.0,6097200000.0,6097200000.0,71131500000.0,2980800000.0,1.515,1.633,16230700000.0,2453400000.0,13777300000.0,16230700000.0,1950200000.0,895600000.0,0.0,0.014,2.65,5250100000.0,6145700000.0,0.069,6145700000.0,5250100000.0,4497900000.0,11.31,11.06,11.31,25948300000.0,25893075000.0,25948300000.0,61590780747.0,12.0,10.022,5081200000.0,19.351,1.0,17942000000.0,0.201,25428400000.0,752200000.0,28602500000.0,30282350000.0,0.0,23174500000.0,20166800000.0,3007700000.0,42361600000.0,24412500000.0,17949100000.0,49859580747.0,3551500000.0,-34000000.0,-1428200000.0,696000000.0,-696300000.0,-1427000000.0,-791200000.0,-167500000.0,5762600000.0,7100000.0,2980800000.0,2980800000.0,2980800000.0,0.0,0.0,0.033,12691900000.0,5250100000.0,13489200000.0,0.234,1.921,16.727,16.789,2049200000.0,0.0,189.88,0.56,0.56,7822200000.0,17306600000.0,89073500000.0,89073500000.0,0.0,0.044,0.115,0.173,0.059,166400000.0,12521200000.0,1.0,262584689.0,262584689.0,,339.218,42881500000.0,0.0,1517100000.0,2796800000.0,163.305,12561200000.0
17,ANTM,MRT,2017-06-30,2017-06-30,2017-06-30,2021-10-20,-134900000.0,68237600000.0,66666025000.0,37130700000.0,31106900000.0,1.321,99.747,-627000000.0,4561200000.0,4561200000.0,69950000000.0,2851600000.0,1.645,1.582,16292400000.0,1204400000.0,15088000000.0,16292400000.0,1837800000.0,900400000.0,0.0,0.014,2.6,5290500000.0,6190900000.0,0.07,6190900000.0,5290500000.0,4515400000.0,10.79,10.56,10.79,26431700000.0,25592050000.0,26431700000.0,60222155687.0,11.0,9.728,3694900000.0,13.944,1.0,18101400000.0,0.206,25443600000.0,775100000.0,31957300000.0,30844900000.0,0.0,23700300000.0,20791100000.0,2909200000.0,41805900000.0,22567900000.0,19238000000.0,49851855687.0,2978700000.0,0.0,-309700000.0,1081700000.0,-686400000.0,-275100000.0,-1075000000.0,-386000000.0,4321900000.0,6900000.0,2851600000.0,2851600000.0,2851600000.0,0.0,0.0,0.032,12810900000.0,5290500000.0,13226700000.0,0.241,1.886,17.482,17.436,1975700000.0,0.0,188.13,0.566,0.566,8631100000.0,17667000000.0,88051400000.0,88051400000.0,0.0,0.043,0.111,0.172,0.06,161700000.0,12634800000.0,1.0,264986210.0,264986210.0,,332.287,42794000000.0,0.0,1663800000.0,2745700000.0,161.495,14562800000.0
18,ANTM,MRT,2017-03-31,2017-03-31,2017-03-31,2021-10-20,-161800000.0,68943500000.0,65622275000.0,37981800000.0,30961700000.0,1.327,98.691,-594400000.0,6772400000.0,6772400000.0,68838000000.0,2776900000.0,1.639,1.642,17142700000.0,1692800000.0,15449900000.0,17142700000.0,1926100000.0,907400000.0,0.0,0.016,2.6,5528900000.0,6436300000.0,0.074,6436300000.0,5528900000.0,4758000000.0,10.53,10.31,10.53,26091900000.0,25042525000.0,26091900000.0,55374529064.0,10.0,8.603,4004000000.0,15.145,1.0,18262400000.0,0.21,25484200000.0,770900000.0,30655400000.0,30758450000.0,0.0,22662000000.0,19782600000.0,2879400000.0,42851600000.0,23174200000.0,19677400000.0,43722929064.0,5096600000.0,0.0,121900000.0,1799600000.0,-685500000.0,844000000.0,-350000000.0,409000000.0,4598400000.0,4200000.0,2776900000.0,2776900000.0,2776900000.0,0.0,0.0,0.032,12733500000.0,5528900000.0,13033800000.0,0.247,1.676,15.745,15.706,1957600000.0,0.0,165.38,0.502,0.502,8218600000.0,17357700000.0,87100400000.0,87100400000.0,0.0,0.042,0.111,0.18,0.063,155900000.0,12550100000.0,1.0,264378577.0,264378577.0,,329.453,43459300000.0,0.0,1981100000.0,3154900000.0,164.383,14807600000.0
19,ANTM,MRT,2016-12-31,2016-12-31,2016-12-31,2021-10-20,-267900000.0,65083100000.0,64351075000.0,34314900000.0,30768200000.0,1.319,95.281,-584000000.0,4075300000.0,4075300000.0,66834000000.0,2470000000.0,1.611,1.593,15726900000.0,1368400000.0,14358500000.0,15726900000.0,971900000.0,912000000.0,0.0,0.018,2.6,5278000000.0,6190000000.0,0.073,6190000000.0,5278000000.0,4555000000.0,9.39,9.21,9.39,25100400000.0,24406325000.0,25100400000.0,50938306883.0,10.0,8.229,2686000000.0,10.196,1.0,18029000000.0,0.212,25526100000.0,723000000.0,29914200000.0,30971175000.0,0.0,21443700000.0,18647400000.0,2796300000.0,39982700000.0,21294400000.0,18688300000.0,37874106883.0,1962000000.0,0.0,120000000.0,360000000.0,-684000000.0,-799000000.0,-514000000.0,319000000.0,3270000000.0,5000000.0,2470000000.0,2470000000.0,2470000000.0,0.0,0.0,0.029,12751000000.0,5278000000.0,13079900000.0,0.277,1.509,15.334,15.311,1977900000.0,0.0,143.77,0.446,0.446,8397400000.0,16560600000.0,84863000000.0,84863000000.0,0.0,0.038,0.101,0.17,0.062,111000000.0,12559000000.0,1.0,263435396.0,263435396.0,,322.14,39557000000.0,168700000.0,2085000000.0,2779900000.0,150.158,13020500000.0
20,ANTM,MRT,2016-09-30,2016-09-30,2016-09-30,2021-10-20,-363900000.0,64399900000.0,63509750000.0,32924300000.0,31475600000.0,1.312,94.023,-645500000.0,2546000000.0,2546000000.0,65582000000.0,2282300000.0,1.565,1.603,15610200000.0,1367900000.0,14242300000.0,15610200000.0,1613400000.0,910700000.0,0.0,0.021,2.575,4996500000.0,5907200000.0,0.071,5907200000.0,4996500000.0,4271100000.0,8.71,8.56,8.71,24744200000.0,23892250000.0,24744200000.0,46965558762.0,9.0,7.951,3392900000.0,12.892,1.0,17754500000.0,0.213,25574500000.0,725400000.0,30852700000.0,31156625000.0,0.0,22439000000.0,19713000000.0,2726000000.0,39655700000.0,21036900000.0,18618800000.0,32977958762.0,998200000.0,-2700000.0,107300000.0,-617000000.0,-675800000.0,-2486300000.0,-554100000.0,580000000.0,4038400000.0,200000.0,2282300000.0,2282300000.0,2282300000.0,0.0,0.0,0.027,12765500000.0,4989000000.0,12704700000.0,0.296,1.333,14.449,14.387,2006600000.0,0.0,125.31,0.396,0.396,7229000000.0,16364100000.0,83336500000.0,83336500000.0,0.0,0.036,0.096,0.16,0.06,109500000.0,12562300000.0,1.0,263171006.0,263171006.0,,316.663,38825400000.0,0.0,1988800000.0,2749300000.0,147.529,11887400000.0
21,ANTM,MRT,2016-06-30,2016-06-30,2016-06-30,2021-10-20,-364900000.0,64062600000.0,62993675000.0,32957700000.0,31104900000.0,1.299,92.159,-624400000.0,1582700000.0,1582700000.0,64128600000.0,2319300000.0,1.583,1.644,15570300000.0,1367900000.0,14202400000.0,15570300000.0,832800000.0,653200000.0,0.0,0.019,2.55,4981500000.0,5634700000.0,0.069,5634700000.0,4981500000.0,4264200000.0,8.87,8.69,8.87,24233600000.0,23515225000.0,24233600000.0,48663947414.0,10.0,8.636,2793400000.0,10.623,1.0,17705600000.0,0.216,25621900000.0,717300000.0,31611500000.0,31672325000.0,0.0,22846500000.0,20215500000.0,2631000000.0,39829000000.0,20816800000.0,19012200000.0,34536247414.0,29700000.0,2700000.0,-2700000.0,-1105300000.0,-667700000.0,-2555600000.0,-832600000.0,233500000.0,3417800000.0,100000.0,2319300000.0,2319300000.0,2319300000.0,0.0,0.0,0.028,12733900000.0,4971700000.0,13393700000.0,0.287,1.425,14.891,14.807,1989800000.0,0.0,131.34,0.422,0.422,7386100000.0,15918400000.0,81834200000.0,81834200000.0,0.0,0.037,0.099,0.157,0.061,109200000.0,12518100000.0,1.0,262953003.0,262953003.0,,311.212,38440700000.0,9000000.0,1944900000.0,2704900000.0,146.188,12140900000.0
22,ANTM,MRT,2016-03-31,2016-03-31,2016-03-31,2021-10-20,-382400000.0,63858700000.0,63043975000.0,32965000000.0,30893700000.0,1.275,90.097,-631600000.0,1676000000.0,1676000000.0,62528800000.0,2397800000.0,1.584,1.712,15803700000.0,939200000.0,14864500000.0,15803700000.0,1021300000.0,918900000.0,0.0,0.018,2.525,5059600000.0,5978500000.0,0.074,5978500000.0,5059600000.0,4373900000.0,9.17,8.91,9.17,23547100000.0,23222475000.0,23547100000.0,50076284041.0,10.0,8.376,3289600000.0,12.587,1.0,17864700000.0,0.222,25669800000.0,685700000.0,31506300000.0,31982875000.0,0.0,22584400000.0,19968600000.0,2615800000.0,40311600000.0,20810300000.0,19501300000.0,36325284041.0,279000000.0,-3100000.0,-614100000.0,-1649300000.0,-660700000.0,-3813900000.0,169100000.0,884600000.0,3921200000.0,2600000.0,2397800000.0,2397800000.0,2397800000.0,0.0,0.0,0.03,12817800000.0,5046900000.0,13356100000.0,0.275,1.543,15.149,15.157,1998300000.0,0.0,138.99,0.452,0.452,7199300000.0,15310400000.0,80393500000.0,80393500000.0,0.0,0.038,0.103,0.158,0.063,91900000.0,12589800000.0,1.0,261351781.0,261351781.0,,307.606,38188900000.0,0.0,1976100000.0,2827100000.0,146.121,12154700000.0
23,ANTM,MRT,2015-12-31,2015-12-31,2015-12-31,2021-10-20,-292600000.0,61717800000.0,63465800000.0,30862100000.0,30855700000.0,1.247,88.268,-602900000.0,2113500000.0,2113500000.0,61116900000.0,2560000000.0,1.616,1.678,15864500000.0,540000000.0,15324500000.0,15864500000.0,1145500000.0,907900000.0,0.0,0.018,2.5,5284000000.0,6191900000.0,0.078,6191900000.0,5284000000.0,4631000000.0,9.73,9.38,9.73,23044100000.0,23419275000.0,23044100000.0,51115377932.0,10.0,8.255,3609000000.0,13.824,1.0,18039600000.0,0.228,25720200000.0,653000000.0,30656000000.0,32310925000.0,0.0,21011200000.0,18380900000.0,2630300000.0,38673700000.0,19092600000.0,19581100000.0,36403577932.0,-38200000.0,-638900000.0,-1329800000.0,-892300000.0,-656600000.0,-3093300000.0,-1151500000.0,426400000.0,4211900000.0,-5300000.0,2560000000.0,2560000000.0,2560000000.0,0.0,0.0,0.032,12764900000.0,5274700000.0,12262600000.0,0.257,1.58,14.22,14.331,2019800000.0,0.0,139.44,0.46,0.46,7024200000.0,14778500000.0,79156500000.0,79156500000.0,0.0,0.04,0.109,0.164,0.067,52400000.0,12534800000.0,1.0,261069836.0,261069836.0,,303.2,35997600000.0,316600000.0,2071000000.0,2630600000.0,137.885,11769500000.0
24,ANTM,MRT,2015-09-30,2015-09-30,2015-09-30,2021-10-20,-216200000.0,62335600000.0,63455425000.0,31539400000.0,30796200000.0,1.228,88.827,-589000000.0,1547800000.0,1547800000.0,59659300000.0,2885800000.0,1.717,1.683,16259600000.0,540000000.0,15719600000.0,16259600000.0,945100000.0,884700000.0,0.0,0.017,2.313,5770700000.0,6655400000.0,0.085,6655400000.0,5770700000.0,5143800000.0,10.92,10.46,10.92,23236100000.0,23721075000.0,23236100000.0,51702499880.0,9.0,7.769,2883000000.0,11.021,1.0,18293600000.0,0.235,25766100000.0,626900000.0,32915500000.0,32340850000.0,0.0,21869300000.0,19431300000.0,2438000000.0,39099500000.0,18365800000.0,20733700000.0,36622199880.0,-170100000.0,-636200000.0,-1656000000.0,-166100000.0,-611100000.0,-2513900000.0,-1122100000.0,314200000.0,3472000000.0,-6100000.0,2885800000.0,2885800000.0,2885800000.0,0.0,0.0,0.037,12524400000.0,5769200000.0,12032000000.0,0.212,1.576,12.69,12.821,1930800000.0,0.0,140.0,0.47,0.47,6558800000.0,14761800000.0,77952900000.0,77952900000.0,0.0,0.045,0.122,0.178,0.074,55200000.0,12299200000.0,1.0,261587142.0,261587142.0,,298.0,36569500000.0,428500000.0,2258000000.0,3173000000.0,139.799,13173600000.0
25,ANTM,MRT,2015-06-30,2015-06-30,2015-06-30,2021-10-20,400000.0,64263800000.0,63386075000.0,33202200000.0,31061600000.0,1.209,87.181,-585100000.0,1553000000.0,1553000000.0,58401300000.0,2861900000.0,1.606,1.786,16633300000.0,1164900000.0,15468400000.0,16633300000.0,950500000.0,1122000000.0,0.0,0.013,2.126,5718800000.0,6840800000.0,0.089,6840800000.0,5718800000.0,5101400000.0,10.72,10.25,10.72,23062600000.0,23985550000.0,23062600000.0,57863383522.0,10.0,8.459,3149200000.0,11.905,1.0,18207000000.0,0.238,25817200000.0,617400000.0,32853700000.0,32140975000.0,0.0,22414000000.0,19965300000.0,2448700000.0,41201200000.0,20673200000.0,20528000000.0,43420983522.0,-231600000.0,-641600000.0,-2058200000.0,267100000.0,-567300000.0,-2480900000.0,-1474300000.0,-123700000.0,3734300000.0,-10700000.0,2861900000.0,2861900000.0,2861900000.0,0.0,0.0,0.037,12412600000.0,5794400000.0,13502400000.0,0.198,1.883,15.172,15.312,1931400000.0,0.0,164.14,0.567,0.567,7308800000.0,14352200000.0,76608300000.0,76608300000.0,0.0,0.045,0.119,0.178,0.075,42500000.0,12187100000.0,1.0,264536271.0,264536271.0,,289.595,38446600000.0,309400000.0,2239500000.0,3226200000.0,145.336,12529000000.0
26,ANTM,MRT,2015-03-31,2015-03-31,2015-03-31,2021-10-20,237900000.0,65546000000.0,62896025000.0,34740400000.0,30805600000.0,1.193,91.212,-579700000.0,1397000000.0,1397000000.0,57317200000.0,2733900000.0,1.631,1.694,15839400000.0,1075000000.0,14764400000.0,15839400000.0,1079800000.0,848600000.0,0.0,0.013,1.939,5416000000.0,6264600000.0,0.083,6264600000.0,5416000000.0,4807100000.0,10.09,9.68,10.09,24334300000.0,24314125000.0,24334300000.0,54195152162.0,10.0,8.651,3052600000.0,11.442,1.0,17749000000.0,0.236,25864500000.0,608900000.0,32818500000.0,31674050000.0,0.0,23212700000.0,20933500000.0,2279200000.0,41211700000.0,21305400000.0,19906300000.0,41194652162.0,-574200000.0,-635800000.0,-2229600000.0,710000000.0,-523900000.0,-1252000000.0,-2942200000.0,-742200000.0,3632300000.0,-12300000.0,2733900000.0,2733900000.0,2733900000.0,0.0,0.0,0.036,12251500000.0,5497500000.0,13844500000.0,0.192,1.693,15.068,15.303,1915900000.0,0.0,154.41,0.549,0.549,7514300000.0,14150100000.0,75066200000.0,75066200000.0,0.0,0.043,0.112,0.171,0.072,64400000.0,12032100000.0,1.0,266787463.0,266787463.0,,281.371,39681500000.0,164100000.0,2073200000.0,3641500000.0,148.738,13435000000.0
27,ANTM,MRT,2014-12-31,2014-12-31,2014-12-31,2021-10-20,171900000.0,61676300000.0,61930900000.0,31947800000.0,29728500000.0,1.193,89.839,-626600000.0,2151700000.0,2151700000.0,56854900000.0,2569700000.0,1.704,1.543,15043900000.0,1024300000.0,14019600000.0,15043900000.0,1078100000.0,851000000.0,0.0,0.014,1.752,4978400000.0,5829400000.0,0.079,5829400000.0,4978400000.0,4377700000.0,9.31,8.99,9.31,24251300000.0,24316875000.0,24251300000.0,47468933853.0,10.0,8.143,2742700000.0,10.16,1.0,17019200000.0,0.23,25040100000.0,600700000.0,30775700000.0,31208775000.0,0.0,21626000000.0,19394200000.0,2231800000.0,37425000000.0,18752700000.0,18672300000.0,33923533853.0,564800000.0,740000000.0,-2697500000.0,763700000.0,-480700000.0,-1822500000.0,-974900000.0,-269500000.0,3369300000.0,-7100000.0,2569700000.0,2569700000.0,2569700000.0,-9600000.0,0.0,0.035,11969300000.0,5049900000.0,12094500000.0,0.188,1.399,13.201,13.498,1944300000.0,0.0,125.67,0.459,0.459,6942500000.0,14014400000.0,73874100000.0,73874100000.0,0.0,0.041,0.106,0.16,0.067,122500000.0,11748400000.0,1.0,269941385.0,269941385.0,,273.667,36636200000.0,308900000.0,1808000000.0,2945600000.0,135.719,13195100000.0
28,ANTM,MRT,2014-09-30,2014-09-30,2014-09-30,2021-10-20,333100000.0,62058200000.0,61405450000.0,32227100000.0,29831100000.0,1.185,88.585,-609800000.0,1717900000.0,1717900000.0,56577800000.0,2211200000.0,1.752,1.554,15263300000.0,725000000.0,14538300000.0,15263300000.0,1003500000.0,880600000.0,0.0,0.014,1.689,4392700000.0,5273300000.0,0.072,5273300000.0,4392700000.0,3799800000.0,7.94,7.69,7.94,24294000000.0,24445350000.0,24294000000.0,45817977574.0,10.0,8.689,2727200000.0,9.944,1.0,16213700000.0,0.223,25092600000.0,592900000.0,32116000000.0,31208425000.0,0.0,22376800000.0,20152000000.0,2224800000.0,37764200000.0,18395000000.0,19369200000.0,32805377574.0,-467800000.0,740000000.0,-2687300000.0,260300000.0,-473600000.0,-2019400000.0,-1782600000.0,-874700000.0,3337000000.0,-2800000.0,2211200000.0,2211200000.0,2211200000.0,151100000.0,0.0,0.03,11589100000.0,4624600000.0,12096100000.0,0.213,1.35,14.836,15.065,1848900000.0,0.0,119.62,0.451,0.451,6118800000.0,13863800000.0,72791500000.0,72791500000.0,0.0,0.036,0.09,0.141,0.06,121500000.0,11361100000.0,1.0,274246594.0,274246594.0,,265.424,36965600000.0,445000000.0,1588600000.0,3284200000.0,134.79,13832100000.0
29,ANTM,MRT,2014-06-30,2014-06-30,2014-06-30,2021-10-20,475000000.0,62303600000.0,60956775000.0,32428200000.0,29875400000.0,1.183,87.162,-629000000.0,1784600000.0,1784600000.0,56441700000.0,2236500000.0,1.691,1.556,14797200000.0,759400000.0,14037800000.0,14797200000.0,953500000.0,903600000.0,0.0,0.015,1.626,4183800000.0,5087400000.0,0.071,5087400000.0,4183800000.0,3594700000.0,7.84,7.63,7.84,24376900000.0,24573875000.0,24376900000.0,43165135127.0,10.0,8.485,3499700000.0,12.514,1.0,15648300000.0,0.217,25153900000.0,589100000.0,30986000000.0,30799500000.0,0.0,22456300000.0,20239900000.0,2216400000.0,37926700000.0,19176300000.0,18750400000.0,30095535127.0,437300000.0,740000000.0,-2527900000.0,-297500000.0,-465800000.0,-1995300000.0,-1698300000.0,-369300000.0,4128700000.0,2200000.0,2236500000.0,2236500000.0,2236500000.0,148700000.0,0.0,0.031,11164500000.0,4483800000.0,13309900000.0,0.207,1.235,13.457,13.726,1829200000.0,0.0,107.61,0.417,0.417,5880700000.0,13744400000.0,72090000000.0,72090000000.0,0.0,0.037,0.091,0.136,0.058,126200000.0,10935500000.0,1.0,279672290.0,279672290.0,,257.766,37149700000.0,241600000.0,1358200000.0,3216900000.0,132.833,13251900000.0
30,ANTM,MRT,2014-03-31,2014-03-31,2014-03-31,2021-10-20,327400000.0,61685500000.0,60283950000.0,31806800000.0,29878700000.0,1.183,86.191,-635500000.0,1971200000.0,1971200000.0,56153000000.0,2305500000.0,1.72,1.534,15040800000.0,1108700000.0,13932100000.0,15040800000.0,1073000000.0,913500000.0,0.0,0.016,1.563,4135300000.0,5048800000.0,0.071,5048800000.0,4135300000.0,3539900000.0,7.87,7.71,7.87,24345300000.0,24612775000.0,24345300000.0,41028305496.0,10.0,8.126,2847400000.0,10.081,1.0,15153900000.0,0.213,25304000000.0,595400000.0,30957400000.0,30701825000.0,0.0,22120600000.0,19993400000.0,2127200000.0,37340200000.0,18493700000.0,18846500000.0,28118805496.0,305900000.0,740000000.0,-1911600000.0,202700000.0,-458000000.0,-1397300000.0,-1783100000.0,-982300000.0,3482900000.0,3400000.0,2305500000.0,2305500000.0,2305500000.0,147900000.0,0.0,0.032,10722400000.0,4431500000.0,12322300000.0,0.199,1.155,12.196,12.649,1811700000.0,0.0,99.55,0.394,0.394,5691500000.0,14011500000.0,71306900000.0,71306900000.0,0.0,0.038,0.094,0.135,0.058,115000000.0,10485300000.0,1.0,282459121.0,282459121.0,,252.45,36381500000.0,234500000.0,1234400000.0,3440800000.0,128.803,13313100000.0
31,ANTM,MRT,2013-12-31,2013-12-31,2013-12-31,2021-10-20,183200000.0,59574500000.0,59714725000.0,29745800000.0,29828700000.0,1.189,83.831,-607300000.0,1582100000.0,1582100000.0,56237100000.0,2489700000.0,1.819,1.406,14491600000.0,918000000.0,13573600000.0,14491600000.0,822700000.0,908800000.0,0.0,0.016,1.5,4298300000.0,5207100000.0,0.073,5207100000.0,4298300000.0,3695600000.0,8.34,8.2,8.34,24765200000.0,24605950000.0,24765200000.0,39971989934.0,9.0,7.676,2445000000.0,8.276,1.0,14786400000.0,0.208,25358200000.0,602700000.0,30774300000.0,30449300000.0,0.0,20813800000.0,18790000000.0,2023800000.0,34809300000.0,16351500000.0,18457800000.0,27293589934.0,-897700000.0,0.0,-1095400000.0,-583700000.0,-448000000.0,-1717800000.0,-2234400000.0,-971800000.0,3052300000.0,2200000.0,2489700000.0,2489700000.0,2489700000.0,144600000.0,0.0,0.035,10198200000.0,4588200000.0,10618400000.0,0.18,1.102,10.963,11.078,1801500000.0,0.0,92.39,0.384,0.384,5032000000.0,13813900000.0,71023500000.0,71023500000.0,0.0,0.042,0.101,0.141,0.061,115900000.0,9952900000.0,1.0,295417144.0,295417144.0,,240.418,34216300000.0,618700000.0,1205900000.0,3325200000.0,115.824,13394300000.0
32,ANTM,MRT,2013-09-30,2013-09-30,2013-09-30,2021-10-20,-4800000.0,60263500000.0,59559950000.0,29596900000.0,30666600000.0,1.149,82.981,-577900000.0,2185700000.0,2185700000.0,53946900000.0,2805700000.0,1.845,1.429,14864100000.0,350100000.0,14514000000.0,14864100000.0,939700000.0,864200000.0,0.0,0.017,1.413,4473500000.0,5337700000.0,0.078,5337700000.0,4473500000.0,3865100000.0,9.36,9.24,9.36,24808100000.0,24365325000.0,24808100000.0,38489875198.0,9.0,7.211,2961400000.0,9.906,1.0,14496500000.0,0.212,26419200000.0,608400000.0,30480300000.0,30232650000.0,0.0,21022800000.0,19037900000.0,1984900000.0,35455400000.0,16042400000.0,19413000000.0,24996075198.0,-256400000.0,-3604700000.0,-1439400000.0,1254000000.0,-424600000.0,-444200000.0,-3353300000.0,1323700000.0,3539300000.0,1800000.0,2805700000.0,2805700000.0,2805700000.0,-20600000.0,0.0,0.041,9898300000.0,4598200000.0,10541000000.0,0.151,1.008,8.909,8.933,1806500000.0,0.0,83.61,0.365,0.365,5032300000.0,14040500000.0,68443400000.0,68443400000.0,0.0,0.047,0.115,0.148,0.065,97400000.0,9661800000.0,1.0,298960354.0,298960354.0,,228.938,33844300000.0,520200000.0,1059400000.0,3322900000.0,113.207,13554500000.0
33,ANTM,MRT,2013-06-30,2013-06-30,2013-06-30,2021-10-20,-27200000.0,59612300000.0,58448550000.0,28900800000.0,30711500000.0,1.128,81.676,-568300000.0,1347300000.0,1347300000.0,51923200000.0,2840700000.0,1.802,1.43,14841100000.0,749600000.0,14091500000.0,14841100000.0,823600000.0,820000000.0,0.0,0.016,1.326,4599200000.0,5419200000.0,0.082,5419200000.0,4599200000.0,4008700000.0,9.32,9.23,9.32,24532500000.0,24117425000.0,24532500000.0,37695769292.0,8.0,6.956,1813800000.0,6.039,1.0,14017800000.0,0.213,26476700000.0,590500000.0,30595300000.0,30162825000.0,0.0,21106200000.0,19105600000.0,2000600000.0,35079800000.0,16034100000.0,19045700000.0,24581669292.0,-605800000.0,-3691700000.0,-1758300000.0,3897000000.0,-403900000.0,1658900000.0,-4647800000.0,-111500000.0,2382100000.0,1000000.0,2840700000.0,2840700000.0,2840700000.0,-18200000.0,0.0,0.043,9436800000.0,4581000000.0,10268300000.0,0.142,1.002,8.653,8.781,1769500000.0,0.0,81.84,0.373,0.373,5324100000.0,13817900000.0,65941000000.0,65941000000.0,0.0,0.049,0.118,0.152,0.07,118200000.0,9197700000.0,1.0,300362528.0,300362528.0,,219.538,33135600000.0,458000000.0,1168000000.0,3320800000.0,110.319,12866700000.0
34,ANTM,MRT,2013-03-31,2013-03-31,2013-03-31,2021-10-20,342500000.0,59408600000.0,57179225000.0,28660700000.0,30747900000.0,1.113,79.984,-528200000.0,1665300000.0,1665300000.0,50190400000.0,2684200000.0,1.788,1.443,14779400000.0,749400000.0,14030000000.0,14779400000.0,865700000.0,774000000.0,0.0,0.019,1.239,4404600000.0,5178600000.0,0.081,5178600000.0,4404600000.0,3848400000.0,8.61,8.53,8.61,24318000000.0,23895250000.0,24318000000.0,32629548514.0,7.0,6.301,1950200000.0,6.414,1.0,13467600000.0,0.212,26545300000.0,556200000.0,29947300000.0,28737225000.0,0.0,21172700000.0,19191500000.0,1981200000.0,35090600000.0,16030100000.0,19060500000.0,20136248514.0,-613800000.0,-4595800000.0,-2058400000.0,5244600000.0,-384700000.0,2676800000.0,-5767300000.0,-388900000.0,2478400000.0,-1700000.0,2684200000.0,2684200000.0,2684200000.0,-17400000.0,0.0,0.042,9080400000.0,4387200000.0,9945200000.0,0.144,0.828,7.502,7.692,1738100000.0,0.0,66.23,0.316,0.316,5027100000.0,13275100000.0,63658000000.0,63658000000.0,0.0,0.047,0.112,0.153,0.069,121800000.0,8843900000.0,1.0,304035158.0,304035158.0,,209.377,32863300000.0,135400000.0,1164200000.0,3492700000.0,108.09,12630600000.0
35,ANTM,MRT,2012-12-31,2012-12-31,2012-12-31,2021-10-20,299100000.0,58955400000.0,55451200000.0,29347500000.0,29607900000.0,1.109,78.387,-544500000.0,2475300000.0,2475300000.0,48213600000.0,2655500000.0,1.835,1.477,14977900000.0,807100000.0,14170800000.0,14977900000.0,896800000.0,740700000.0,0.0,0.019,1.152,4374600000.0,5115300000.0,0.083,5115300000.0,4374600000.0,3862800000.0,8.26,8.18,8.26,23802700000.0,23697850000.0,23802700000.0,29644490075.0,7.0,5.795,2200100000.0,7.245,1.0,13283600000.0,0.216,25555300000.0,511800000.0,29907700000.0,26750125000.0,0.0,19989300000.0,18140100000.0,1849200000.0,35152700000.0,15995000000.0,19157700000.0,18498690075.0,283000000.0,-4597000000.0,-2386000000.0,5121000000.0,-367100000.0,2088900000.0,-4551600000.0,582600000.0,2744600000.0,1100000.0,2655500000.0,2655500000.0,2655500000.0,-4500000.0,0.0,0.043,8913500000.0,4370100000.0,9907200000.0,0.139,0.777,6.966,7.375,1717300000.0,0.0,60.92,0.301,0.301,4615000000.0,12647100000.0,61497200000.0,61497200000.0,0.0,0.048,0.112,0.164,0.071,117700000.0,8680500000.0,1.0,303655451.0,303655451.0,,202.523,33400100000.0,464900000.0,1207300000.0,3222900000.0,109.993,13352500000.0
36,ANTM,MRT,2012-09-30,2012-09-30,2012-09-30,2021-10-20,386900000.0,55817900000.0,53753150000.0,29640300000.0,26177600000.0,1.144,73.239,-557400000.0,2442100000.0,2442100000.0,48357600000.0,2526600000.0,2.105,1.344,13587900000.0,192200000.0,13395700000.0,13587900000.0,823700000.0,727400000.0,0.0,0.019,1.114,4335200000.0,5062600000.0,0.082,5062600000.0,4335200000.0,3862300000.0,7.71,7.63,7.71,23816500000.0,23569225000.0,23816500000.0,28060276406.0,6.0,5.543,1485300000.0,4.568,1.0,13135700000.0,0.214,22679600000.0,472900000.0,30201000000.0,24801375000.0,0.0,21199400000.0,19689800000.0,1509600000.0,32001400000.0,14083100000.0,17918300000.0,18864076406.0,-66300000.0,-990000000.0,-2411900000.0,3619800000.0,-365700000.0,797100000.0,-2903900000.0,-1204700000.0,2042700000.0,-2200000.0,2526600000.0,2526600000.0,2526600000.0,0.0,0.0,0.041,8800500000.0,4335200000.0,9010800000.0,0.144,0.792,7.466,7.524,1536500000.0,0.0,58.01,0.307,0.307,4493000000.0,12556800000.0,61493300000.0,61493300000.0,0.0,0.047,0.107,0.175,0.07,133400000.0,8554500000.0,1.0,325186630.0,325186630.0,,189.102,33138300000.0,274100000.0,1335700000.0,2841500000.0,101.905,15557200000.0
37,ANTM,MRT,2012-06-30,2012-06-30,2012-06-30,2021-10-20,212200000.0,54535000000.0,52936150000.0,28470100000.0,26064900000.0,1.162,71.468,-537900000.0,1953100000.0,1953100000.0,48369200000.0,2518600000.0,1.76,1.307,11149300000.0,1013700000.0,10135600000.0,11149300000.0,1707800000.0,692400000.0,0.0,0.017,1.076,4329300000.0,5021700000.0,0.082,5021700000.0,4329300000.0,3881800000.0,7.46,7.38,7.46,23643800000.0,23544625000.0,23643800000.0,28297829561.0,7.0,5.635,2694400000.0,8.144,1.0,13169000000.0,0.214,22660500000.0,447500000.0,24892900000.0,22853750000.0,0.0,19828900000.0,18361500000.0,1467400000.0,30891200000.0,16177800000.0,14713400000.0,21103629561.0,253300000.0,-1505300000.0,-2643600000.0,2488300000.0,-363200000.0,-535100000.0,-2439000000.0,-189800000.0,3232300000.0,-4900000.0,2518600000.0,2518600000.0,2518600000.0,0.0,0.0,0.041,8839700000.0,4329300000.0,9158900000.0,0.144,0.893,8.379,8.551,1478400000.0,0.0,63.79,0.343,0.343,4826200000.0,12224000000.0,61538200000.0,61538200000.0,0.0,0.048,0.107,0.189,0.07,116600000.0,8595500000.0,1.0,330829747.0,330829747.0,,186.012,31874500000.0,484900000.0,1363200000.0,2868400000.0,96.347,12292300000.0
38,ANTM,MRT,2012-03-31,2012-03-31,2012-03-31,2021-10-20,235000000.0,52496500000.0,52021700000.0,27543600000.0,24952900000.0,1.177,70.287,-537700000.0,2279100000.0,2279100000.0,48191400000.0,2576600000.0,1.726,1.231,9473300000.0,1010800000.0,8462500000.0,9473300000.0,1624100000.0,665200000.0,0.0,0.014,1.038,4274100000.0,4939300000.0,0.081,4939300000.0,4274100000.0,3840600000.0,7.42,7.33,7.42,23528400000.0,23679000000.0,23528400000.0,32298244392.0,8.0,6.539,2944900000.0,8.797,1.0,13040200000.0,0.213,21736700000.0,433500000.0,21998900000.0,22323375000.0,0.0,18758400000.0,17442500000.0,1315900000.0,28968100000.0,15955100000.0,13013000000.0,24704444392.0,-122900000.0,-601200000.0,-2744800000.0,740200000.0,-360800000.0,-2400400000.0,-1204000000.0,87700000.0,3482600000.0,-1100000.0,2576600000.0,2576600000.0,2576600000.0,0.0,0.0,0.042,8766100000.0,4274100000.0,9075900000.0,0.14,1.05,9.588,9.946,1454600000.0,0.0,73.8,0.403,0.403,4665300000.0,11921100000.0,61231600000.0,61231600000.0,0.0,0.05,0.109,0.191,0.07,105800000.0,8524800000.0,1.0,334748569.0,334748569.0,,182.918,30759800000.0,353300000.0,1264000000.0,3039000000.0,91.889,11588500000.0
39,ANTM,MRT,2011-12-31,2011-12-31,2011-12-31,2021-10-20,114900000.0,52163200000.0,51627075000.0,27097400000.0,25065800000.0,1.176,66.947,-515800000.0,2201600000.0,2201600000.0,47647500000.0,2646700000.0,1.704,1.24,9840200000.0,1374500000.0,8465700000.0,9840200000.0,926500000.0,637200000.0,0.0,0.015,1.0,4388200000.0,5025400000.0,0.083,5025400000.0,4388200000.0,3957900000.0,7.35,7.25,7.35,23288200000.0,23791425000.0,23288200000.0,30533788799.0,7.0,6.076,2858600000.0,8.218,1.0,13063200000.0,0.215,21790400000.0,430300000.0,22112700000.0,22361725000.0,0.0,18494900000.0,17116000000.0,1378900000.0,28875000000.0,15898700000.0,12976300000.0,23045788799.0,412800000.0,-600000000.0,-2794800000.0,1120200000.0,-357800000.0,-2019200000.0,-942000000.0,383900000.0,3374400000.0,-400000.0,2646700000.0,2646700000.0,2646700000.0,0.0,0.0,0.044,8675000000.0,4388200000.0,9537300000.0,0.136,0.99,8.707,9.014,1418100000.0,0.0,66.25,0.38,0.38,4346800000.0,11490700000.0,60710700000.0,60710700000.0,0.0,0.051,0.111,0.196,0.072,92600000.0,8435600000.0,1.0,347860963.0,347860963.0,,174.526,30372800000.0,530600000.0,1311200000.0,2724000000.0,87.313,11198700000.0
40,ANTM,MRT,2011-09-30,2011-09-30,2011-09-30,2021-10-20,132200000.0,52549900000.0,51128000000.0,27552300000.0,24997600000.0,1.174,65.763,-456100000.0,2508400000.0,2508400000.0,46569500000.0,2860200000.0,1.745,1.216,9996400000.0,1374100000.0,8622300000.0,9996400000.0,1638600000.0,615700000.0,0.0,0.011,0.75,4662500000.0,5278200000.0,0.088,5278200000.0,4662500000.0,4231800000.0,7.76,7.65,7.76,23718100000.0,23922525000.0,23718100000.0,30692502948.0,7.0,5.815,3447400000.0,9.559,1.0,13445500000.0,0.224,21841100000.0,430700000.0,22410500000.0,22348700000.0,0.0,18960500000.0,17660000000.0,1300500000.0,28831800000.0,15786300000.0,13045500000.0,23543902948.0,262200000.0,-602400000.0,-3112800000.0,1250300000.0,-272100000.0,-2215000000.0,-1425800000.0,-270600000.0,3903500000.0,-500000.0,2860200000.0,2860200000.0,2860200000.0,0.0,0.0,0.048,8783000000.0,4662500000.0,9132100000.0,0.097,0.993,8.232,8.412,1316900000.0,0.0,65.28,0.392,0.392,4301400000.0,11572800000.0,60015000000.0,60015000000.0,0.0,0.056,0.12,0.209,0.078,96100000.0,8547800000.0,1.0,360660278.0,360660278.0,,166.403,30708800000.0,532100000.0,1371600000.0,2754700000.0,85.146,11766000000.0
41,ANTM,MRT,2011-06-30,2011-06-30,2011-06-30,2021-10-20,343700000.0,50877200000.0,50748625000.0,26756800000.0,24120400000.0,1.166,65.86,-436800000.0,1699800000.0,1699800000.0,45712200000.0,2916100000.0,1.897,1.104,8848400000.0,556300000.0,8292100000.0,8848400000.0,1038100000.0,619600000.0,0.0,0.006,0.5,4752200000.0,5371800000.0,0.091,5371800000.0,4752200000.0,4323400000.0,7.7,7.59,7.7,24181300000.0,24083425000.0,24181300000.0,35520599420.0,7.0,6.612,2933400000.0,7.989,1.0,13477100000.0,0.228,21147100000.0,428800000.0,22771400000.0,22332700000.0,0.0,19062100000.0,17859000000.0,1203100000.0,26695900000.0,14107300000.0,12588600000.0,28921399420.0,-328100000.0,0.0,-2668800000.0,452400000.0,-183900000.0,-2281600000.0,-1421800000.0,-729900000.0,3370200000.0,5100000.0,2916100000.0,2916100000.0,2916100000.0,0.0,0.0,0.049,8724900000.0,4752200000.0,8861300000.0,0.065,1.196,9.918,10.23,1212900000.0,0.0,78.77,0.489,0.489,4010400000.0,11418100000.0,59189300000.0,59189300000.0,0.0,0.057,0.121,0.213,0.08,98500000.0,8491400000.0,1.0,367162618.0,367162618.0,,161.207,29730100000.0,596100000.0,1407300000.0,2639300000.0,80.973,12649500000.0
42,ANTM,MRT,2011-03-31,2011-03-31,2011-03-31,2021-10-20,251400000.0,50918000000.0,50569325000.0,26819400000.0,24098600000.0,1.157,63.855,-435400000.0,2402000000.0,2402000000.0,44776100000.0,2936900000.0,1.894,1.124,9001200000.0,459200000.0,8542000000.0,9001200000.0,1048000000.0,612000000.0,0.0,0.004,0.25,4871000000.0,5483000000.0,0.094,5483000000.0,4871000000.0,4445600000.0,7.51,7.41,7.51,23978100000.0,23985725000.0,23978100000.0,33371834395.0,7.0,6.086,2419100000.0,6.442,1.0,13743800000.0,0.235,21204600000.0,425400000.0,22152300000.0,21755300000.0,0.0,18306700000.0,17141000000.0,1165700000.0,26939900000.0,14160300000.0,12779600000.0,26206934395.0,-1124200000.0,0.0,-3591900000.0,670400000.0,-92800000.0,-2797400000.0,-1181300000.0,-376700000.0,2854500000.0,0.0,2936900000.0,2936900000.0,2936900000.0,0.0,0.0,0.05,8872800000.0,4871000000.0,8649000000.0,0.033,1.093,8.923,9.293,1186100000.0,0.0,69.79,0.448,0.448,4219900000.0,11199900000.0,58519900000.0,58519900000.0,0.0,0.058,0.122,0.224,0.083,115400000.0,8635000000.0,1.0,375511311.0,375511311.0,,155.841,29713400000.0,457400000.0,1508700000.0,3030100000.0,79.128,12659100000.0
43,ANTM,MRT,2010-12-31,2010-12-31,2010-12-31,2021-10-20,224600000.0,50166900000.0,50635050000.0,26140800000.0,24026100000.0,1.159,60.498,-450600000.0,1788800000.0,1788800000.0,44930400000.0,2887100000.0,1.866,1.107,8953700000.0,805900000.0,8147800000.0,8953700000.0,891400000.0,600800000.0,0.0,0.0,0.0,4772700000.0,5373500000.0,0.092,5373500000.0,4772700000.0,4353800000.0,7.03,6.94,7.03,23812600000.0,24121000000.0,23812600000.0,29158167614.0,6.0,5.426,966100000.0,2.454,1.0,13768100000.0,0.235,21261700000.0,418900000.0,22060600000.0,21164975000.0,0.0,18447400000.0,17326800000.0,1120600000.0,26354300000.0,14009500000.0,12344800000.0,22380667614.0,-3027300000.0,-300000.0,-4216700000.0,514400000.0,0.0,-3169300000.0,-1271500000.0,-148900000.0,1416700000.0,-3200000.0,2887100000.0,2887100000.0,2887100000.0,0.0,0.0,0.049,8995400000.0,4772700000.0,8729400000.0,0.0,0.94,7.752,8.088,1155500000.0,0.0,56.86,0.381,0.381,3920200000.0,10721600000.0,58698500000.0,58698500000.0,0.0,0.057,0.12,0.225,0.081,107900000.0,8732600000.0,1.0,393610053.0,393610053.0,,149.129,28905200000.0,493200000.0,1466700000.0,2586900000.0,73.436,12131300000.0
44,ANTM,MRT,2010-09-30,2010-09-30,2010-09-30,2021-10-20,372400000.0,51032400000.0,51124675000.0,26939400000.0,24093000000.0,1.233,60.944,-433700000.0,2246200000.0,2246200000.0,45641600000.0,5080100000.0,1.905,1.095,9023700000.0,806500000.0,8217200000.0,9023700000.0,989400000.0,579600000.0,0.0,0.0,0.0,8351000000.0,8930600000.0,0.142,8930600000.0,8351000000.0,7941400000.0,11.39,11.27,11.39,24361700000.0,24383675000.0,24361700000.0,29161945450.0,3.0,3.265,425700000.0,1.065,1.0,17392800000.0,0.276,21321900000.0,409600000.0,22346500000.0,20527525000.0,0.0,18933400000.0,17824100000.0,1109300000.0,26670700000.0,14141500000.0,12529200000.0,22641245450.0,404000000.0,4672100000.0,-4007000000.0,29700000.0,0.0,-3439700000.0,2994400000.0,-576800000.0,859400000.0,-10100000.0,5080100000.0,5080100000.0,5080100000.0,0.0,0.0,0.081,9041800000.0,8351000000.0,8867900000.0,0.0,0.929,4.457,4.973,1206700000.0,0.0,56.64,0.359,0.359,4084800000.0,10581800000.0,63034400000.0,63034400000.0,0.0,0.099,0.208,0.407,0.132,105100000.0,8716200000.0,1.0,399739503.0,399739503.0,,157.689,29710500000.0,416000000.0,2861300000.0,2683700000.0,74.325,12797900000.0
45,ANTM,MRT,2010-06-30,2010-06-30,2010-06-30,2021-10-20,140700000.0,50160000000.0,50740950000.0,26081700000.0,24078300000.0,1.259,55.691,-437900000.0,2027900000.0,2027900000.0,46101500000.0,5071200000.0,1.758,1.108,8548600000.0,1213800000.0,7334800000.0,8548600000.0,1035200000.0,562900000.0,0.0,0.0,0.0,8335700000.0,8898600000.0,0.139,8898600000.0,8335700000.0,7921800000.0,11.08,10.96,11.08,23790500000.0,24010100000.0,23790500000.0,25766379629.0,3.0,2.896,964600000.0,2.258,1.0,17785700000.0,0.278,21382400000.0,413900000.0,20461800000.0,20126425000.0,0.0,17644800000.0,16559200000.0,1085600000.0,26369500000.0,14836500000.0,11533000000.0,20902279629.0,303300000.0,4672000000.0,-4226000000.0,-936900000.0,0.0,-4728600000.0,3641800000.0,-61500000.0,1402500000.0,-12400000.0,5071200000.0,5071200000.0,5071200000.0,0.0,0.0,0.079,9450000000.0,8335700000.0,8726900000.0,0.0,0.879,4.122,4.416,1171200000.0,0.0,48.93,0.327,0.327,4723600000.0,9997500000.0,63887200000.0,63887200000.0,0.0,0.1,0.211,0.414,0.13,103200000.0,8913300000.0,1.0,427187403.0,427187403.0,,149.553,28777600000.0,545400000.0,2850600000.0,2481000000.0,67.365,11245200000.0
46,ANTM,MRT,2010-03-31,2010-03-31,2010-03-31,2021-10-20,166800000.0,51180900000.0,50537025000.0,27116500000.0,24064400000.0,1.284,55.232,-426400000.0,3526200000.0,3526200000.0,47086800000.0,5042300000.0,1.831,1.087,8390300000.0,759900000.0,7630400000.0,8390300000.0,1117700000.0,557300000.0,0.0,0.0,0.0,8275400000.0,8832700000.0,0.136,8832700000.0,8275400000.0,7844700000.0,10.79,10.68,10.79,24519200000.0,23625700000.0,24519200000.0,32163247650.0,4.0,3.641,1097600000.0,2.472,1.0,17782300000.0,0.274,21443500000.0,430700000.0,19791000000.0,20142850000.0,0.0,17740900000.0,16677000000.0,1063900000.0,26661700000.0,14810500000.0,11851200000.0,28580247650.0,1148100000.0,4606800000.0,-3167500000.0,-1344500000.0,0.0,-4353600000.0,3985600000.0,25200000.0,1524000000.0,-7900000.0,5042300000.0,5042300000.0,5042300000.0,0.0,0.0,0.078,9506900000.0,8275400000.0,9039600000.0,0.0,1.166,5.668,5.967,1144500000.0,0.0,64.38,0.441,0.441,4336700000.0,9795600000.0,64869100000.0,64869100000.0,0.0,0.1,0.213,0.411,0.128,112400000.0,8964500000.0,1.0,443930532.0,443930532.0,,146.124,29737400000.0,481600000.0,2802400000.0,2881800000.0,66.987,12306000000.0
47,ANTM,MRT,2009-12-31,2009-12-31,2009-12-31,2021-10-20,68100000.0,52125400000.0,50095500000.0,28070700000.0,24054700000.0,1.296,54.246,-378000000.0,4816100000.0,4816100000.0,47541300000.0,4745900000.0,1.913,1.096,8399100000.0,60800000.0,8338300000.0,8399100000.0,1050000000.0,553500000.0,0.0,0.0,0.0,7850400000.0,8403900000.0,0.129,8403900000.0,7850400000.0,7403000000.0,9.96,9.88,9.96,24863300000.0,22872900000.0,24863300000.0,33736964966.0,4.0,4.014,2660900000.0,5.805,1.0,17398200000.0,0.268,21523900000.0,447400000.0,19510800000.0,19897975000.0,0.0,17772300000.0,16734100000.0,1038200000.0,27262100000.0,14673700000.0,12588400000.0,26716964966.0,2632200000.0,4606000000.0,-2511900000.0,-768100000.0,0.0,-3402800000.0,3002800000.0,-1276600000.0,3038900000.0,-6700000.0,4745900000.0,4745900000.0,4745900000.0,0.0,0.0,0.073,9547800000.0,7850400000.0,8878800000.0,0.0,1.075,5.629,5.852,1099600000.0,0.0,58.29,0.411,0.411,4160500000.0,9598500000.0,64939500000.0,64939500000.0,0.0,0.095,0.207,0.395,0.121,144000000.0,9019300000.0,1.0,458345599.0,458345599.0,,141.682,30601500000.0,523800000.0,2657100000.0,3699100000.0,66.765,13397000000.0
48,ANTM,MRT,2009-09-30,2009-09-30,2009-09-30,2021-10-20,72500000.0,49497500000.0,49164950000.0,25362500000.0,24135000000.0,1.242,48.136,-380200000.0,1842200000.0,1842200000.0,48038500000.0,2335500000.0,1.795,1.165,8862200000.0,477800000.0,8384400000.0,8862200000.0,1089100000.0,551200000.0,0.0,0.0,0.0,4030700000.0,4581900000.0,0.075,4581900000.0,4030700000.0,3571100000.0,4.83,4.79,4.83,22867400000.0,22015000000.0,22867400000.0,29945919032.0,7.0,6.536,3106500000.0,6.539,1.0,13012700000.0,0.213,21649000000.0,459600000.0,20742100000.0,19458300000.0,0.0,17420800000.0,16378500000.0,1042300000.0,26630100000.0,14126400000.0,12503700000.0,22498719032.0,-428400000.0,-66300000.0,-1945700000.0,-743700000.0,0.0,-2929300000.0,-988000000.0,-725600000.0,3486700000.0,2200000.0,2335500000.0,2335500000.0,2335500000.0,0.0,0.0,0.038,8982000000.0,4030700000.0,8945300000.0,0.0,0.984,9.633,9.805,1067600000.0,0.0,47.36,0.369,0.369,3781300000.0,7126800000.0,61051200000.0,61051200000.0,0.0,0.048,0.106,0.207,0.066,136000000.0,8504900000.0,1.0,475057412.0,475057412.0,,128.513,27848500000.0,361100000.0,1235600000.0,2326300000.0,58.621,11236100000.0
49,ANTM,MRT,2009-06-30,2009-06-30,2009-06-30,2021-10-20,-423300000.0,49344300000.0,49230225000.0,25001400000.0,24342900000.0,1.231,45.916,-345700000.0,1724600000.0,1724600000.0,48232700000.0,2426000000.0,1.743,1.217,9171800000.0,658100000.0,8513700000.0,9171800000.0,1066900000.0,558900000.0,0.0,0.0,0.0,3470700000.0,4029600000.0,0.067,4029600000.0,3470700000.0,3003300000.0,4.89,4.86,4.89,22252900000.0,21716475000.0,22252900000.0,31622788583.0,9.0,7.848,2599900000.0,5.365,1.0,12354400000.0,0.204,21921700000.0,467400000.0,20527500000.0,19063700000.0,0.0,16652300000.0,15634100000.0,1018200000.0,27091400000.0,14342300000.0,12749100000.0,24663288583.0,-549200000.0,-157500000.0,-1438800000.0,-891200000.0,0.0,-2710400000.0,-785600000.0,-583400000.0,2945600000.0,1200000.0,2426000000.0,2426000000.0,2426000000.0,0.0,0.0,0.04,8883700000.0,3470700000.0,9044400000.0,0.0,1.108,10.166,10.407,1038200000.0,0.0,50.89,0.407,0.407,3973200000.0,6639500000.0,60587100000.0,60587100000.0,0.0,0.049,0.112,0.182,0.057,139100000.0,8464800000.0,1.0,484639194.0,484639194.0,,125.015,27422600000.0,740700000.0,577300000.0,2302200000.0,56.584,10659100000.0
50,ANTM,MRT,2009-03-31,2009-03-31,2009-03-31,2021-10-20,-745500000.0,49414800000.0,49638125000.0,12483200000.0,36931600000.0,1.226,43.155,-327100000.0,2378100000.0,2378100000.0,48335600000.0,2483000000.0,0.814,1.298,9337600000.0,810500000.0,8527100000.0,9337600000.0,1153100000.0,562700000.0,0.0,0.0,0.0,3603700000.0,4166400000.0,0.068,4166400000.0,3603700000.0,3136800000.0,4.89,4.87,4.89,21508000000.0,21466875000.0,21508000000.0,25581493423.0,7.0,6.14,2359100000.0,4.733,1.0,12505100000.0,0.206,22222000000.0,466900000.0,18811500000.0,19254175000.0,0.0,15872700000.0,2601300000.0,13271400000.0,27906800000.0,15340800000.0,12566000000.0,18923793423.0,-174000000.0,-193400000.0,-1867400000.0,-91000000.0,0.0,-2235300000.0,-624900000.0,-281700000.0,2686200000.0,0.0,2483000000.0,2483000000.0,2483000000.0,0.0,0.0,0.041,8901400000.0,3603700000.0,9673500000.0,0.0,0.88,7.621,7.765,1051800000.0,0.0,37.97,0.311,0.311,4925900000.0,5970600000.0,60840700000.0,60840700000.0,0.0,0.05,0.116,0.187,0.059,138200000.0,8477500000.0,1.0,498388028.0,498388028.0,,122.075,27192800000.0,730800000.0,653800000.0,2314500000.0,54.562,-2857600000.0
51,ANTM,MRT,2008-12-31,2008-12-31,2008-12-31,2021-10-20,-895700000.0,48403200000.0,50173350000.0,12130000000.0,36273200000.0,1.221,42.102,-332900000.0,2183900000.0,2183900000.0,48734200000.0,2490700000.0,0.808,1.258,8841600000.0,1007700000.0,7833900000.0,8841600000.0,1087700000.0,571700000.0,0.0,0.0,0.0,3592200000.0,4163900000.0,0.068,4163900000.0,3592200000.0,3122400000.0,4.79,4.76,4.79,21431700000.0,21465900000.0,21431700000.0,28390268934.0,8.0,6.818,2202500000.0,4.327,1.0,12516900000.0,0.204,22288500000.0,469800000.0,17752100000.0,19656125000.0,0.0,15218700000.0,2676400000.0,12542300000.0,26971500000.0,15020300000.0,11951200000.0,21445868934.0,-584000000.0,-192700000.0,-3155000000.0,-271500000.0,0.0,-3735600000.0,616200000.0,961700000.0,2535400000.0,0.0,2490700000.0,2490700000.0,2490700000.0,0.0,0.0,0.041,8924700000.0,3592200000.0,9576000000.0,0.0,1.001,8.61,8.795,1054500000.0,0.0,42.13,0.35,0.35,4416800000.0,5479400000.0,61251100000.0,61251100000.0,0.0,0.05,0.116,0.183,0.059,140000000.0,8497200000.0,1.0,509040326.0,509040326.0,,120.327,26114700000.0,938900000.0,631700000.0,2098900000.0,51.302,-2890300000.0
52,ANTM,MRT,2008-09-30,2008-09-30,2008-09-30,2021-10-20,-515000000.0,49758600000.0,51087550000.0,12677900000.0,37080700000.0,1.209,42.386,-330400000.0,2270600000.0,2270600000.0,48096200000.0,3018400000.0,0.842,1.296,9215000000.0,723700000.0,8491300000.0,9215000000.0,1050600000.0,581000000.0,0.0,0.0,0.0,4416600000.0,4997600000.0,0.081,4997600000.0,4416600000.0,3937400000.0,5.65,5.61,5.65,21673300000.0,21855575000.0,21673300000.0,31410600861.0,7.0,6.285,2831800000.0,5.538,1.0,13655300000.0,0.221,22477200000.0,479200000.0,19163700000.0,20541000000.0,0.0,16063100000.0,3202900000.0,12860200000.0,28085300000.0,15062100000.0,13023200000.0,23915100861.0,-553400000.0,-192700000.0,-4590100000.0,342800000.0,0.0,-4479000000.0,763400000.0,1224600000.0,3162200000.0,0.0,3018400000.0,3018400000.0,3018400000.0,0.0,0.0,0.049,9238700000.0,4416600000.0,9711400000.0,0.0,1.103,7.923,8.278,1019400000.0,0.0,46.77,0.387,0.387,4613300000.0,5167200000.0,61751500000.0,61751500000.0,0.0,0.059,0.138,0.215,0.072,126000000.0,8807100000.0,1.0,511334207.0,511334207.0,,120.765,27281400000.0,741700000.0,919000000.0,2515600000.0,53.353,-2384200000.0
53,ANTM,MRT,2008-06-30,2008-06-30,2008-06-30,2021-10-20,-226200000.0,50975900000.0,51872825000.0,13040400000.0,37935500000.0,1.196,40.394,-296900000.0,2273800000.0,2273800000.0,47723800000.0,3065700000.0,0.896,1.398,9769300000.0,19200000.0,9750100000.0,9769300000.0,1054600000.0,580800000.0,0.0,0.0,0.0,5239800000.0,5820600000.0,0.094,5820600000.0,5239800000.0,4759400000.0,5.51,5.46,5.51,21254500000.0,22355725000.0,21254500000.0,31811919602.0,6.0,5.465,2500100000.0,4.751,1.0,14308700000.0,0.231,22623800000.0,480400000.0,21289400000.0,20964525000.0,0.0,17198300000.0,3581900000.0,13616400000.0,29721400000.0,14558200000.0,15163200000.0,25077619602.0,-1931300000.0,-400000000.0,-6738700000.0,1643800000.0,0.0,-5324900000.0,596600000.0,1195400000.0,2797000000.0,0.0,3065700000.0,3065700000.0,3065700000.0,0.0,0.0,0.049,9068900000.0,5239800000.0,9833900000.0,0.0,1.18,8.18,8.65,1014200000.0,0.0,47.66,0.404,0.404,4478000000.0,4396800000.0,62032500000.0,62032500000.0,0.0,0.059,0.137,0.25,0.084,124700000.0,8776800000.0,1.0,526177499.0,526177499.0,,117.893,28352100000.0,722100000.0,1693700000.0,2919600000.0,53.883,-1517800000.0
54,ANTM,MRT,2008-03-31,2008-03-31,2008-03-31,2021-10-20,-6100000.0,51555700000.0,52677375000.0,13409500000.0,38146200000.0,1.17,39.68,-282600000.0,2552100000.0,2552100000.0,47169000000.0,3150400000.0,0.877,1.397,9286400000.0,19900000.0,9266500000.0,9286400000.0,1151000000.0,586800000.0,0.0,0.0,0.0,5354700000.0,5941500000.0,0.096,5941500000.0,5354700000.0,4890700000.0,5.44,5.37,5.44,21504100000.0,23289300000.0,21504100000.0,30191805492.0,6.0,5.082,3122100000.0,5.761,1.0,14464600000.0,0.235,22579100000.0,464000000.0,20419300000.0,20592025000.0,0.0,17696300000.0,3845700000.0,13850600000.0,30051600000.0,15291600000.0,14760000000.0,23915805492.0,-849900000.0,-298900000.0,-6944900000.0,2230300000.0,0.0,-4598100000.0,343500000.0,1085300000.0,3404700000.0,0.0,3150400000.0,3150400000.0,3150400000.0,0.0,0.0,0.051,9109900000.0,5354700000.0,10197500000.0,0.0,1.112,7.591,8.112,1002700000.0,0.0,44.13,0.388,0.388,4327500000.0,3954200000.0,61633600000.0,61633600000.0,0.0,0.06,0.135,0.26,0.087,60600000.0,8818500000.0,1.0,541939848.0,541939848.0,,113.728,28976600000.0,642100000.0,1740300000.0,3254000000.0,53.468,-1882100000.0
55,ANTM,MRT,2007-12-31,2007-12-31,2007-12-31,2021-10-20,156100000.0,52060000000.0,53160750000.0,13031800000.0,39028200000.0,1.151,40.24,-264700000.0,2767900000.0,2767900000.0,46469900000.0,3345400000.0,0.906,1.264,9043900000.0,20400000.0,9023500000.0,9043900000.0,1114600000.0,586200000.0,0.0,0.0,0.0,5705800000.0,6292000000.0,0.103,6292000000.0,5705800000.0,5257900000.0,5.64,5.56,5.64,22990400000.0,24198125000.0,22990400000.0,56001211769.0,10.0,8.9,4079900000.0,7.141,1.0,14698000000.0,0.24,22656200000.0,447900000.0,21291600000.0,20153075000.0,0.0,18481900000.0,3766600000.0,14715300000.0,29069600000.0,14388200000.0,14681400000.0,50122711769.0,165800000.0,-298500000.0,-5366900000.0,1854300000.0,0.0,-3409900000.0,-768900000.0,-151700000.0,4344600000.0,0.0,3345400000.0,3345400000.0,3345400000.0,0.0,0.0,0.055,8992200000.0,5705800000.0,9602300000.0,0.0,2.18,14.983,15.555,995900000.0,0.0,87.73,0.819,0.819,3866500000.0,4387600000.0,61167900000.0,61167900000.0,0.0,0.063,0.138,0.283,0.093,23800000.0,8701500000.0,1.0,571329212.0,571329212.0,,107.062,29403800000.0,560500000.0,1912500000.0,3004400000.0,51.466,-1356400000.0
56,ANTM,MRT,2007-09-30,2007-09-30,2007-09-30,2021-10-20,79300000.0,52899700000.0,53039475000.0,13687700000.0,39212000000.0,1.135,39.442,-227200000.0,2824000000.0,2824000000.0,45429700000.0,3287400000.0,0.908,1.235,8702500000.0,321500000.0,8381000000.0,8702500000.0,985700000.0,596800000.0,0.0,0.0,0.0,5641500000.0,6238300000.0,0.104,6238300000.0,5641500000.0,5218900000.0,5.42,5.34,5.42,23673900000.0,24594475000.0,23673900000.0,51336379771.0,9.0,8.229,4444000000.0,7.404,1.0,14767400000.0,0.245,22841400000.0,422600000.0,20857800000.0,19347375000.0,0.0,18850200000.0,3966000000.0,14884200000.0,29225800000.0,15079000000.0,14146800000.0,47369279771.0,594500000.0,-298900000.0,-4172900000.0,1323400000.0,0.0,-2692500000.0,-1384200000.0,-407100000.0,4671200000.0,0.0,3287400000.0,3287400000.0,3287400000.0,0.0,0.0,0.055,9125900000.0,5641500000.0,9815000000.0,0.0,2.001,14.409,14.561,957800000.0,0.0,78.92,0.787,0.787,3962800000.0,4612000000.0,60197100000.0,60197100000.0,0.0,0.062,0.134,0.292,0.094,23700000.0,8836100000.0,1.0,600218953.0,600218953.0,,100.292,30058300000.0,563500000.0,1931500000.0,2936400000.0,50.079,-1391300000.0
57,ANTM,MRT,2007-06-30,2007-06-30,2007-06-30,2021-10-20,7700000.0,54194100000.0,52685600000.0,15151800000.0,39042300000.0,1.128,40.721,-227200000.0,4205100000.0,4205100000.0,44758100000.0,3230200000.0,0.961,1.169,8172200000.0,520000000.0,7652200000.0,8172200000.0,1665700000.0,601800000.0,0.0,0.0,0.0,5510700000.0,6112500000.0,0.103,6112500000.0,5510700000.0,5102100000.0,5.26,5.18,5.26,24988800000.0,24711850000.0,24988800000.0,52692545281.0,10.0,8.62,4525400000.0,7.375,1.0,14646400000.0,0.247,22592300000.0,408600000.0,19799400000.0,18813650000.0,0.0,18813600000.0,3836800000.0,14976800000.0,29205300000.0,15769500000.0,13435800000.0,48988045281.0,2270700000.0,-25400000.0,-2075400000.0,817000000.0,0.0,-775700000.0,-1706200000.0,-722900000.0,4752600000.0,0.0,3230200000.0,3230200000.0,3230200000.0,0.0,0.0,0.054,9135700000.0,5510700000.0,9707200000.0,0.0,1.96,15.166,15.177,968700000.0,0.0,79.83,0.825,0.825,3888000000.0,5122100000.0,59404500000.0,59404500000.0,0.0,0.061,0.131,0.293,0.093,6700000.0,8844900000.0,1.0,613654582.0,613654582.0,,96.804,31601800000.0,756200000.0,1871900000.0,2897100000.0,51.498,-617700000.0
58,ANTM,MRT,2007-03-31,2007-03-31,2007-03-31,2021-10-20,102300000.0,53489200000.0,51660025000.0,14018400000.0,39470800000.0,1.129,41.049,-209100000.0,3402000000.0,3402000000.0,43836100000.0,3146200000.0,0.89,1.128,7106500000.0,520900000.0,6585600000.0,7106500000.0,1655800000.0,600600000.0,0.0,0.0,0.0,5400500000.0,6001100000.0,0.103,6001100000.0,5400500000.0,4988100000.0,5.09,5.0,5.09,25139400000.0,24274100000.0,25139400000.0,54080015909.0,10.0,9.012,4018600000.0,6.562,1.0,14471600000.0,0.248,22775000000.0,412400000.0,18663500000.0,18437850000.0,0.0,18998000000.0,3781200000.0,15216800000.0,28349800000.0,15755200000.0,12594600000.0,49667915909.0,1262000000.0,-25400000.0,-2648700000.0,476300000.0,0.0,-2458900000.0,-506800000.0,-273200000.0,4227700000.0,0.0,3146200000.0,3146200000.0,3146200000.0,0.0,0.0,0.054,9071100000.0,5400500000.0,9351300000.0,0.0,1.976,15.787,15.933,979200000.0,0.0,81.1,0.852,0.852,3936200000.0,5071100000.0,58307700000.0,58307700000.0,0.0,0.061,0.13,0.293,0.093,81200000.0,8776700000.0,1.0,612428063.0,612428063.0,,95.207,30714200000.0,665500000.0,1841900000.0,3431900000.0,50.152,-1736800000.0
59,ANTM,MRT,2006-12-31,2006-12-31,2006-12-31,2021-10-20,50100000.0,51574900000.0,51129150000.0,11621800000.0,39953100000.0,1.116,39.637,-187500000.0,2602100000.0,2602100000.0,42625200000.0,3094900000.0,0.768,1.099,7014200000.0,521000000.0,6493200000.0,7014200000.0,987900000.0,604900000.0,0.0,0.0,0.0,5317900000.0,5922800000.0,0.104,5922800000.0,5317900000.0,4914400000.0,4.93,4.82,4.93,24575800000.0,24017475000.0,24575800000.0,53903662641.0,10.0,9.101,3856700000.0,6.22,1.0,14433000000.0,0.253,22779700000.0,403500000.0,18068800000.0,18215850000.0,0.0,18210100000.0,2522700000.0,15687400000.0,26999100000.0,15138500000.0,11860600000.0,48789462641.0,-138100000.0,-25400000.0,-3990700000.0,614400000.0,0.0,-3725000000.0,-457300000.0,-277300000.0,4044200000.0,0.0,3094900000.0,3094900000.0,3094900000.0,0.0,0.0,0.054,9115100000.0,5317900000.0,9562000000.0,0.0,1.985,15.764,15.961,988600000.0,0.0,78.69,0.855,0.855,3508000000.0,4656100000.0,57058200000.0,57058200000.0,0.0,0.061,0.129,0.292,0.093,110400000.0,8817700000.0,1.0,620021129.0,620021129.0,,92.026,28795200000.0,642600000.0,1819500000.0,3888400000.0,46.442,-3516700000.0
60,ANTM,MRT,2006-09-30,2006-09-30,2006-09-30,2021-10-20,18900000.0,51484200000.0,51057225000.0,11637000000.0,39847200000.0,1.054,38.954,-160000000.0,2229500000.0,2229500000.0,40081000000.0,2945800000.0,0.778,1.132,7343700000.0,221500000.0,7122200000.0,7343700000.0,1057700000.0,586000000.0,0.0,0.0,0.0,5033500000.0,5619500000.0,0.104,5619500000.0,5033500000.0,4672000000.0,4.69,4.59,4.69,24143400000.0,24121800000.0,24143400000.0,53289695130.0,11.0,9.483,3268400000.0,5.273,1.0,13743100000.0,0.255,22924900000.0,361500000.0,18722900000.0,18053400000.0,0.0,18104200000.0,2680800000.0,15423400000.0,27340800000.0,14950600000.0,12390200000.0,47755295130.0,66200000.0,-2191700000.0,-3481600000.0,3476800000.0,0.0,3100000.0,-3365300000.0,-1090800000.0,3428400000.0,0.0,2945800000.0,2945800000.0,2945800000.0,0.0,0.0,0.055,8709600000.0,5033500000.0,9502800000.0,0.0,1.978,16.211,16.429,993400000.0,0.0,77.05,0.887,0.887,3727900000.0,4167100000.0,53824100000.0,53824100000.0,0.0,0.058,0.122,0.279,0.094,119600000.0,8426300000.0,1.0,619796173.0,619796173.0,,86.842,28559300000.0,784500000.0,1726200000.0,3863100000.0,46.079,-3313600000.0
61,ANTM,MRT,2006-06-30,2006-06-30,2006-06-30,2021-10-20,-196200000.0,50091800000.0,48650075000.0,10585100000.0,39506700000.0,1.039,36.456,-145500000.0,1934400000.0,1934400000.0,37435300000.0,2775700000.0,0.738,1.156,7468800000.0,22400000.0,7446400000.0,7468800000.0,1596500000.0,571000000.0,0.0,0.0,0.0,4752800000.0,5323800000.0,0.105,5323800000.0,4752800000.0,4440800000.0,4.43,4.32,4.43,23237800000.0,23394625000.0,23237800000.0,51385683734.0,11.0,9.652,3397300000.0,5.33,1.0,13096300000.0,0.259,22987300000.0,312000000.0,18296200000.0,16771975000.0,0.0,17479500000.0,2384700000.0,15094800000.0,26854000000.0,14342700000.0,12511300000.0,46385683734.0,-18900000.0,-2184300000.0,-3187100000.0,3326300000.0,0.0,165900000.0,-3727600000.0,-1405200000.0,3542800000.0,0.0,2775700000.0,2775700000.0,2775700000.0,0.0,0.0,0.055,8343500000.0,4752800000.0,8532000000.0,0.0,1.996,16.711,16.427,1014900000.0,0.0,72.77,0.918,0.918,3509500000.0,3581500000.0,50531600000.0,50531600000.0,0.0,0.057,0.119,0.283,0.094,123600000.0,8075400000.0,1.0,637428662.0,637428662.0,,79.274,27104500000.0,728800000.0,1665100000.0,3813400000.0,42.522,-3757600000.0
62,ANTM,MRT,2006-03-31,2006-03-31,2006-03-31,2021-10-20,-73900000.0,51365700000.0,46549950000.0,11011800000.0,40353900000.0,1.021,36.701,-151000000.0,2140000000.0,2140000000.0,35138700000.0,2583900000.0,0.71,1.13,7140000000.0,476100000.0,6663900000.0,7140000000.0,1635300000.0,576600000.0,0.0,0.0,0.0,4401100000.0,4977700000.0,0.105,4977700000.0,4401100000.0,4134100000.0,4.15,4.05,4.15,24112900000.0,22723100000.0,24112900000.0,54937666837.0,12.0,11.037,3850700000.0,5.861,1.0,12370800000.0,0.26,23078100000.0,267000000.0,17775500000.0,15550850000.0,0.0,18341800000.0,2524000000.0,15817800000.0,27252800000.0,15512100000.0,11740700000.0,50871966837.0,649100000.0,-2386600000.0,-1787300000.0,2781900000.0,0.0,1383300000.0,-4735900000.0,-1818700000.0,4001700000.0,0.0,2583900000.0,2583900000.0,2583900000.0,0.0,0.0,0.054,7969700000.0,4401100000.0,8976500000.0,0.0,2.11,19.688,18.658,1047400000.0,0.0,77.43,1.071,1.071,3303200000.0,3775700000.0,47509500000.0,47509500000.0,0.0,0.056,0.114,0.283,0.093,83800000.0,7716200000.0,1.0,657005900.0,657005900.0,,72.312,28287600000.0,505000000.0,1550200000.0,4128600000.0,43.055,-4500300000.0
63,ANTM,MRT,2005-12-31,2005-12-31,2005-12-31,2021-10-20,-20300000.0,51287200000.0,43830500000.0,11448500000.0,39838700000.0,1.018,40.56,-151600000.0,2740200000.0,2740200000.0,32986000000.0,2463800000.0,0.775,1.052,6805900000.0,481200000.0,6324700000.0,6805900000.0,1057100000.0,556600000.0,0.0,0.0,0.0,4116500000.0,4673100000.0,0.105,4673100000.0,4116500000.0,3890300000.0,4.03,3.94,4.03,24993100000.0,21695050000.0,24993100000.0,51381014437.0,12.0,10.995,2983900000.0,4.842,1.0,11628100000.0,0.261,23155500000.0,226200000.0,17419000000.0,14482750000.0,0.0,17595800000.0,2489800000.0,15106000000.0,26294100000.0,14778400000.0,11515700000.0,49166614437.0,1283000000.0,-2496900000.0,95900000.0,2474300000.0,0.0,3299100000.0,-5151600000.0,-1771700000.0,3135500000.0,0.0,2463800000.0,2463800000.0,2463800000.0,0.0,0.0,0.055,7511600000.0,4116500000.0,9285500000.0,0.0,1.967,19.956,19.799,1078600000.0,0.0,79.79,1.102,1.102,2960100000.0,4173500000.0,44614100000.0,44614100000.0,0.0,0.056,0.114,0.284,0.092,81200000.0,7272700000.0,1.0,616200206.0,616200206.0,,72.402,28131700000.0,689000000.0,1426500000.0,4100500000.0,45.654,-3329900000.0
64,ANTM,MRT,2005-09-30,2005-09-30,2005-09-30,2021-10-20,52800000.0,41855600000.0,40943300000.0,21572400000.0,20283200000.0,0.976,34.606,-154400000.0,2163300000.0,2163300000.0,29624400000.0,1996300000.0,1.756,0.971,4377700000.0,459600000.0,3918100000.0,4377700000.0,1173000000.0,508900000.0,0.0,0.0,0.0,3379400000.0,3888300000.0,0.097,3888300000.0,3379400000.0,3166300000.0,3.33,3.23,3.33,21234700000.0,20311525000.0,21234700000.0,49193727602.0,15.0,12.652,2554100000.0,4.162,1.0,10343600000.0,0.259,18190900000.0,213100000.0,13597200000.0,13358225000.0,0.0,15272800000.0,14579400000.0,693400000.0,20620900000.0,12281900000.0,8339000000.0,46524527602.0,1452700000.0,-2570100000.0,363400000.0,1934300000.0,0.0,2399200000.0,-3655000000.0,-845800000.0,2708500000.0,0.0,1996300000.0,1996300000.0,1996300000.0,0.0,0.0,0.05,6818100000.0,3525500000.0,7517500000.0,0.0,2.191,23.305,22.769,966800000.0,0.0,75.82,1.164,1.164,2702900000.0,3521500000.0,39968000000.0,39968000000.0,0.0,0.049,0.098,0.253,0.085,70500000.0,6550200000.0,1.0,613618143.0,613618143.0,,65.135,23664700000.0,342600000.0,1170000000.0,3273700000.0,38.566,9290500000.0
65,ANTM,MRT,2005-06-30,2005-06-30,2005-06-30,2021-10-20,129800000.0,41691300000.0,34013525000.0,21456800000.0,20234500000.0,0.988,33.547,-154200000.0,1953300000.0,1953300000.0,25062400000.0,1597700000.0,1.679,1.029,4622500000.0,612700000.0,4009800000.0,4622500000.0,1052800000.0,431800000.0,0.0,0.0,0.0,2705200000.0,3137000000.0,0.093,3137000000.0,2705200000.0,2515300000.0,3.15,3.06,3.15,20551700000.0,16703025000.0,20551700000.0,45445194545.0,17.0,14.487,2235500000.0,3.649,1.0,8555900000.0,0.255,18166800000.0,189900000.0,13411700000.0,11662450000.0,0.0,15375100000.0,14664000000.0,711100000.0,21139600000.0,12782000000.0,8357600000.0,42662894545.0,862900000.0,-2552500000.0,204200000.0,1965300000.0,0.0,2005900000.0,-3532700000.0,-1006400000.0,2389700000.0,0.0,1597700000.0,1597700000.0,1597700000.0,0.0,0.0,0.048,5704600000.0,2851300000.0,7993000000.0,0.0,2.076,26.703,22.108,999600000.0,0.0,69.64,1.269,1.269,3000300000.0,2880900000.0,33618300000.0,33618300000.0,0.0,0.047,0.096,0.232,0.08,46300000.0,5485000000.0,1.0,612620542.0,612620542.0,,54.876,23524500000.0,302700000.0,917600000.0,3139700000.0,38.4,8674800000.0
66,ANTM,MRT,2005-03-31,2005-03-31,2005-03-31,2021-10-20,-5400000.0,40487900000.0,27005325000.0,20480100000.0,20007800000.0,1.003,32.79,-138700000.0,1490900000.0,1490900000.0,20173900000.0,1276200000.0,1.728,1.024,4273200000.0,0.0,4273200000.0,4273200000.0,1087500000.0,338700000.0,0.0,0.0,0.0,2144500000.0,2483200000.0,0.092,2483200000.0,2144500000.0,1981300000.0,3.09,2.99,3.09,20000700000.0,13205875000.0,20000700000.0,41049436562.0,19.0,16.531,1560600000.0,2.558,1.0,6903300000.0,0.255,17913700000.0,163200000.0,13503100000.0,9947800000.0,0.0,15015500000.0,14275700000.0,739800000.0,20487200000.0,11853400000.0,8633800000.0,38229936562.0,804600000.0,-2350200000.0,436600000.0,1774200000.0,0.0,2146600000.0,-3041300000.0,-632300000.0,1699300000.0,0.0,1276200000.0,1276200000.0,1276200000.0,0.0,0.0,0.047,4612700000.0,2290600000.0,7426500000.0,0.0,1.911,29.956,20.283,1018700000.0,0.0,62.675,1.412,1.412,2633300000.0,2506800000.0,27077200000.0,27077200000.0,0.0,0.047,0.097,0.216,0.079,25700000.0,4441800000.0,1.0,609971066.0,609971066.0,,44.391,22574200000.0,460500000.0,705100000.0,3154700000.0,37.009,8626700000.0
67,ANTM,MRT,2004-12-31,2004-12-31,2004-12-31,2021-10-20,145800000.0,39738400000.0,20365825000.0,19357500000.0,20380900000.0,1.017,70.103,-127700000.0,1457200000.0,1457200000.0,15375600000.0,960100000.0,1.671,1.042,4450400000.0,160900000.0,4289500000.0,4450400000.0,1046600000.0,269100000.0,0.0,0.0,0.0,1585600000.0,1854700000.0,0.09,1854700000.0,1585600000.0,1443300000.0,3.15,3.05,3.15,19459000000.0,9794575000.0,19459000000.0,17089965705.0,11.0,9.214,950800000.0,3.425,1.0,5332300000.0,0.258,18229500000.0,142300000.0,12920900000.0,8244975000.0,0.0,14335000000.0,13586900000.0,748100000.0,20279400000.0,11581200000.0,8698200000.0,15960765705.0,992700000.0,-2239900000.0,298500000.0,1989600000.0,0.0,2046100000.0,-2131900000.0,-22000000.0,1078500000.0,0.0,960100000.0,960100000.0,960100000.0,0.0,0.0,0.046,3600600000.0,1731700000.0,7167000000.0,0.0,0.82,16.624,18.254,1045200000.0,0.0,57.5,0.771,0.771,2306400000.0,1960100000.0,20707900000.0,20707900000.0,0.0,0.047,0.098,0.192,0.077,10000000.0,3477700000.0,1.0,277578534.0,277578534.0,,74.602,21508900000.0,434000000.0,483200000.0,3015200000.0,77.488,7776300000.0
68,ANTM,MRT,2004-09-30,2004-09-30,2004-09-30,2021-10-20,108600000.0,14136500000.0,13784875000.0,9626700000.0,4509800000.0,1.327,24.356,-107500000.0,769800000.0,769800000.0,13510600000.0,984400000.0,2.0,1.079,1899000000.0,378600000.0,1520400000.0,1899000000.0,395500000.0,242400000.0,0.0,0.0,0.0,1580500000.0,1822900000.0,0.1,1822900000.0,1580500000.0,1450500000.0,3.555,3.46,3.555,6800700000.0,6429800000.0,6800700000.0,13124798751.0,8.0,7.2,1016200000.0,3.639,1.0,4783200000.0,0.261,3638000000.0,130000000.0,6814100000.0,6554900000.0,0.0,7237100000.0,7237100000.0,0.0,7335800000.0,4813600000.0,2522200000.0,12181098751.0,40500000.0,-300000.0,-79000000.0,5700000.0,0.0,-73300000.0,-1009900000.0,-902100000.0,1123700000.0,0.0,984400000.0,984400000.0,984400000.0,0.0,0.0,0.054,3206700000.0,1576500000.0,445700000.0,0.0,1.791,12.374,12.271,499800000.0,0.0,43.625,0.666,0.666,1601100000.0,1882300000.0,18293800000.0,18293800000.0,0.0,0.071,0.153,0.241,0.086,0.0,3161000000.0,1.0,279222894.0,279222894.0,,65.517,10498500000.0,5500000.0,466100000.0,533000000.0,37.599,4813100000.0
69,ANTM,MRT,2004-06-30,2004-06-30,2004-06-30,2021-10-20,47000000.0,13658500000.0,13552050000.0,9142900000.0,4515600000.0,1.31,23.672,-103900000.0,1149500000.0,1149500000.0,13025900000.0,938800000.0,2.079,1.081,2093200000.0,428600000.0,1664600000.0,2093200000.0,384700000.0,248000000.0,0.0,0.0,0.0,1516700000.0,1764700000.0,0.099,1764700000.0,1516700000.0,1386700000.0,3.395,3.3,3.395,6563100000.0,6192875000.0,6563100000.0,13741798117.0,9.0,7.787,941000000.0,3.394,1.0,4722500000.0,0.266,3651500000.0,130000000.0,6553100000.0,6395925000.0,0.0,6442300000.0,6442300000.0,0.0,7095400000.0,4397600000.0,2697800000.0,12415398117.0,614500000.0,300000.0,-41200000.0,-100000000.0,0.0,-141200000.0,-289200000.0,-185600000.0,1044900000.0,0.0,938800000.0,938800000.0,938800000.0,0.0,0.0,0.053,3208200000.0,1514300000.0,354500000.0,0.0,1.892,13.225,13.19,499000000.0,0.0,44.78,0.7,0.7,1459400000.0,1687800000.0,17748400000.0,17748400000.0,0.0,0.069,0.152,0.237,0.085,0.0,3161900000.0,1.0,277253196.0,277253196.0,,64.015,10007000000.0,47200000.0,447900000.0,504600000.0,36.093,4745300000.0
70,ANTM,MRT,2004-03-31,2004-03-31,2004-03-31,2021-10-20,163500000.0,13929900000.0,13364650000.0,9383700000.0,4546200000.0,1.291,23.003,-112100000.0,745900000.0,745900000.0,12631000000.0,878200000.0,1.915,1.192,2072300000.0,408600000.0,1663700000.0,2072300000.0,429200000.0,247400000.0,0.0,0.0,0.0,1431900000.0,1679300000.0,0.097,1679300000.0,1431900000.0,1301300000.0,3.175,3.095,3.175,6355500000.0,5985675000.0,6355500000.0,14063398373.0,10.0,8.375,1108500000.0,4.012,1.0,4623900000.0,0.268,3664400000.0,130600000.0,6691800000.0,6261000000.0,0.0,7176700000.0,7176700000.0,0.0,7574400000.0,4900100000.0,2674300000.0,12521698373.0,222400000.0,-5500000.0,-51600000.0,-100000000.0,0.0,-151600000.0,-846600000.0,-729000000.0,1220600000.0,0.0,878200000.0,878200000.0,878200000.0,0.0,0.0,0.051,3193000000.0,1430900000.0,372400000.0,0.0,1.97,14.258,14.274,503300000.0,0.0,45.32,0.726,0.726,1454700000.0,1449900000.0,17254900000.0,17254900000.0,0.0,0.066,0.147,0.229,0.083,0.0,3146100000.0,1.0,276295198.0,276295198.0,,62.451,10265500000.0,3800000.0,423100000.0,678400000.0,37.154,4483600000.0
71,ANTM,MRT,2003-12-31,2003-12-31,2003-12-31,2021-10-20,138700000.0,13414600000.0,13008900000.0,8775100000.0,4639500000.0,1.29,21.695,-101300000.0,464500000.0,464500000.0,12293200000.0,774300000.0,1.838,1.236,1662800000.0,0.0,1662800000.0,1662800000.0,411100000.0,245000000.0,0.0,0.0,0.0,1343100000.0,1588100000.0,0.095,1588100000.0,1343100000.0,1211900000.0,2.8,2.73,2.8,5999900000.0,5765800000.0,5999900000.0,11753700950.0,9.0,7.401,1057700000.0,3.824,1.0,4488200000.0,0.267,3677100000.0,131200000.0,6160600000.0,6008375000.0,0.0,7013700000.0,6849000000.0,164700000.0,7414700000.0,4775200000.0,2639500000.0,10371100950.0,-230400000.0,-6600000.0,-160200000.0,-100000000.0,0.0,-260200000.0,-1129200000.0,-1021300000.0,1159000000.0,0.0,774300000.0,774300000.0,774300000.0,0.0,0.0,0.046,3145100000.0,1343100000.0,2742200000.0,0.0,1.729,13.394,13.393,510500000.0,0.0,37.5,0.618,0.618,1016000000.0,1154300000.0,16781400000.0,16781400000.0,0.0,0.06,0.134,0.224,0.08,0.0,3097500000.0,1.0,276562692.0,276562692.0,,60.678,9737500000.0,0.0,437600000.0,670300000.0,35.209,3999900000.0
72,ANTM,MRT,2003-09-30,2003-09-30,2003-09-30,2021-10-20,151600000.0,13205200000.0,12765075000.0,8634400000.0,4570800000.0,1.291,21.112,-111400000.0,726700000.0,726700000.0,12085300000.0,737400000.0,1.832,1.256,2109300000.0,447300000.0,1662000000.0,2109300000.0,357000000.0,239600000.0,0.0,0.0,0.0,1285400000.0,1525000000.0,0.093,1525000000.0,1285400000.0,1153700000.0,2.66,2.6,2.66,5853000000.0,5606400000.0,5853000000.0,11395698767.0,9.0,7.473,984500000.0,3.551,1.0,4391500000.0,0.267,3697200000.0,131700000.0,6178200000.0,5844275000.0,0.0,6507300000.0,6507300000.0,0.0,7352200000.0,4712400000.0,2639800000.0,9887798767.0,-241900000.0,-5800000.0,-239300000.0,-100000000.0,0.0,-339500000.0,-998300000.0,-881100000.0,1095900000.0,0.0,737400000.0,737400000.0,737400000.0,0.0,0.0,0.045,3104200000.0,1287300000.0,435000000.0,0.0,1.689,13.409,13.408,520300000.0,0.0,35.665,0.6,0.6,1390400000.0,982200000.0,16476800000.0,16476800000.0,0.0,0.058,0.132,0.22,0.078,0.0,3055200000.0,1.0,277240958.0,277240958.0,,59.431,9508000000.0,5100000.0,416300000.0,592200000.0,34.295,3922000000.0
73,ANTM,MRT,2003-06-30,2003-06-30,2003-06-30,2021-10-20,200300000.0,12908900000.0,12522575000.0,8541500000.0,4367400000.0,1.261,20.737,-118000000.0,529600000.0,529600000.0,11588600000.0,712100000.0,1.821,1.251,2037500000.0,376400000.0,1661100000.0,2037500000.0,334700000.0,219600000.0,0.0,0.0,0.0,1202300000.0,1421900000.0,0.09,1421900000.0,1202300000.0,1073200000.0,2.615,2.555,2.615,5734300000.0,5474475000.0,5734300000.0,12199819150.0,10.0,8.58,1026900000.0,3.714,1.0,4205800000.0,0.266,3713800000.0,129100000.0,6013400000.0,5563825000.0,0.0,6674000000.0,6674000000.0,0.0,7174600000.0,4689600000.0,2485000000.0,10667019150.0,-189800000.0,-777500000.0,-263900000.0,938500000.0,0.0,670300000.0,-2005000000.0,-1109500000.0,1144900000.0,0.0,712100000.0,712100000.0,712100000.0,0.0,0.0,0.045,3001900000.0,1203900000.0,370900000.0,0.0,1.86,14.98,14.751,524500000.0,0.0,38.575,0.675,0.675,1311800000.0,804700000.0,15794400000.0,15794400000.0,0.0,0.057,0.13,0.216,0.076,0.0,2955400000.0,1.0,276526744.0,276526744.0,,57.117,9195100000.0,6800000.0,361100000.0,602100000.0,33.252,3851900000.0
74,ANTM,MRT,2003-03-31,2003-03-31,2003-03-31,2021-10-20,121500000.0,12506900000.0,10955700000.0,8123100000.0,4383800000.0,1.331,19.769,-96400000.0,511400000.0,511400000.0,10746100000.0,641000000.0,1.761,1.284,2044200000.0,383900000.0,1660300000.0,2044200000.0,328500000.0,184900000.0,0.0,0.0,0.0,1068800000.0,1253700000.0,0.086,1253700000.0,1068800000.0,955000000.0,2.49,2.435,2.49,5476000000.0,4598575000.0,5476000000.0,10448907046.0,10.0,8.334,963400000.0,3.478,1.0,3834000000.0,0.263,3746700000.0,113800000.0,5681300000.0,4934300000.0,0.0,6394100000.0,6394100000.0,0.0,7030900000.0,4611700000.0,2419200000.0,9175607046.0,7600000.0,-779200000.0,-303500000.0,938500000.0,0.0,630800000.0,-1683000000.0,-807400000.0,1059800000.0,0.0,641000000.0,641000000.0,641000000.0,0.0,0.0,0.044,2764700000.0,1069300000.0,356500000.0,0.0,1.676,14.315,13.303,519900000.0,0.0,33.125,0.629,0.629,1196300000.0,636100000.0,14580100000.0,14580100000.0,0.0,0.059,0.139,0.217,0.073,0.0,2725900000.0,1.0,276999458.0,276999458.0,,52.636,8760200000.0,7400000.0,314000000.0,544800000.0,31.625,3511400000.0
75,ANTM,MRT,2002-12-31,2002-12-31,2002-12-31,2021-10-20,122700000.0,12439300000.0,9429725000.0,7876500000.0,4562800000.0,1.41,18.955,-109600000.0,744000000.0,744000000.0,9845900000.0,549100000.0,1.77,1.32,2017300000.0,357900000.0,1659400000.0,2017300000.0,326600000.0,157000000.0,0.0,0.0,0.0,901000000.0,1058000000.0,0.08,1058000000.0,901000000.0,802500000.0,2.305,2.255,2.305,5362300000.0,3761075000.0,5362300000.0,9962547362.0,11.0,9.416,884500000.0,3.127,1.0,3446300000.0,0.259,3759500000.0,98500000.0,5504200000.0,4416225000.0,0.0,5948100000.0,5948100000.0,0.0,7077000000.0,4448900000.0,2628100000.0,8896947362.0,288500000.0,-788700000.0,-225100000.0,938500000.0,0.0,709300000.0,-1414900000.0,-516600000.0,994100000.0,0.0,549100000.0,549100000.0,549100000.0,0.0,0.0,0.041,2545300000.0,901000000.0,471800000.0,0.0,1.659,16.203,13.644,537400000.0,0.0,31.45,0.669,0.669,1161500000.0,481300000.0,13292200000.0,13292200000.0,0.0,0.058,0.146,0.204,0.068,0.0,2515100000.0,1.0,282891808.0,282891808.0,,46.987,8679800000.0,11700000.0,253400000.0,499700000.0,30.682,3427600000.0
76,ANTM,MRT,2002-09-30,2002-09-30,2002-09-30,2021-10-20,122000000.0,12235200000.0,7889050000.0,7793600000.0,4441600000.0,1.515,25.877,-91100000.0,964100000.0,964100000.0,8904900000.0,464900000.0,1.749,1.298,2029700000.0,371200000.0,1658500000.0,2029700000.0,562500000.0,131300000.0,0.0,0.0,0.0,757800000.0,889100000.0,0.074,889100000.0,757800000.0,674000000.0,2.09,2.05,2.09,5325300000.0,2935500000.0,5325300000.0,7106069995.0,9.0,7.992,675600000.0,3.283,1.0,3049200000.0,0.255,3788700000.0,83800000.0,5056400000.0,3919000000.0,0.0,5688300000.0,5688300000.0,0.0,6909900000.0,4455700000.0,2454200000.0,6688169995.0,547400000.0,-789500000.0,2018100000.0,938500000.0,0.0,889100000.0,-1108400000.0,-227800000.0,766700000.0,0.0,464900000.0,464900000.0,464900000.0,0.0,0.0,0.039,2289400000.0,759800000.0,413500000.0,0.0,1.256,14.386,15.55,536700000.0,0.0,32.5,0.559,0.559,1130800000.0,372600000.0,11954100000.0,11954100000.0,0.0,0.059,0.158,0.193,0.063,0.0,2253900000.0,1.0,205789846.0,205789846.0,,58.089,8446500000.0,0.0,209100000.0,74600000.0,41.044,3337900000.0
77,ANTM,MRT,2002-06-30,2002-06-30,2002-06-30,2021-10-20,44100000.0,6641400000.0,6353550000.0,5670200000.0,971200000.0,1.737,10.792,-76400000.0,706100000.0,706100000.0,8255100000.0,405200000.0,1.834,1.977,1124000000.0,304700000.0,819300000.0,1124000000.0,302700000.0,115200000.0,0.0,0.0,0.0,689300000.0,804500000.0,0.073,804500000.0,689300000.0,622000000.0,1.965,1.94,1.965,2230700000.0,2147900000.0,2230700000.0,7656733556.0,11.0,9.517,560500000.0,2.712,1.0,2783300000.0,0.252,471900000.0,67300000.0,3495300000.0,3465750000.0,0.0,4000000000.0,4000000000.0,0.0,4410700000.0,3092100000.0,1318600000.0,6973733556.0,426800000.0,-19500000.0,2072700000.0,0.0,0.0,9300000.0,-219400000.0,-123500000.0,636900000.0,0.0,405200000.0,405200000.0,405200000.0,0.0,0.0,0.037,2092300000.0,691000000.0,247300000.0,0.0,3.126,17.211,17.17,396500000.0,0.0,33.74,0.632,0.632,946000000.0,234800000.0,11038400000.0,11038400000.0,0.0,0.064,0.189,0.199,0.062,0.0,2044500000.0,1.0,206690384.0,206690384.0,,53.405,6169500000.0,0.0,216800000.0,30500000.0,29.849,2578100000.0
78,ANTM,MRT,2002-03-31,2002-03-31,2002-03-31,2021-10-20,8500000.0,6403000000.0,,5418200000.0,984800000.0,,10.282,-82100000.0,495900000.0,495900000.0,8017000000.0,371400000.0,1.801,2.012,1178900000.0,360200000.0,818700000.0,1178900000.0,328700000.0,119000000.0,0.0,0.0,0.0,633000000.0,752000000.0,0.07,752000000.0,633000000.0,569600000.0,1.8,1.785,1.8,2126000000.0,,2126000000.0,6634799779.0,10.0,8.823,577300000.0,2.792,1.0,2679600000.0,0.251,469000000.0,63400000.0,3609000000.0,,0.0,3960900000.0,3960900000.0,0.0,4277000000.0,3008000000.0,1269000000.0,5952099779.0,173700000.0,30300000.0,2110200000.0,0.0,0.0,46700000.0,-532400000.0,-480600000.0,659400000.0,0.0,371400000.0,371400000.0,371400000.0,0.0,0.0,0.035,2046400000.0,633200000.0,245800000.0,0.0,2.8,16.026,15.992,406600000.0,0.0,28.785,0.556,0.556,963500000.0,155500000.0,10696600000.0,10696600000.0,0.0,,,,0.059,0.0,1992300000.0,1.0,206777828.0,206777828.0,,51.73,5934000000.0,0.0,198200000.0,54100000.0,28.697,2410200000.0
79,ANTM,MRT,2001-12-31,2001-12-31,2001-12-31,2021-10-20,42400000.0,6276600000.0,5992550000.0,5299900000.0,976700000.0,1.743,9.991,-66300000.0,446000000.0,446000000.0,7814700000.0,342200000.0,1.781,2.047,1128700000.0,310700000.0,818000000.0,1128700000.0,199200000.0,120500000.0,0.0,0.0,0.0,585800000.0,706300000.0,0.068,706300000.0,585800000.0,525600000.0,1.655,1.65,1.655,2060000000.0,1989900000.0,2060000000.0,5551756000.0,9.0,7.86,588300000.0,2.853,1.0,2630000000.0,0.252,467400000.0,60200000.0,3515300000.0,3241000000.0,0.0,4071800000.0,4071800000.0,0.0,4216600000.0,2976600000.0,1240000000.0,5102856000.0,203100000.0,40900000.0,2110200000.0,0.0,0.0,46600000.0,-498100000.0,-472700000.0,654600000.0,0.0,342200000.0,342200000.0,342200000.0,0.0,0.0,0.033,2045200000.0,584800000.0,331000000.0,0.0,2.477,14.912,14.955,402300000.0,0.0,24.75,0.489,0.489,790500000.0,55700000.0,10444700000.0,10444700000.0,0.0,0.057,0.172,0.181,0.056,0.0,1986100000.0,1.0,206176000.0,206176000.0,,50.659,5809200000.0,400000.0,183400000.0,107600000.0,28.176,2323300000.0
80,ANTM,MRT,2001-09-30,2001-09-30,2001-09-30,2021-10-20,71800000.0,6093200000.0,,5085100000.0,1008100000.0,,10.678,-67300000.0,417900000.0,417900000.0,7567300000.0,326700000.0,1.801,1.802,866800000.0,269000000.0,597800000.0,866800000.0,296800000.0,119400000.0,0.0,,0.0,551100000.0,670500000.0,0.066,670500000.0,551100000.0,495800000.0,,,,2174900000.0,,2174900000.0,,,,646000000.0,3.171,1.0,2600000000.0,0.256,475300000.0,55300000.0,3243400000.0,,0.0,3925700000.0,3912800000.0,12900000.0,3918300000.0,2823400000.0,1094900000.0,,197900000.0,24700000.0,0.0,200000.0,0.0,200000.0,-515600000.0,-473000000.0,713300000.0,0.0,326700000.0,326700000.0,326700000.0,0.0,0.0,0.032,2048900000.0,551100000.0,312700000.0,,,,,409400000.0,0.0,,,,772800000.0,,10167300000.0,10167300000.0,0.0,,,,0.054,0.0,1999600000.0,1.0,203690000.0,203690000.0,,49.916,5617900000.0,0.0,169100000.0,58400000.0,27.581,2261700000.0
81,ANTM,MRT,2001-06-30,2001-06-30,2001-06-30,2021-10-20,,,,,,,,,,,7341200000.0,278700000.0,,,,,,,,,,,0.0,466300000.0,,,,466300000.0,410600000.0,,,,,,,,,,,,1.0,2482400000.0,0.253,,55700000.0,,,,,,,,,,,,,,,,,,,,,278700000.0,278700000.0,278700000.0,0.0,0.0,0.028,2016900000.0,465500000.0,,,,,,,0.0,,,,,,9823600000.0,9823600000.0,0.0,,,,0.047,,1982500000.0,1.0,203690000.0,203690000.0,,48.228,,,131900000.0,,,
82,ANTM,MRT,2001-03-31,2001-03-31,2001-03-31,2021-10-20,,,,,,,,,,,,,,,,,,,,,,,0.0,,,,,,,,,,,,,,,,,,1.0,,,,,,,,,,,,,,,,,,,,,,,,,,,,,,,,,,,,,,,,,,,,,,,,,,,,,,1.0,203690000.0,203690000.0,,,,,,,,
83,ANTM,MRT,2000-12-31,2000-12-31,2000-12-31,2021-10-20,71200000.0,5708500000.0,5262350000.0,4624300000.0,1084200000.0,1.667,9.425,-61800000.0,292900000.0,292900000.0,6551000000.0,226000000.0,1.653,1.973,848000000.0,250500000.0,597500000.0,848000000.0,260200000.0,102100000.0,0.0,,0.0,382900000.0,485000000.0,0.055,485000000.0,382900000.0,328200000.0,1.095,1.09,1.095,1919800000.0,1790350000.0,1919800000.0,,,,622700000.0,3.057,1.0,2220000000.0,0.253,498900000.0,54700000.0,2966700000.0,2756050000.0,0.0,3529300000.0,3511300000.0,18000000.0,3788700000.0,2798000000.0,990700000.0,,-1100000.0,-79700000.0,0.0,75500000.0,0.0,75500000.0,-761100000.0,-619600000.0,684500000.0,0.0,226000000.0,226000000.0,226000000.0,0.0,0.0,0.026,1835500000.0,384500000.0,303700000.0,0.0,,,,428800000.0,0.0,,,,856600000.0,1848600000.0,8771000000.0,8771000000.0,0.0,0.043,0.126,0.139,0.044,0.0,1808400000.0,1.0,203690000.0,203690000.0,,43.061,5209600000.0,11000000.0,102200000.0,22600000.0,25.576,1826300000.0
84,ANTM,MRT,2000-09-30,2000-09-30,2000-09-30,2021-10-20,,,,,,,,,,,,,,,,,,,,,,,0.0,,,,,,,,,,,,,,,,,,1.0,,,,,,,,,,,,,,,,,,,,,,,,,,,,,,,,,,,,,,,,,,,,,,,,,,,,,,1.0,,,,,,,,,,
85,ANTM,MRT,1999-12-31,1999-12-31,1999-12-31,2021-10-20,38300000.0,4816200000.0,,3805400000.0,1010800000.0,,,-89500000.0,304000000.0,304000000.0,4582700000.0,44900000.0,1.701,1.9,668700000.0,146700000.0,522000000.0,668700000.0,226300000.0,61800000.0,0.0,,0.0,85500000.0,147300000.0,0.023,147300000.0,85500000.0,55100000.0,,,,1660900000.0,,1660900000.0,,,,130300000.0,,1.0,1687400000.0,0.269,398500000.0,30400000.0,2545400000.0,,0.0,2783800000.0,2768000000.0,15800000.0,3155300000.0,2237000000.0,918300000.0,,83100000.0,-244500000.0,0.0,220100000.0,0.0,220100000.0,-356800000.0,-22800000.0,219800000.0,0.0,44900000.0,44900000.0,44900000.0,0.0,0.0,0.007,1596200000.0,91200000.0,178600000.0,,,,,408500000.0,0.0,,,,735900000.0,,6270100000.0,6270100000.0,0.0,,,,0.014,0.0,1469400000.0,1.0,,,,,4417700000.0,37600000.0,10200000.0,4700000.0,,1568400000.0
86,ANTM,MRT,1998-12-31,1998-12-31,1998-12-31,2021-10-20,,,,,,,,-83300000.0,,,3934200000.0,172400000.0,,,,,,,,58300000.0,,,0.0,311200000.0,369500000.0,0.065,369500000.0,311200000.0,283300000.0,,,,,,,,,,36600000.0,,1.0,1748200000.0,0.308,,27900000.0,,,,,,,,,,,7300000.0,44100000.0,0.0,-3800000.0,0.0,-3800000.0,-108800000.0,-69600000.0,119900000.0,0.0,172400000.0,172400000.0,172400000.0,3900000.0,0.0,0.03,1432100000.0,316100000.0,,,,,,,0.0,,,,,,5682400000.0,5682400000.0,0.0,,,,0.055,0.0,1420100000.0,1.0,,,,,,,110900000.0,,,
