None,ticker,dimension,calendardate,datekey,reportperiod,lastupdated,accoci,assets,assetsavg,assetsc,assetsnc,assetturnover,bvps,capex,cashneq,cashnequsd,cor,consolinc,currentratio,de,debt,debtc,debtnc,debtusd,deferredrev,depamor,deposits,divyield,dps,ebit,ebitda,ebitdamargin,ebitdausd,ebitusd,ebt,eps,epsdil,epsusd,equity,equityavg,equityusd,ev,evebit,evebitda,fcf,fcfps,fxusd,gp,grossmargin,intangibles,intexp,invcap,invcapavg,inventory,investments,investmentsc,investmentsnc,liabilities,liabilitiesc,liabilitiesnc,marketcap,ncf,ncfbus,ncfcommon,ncfdebt,ncfdiv,ncff,ncfi,ncfinv,ncfo,ncfx,netinc,netinccmn,netinccmnusd,netincdis,netincnci,netmargin,opex,opinc,payables,payoutratio,pb,pe,pe1,ppnenet,prefdivis,price,ps,ps1,receivables,retearn,revenue,revenueusd,rnd,roa,roe,roic,ros,sbcomp,sgna,sharefactor,sharesbas,shareswa,shareswadil,sps,tangibles,taxassets,taxexp,taxliabilities,tbvps,workingcapital
0,SAF2,ARY,2007-12-31,2008-02-28,2007-12-31,2019-01-01,367300000,12640400000,13464325000.0,,,0.461,37.804,-114300000.0,532000000,532000000,3520500000.0,707800000.0,,2.72,704000000,,,704000000,2240900000,0.0,0,0.032,1.5,1020800000.0,1020800000.0,0.164,1020800000.0,1020800000.0,952100000.0,7.01,6.97,7.01,3392600000,3795225000.0,3392600000,4441934495,4.0,4.351,648700000.0,7.228,1.0,2688300000.0,0.433,0,68700000.0,12812400000,13894900000.0,0,9215100000,,,9226300000,,,4269934495,244400000.0,5400000.0,-984400000.0,-558900000.0,-144200000.0,-2115500000.0,1596900000.0,1293600000.0,763000000.0,0.0,707800000.0,707800000.0,707800000.0,0.0,0.0,0.114,1650900000.0,1037400000.0,331000000,0.214,1.259,6.033,6.787,214800000,0.0,47.58,0.688,0.688,1536600000,3025300000,6208800000.0,6208800000.0,0.0,0.053,0.186,0.073,0.164,0.0,633600000.0,1.0,89742213,89742213,,69.185,12640400000,190200000,244300000.0,0,140.852,
1,SAF2,ARY,2006-12-31,2007-02-23,2006-12-31,2019-01-01,484200000,14199000000,14397250000.0,,,0.437,37.207,-46600000.0,287600000,287600000,3279800000.0,880000000.0,,2.611,1250000000,,,1250000000,2175300000,0.0,0,0.017,1.15,1330900000.0,1330900000.0,0.212,1330900000.0,1330900000.0,1239500000.0,7.56,7.51,7.56,3927900000,4036075000.0,3927900000,8167384742,6.0,6.137,683000000.0,6.47,1.0,3010100000.0,0.479,0,91400000.0,15161400000,15211475000.0,0,10663000000,,,10254800000,,,7204984742,-268700000.0,-34200000.0,-1078400000.0,-61500000.0,-130200000.0,-1054500000.0,56200000.0,-18000000.0,729600000.0,0.0,880000000.0,880000000.0,880000000.0,0.0,0.0,0.14,1674700000.0,1335400000.0,759000000,0.152,1.834,8.187,9.028,130400000,0.0,68.25,1.145,1.145,1515500000,3440500000,6289900000.0,6289900000.0,0.0,0.061,0.218,0.087,0.212,0.0,691100000.0,1.0,105567542,105567542,,59.582,14199000000,218500000,359500000.0,0,134.502,
2,SAF2,ARY,2005-12-31,2006-02-23,2005-12-31,2019-01-01,356800000,14887000000,14741525000.0,,,0.431,32.761,0.0,556300000,556300000,3635000000.0,691100000.0,,2.609,1307000000,,,1307000000,2139800000,0.0,0,0.019,0.97,1074300000.0,1074300000.0,0.169,1074300000.0,1074300000.0,985700000.0,5.49,5.43,5.49,4124600000,4087625000.0,4124600000,7126429987,7.0,6.634,1021100000.0,8.11,1.0,2716100000.0,0.428,0,88600000.0,15637700000,15652875000.0,0,10496100000,,,10762400000,,,6375729987,304400000.0,0.0,-223100000.0,-29800000.0,-118900000.0,-371800000.0,-344900000.0,-316200000.0,1021100000.0,0.0,691100000.0,691100000.0,691100000.0,0.0,0.0,0.109,1637800000.0,1078300000.0,974600000,0.177,1.546,9.225,9.421,358200000,0.0,51.72,1.004,1.025,1531700000,3333000000,6351100000.0,6351100000.0,0.0,0.047,0.169,0.069,0.169,0.0,662000000.0,1.0,123273975,125900000,127200000.0,50.446,14887000000,332100000,294600000.0,0,118.245,
3,SAF2,ARY,2004-12-31,2005-03-03,2004-12-31,2019-01-01,515300000,14586100000,25617700000.0,,,0.242,29.239,0.0,251900000,251900000,3495200000.0,562400000.0,,2.72,1332900000,,,1332900000,2192000000,0.0,0,0.017,0.81,943300000.0,943300000.0,0.152,943300000.0,943300000.0,835100000.0,4.19,4.16,4.19,3920900000,4557800000.0,3920900000,7238830156,8.0,7.674,990100000.0,7.383,1.0,2700200000.0,0.436,0,108200000.0,15667100000,26940025000.0,0,10404200000,,,10665200000,,,6157830156,-67100000.0,1499000000.0,-599000000.0,-735200000.0,-104800000.0,-1439000000.0,381800000.0,-1123300000.0,990100000.0,0.0,562400000.0,562400000.0,562400000.0,57800000.0,0.0,0.091,1578100000.0,1122100000.0,931900000,0.193,1.571,10.949,11.556,380900000,0.0,48.42,0.994,1.048,1502700000,2763800000,6195400000.0,6195400000.0,0.0,0.022,0.123,0.035,0.152,0.0,648100000.0,1.0,127175344,134100000,135200000.0,46.2,14586100000,347300000,272700000.0,0,108.77,
4,SAF2,ARY,2003-12-31,2004-03-12,2003-12-31,2019-01-01,1517300000,35845100000,35930900000.0,,,0.205,36.131,0.0,197400000,197400000,4808000000.0,339200000.0,,6.136,1965500000,,,1965500000,2063500000,0.0,0,0.017,0.74,568200000.0,568200000.0,0.077,568200000.0,568200000.0,441100000.0,2.45,2.44,2.45,5023300000,4918250000.0,5023300000,7935425553,14.0,13.966,1565200000.0,11.258,1.0,2550100000.0,0.347,183600000,127100000.0,37429600000,37113125000.0,0,28807400000,,,30821800000,,,6167325553,8900000.0,0.0,0.0,-23600000.0,-102400000.0,-20800000.0,-1535500000.0,-1522200000.0,1565200000.0,0.0,339200000.0,339200000.0,339200000.0,0.0,0.0,0.046,1981900000.0,568200000.0,2006400000,0.302,1.228,18.182,18.106,440000000,0.0,44.36,0.838,0.838,1820500000,2308700000,7358100000.0,7358100000.0,0.0,0.009,0.069,0.015,0.077,0.0,1058500000.0,1.0,139028980,139028980,,52.925,35661500000,0,101900000.0,98600000,256.504,
5,SAF2,ARY,2002-12-31,2003-03-19,2002-12-31,2019-01-01,1181300000,34656000000,33201100000.0,,,0.213,32.063,0.0,188500000,188500000,4685500000.0,301100000.0,,6.63,1123800000,,,1123800000,1847500000,0.0,0,0.021,0.74,478500000.0,478500000.0,0.068,478500000.0,478500000.0,417700000.0,2.33,2.33,2.33,4431600000,3918225000.0,4431600000,5841992531,12.0,12.209,853900000.0,6.178,1.0,2379600000.0,0.337,190000000,60800000.0,35401300000,33937450000.0,0,26771200000,,,29380600000,,,4906692531,-80800000.0,0.0,319300000.0,32400000.0,-94600000.0,501500000.0,-1436200000.0,-1344000000.0,853900000.0,0.0,301100000.0,301100000.0,301100000.0,0.0,0.0,0.043,1856300000.0,523300000.0,2957000000,0.318,1.107,16.296,15.236,488700000,0.0,35.5,0.694,0.694,1788200000,2072200000,7065100000.0,7065100000.0,0.0,0.009,0.077,0.014,0.068,0.0,956900000.0,1.0,138216691,138216691,,51.116,34466000000,150800000,116600000.0,0,249.362,
6,SAF2,ARY,2001-12-31,2002-03-06,2001-12-31,2019-01-01,916800000,30092500000,29481375000.0,,,0.229,28.449,0.0,269300000,269300000,5199100000.0,-989200000.0,,7.047,1865400000,,,1865400000,1782200000,0.0,0,0.022,0.74,-1336300000.0,-1336300000.0,-0.198,-1336300000.0,-1336300000.0,-1402000000.0,-7.75,-7.75,-7.75,3634600000,3743425000.0,3634600000,5953996465,-4.0,-4.456,528800000.0,4.139,1.0,1560000000.0,0.231,95000000,65700000.0,31593600000,30284700000.0,0,24874500000,,,25614500000,,,4357896465,83000000.0,0.0,-8100000.0,-52800000.0,-118100000.0,-415000000.0,-512000000.0,-533500000.0,528800000.0,0.0,-989200000.0,-989200000.0,-989200000.0,-58200000.0,0.0,-0.146,3011000000.0,-1451000000.0,0,-0.095,1.199,-4.405,-4.401,552000000,0.0,34.11,0.645,0.645,1659600000,1875900000,6759100000.0,6759100000.0,0.0,-0.034,-0.264,-0.044,-0.198,0.0,818200000.0,1.0,127760084,127760084,,52.905,29997500000,319000000,-412800000.0,34900000,234.796,
7,SAF2,ARY,2000-12-31,2001-03-19,2000-12-31,2019-01-01,894900000,31511500000,31273300000.0,,,0.22,36.787,0.0,196200000,196200000,4987600000.0,114600000.0,,5.531,3047500000,,,3047500000,1836500000,0.0,0,0.059,1.48,286900000.0,286900000.0,0.042,286900000.0,286900000.0,113800000.0,0.9,0.9,0.9,4695800000,4362525000.0,4695800000,6058483311,21.0,21.117,658600000.0,5.159,1.0,1891900000.0,0.275,1307400000,173100000.0,33055400000,32283475000.0,0,25428900000,,,25972700000,,,3207183311,83900000.0,0.0,-30400000.0,-27600000.0,-189400000.0,-589500000.0,14800000.0,112000000.0,658600000.0,0.0,114600000.0,114600000.0,114600000.0,0.0,0.0,0.017,1799100000.0,92800000.0,0,1.644,0.683,27.986,27.917,440400000,0.0,25.125,0.466,0.466,1562300000,2966400000,6879500000.0,6879500000.0,0.0,0.004,0.026,0.009,0.042,0.0,793600000.0,1.0,127649087,127649087,,53.894,30204100000,0,-800000.0,152700000,236.618,
8,SAF2,ARY,1999-12-31,2000-03-24,1999-12-31,2019-01-01,389700000,30572700000,30689325000.0,,,0.211,33.355,0.0,112300000,112300000,4504000000.0,252200000.0,,5.923,3074400000,,,3074400000,1853100000,0.0,0,0.06,1.46,428500000.0,428500000.0,0.066,428500000.0,428500000.0,287500000.0,1.9,1.9,1.9,4294100000,4813450000.0,4294100000,6100123338,14.0,14.236,763000000.0,5.927,1.0,1984300000.0,0.306,1354900000,141000000.0,32179900000,31696625000.0,0,24391600000,,,25436100000,,,3138023338,37400000.0,0.0,-303200000.0,-322900000.0,-192200000.0,-110800000.0,-614800000.0,-513800000.0,763000000.0,0.0,252200000.0,252200000.0,252200000.0,0.0,0.0,0.039,1739800000.0,244500000.0,0,0.768,0.731,12.443,12.829,344800000,0.0,24.375,0.484,0.484,1590300000,3062700000,6488300000.0,6488300000.0,0.0,0.008,0.052,0.014,0.066,0.0,794900000.0,1.0,128739419,128739419,,50.399,29217800000,105300000,35300000.0,6100000,226.953,
9,SAF2,ARY,1998-12-31,1999-03-24,1998-12-31,2019-01-01,1433600000,30891700000,30521950000.0,,,0.206,40.914,0.0,74900000,74900000,4108700000.0,351900000.0,,4.389,3230000000,,,3230000000,1750900000,0.0,0,0.033,1.37,577400000.0,577400000.0,0.092,577400000.0,577400000.0,417900000.0,2.52,2.51,2.52,5575800000,5602875000.0,5575800000,8734053903,15.0,15.127,657600000.0,4.825,1.0,2191200000.0,0.348,1359000000,159500000.0,32687800000,31498825000.0,0,25367700000,,,24473800000,,,5578953903,-316500000.0,0.0,-236800000.0,344600000.0,-187500000.0,-8400000.0,-965700000.0,-744000000.0,657600000.0,0.0,351900000.0,351900000.0,351900000.0,0.0,0.0,0.056,1721100000.0,470100000.0,0,0.544,1.001,15.854,16.245,280200000,0.0,40.938,0.886,0.886,1450900000,3257200000,6299900000.0,6299900000.0,0.0,0.012,0.063,0.018,0.092,0.0,784700000.0,1.0,136279790,136279790,,46.228,29532700000,0,66000000.0,495100000,216.706,
10,SAF2,ARY,1997-12-31,1998-03-30,1997-12-31,2019-01-01,1253300000,29467800000,,,,,38.686,0.0,391400000,391400000,2816200000.0,430000000.0,,4.241,2946500000,,,2946500000,1713700000,0.0,0,0.027,1.46,659600000.0,659600000.0,0.145,659600000.0,659600000.0,557800000.0,3.33,3.31,3.33,5461700000,,5461700000,10284711625,16.0,15.592,710900000.0,5.035,1.0,1724000000.0,0.38,1332600000,101800000.0,30690300000,,0,24040900000,,,23164400000,,,7729611625,335900000.0,-3014300000.0,666500000.0,1144700000.0,-154100000.0,3048000000.0,-3423000000.0,-262000000.0,710900000.0,0.0,430000000.0,430000000.0,430000000.0,0.0,0.0,0.095,1218700000.0,505300000.0,0,0.438,1.415,17.976,16.441,238000000,0.0,54.75,1.702,1.702,1336000000,3299100000,4540200000.0,4540200000.0,0.0,,,,0.145,0.0,524300000.0,1.0,141180121,141180121,,32.159,28135200000,0,127800000.0,456200000,199.286,
0,SAF2,ARQ,2008-06-30,2008-07-29,2008-06-30,2019-01-01,130800000,12348800000,,,,,37.633,-13200000.0,544300000,544300000,899100000.0,149500000.0,,2.641,504000000,,,504000000,2271700000,0.0,0,0.024,0.4,198700000.0,198700000.0,0.131,198700000.0,198700000.0,192000000.0,1.66,1.65,1.66,3384900000,,3384900000,5914012726,7.0,6.892,187000000.0,2.079,1.0,618900000.0,0.408,0,6700000.0,12308500000,,0,8819100000,,,8938100000,,,5954312726,169700000.0,0.0,4000000.0,0.0,-36300000.0,-121400000.0,90900000.0,16000000.0,200200000.0,0.0,149500000.0,149500000.0,149500000.0,0.0,0.0,0.098,420200000.0,198700000.0,284200000,0.241,1.759,9.448,9.793,210500000,0.0,66.2,0.963,0.963,1551600000,3242600000,1518000000.0,1518000000.0,0.0,,,,,0.0,175800000.0,1.0,89944301,89944301,,16.877,12348800000,305900000,42500000.0,0,137.294,
1,SAF2,ARQ,2008-03-31,2008-05-07,2008-03-31,2019-01-01,197500000,12297200000,,,,,37.063,-6600000.0,374600000,374600000,896300000.0,141800000.0,,2.685,504000000,,,504000000,2219900000,0.0,0,0.024,0.4,197400000.0,197400000.0,0.131,197400000.0,197400000.0,190300000.0,1.58,1.57,1.58,3332300000,,3332300000,6126301486,7.0,6.515,31500000.0,0.35,1.0,605300000.0,0.403,0,7100000.0,12426600000,,0,8919800000,,,8947000000,,,5996901486,-157400000.0,0.0,700000.0,-200000000.0,-36100000.0,-193200000.0,-2300000.0,46300000.0,38100000.0,0.0,141800000.0,141800000.0,141800000.0,0.0,0.0,0.094,407900000.0,197400000.0,373200000,0.253,1.8,8.99,9.723,209300000,0.0,66.7,0.967,0.967,1522000000,3129400000,1501600000.0,1501600000.0,0.0,,,,,0.0,161100000.0,1.0,89908568,89908568,,16.701,12297200000,236800000,48500000.0,1500000,136.775,
2,SAF2,ARQ,2007-12-31,2008-02-28,2007-12-31,2019-01-01,367300000,12640400000,,,,,37.804,-20900000.0,532000000,532000000,904500000.0,144500000.0,,2.72,704000000,,,704000000,2240900000,0.0,0,0.032,0.4,208400000.0,208400000.0,0.137,208400000.0,208400000.0,197900000.0,1.59,1.58,1.59,3392600000,,3392600000,4441934495,4.0,4.351,189700000.0,2.114,1.0,619900000.0,0.407,0,10500000.0,12812400000,,0,9215100000,,,9226300000,,,4269934495,-133800000.0,400000.0,-374900000.0,0.0,-38600000.0,-490600000.0,146200000.0,107100000.0,210600000.0,0.0,144500000.0,144500000.0,144500000.0,0.0,0.0,0.095,411500000.0,208400000.0,331000000,0.252,1.259,6.033,6.787,214800000,0.0,47.58,0.688,0.688,1536600000,3025300000,1524400000.0,1524400000.0,0.0,,,,,0.0,165000000.0,1.0,89742213,89742213,,16.986,12640400000,190200000,53400000.0,0,140.852,
3,SAF2,ARQ,2007-09-30,2007-10-30,2007-09-30,2019-01-01,396600000,13070500000,,,,,39.019,-24600000.0,665800000,665800000,909800000.0,194400000.0,,2.538,704000000,,,704000000,2307900000,0.0,0,0.024,0.4,253600000.0,253600000.0,0.155,253600000.0,253600000.0,241600000.0,1.93,1.93,1.93,3689200000,,3689200000,5472912215,5.0,4.868,261400000.0,2.765,1.0,728400000.0,0.445,0,12000000.0,13108700000,,0,9196600000,,,9363000000,,,5434712215,-29700000.0,0.0,-461400000.0,-558900000.0,-41800000.0,-1197100000.0,881400000.0,770900000.0,286000000.0,0.0,194400000.0,194400000.0,194400000.0,0.0,0.0,0.119,458200000.0,270200000.0,408100000,0.207,1.473,6.97,7.778,192000000,0.0,57.48,0.874,0.874,1590100000,3292600000,1638200000.0,1638200000.0,0.0,,,,,0.0,156700000.0,1.0,94549621,94549621,,17.326,13070500000,214100000,47200000.0,0,138.24,
4,SAF2,ARQ,2007-06-30,2007-07-31,2007-06-30,2019-01-01,416900000,13974400000,,,,,39.153,-45100000.0,695500000,695500000,858000000.0,186400000.0,,2.477,1250000000,,,1250000000,2270300000,0.0,0,0.022,0.4,281000000.0,281000000.0,0.183,281000000.0,281000000.0,259000000.0,1.76,1.75,1.76,4015300000,,4015300000,6550870561,5.0,5.225,182800000.0,1.782,1.0,681600000.0,0.443,0,22000000.0,14528900000,,0,10131700000,,,9944500000,,,5996370561,403100000.0,0.0,-156200000.0,0.0,-32000000.0,-397100000.0,572300000.0,407300000.0,227900000.0,0.0,186400000.0,186400000.0,186400000.0,0.0,0.0,0.121,400600000.0,281000000.0,543100000,0.227,1.493,7.13,7.623,170400000,0.0,58.47,0.961,0.961,1585700000,3598400000,1539600000.0,1539600000.0,0.0,,,,,0.0,167800000.0,1.0,102554653,102554653,,15.012,13974400000,183400000,72600000.0,0,136.263,
5,SAF2,ARQ,2007-03-31,2007-05-01,2007-03-31,2019-01-01,474900000,14172000000,,,,,38.461,-23700000.0,292400000,292400000,848200000.0,182500000.0,,2.468,1250000000,,,1250000000,2198500000,0.0,0,0.018,0.3,277800000.0,277800000.0,0.184,277800000.0,277800000.0,253600000.0,1.73,1.71,1.73,4083800000,,4083800000,7851971807,6.0,6.126,14800000.0,0.139,1.0,658400000.0,0.437,0,24200000.0,15129600000,,0,10633600000,,,10077000000,,,6894371807,4800000.0,5000000.0,8100000.0,0.0,-31800000.0,-30700000.0,-3000000.0,8300000.0,38500000.0,0.0,182500000.0,182500000.0,182500000.0,0.0,0.0,0.121,380600000.0,277800000.0,752000000,0.173,1.688,8.07,8.543,145600000,0.0,64.93,1.106,1.106,1547000000,3590500000,1506600000.0,1506600000.0,0.0,,,,,0.0,144100000.0,1.0,106181608,106181608,,14.189,14172000000,154100000,71100000.0,0,133.469,
6,SAF2,ARQ,2006-12-31,2007-02-23,2006-12-31,2019-01-01,484200000,14199000000,,,,,37.207,-46600000.0,287600000,287600000,814800000.0,216400000.0,,2.611,1250000000,,,1250000000,2175300000,0.0,0,0.017,0.3,311900000.0,311900000.0,0.204,311900000.0,311900000.0,289100000.0,1.97,1.95,1.97,3927900000,,3927900000,8167384742,6.0,6.137,206800000.0,1.959,1.0,717700000.0,0.468,0,22800000.0,15161400000,,0,10663000000,,,10254800000,,,7204984742,-336900000.0,8000000.0,-598700000.0,-26200000.0,-34600000.0,-443900000.0,-146400000.0,71100000.0,253400000.0,0.0,216400000.0,216400000.0,216400000.0,0.0,0.0,0.141,401300000.0,316400000.0,759000000,0.152,1.834,8.187,9.028,130400000,0.0,68.25,1.145,1.145,1515500000,3440500000,1532500000.0,1532500000.0,0.0,,,,,0.0,169100000.0,1.0,105567542,105567542,,14.517,14199000000,218500000,72700000.0,0,134.502,
7,SAF2,ARQ,2006-09-30,2006-10-31,2006-09-30,2019-01-01,413100000,14625100000,,,,,36.841,0.0,624500000,624500000,824200000.0,255700000.0,,2.425,1274700000,,,1274700000,2224700000,0.0,0,0.019,0.3,383100000.0,383100000.0,0.231,383100000.0,383100000.0,360200000.0,2.21,2.2,2.21,4269900000,,4269900000,7368475476,6.0,5.587,198600000.0,1.714,1.0,835700000.0,0.503,0,22900000.0,15275300000,,0,10644400000,,,10355200000,,,6718275476,78700000.0,0.0,-61400000.0,0.0,-34900000.0,-96300000.0,-23600000.0,-162600000.0,198600000.0,0.0,255700000.0,255700000.0,255700000.0,0.0,0.0,0.154,452600000.0,383100000.0,741100000,0.136,1.573,7.864,8.138,129900000,0.0,58.19,1.058,1.062,1538500000,3856800000,1659900000.0,1659900000.0,0.0,,,,,0.0,166700000.0,1.0,115454124,115900000,116300000.0,14.322,14625100000,269100000,104500000.0,0,126.187,
8,SAF2,ARQ,2006-06-30,2006-08-02,2006-06-30,2019-01-01,249600000,14338300000,,,,,33.318,0.0,545800000,545800000,803500000.0,199700000.0,,2.635,1274700000,,,1274700000,2184000000,0.0,0,0.02,0.3,309000000.0,309000000.0,0.201,309000000.0,309000000.0,286100000.0,1.69,1.68,1.69,3944800000,,3944800000,6808553355,6.0,6.221,197900000.0,1.671,1.0,732500000.0,0.477,0,22900000.0,15067200000,,0,10269200000,,,10393500000,,,6079653355,169200000.0,-42200000.0,-175900000.0,-18900000.0,-29800000.0,-224600000.0,195900000.0,33000000.0,197900000.0,0.0,199700000.0,199700000.0,199700000.0,0.0,0.0,0.13,423500000.0,309000000.0,852600000,0.178,1.541,8.689,9.087,170700000,0.0,52.25,0.968,0.986,1532900000,3675500000,1536000000.0,1536000000.0,0.0,,,,,0.0,195000000.0,1.0,116357002,118400000,119000000.0,12.973,14338300000,323900000,86400000.0,0,121.101,
9,SAF2,ARQ,2006-03-31,2006-05-02,2006-03-31,2019-01-01,298700000,14426600000,,,,,32.774,0.0,376600000,376600000,837300000.0,208200000.0,,2.605,1292000000,,,1292000000,2136200000,0.0,0,0.018,0.25,326900000.0,326900000.0,0.209,326900000.0,326900000.0,304100000.0,1.71,1.69,1.71,4001700000,,4001700000,7404413799,7.0,6.842,79700000.0,0.653,1.0,724200000.0,0.464,0,22800000.0,15342000000,,0,10408600000,,,10424900000,,,6489013799,-179700000.0,0.0,-242400000.0,-16400000.0,-30900000.0,-289700000.0,30300000.0,40500000.0,79700000.0,0.0,208200000.0,208200000.0,208200000.0,0.0,0.0,0.133,397300000.0,326900000.0,826900000,0.146,1.622,9.441,9.844,356300000,0.0,54.44,1.025,1.05,1515200000,3510700000,1561500000.0,1561500000.0,0.0,,,,,0.0,160300000.0,1.0,119195698,122100000,123000000.0,12.789,14426600000,273500000,95900000.0,0,118.154,
10,SAF2,ARQ,2005-12-31,2006-02-23,2005-12-31,2019-01-01,356800000,14887000000,,,,,33.398,0.0,556300000,556300000,874700000.0,190700000.0,,2.609,1307000000,,,1307000000,2139800000,0.0,0,0.019,0.25,299800000.0,299800000.0,0.188,299800000.0,299800000.0,277300000.0,1.54,1.52,1.54,4124600000,,4124600000,7126429987,7.0,6.634,280600000.0,2.272,1.0,719600000.0,0.451,0,22500000.0,15637700000,,0,10496100000,,,10762400000,,,6375729987,213000000.0,0.0,-21500000.0,0.0,-31100000.0,-52600000.0,-15000000.0,-1100000.0,280600000.0,0.0,190700000.0,190700000.0,190700000.0,0.0,0.0,0.12,419800000.0,299800000.0,974600000,0.162,1.546,9.225,9.421,358200000,0.0,51.72,1.004,1.025,1531700000,3333000000,1594300000.0,1594300000.0,0.0,,,,,0.0,174200000.0,1.0,123273975,123500000,125100000.0,12.909,14887000000,332100000,86600000.0,0,120.543,
11,SAF2,ARQ,2005-09-30,2005-11-04,2005-09-30,2019-01-01,380800000,14652800000,,,,,31.933,0.0,343300000,343300000,1012100000.0,101100000.0,,2.656,1307000000,,,1307000000,2219900000,0.0,0,0.017,0.25,158800000.0,158800000.0,0.1,158800000.0,158800000.0,136100000.0,0.81,0.8,0.81,4007600000,,4007600000,7876853855,7.0,7.384,259400000.0,2.067,1.0,573500000.0,0.362,0,22700000.0,15616500000,,0,10513800000,,,10645200000,,,6913153855,-36700000.0,0.0,-208000000.0,-29800000.0,-31900000.0,-269700000.0,-26400000.0,-15000000.0,259400000.0,0.0,101100000.0,101100000.0,101100000.0,0.0,0.0,0.064,410700000.0,162800000.0,769800000,0.309,1.725,10.163,10.479,358600000,0.0,55.96,1.092,1.109,1553300000,3173100000,1585600000.0,1585600000.0,0.0,,,,,0.0,164700000.0,1.0,123537417,125500000,126600000.0,12.634,14652800000,393700000,35000000.0,0,116.755,
12,SAF2,ARQ,2005-06-30,2005-08-04,2005-06-30,2019-01-01,467300000,14939500000,,,,,33.14,0.0,380000000,380000000,881600000.0,187300000.0,,2.533,1332900000,,,1332900000,2202300000,0.0,0,0.017,0.25,296700000.0,296700000.0,0.187,296700000.0,296700000.0,274700000.0,1.47,1.46,1.47,4228700000,,4228700000,7722401052,9.0,9.398,318400000.0,2.495,1.0,709100000.0,0.446,0,22000000.0,15892400000,,0,10727900000,,,10710800000,,,6769501052,25200000.0,0.0,-3000000.0,0.0,-27900000.0,-30900000.0,-262300000.0,-260900000.0,318400000.0,0.0,187300000.0,187300000.0,187300000.0,0.0,0.0,0.118,412400000.0,296700000.0,946600000,0.17,1.601,14.162,14.394,359700000,0.0,54.12,1.072,1.094,1477100000,3103100000,1590700000.0,1590700000.0,0.0,,,,,0.0,171900000.0,1.0,125083168,127600000,128700000.0,12.466,14939500000,288900000,87400000.0,0,117.081,
13,SAF2,ARQ,2005-03-31,2005-05-06,2005-03-31,2019-01-01,386700000,14486800000,,,,,31.389,0.0,354800000,354800000,866600000.0,212000000.0,,2.631,1332900000,,,1332900000,2218500000,0.0,0,0.016,0.22,319000000.0,319000000.0,0.202,319000000.0,319000000.0,297600000.0,1.67,1.65,1.67,3989600000,,3989600000,7713973795,8.0,8.369,162700000.0,1.28,1.0,713900000.0,0.452,0,21400000.0,15464900000,,0,10300500000,,,10497200000,,,6735873795,102900000.0,0.0,9400000.0,0.0,-28000000.0,-18600000.0,-41200000.0,-39200000.0,162700000.0,0.0,212000000.0,212000000.0,212000000.0,0.0,0.0,0.134,394900000.0,319000000.0,888300000,0.132,1.688,12.516,12.983,371500000,0.0,52.84,1.073,1.07,1479100000,2947800000,1580500000.0,1580500000.0,0.0,,,,,0.0,151200000.0,1.0,127476794,127100000,128200000.0,12.435,14486800000,342100000,85600000.0,0,113.98,
14,SAF2,ARQ,2004-12-31,2005-03-03,2004-12-31,2019-01-01,515300000,14586100000,,,,,30.898,0.0,251900000,251900000,863000000.0,179800000.0,,2.72,1332900000,,,1332900000,2192000000,0.0,0,0.017,0.22,292300000.0,292300000.0,0.186,292300000.0,292300000.0,271400000.0,1.39,1.38,1.39,3920900000,,3920900000,7238830156,8.0,7.674,245400000.0,1.934,1.0,711400000.0,0.452,0,20900000.0,15667100000,,0,10404200000,,,10665200000,,,6157830156,-75700000.0,-11000000.0,2400000.0,0.0,-27700000.0,-25300000.0,-295800000.0,-285200000.0,245400000.0,0.0,179800000.0,179800000.0,179800000.0,0.0,0.0,0.114,419100000.0,292300000.0,931900000,0.158,1.571,10.949,11.556,380900000,0.0,48.42,0.994,1.048,1502700000,2763800000,1574400000.0,1574400000.0,0.0,,,,,0.0,172400000.0,1.0,127175344,126900000,128300000.0,12.407,14586100000,347300000,91600000.0,0,114.942,
15,SAF2,ARQ,2004-09-30,2004-11-05,2004-09-30,2019-01-01,481700000,14665700000,,,,,28.321,0.0,327600000,327600000,1029900000.0,-101100000.0,,2.938,1332900000,,,1332900000,2249900000,0.0,0,0.017,0.22,-86300000.0,-86300000.0,-0.055,-86300000.0,-86300000.0,-111600000.0,-0.77,-0.76,-0.77,3724200000,,3724200000,6899111755,7.0,7.296,-71000000.0,-0.54,1.0,537000000.0,0.343,0,25300000.0,15671000000,,0,10169100000,,,10941500000,,,5893811755,21700000.0,1510000000.0,-607400000.0,-735200000.0,-25700000.0,-972300000.0,912600000.0,-540200000.0,-71000000.0,0.0,-101100000.0,-101100000.0,-101100000.0,107000000.0,0.0,-0.065,395300000.0,141700000.0,1022600000,-0.286,1.583,10.739,11.885,391800000,0.0,46.47,0.898,0.931,1591700000,2611900000,1566900000.0,1566900000.0,0.0,,,,,0.0,162800000.0,1.0,126830466,131500000,132500000.0,11.916,14665700000,421400000,-10500000.0,0,111.526,
16,SAF2,ARQ,2004-06-30,2004-08-06,2004-06-30,2019-01-01,1103000000,36303300000,,,,,36.315,0.0,382100000,382100000,776300000.0,247500000.0,,6.187,1951300000,,,1951300000,2182900000,0.0,0,0.016,0.185,396700000.0,396700000.0,0.255,396700000.0,396700000.0,365200000.0,1.78,1.77,1.78,5051400000,,5051400000,7937802297,8.0,8.069,483800000.0,3.478,1.0,779500000.0,0.501,0,31500000.0,37872500000,,0,9536100000,,,31251900000,,,6368602297,-50500000.0,0.0,6000000.0,0.0,-25700000.0,-234600000.0,-224700000.0,-302100000.0,483800000.0,0.0,247500000.0,247500000.0,247500000.0,1400000.0,0.0,0.159,381400000.0,398100000.0,1069700000,0.104,1.261,10.255,10.239,410400000,0.0,45.77,0.939,0.939,1595100000,2740800000,1555800000.0,1555800000.0,0.0,,,,,0.0,158800000.0,1.0,139143594,139100000,140100000.0,11.185,36303300000,260800000,117700000.0,9800000,260.987,
17,SAF2,ARQ,2004-03-31,2004-05-07,2004-03-31,2019-01-01,1798600000,36915700000,,,,,39.847,0.0,317500000,317500000,826000000.0,236200000.0,,5.67,1951300000,,,1951300000,2085200000,0.0,0,0.017,0.185,340600000.0,340600000.0,0.227,340600000.0,340600000.0,310100000.0,1.7,1.69,1.7,5534700000,,5534700000,7607404781,10.0,9.981,331900000.0,2.389,1.0,672300000.0,0.449,0,30500000.0,38549500000,,0,9541100000,,,31381000000,,,5973604781,37400000.0,0.0,0.0,0.0,-25700000.0,-206800000.0,-10300000.0,4200000.0,331900000.0,0.0,236200000.0,236200000.0,236200000.0,-50600000.0,0.0,0.158,382300000.0,290000000.0,1023000000,0.109,1.079,12.307,12.251,420700000,0.0,42.88,0.842,0.84,1590100000,2519200000,1498300000.0,1498300000.0,0.0,,,,,0.0,154100000.0,1.0,139309813,138900000,140000000.0,10.787,36915700000,204400000,73900000.0,31100000,265.772,
18,SAF2,ARQ,2003-12-31,2004-03-12,2003-12-31,2019-01-01,1517300000,35845100000,,,,,36.131,0.0,197400000,197400000,1140900000.0,166200000.0,,6.136,1965500000,,,1965500000,2063500000,0.0,0,0.017,0.185,294600000.0,294600000.0,0.151,294600000.0,294600000.0,227700000.0,1.2,1.19,1.2,5023300000,,5023300000,7935425553,14.0,13.966,533900000.0,3.84,1.0,803900000.0,0.413,183600000,66900000.0,37429600000,,0,28807400000,,,30821800000,,,6167325553,-70000000.0,0.0,0.0,-3600000.0,-25600000.0,-93500000.0,-510400000.0,-498900000.0,533900000.0,0.0,166200000.0,166200000.0,166200000.0,0.0,0.0,0.085,531700000.0,272200000.0,2006400000,0.154,1.228,18.182,18.106,440000000,0.0,44.36,0.838,0.838,1820500000,2308700000,1944800000.0,1944800000.0,0.0,,,,,0.0,283300000.0,1.0,139028980,139028980,,13.988,35661500000,0,61500000.0,98600000,256.504,
19,SAF2,ARQ,2003-09-30,2003-11-05,2003-09-30,2019-01-01,1579500000,35839100000,,,,,35.62,0.0,267400000,267400000,1347000000.0,-28900000.0,,6.265,1952700000,,,1952700000,2075500000,0.0,0,0.02,0.185,-48100000.0,-48100000.0,-0.027,-48100000.0,-48100000.0,-78000000.0,-0.21,-0.21,-0.21,4933400000,,4933400000,6758077042,19.0,18.793,492100000.0,3.553,1.0,433000000.0,0.243,186100000,29900000.0,37338300000,,0,28446700000,,,30905700000,,,5072777042,68200000.0,0.0,0.0,-5000000.0,-25600000.0,700000.0,-424600000.0,-430900000.0,492100000.0,0.0,-28900000.0,-28900000.0,-28900000.0,0.0,0.0,-0.016,481100000.0,-48100000.0,2286600000,-0.881,1.028,22.046,21.922,453200000,0.0,36.61,0.693,0.693,1836500000,2168100000,1780000000.0,1780000000.0,0.0,,,,,0.0,252900000.0,1.0,138562607,138500000,138500000.0,12.852,35653000000,36700000,-49100000.0,98000000,257.422,
20,SAF2,ARQ,2003-06-30,2003-08-13,2003-06-30,2019-01-01,1748800000,36593300000,,,,,37.242,0.0,199200000,199200000,1188000000.0,111900000.0,,5.936,1124600000,,,1124600000,2008400000,0.0,0,0.021,0.185,175100000.0,175100000.0,0.094,175100000.0,175100000.0,161900000.0,0.81,0.81,0.81,5154300000,,5154300000,5913523837,11.0,11.024,356500000.0,2.576,1.0,683000000.0,0.365,190100000,13200000.0,37328600000,,0,28368400000,,,30595000000,,,4988123837,-16100000.0,0.0,0.0,-201700000.0,-25600000.0,-137400000.0,-235200000.0,-213500000.0,356500000.0,0.0,111900000.0,111900000.0,111900000.0,0.0,0.0,0.06,496700000.0,186300000.0,3199200000,0.228,0.968,14.926,14.583,472400000,0.0,36.02,0.682,0.681,1888800000,2222600000,1871000000.0,1871000000.0,0.0,,,,,0.0,269800000.0,1.0,138482061,138400000,139000000.0,13.519,36403200000,39100000,50000000.0,235300000,263.029,
21,SAF2,ARQ,2003-03-31,2003-05-13,2003-03-31,2019-01-01,1245000000,35446100000,,,,,32.891,0.0,215300000,215300000,1132100000.0,90000000.0,,6.585,1311800000,,,1311800000,1893200000,0.0,0,0.019,0.185,146600000.0,146600000.0,0.083,146600000.0,146600000.0,129500000.0,0.65,0.65,0.65,4562000000,,4562000000,6352339132,12.0,12.061,182700000.0,1.317,1.0,630200000.0,0.358,186600000,17100000.0,36356000000,,0,27252000000,,,30040200000,,,5255839132,26800000.0,0.0,0.0,186700000.0,-25600000.0,209400000.0,-365300000.0,-378900000.0,182700000.0,0.0,90000000.0,90000000.0,90000000.0,0.0,0.0,0.051,472400000.0,157800000.0,3278400000,0.285,1.152,16.048,15.315,477900000,0.0,37.98,0.735,0.737,1844000000,2136500000,1762300000.0,1762300000.0,0.0,,,,,0.0,252500000.0,1.0,138384390,138700000,138700000.0,12.706,35259500000,83300000,39500000.0,0,254.214,
22,SAF2,ARQ,2002-12-31,2003-03-19,2002-12-31,2019-01-01,1181300000,34656000000,,,,,32.063,0.0,188500000,188500000,1172700000.0,57100000.0,,6.63,1123800000,,,1123800000,1847500000,0.0,0,0.021,0.185,86000000.0,86000000.0,0.045,86000000.0,86000000.0,75500000.0,0.42,0.42,0.42,4431600000,,4431600000,5841992531,12.0,12.209,265000000.0,1.917,1.0,733300000.0,0.385,190000000,10500000.0,35401300000,,0,26771200000,,,29380600000,,,4906692531,7200000.0,0.0,326800000.0,5800000.0,-23700000.0,315300000.0,-573100000.0,-450400000.0,265000000.0,0.0,57100000.0,57100000.0,57100000.0,0.0,0.0,0.03,489800000.0,243500000.0,2957000000,0.44,1.107,16.296,15.236,488700000,0.0,35.5,0.694,0.694,1788200000,2072200000,1906000000.0,1906000000.0,0.0,,,,,0.0,302900000.0,1.0,138216691,138216691,,13.79,34466000000,150800000,18400000.0,0,249.362,
23,SAF2,ARQ,2002-09-30,2002-11-06,2002-09-30,2019-01-01,1167900000,33742900000,,,,,31.68,0.0,181300000,181300000,1171800000.0,75200000.0,,7.107,1127800000,,,1127800000,1884500000,0.0,0,0.021,0.185,128700000.0,128700000.0,0.072,128700000.0,128700000.0,110800000.0,0.59,0.59,0.59,4058200000,,4058200000,5495430331,13.0,13.446,254900000.0,1.99,1.0,607100000.0,0.341,193500000,17900000.0,34495900000,,0,26340100000,,,28841000000,,,4548930331,55200000.0,0.0,-4300000.0,37900000.0,-23600000.0,120300000.0,-320000000.0,-376900000.0,254900000.0,0.0,75200000.0,75200000.0,75200000.0,0.0,0.0,0.042,482800000.0,124300000.0,2358100000,0.314,1.121,18.008,18.076,525700000,0.0,35.61,0.663,0.665,1999500000,2042700000,1778900000.0,1778900000.0,0.0,,,,,0.0,233700000.0,1.0,127743059,128100000,128100000.0,13.887,33549400000,176100000,35600000.0,0,261.9,
24,SAF2,ARQ,2002-06-30,2002-08-14,2002-06-30,2019-01-01,853400000,32534800000,,,,,28.841,0.0,126100000,126100000,1181400000.0,105200000.0,,7.578,1073000000,,,1073000000,1835600000,0.0,0,0.023,0.185,165400000.0,165400000.0,0.097,165400000.0,165400000.0,149000000.0,0.82,0.82,0.82,3694500000,,3694500000,5142282831,53.0,52.741,180700000.0,1.411,1.0,519500000.0,0.305,142400000,16400000.0,33339300000,,0,25293500000,,,27996700000,,,4195382831,-158600000.0,0.0,-1800000.0,1400000.0,-23700000.0,81000000.0,-420300000.0,-432500000.0,180700000.0,0.0,105200000.0,105200000.0,105200000.0,0.0,0.0,0.062,440300000.0,79200000.0,2120400000,0.226,1.136,54.627,55.644,534400000,0.0,32.83,0.62,0.621,1813000000,1994700000,1700900000.0,1700900000.0,0.0,,,,,0.0,217400000.0,1.0,127791131,128100000,128100000.0,13.278,32392400000,348200000,43800000.0,46700000,252.868,
25,SAF2,ARQ,2002-03-31,2002-05-06,2002-03-31,2019-01-01,728700000,31870700000,,,,,27.233,0.0,284700000,284700000,1159600000.0,63600000.0,,7.894,1072800000,,,1072800000,1772800000,0.0,0,0.022,0.185,98400000.0,98400000.0,0.058,98400000.0,98400000.0,82400000.0,0.5,0.5,0.5,3488600000,,3488600000,5046588356,-57.0,-56.64,153300000.0,1.197,1.0,550300000.0,0.322,145500000,16000000.0,32513300000,,0,24696400000,,,27538600000,,,4258488356,15400000.0,0.0,-1400000.0,-12700000.0,-23600000.0,-15100000.0,-122800000.0,-84200000.0,153300000.0,0.0,63600000.0,63600000.0,63600000.0,0.0,0.0,0.037,443400000.0,106900000.0,1825600000,0.37,1.221,-99.497,-98.0,541000000,0.0,33.32,0.63,0.631,1685300000,1914700000,1709900000.0,1709900000.0,0.0,,,,,0.0,202900000.0,1.0,127805773,128100000,128100000.0,13.348,31725200000,411400000,18800000.0,28000000,247.66,
26,SAF2,ARQ,2001-12-31,2002-03-06,2001-12-31,2019-01-01,916800000,30092500000,,,,,28.449,0.0,269300000,269300000,1220600000.0,8600000.0,,7.047,1865400000,,,1865400000,1782200000,0.0,0,0.022,0.185,16200000.0,16200000.0,0.01,16200000.0,16200000.0,500000.0,0.06,0.06,0.06,3634600000,,3634600000,5953996465,-4.0,-4.456,137200000.0,1.074,1.0,454000000.0,0.271,95000000,15700000.0,31593600000,,0,24874500000,,,25614500000,,,4357896465,117600000.0,-97000000.0,-3400000.0,25900000.0,-23600000.0,12800000.0,-32400000.0,-12300000.0,137200000.0,0.0,8600000.0,8600000.0,8600000.0,-54000000.0,0.0,0.005,457900000.0,-3900000.0,0,3.083,1.199,-4.405,-4.401,552000000,0.0,34.11,0.645,0.645,1659600000,1875900000,1674600000.0,1674600000.0,0.0,,,,,0.0,198500000.0,1.0,127760084,127760084,,13.107,29997500000,319000000,-8100000.0,34900000,234.796,
27,SAF2,ARQ,2001-09-30,2001-11-13,2001-09-30,2019-01-01,1028600000,29832100000,,,,,29.409,0.0,151700000,151700000,1466100000.0,-100600000.0,,6.701,988500000,,,988500000,1848400000,0.0,0,0.029,0.185,-182500000.0,-182500000.0,-0.108,-182500000.0,-182500000.0,-200200000.0,-0.79,-0.79,-0.79,3764300000,,3764300000,4899906034,-4.0,-3.748,281600000.0,2.2,1.0,218600000.0,0.13,98300000,17700000.0,30570600000,,0,25109000000,,,25224500000,,,4063106034,-27700000.0,97000000.0,-3000000.0,-10700000.0,-23600000.0,161700000.0,-1315500000.0,-1402900000.0,281600000.0,0.0,-100600000.0,-100600000.0,-100600000.0,-1400000.0,0.0,-0.06,468600000.0,-250000000.0,0,-0.234,1.079,-4.114,-4.114,558400000,0.0,31.8,0.606,0.607,1701700000,1893700000,1684700000.0,1684700000.0,0.0,,,,,0.0,213100000.0,1.0,127770630,128000000,128000000.0,13.162,29733800000,0,-99600000.0,19700000,232.295,
28,SAF2,ARQ,2001-06-30,2001-08-10,2001-06-30,2019-01-01,837600000,29025500000,,,,,28.881,0.0,179400000,179400000,1289300000.0,-14400000.0,,6.623,802900000,,,802900000,1856700000,0.0,0,0.036,0.185,-21200000.0,-21200000.0,-0.013,-21200000.0,-21200000.0,-36500000.0,-0.11,-0.11,-0.11,3696800000,,3696800000,4535831577,-4.0,-4.437,53700000.0,0.42,1.0,402100000.0,0.238,94000000,15300000.0,29555000000,,0,23053000000,,,24485500000,,,3912331577,-67800000.0,0.0,-1200000.0,8800000.0,-23700000.0,-200400000.0,168200000.0,185700000.0,53700000.0,0.0,-14400000.0,-14400000.0,-14400000.0,-600000.0,0.0,-0.009,437000000.0,-34900000.0,0,-1.682,1.058,-4.649,-4.653,546900000,0.0,30.62,0.576,0.577,1634000000,2020500000,1691400000.0,1691400000.0,0.0,,,,,0.0,208700000.0,1.0,127770463,128000000,128000000.0,13.214,28931500000,290500000,-22100000.0,0,226.027,
29,SAF2,ARQ,2001-03-31,2001-05-14,2001-03-31,2019-01-01,981200000,28975400000,,,,,30.368,0.0,247200000,247200000,1223100000.0,-882800000.0,,6.254,782600000,,,782600000,1834700000,0.0,0,0.05,0.185,-1148800000.0,-1148800000.0,-0.672,-1148800000.0,-1148800000.0,-1165800000.0,-6.91,-6.91,-6.91,3878000000,,3878000000,3860637412,-4.0,-4.158,56300000.0,0.441,1.0,485300000.0,0.284,91200000,17000000.0,29419600000,,0,23273800000,,,24254300000,,,3325237412,60900000.0,0.0,-500000.0,-76800000.0,-47200000.0,-389100000.0,667700000.0,696000000.0,56300000.0,0.0,-882800000.0,-882800000.0,-882800000.0,-2200000.0,0.0,-0.517,1647500000.0,-1162200000.0,0,-0.027,0.857,-4.167,-4.171,533500000,0.0,26.03,0.485,0.485,1607700000,2059500000,1708400000.0,1708400000.0,0.0,,,,,0.0,197900000.0,1.0,127746347,127700000,127700000.0,13.378,28884200000,171800000,-283000000.0,13200000,226.188,
30,SAF2,ARQ,2000-12-31,2001-03-19,2000-12-31,2019-01-01,894900000,31511500000,,,,,36.787,0.0,196200000,196200000,1256200000.0,10200000.0,,5.531,3047500000,,,3047500000,1836500000,0.0,0,0.059,0.37,45300000.0,45300000.0,0.028,45300000.0,45300000.0,-300000.0,0.08,0.08,0.08,4695800000,,4695800000,6058483311,21.0,21.117,213000000.0,1.669,1.0,362000000.0,0.224,1307400000,45600000.0,33055400000,,0,25428900000,,,25972700000,,,3207183311,30900000.0,0.0,100000.0,-138800000.0,-47300000.0,-494600000.0,312500000.0,341600000.0,213000000.0,0.0,10200000.0,10200000.0,10200000.0,0.0,0.0,0.006,467400000.0,-105400000.0,0,4.625,0.683,27.986,27.917,440400000,0.0,25.125,0.466,0.466,1562300000,2966400000,1618200000.0,1618200000.0,0.0,,,,,0.0,190400000.0,1.0,127649087,127649087,,12.677,30204100000,0,-10500000.0,152700000,236.618,
31,SAF2,ARQ,2000-09-30,2000-11-03,2000-09-30,2019-01-01,451700000,31265300000,,,,,33.614,0.0,165300000,165300000,1246900000.0,45500000.0,,6.093,2304600000,,,2304600000,1936100000,0.0,0,0.062,0.37,102500000.0,102500000.0,0.058,102500000.0,102500000.0,55500000.0,0.36,0.36,0.36,4289100000,,4289100000,5162640016,16.0,15.793,203100000.0,1.592,1.0,531900000.0,0.299,1336400000,47000000.0,32068200000,,0,24974100000,,,26133300000,,,3023340016,70900000.0,0.0,-200000.0,52100000.0,-47200000.0,-148000000.0,15800000.0,28400000.0,203100000.0,0.0,45500000.0,45500000.0,45500000.0,0.0,0.0,0.026,448000000.0,83900000.0,0,1.028,0.705,20.304,20.246,440300000,0.0,23.688,0.443,0.443,1598000000,3003400000,1778800000.0,1778800000.0,0.0,,,,,0.0,199400000.0,1.0,127634407,127600000,127700000.0,13.94,29928900000,85400000,10000000.0,8100000,234.553,
32,SAF2,ARQ,2000-06-30,2000-08-10,2000-06-30,2019-01-01,355500000,31182100000,,,,,32.875,0.0,94400000,94400000,1245900000.0,29100000.0,,6.233,2281500000,,,2281500000,1933500000,0.0,0,0.059,0.37,72500000.0,72500000.0,0.042,72500000.0,72500000.0,30800000.0,0.23,0.23,0.23,4194800000,,4194800000,5409748208,20.0,20.376,127500000.0,0.999,1.0,500800000.0,0.287,1331000000,41700000.0,32038200000,,0,24975400000,,,26144500000,,,3222648208,-10900000.0,0.0,-200000.0,-8000000.0,-47200000.0,-93700000.0,-44700000.0,-20000000.0,127500000.0,0.0,29100000.0,29100000.0,29100000.0,0.0,0.0,0.017,438400000.0,62400000.0,0,1.609,0.768,26.968,27.151,415100000,0.0,25.25,0.481,0.481,1567500000,3005400000,1746700000.0,1746700000.0,0.0,,,,,0.0,202000000.0,1.0,127629632,127600000,127700000.0,13.689,29851100000,135300000,1700000.0,7100000,233.943,
33,SAF2,ARQ,2000-03-31,2000-05-12,2000-03-31,2019-01-01,412900000,31134300000,,,,,33.31,0.0,105300000,105300000,1238600000.0,29800000.0,,6.093,2283900000,,,2283900000,1877000000,0.0,0,0.07,0.37,66600000.0,66600000.0,0.038,66600000.0,66600000.0,27800000.0,0.23,0.23,0.23,4270400000,,4270400000,4874529553,16.0,15.745,115000000.0,0.897,1.0,497200000.0,0.286,1340800000,38800000.0,31972100000,,0,24900300000,,,26021200000,,,2695929553,-7000000.0,0.0,-30100000.0,67100000.0,-47700000.0,146800000.0,-268800000.0,-238000000.0,115000000.0,0.0,29800000.0,29800000.0,29800000.0,0.0,0.0,0.017,445300000.0,51900000.0,0,1.609,0.631,16.489,16.9,379000000,0.0,21.125,0.409,0.411,1619500000,3023800000,1735800000.0,1735800000.0,0.0,,,,,0.0,201800000.0,1.0,127617967,128200000,128200000.0,13.54,29793500000,90600000,-2000000.0,200000,232.399,
34,SAF2,ARQ,1999-12-31,2000-03-24,1999-12-31,2019-01-01,389700000,30572700000,,,,,33.355,0.0,112300000,112300000,1172500000.0,44500000.0,,5.923,3074400000,,,3074400000,1853100000,0.0,0,0.06,0.37,85300000.0,85300000.0,0.054,85300000.0,85300000.0,47200000.0,0.35,0.35,0.35,4294100000,,4294100000,6100123338,14.0,14.236,236800000.0,1.839,1.0,395900000.0,0.252,1354900000,38100000.0,32179900000,,0,24391600000,,,25436100000,,,3138023338,25400000.0,0.0,-30100000.0,-15700000.0,-48100000.0,142200000.0,-353600000.0,-330100000.0,236800000.0,0.0,44500000.0,44500000.0,44500000.0,0.0,0.0,0.028,443300000.0,-47400000.0,0,1.057,0.731,12.443,12.829,344800000,0.0,24.375,0.484,0.484,1590300000,3062700000,1568400000.0,1568400000.0,0.0,,,,,0.0,200100000.0,1.0,128739419,128739419,,12.183,29217800000,105300000,2700000.0,6100000,226.953,
35,SAF2,ARQ,1999-09-30,1999-11-12,1999-09-30,2019-01-01,620500000,30284200000,,,,,34.846,0.0,86900000,86900000,1194100000.0,16100000.0,,5.46,2235800000,,,2235800000,1911700000,0.0,0,0.053,0.37,41100000.0,41100000.0,0.025,41100000.0,41100000.0,5300000.0,0.12,0.12,0.12,4557900000,,4557900000,5707990928,11.0,11.407,68100000.0,0.521,1.0,454200000.0,0.276,1320700000,35800000.0,31112400000,,0,24393800000,,,24883900000,,,3559090928,-62100000.0,0.0,-56300000.0,-138000000.0,-48700000.0,-189100000.0,58900000.0,-23100000.0,68100000.0,0.0,16100000.0,16100000.0,16100000.0,0.0,0.0,0.01,425800000.0,28400000.0,0,3.083,0.781,11.711,12.221,324800000,0.0,27.375,0.552,0.555,1613500000,3088900000,1648300000.0,1648300000.0,0.0,,,,,0.0,199000000.0,1.0,130012454,130800000,131000000.0,12.602,28963500000,14600000,-10800000.0,23100000,221.433,
36,SAF2,ARQ,1999-06-30,1999-08-13,1999-06-30,2019-01-01,943500000,30833100000,,,,,37.051,0.0,149000000,149000000,1094000000.0,73100000.0,,5.036,2305600000,,,2305600000,1851300000,0.0,0,0.04,0.37,116600000.0,116600000.0,0.071,116600000.0,116600000.0,83300000.0,0.55,0.54,0.55,4968500000,,4968500000,6850508783,12.0,11.694,381300000.0,2.843,1.0,543500000.0,0.332,1334000000,33300000.0,31655700000,,0,24845100000,,,25022300000,,,4693908783,12400000.0,0.0,-215200000.0,82300000.0,-47700000.0,-184800000.0,-184100000.0,-40300000.0,381300000.0,0.0,73100000.0,73100000.0,73100000.0,0.0,0.0,0.045,444500000.0,99000000.0,0,0.673,0.945,12.942,13.416,309600000,0.0,35.688,0.732,0.746,1571400000,3167300000,1637500000.0,1637500000.0,0.0,,,,,0.0,202900000.0,1.0,131528092,134100000,134500000.0,12.211,29499100000,0,10200000.0,203100000,219.978,
37,SAF2,ARQ,1999-03-31,1999-05-12,1999-03-31,2019-01-01,1219000000,31067300000,,,,,39.863,0.0,136600000,136600000,1043400000.0,118500000.0,,4.563,2256000000,,,2256000000,1783400000,0.0,0,0.031,0.35,185500000.0,185500000.0,0.114,185500000.0,185500000.0,151700000.0,0.87,0.87,0.87,5433300000,,5433300000,8271184800,14.0,14.202,76800000.0,0.563,1.0,590700000.0,0.361,1348200000,33800000.0,31838500000,,0,25325300000,,,24791800000,,,6151784800,61700000.0,0.0,-1600000.0,-251500000.0,-47700000.0,120900000.0,-136000000.0,-120300000.0,76800000.0,0.0,118500000.0,118500000.0,118500000.0,0.0,0.0,0.073,426200000.0,164500000.0,0,0.402,1.132,17.145,17.356,309100000,0.0,45.125,0.967,0.967,1502800000,3326600000,1634100000.0,1634100000.0,0.0,,,,,0.0,192900000.0,1.0,136327641,136300000,136600000.0,11.989,29719100000,0,33200000.0,408000000,218.042,
38,SAF2,ARQ,1998-12-31,1999-03-24,1998-12-31,2019-01-01,1433600000,30891700000,,,,,40.914,0.0,74900000,74900000,1036300000.0,96200000.0,,4.389,3230000000,,,3230000000,1750900000,0.0,0,0.033,0.35,157200000.0,157200000.0,0.103,157200000.0,157200000.0,116700000.0,0.7,0.7,0.7,5575800000,,5575800000,8734053903,15.0,15.127,210000000.0,1.541,1.0,494700000.0,0.323,1359000000,40500000.0,32687800000,,0,25367700000,,,24473800000,,,5578953903,19900000.0,0.0,-3700000.0,5200000.0,-47700000.0,-48600000.0,-141500000.0,-68400000.0,210000000.0,0.0,96200000.0,96200000.0,96200000.0,0.0,0.0,0.063,434800000.0,59900000.0,0,0.5,1.001,15.854,16.245,280200000,0.0,40.938,0.886,0.886,1450900000,3257200000,1531000000.0,1531000000.0,0.0,,,,,0.0,191200000.0,1.0,136279790,136279790,,11.234,29532700000,0,20500000.0,495100000,216.706,
39,SAF2,ARQ,1998-09-30,1998-11-13,1998-09-30,2019-01-01,1457100000,30560900000,,,,,39.968,0.0,55000000,55000000,1017900000.0,74900000.0,,4.353,2429100000,,,2429100000,1811000000,0.0,0,0.031,0.35,126500000.0,126500000.0,0.078,126500000.0,126500000.0,85200000.0,0.54,0.54,0.54,5551600000,,5551600000,8352350559,,,115000000.0,0.828,1.0,594200000.0,0.369,1335900000,41300000.0,31599100000,,0,24088900000,,,24167300000,,,5978250559,-1400000.0,0.0,-227800000.0,288200000.0,-49400000.0,57300000.0,-173700000.0,-132300000.0,115000000.0,0.0,74900000.0,74900000.0,74900000.0,0.0,0.0,0.046,471100000.0,123100000.0,0,0.648,1.077,,,265700000,0.0,43.875,,,2589300000,3212000000,1612100000.0,1612100000.0,0.0,,,,,0.0,207800000.0,1.0,136256423,138900000,139400000.0,11.606,29225000000,0,10300000.0,530700000,210.403,
40,SAF2,ARQ,1998-06-30,1998-08-14,1998-06-30,2019-01-01,1374800000,30292400000,,,,,40.15,0.0,56400000,56400000,1066800000.0,69200000.0,,4.195,1943800000,,,1943800000,1782400000,0.0,0,0.033,0.35,113200000.0,113200000.0,0.071,113200000.0,113200000.0,74500000.0,0.49,0.49,0.49,5669200000,,5669200000,8392601252,,,177100000.0,1.254,1.0,518600000.0,0.327,1345400000,38700000.0,30834400000,,0,23865400000,,,23781300000,,,6505201252,-65900000.0,0.0,-500000.0,-48200000.0,-45200000.0,-90900000.0,-152100000.0,-63800000.0,177100000.0,0.0,69200000.0,69200000.0,69200000.0,0.0,0.0,0.044,408900000.0,109700000.0,0,0.714,1.147,,,255000000,0.0,46.063,,,2379100000,3380500000,1585400000.0,1585400000.0,0.0,,,,,0.0,200300000.0,1.0,141225536,141200000,141800000.0,11.228,28947000000,0,5300000.0,474300000,205.007,
41,SAF2,ARQ,1998-03-31,1998-05-13,1998-03-31,2019-01-01,1340900000,30342800000,,,,,39.766,0.0,122300000,122300000,987700000.0,111600000.0,,4.254,1977600000,,,1977600000,1725200000,0.0,0,0.03,0.32,180500000.0,180500000.0,0.115,180500000.0,180500000.0,141500000.0,0.79,0.79,0.79,5614900000,,5614900000,8773503180,,,155500000.0,1.101,1.0,583700000.0,0.371,1324100000,39000000.0,30874000000,,0,23936700000,,,23886100000,,,6918203180,-269100000.0,0.0,-4800000.0,99400000.0,-45200000.0,73800000.0,-498400000.0,-479500000.0,155500000.0,0.0,111600000.0,111600000.0,111600000.0,0.0,0.0,0.071,406300000.0,177400000.0,0,0.405,1.232,,,242500000,0.0,49.0,,,2320100000,3361300000,1571400000.0,1571400000.0,0.0,,,,,0.0,185400000.0,1.0,141187820,141200000,141800000.0,11.129,29018700000,0,29900000.0,526300000,205.515,
42,SAF2,ARQ,1997-12-31,1998-03-30,1997-12-31,2019-01-01,1253300000,29467800000,,,,,38.686,,391400000,391400000,,,,4.241,2946500000,,,2946500000,1713700000,,0,0.027,0.32,,,,,,,,,,5461700000,,5461700000,10284711625,16.0,15.592,,,1.0,,,1332600000,,30690300000,,0,24040900000,,,23164400000,,,7729611625,,,,,,,,,,,,,,,,,,,0,,1.415,17.976,16.441,238000000,,54.75,1.702,1.702,1336000000,3299100000,,,,,,,,,,1.0,141180121,141180121,,,28135200000,0,,456200000,199.286,
0,SAF2,ART,2008-06-30,2008-07-29,2008-06-30,2019-01-01,130800000,12348800000,12589225000.0,,,0.491,37.633,-65300000.0,544300000,544300000,3609700000.0,630200000.0,,2.641,504000000,,,504000000,2271700000,0.0,0,0.024,1.6,858100000.0,858100000.0,0.139,858100000.0,858100000.0,821800000.0,6.76,6.73,6.76,3384900000,3449750000.0,3384900000,5914012726,7.0,6.892,669600000.0,7.445,1.0,2572500000.0,0.416,0,36300000.0,12308500000,12664050000.0,0,8819100000,,,8938100000,,,5954312726,-151200000.0,400000.0,-831600000.0,-758900000.0,-152800000.0,-2002300000.0,1116200000.0,940300000.0,734900000.0,0.0,630200000.0,630200000.0,630200000.0,0.0,0.0,0.102,1697800000.0,874700000.0,284200000,0.237,1.759,9.448,9.793,210500000,0.0,66.2,0.963,0.963,1551600000,3242600000,6182200000.0,6182200000.0,0.0,0.05,0.183,0.068,0.139,0.0,658600000.0,1.0,89944301,89944301,,68.734,12348800000,305900000,191600000.0,0,137.294,
1,SAF2,ART,2008-03-31,2008-05-07,2008-03-31,2019-01-01,197500000,12297200000,12995625000.0,,,0.477,37.063,-97200000.0,374600000,374600000,3568600000.0,667100000.0,,2.685,504000000,,,504000000,2219900000,0.0,0,0.024,1.6,940400000.0,940400000.0,0.152,940400000.0,940400000.0,888800000.0,6.86,6.83,6.86,3332300000,3607350000.0,3332300000,6126301486,7.0,6.515,665400000.0,7.401,1.0,2635200000.0,0.425,0,51600000.0,12426600000,13219150000.0,0,8919800000,,,8947000000,,,5996901486,82200000.0,400000.0,-991800000.0,-758900000.0,-148500000.0,-2278000000.0,1597600000.0,1331600000.0,762600000.0,0.0,667100000.0,667100000.0,667100000.0,0.0,0.0,0.108,1678200000.0,957000000.0,373200000,0.233,1.8,8.99,9.723,209300000,0.0,66.7,0.967,0.967,1522000000,3129400000,6203800000.0,6203800000.0,0.0,0.051,0.185,0.071,0.152,0.0,650600000.0,1.0,89908568,89908568,,69.001,12297200000,236800000,221700000.0,1500000,136.775,
2,SAF2,ART,2007-12-31,2008-02-28,2007-12-31,2019-01-01,367300000,12640400000,13464325000.0,,,0.461,37.804,-114300000.0,532000000,532000000,3520500000.0,707800000.0,,2.72,704000000,,,704000000,2240900000,0.0,0,0.032,1.5,1020800000.0,1020800000.0,0.164,1020800000.0,1020800000.0,952100000.0,7.01,6.97,7.01,3392600000,3795225000.0,3392600000,4441934495,4.0,4.351,648700000.0,7.228,1.0,2688300000.0,0.433,0,68700000.0,12812400000,13894900000.0,0,9215100000,,,9226300000,,,4269934495,244400000.0,5400000.0,-984400000.0,-558900000.0,-144200000.0,-2115500000.0,1596900000.0,1293600000.0,763000000.0,0.0,707800000.0,707800000.0,707800000.0,0.0,0.0,0.114,1650900000.0,1037400000.0,331000000,0.214,1.259,6.033,6.787,214800000,0.0,47.58,0.688,0.688,1536600000,3025300000,6208800000.0,6208800000.0,0.0,0.053,0.186,0.073,0.164,0.0,633600000.0,1.0,89742213,89742213,,69.185,12640400000,190200000,244300000.0,0,140.852,
3,SAF2,ART,2007-09-30,2007-10-30,2007-09-30,2019-01-01,396600000,13070500000,13853975000.0,,,0.449,39.019,-140000000.0,665800000,665800000,3430800000.0,779700000.0,,2.538,704000000,,,704000000,2307900000,0.0,0,0.024,1.4,1124300000.0,1124300000.0,0.181,1124300000.0,1124300000.0,1043300000.0,7.39,7.34,7.39,3689200000,3929050000.0,3689200000,5472912215,5.0,4.868,665800000.0,7.042,1.0,2786100000.0,0.448,0,81000000.0,13108700000,14482150000.0,0,9196600000,,,9363000000,,,5434712215,41300000.0,13000000.0,-1208200000.0,-585100000.0,-140200000.0,-2068800000.0,1304300000.0,1257600000.0,805800000.0,0.0,779700000.0,779700000.0,779700000.0,0.0,0.0,0.125,1640700000.0,1145400000.0,408100000,0.189,1.473,6.97,7.778,192000000,0.0,57.48,0.874,0.874,1590100000,3292600000,6216900000.0,6216900000.0,0.0,0.056,0.198,0.078,0.181,0.0,637700000.0,1.0,94549621,94549621,,65.753,13070500000,214100000,263600000.0,0,138.24,
4,SAF2,ART,2007-06-30,2007-07-31,2007-06-30,2019-01-01,416900000,13974400000,14242625000.0,,,0.438,39.153,-115400000.0,695500000,695500000,3345200000.0,841000000.0,,2.477,1250000000,,,1250000000,2270300000,0.0,0,0.022,1.3,1253800000.0,1253800000.0,0.201,1253800000.0,1253800000.0,1161900000.0,7.67,7.61,7.67,4015300000,4074225000.0,4015300000,6550870561,5.0,5.225,603000000.0,5.88,1.0,2893400000.0,0.464,0,91900000.0,14528900000,15023800000.0,0,10131700000,,,9944500000,,,5996370561,149700000.0,13000000.0,-808200000.0,-26200000.0,-133300000.0,-968000000.0,399300000.0,324100000.0,718400000.0,0.0,841000000.0,841000000.0,841000000.0,0.0,0.0,0.135,1635100000.0,1258300000.0,543100000,0.169,1.493,7.13,7.623,170400000,0.0,58.47,0.961,0.961,1585700000,3598400000,6238600000.0,6238600000.0,0.0,0.059,0.206,0.083,0.201,0.0,647700000.0,1.0,102554653,102554653,,60.832,13974400000,183400000,320900000.0,0,136.263,
5,SAF2,ART,2007-03-31,2007-05-01,2007-03-31,2019-01-01,474900000,14172000000,14333600000.0,,,0.435,38.461,-70300000.0,292400000,292400000,3290700000.0,854300000.0,,2.468,1250000000,,,1250000000,2198500000,0.0,0,0.018,1.2,1281800000.0,1281800000.0,0.206,1281800000.0,1281800000.0,1189000000.0,7.6,7.54,7.6,4083800000,4056600000.0,4083800000,7851971807,6.0,6.126,618100000.0,5.821,1.0,2944300000.0,0.472,0,92800000.0,15129600000,15158375000.0,0,10633600000,,,10077000000,,,6894371807,-84200000.0,-29200000.0,-827900000.0,-45100000.0,-131100000.0,-795500000.0,22900000.0,-50200000.0,688400000.0,0.0,854300000.0,854300000.0,854300000.0,0.0,0.0,0.137,1658000000.0,1286300000.0,752000000,0.158,1.688,8.07,8.543,145600000,0.0,64.93,1.106,1.106,1547000000,3590500000,6235000000.0,6235000000.0,0.0,0.06,0.211,0.085,0.206,0.0,674900000.0,1.0,106181608,106181608,,58.72,14172000000,154100000,334700000.0,0,133.469,
6,SAF2,ART,2006-12-31,2007-02-23,2006-12-31,2019-01-01,484200000,14199000000,14397250000.0,,,0.437,37.207,-46600000.0,287600000,287600000,3279800000.0,880000000.0,,2.611,1250000000,,,1250000000,2175300000,0.0,0,0.017,1.15,1330900000.0,1330900000.0,0.212,1330900000.0,1330900000.0,1239500000.0,7.56,7.51,7.56,3927900000,4036075000.0,3927900000,8167384742,6.0,6.137,683000000.0,6.47,1.0,3010100000.0,0.479,0,91400000.0,15161400000,15211475000.0,0,10663000000,,,10254800000,,,7204984742,-268700000.0,-34200000.0,-1078400000.0,-61500000.0,-130200000.0,-1054500000.0,56200000.0,-18000000.0,729600000.0,0.0,880000000.0,880000000.0,880000000.0,0.0,0.0,0.14,1674700000.0,1335400000.0,759000000,0.152,1.834,8.187,9.028,130400000,0.0,68.25,1.145,1.145,1515500000,3440500000,6289900000.0,6289900000.0,0.0,0.061,0.218,0.087,0.212,0.0,691100000.0,1.0,105567542,105567542,,59.582,14199000000,218500000,359500000.0,0,134.502,
7,SAF2,ART,2006-09-30,2006-10-31,2006-09-30,2019-01-01,413100000,14625100000,14569250000.0,,,0.436,36.841,0.0,624500000,624500000,3339700000.0,854300000.0,,2.425,1274700000,,,1274700000,2224700000,0.0,0,0.019,1.1,1318800000.0,1318800000.0,0.208,1318800000.0,1318800000.0,1227700000.0,7.15,7.09,7.15,4269900000,4085250000.0,4269900000,7368475476,6.0,5.587,756800000.0,6.53,1.0,3012000000.0,0.474,0,91100000.0,15275300000,15330550000.0,0,10644400000,,,10355200000,,,6718275476,281200000.0,-42200000.0,-501200000.0,-35300000.0,-126700000.0,-663200000.0,187600000.0,-90200000.0,756800000.0,0.0,854300000.0,854300000.0,854300000.0,0.0,0.0,0.134,1693200000.0,1318800000.0,741100000,0.154,1.573,7.864,8.138,129900000,0.0,58.19,1.058,1.062,1538500000,3856800000,6351700000.0,6351700000.0,0.0,0.059,0.209,0.086,0.208,0.0,696200000.0,1.0,115454124,115900000,116300000.0,54.803,14625100000,269100000,373400000.0,0,126.187,
8,SAF2,ART,2006-06-30,2006-08-02,2006-06-30,2019-01-01,249600000,14338300000,14576175000.0,,,0.431,33.318,0.0,545800000,545800000,3527600000.0,699700000.0,,2.635,1274700000,,,1274700000,2184000000,0.0,0,0.02,1.05,1094500000.0,1094500000.0,0.174,1094500000.0,1094500000.0,1003600000.0,5.75,5.69,5.75,3944800000,4019675000.0,3944800000,6808553355,6.0,6.221,817600000.0,6.905,1.0,2749800000.0,0.438,0,90900000.0,15067200000,15415850000.0,0,10269200000,,,10393500000,,,6079653355,165800000.0,-42200000.0,-647800000.0,-65100000.0,-123700000.0,-836600000.0,184800000.0,57400000.0,817600000.0,0.0,699700000.0,699700000.0,699700000.0,0.0,0.0,0.111,1651300000.0,1098500000.0,852600000,0.183,1.541,8.689,9.087,170700000,0.0,52.25,0.968,0.986,1532900000,3675500000,6277400000.0,6277400000.0,0.0,0.048,0.174,0.071,0.174,0.0,694200000.0,1.0,116357002,118400000,119000000.0,53.019,14338300000,323900000,303900000.0,0,121.101,
9,SAF2,ART,2006-03-31,2006-05-02,2006-03-31,2019-01-01,298700000,14426600000,14726475000.0,,,0.43,32.774,0.0,376600000,376600000,3605700000.0,687300000.0,,2.605,1292000000,,,1292000000,2136200000,0.0,0,0.018,1.0,1082200000.0,1082200000.0,0.171,1082200000.0,1082200000.0,992200000.0,5.53,5.47,5.53,4001700000,4090650000.0,4001700000,7404413799,7.0,6.842,938100000.0,7.683,1.0,2726400000.0,0.431,0,90000000.0,15342000000,15622150000.0,0,10408600000,,,10424900000,,,6489013799,21800000.0,0.0,-474900000.0,-46200000.0,-121800000.0,-642900000.0,-273400000.0,-236500000.0,938100000.0,0.0,687300000.0,687300000.0,687300000.0,0.0,0.0,0.109,1640200000.0,1086200000.0,826900000,0.181,1.622,9.441,9.844,356300000,0.0,54.44,1.025,1.05,1515200000,3510700000,6332100000.0,6332100000.0,0.0,0.047,0.168,0.069,0.171,0.0,671100000.0,1.0,119195698,122100000,123000000.0,51.86,14426600000,273500000,304900000.0,0,118.154,
10,SAF2,ART,2005-12-31,2006-02-23,2005-12-31,2019-01-01,356800000,14887000000,14741525000.0,,,0.431,32.761,0.0,556300000,556300000,3635000000.0,691100000.0,,2.609,1307000000,,,1307000000,2139800000,0.0,0,0.019,0.97,1074300000.0,1074300000.0,0.169,1074300000.0,1074300000.0,985700000.0,5.49,5.43,5.49,4124600000,4087625000.0,4124600000,7126429987,7.0,6.634,1021100000.0,8.11,1.0,2716100000.0,0.428,0,88600000.0,15637700000,15652875000.0,0,10496100000,,,10762400000,,,6375729987,304400000.0,0.0,-223100000.0,-29800000.0,-118900000.0,-371800000.0,-344900000.0,-316200000.0,1021100000.0,0.0,691100000.0,691100000.0,691100000.0,0.0,0.0,0.109,1637800000.0,1078300000.0,974600000,0.177,1.546,9.225,9.421,358200000,0.0,51.72,1.004,1.025,1531700000,3333000000,6351100000.0,6351100000.0,0.0,0.047,0.169,0.069,0.169,0.0,662000000.0,1.0,123273975,125900000,127200000.0,50.446,14887000000,332100000,294600000.0,0,118.245,
11,SAF2,ART,2005-09-30,2005-11-04,2005-09-30,2019-01-01,380800000,14652800000,14666300000.0,,,0.432,31.933,0.0,343300000,343300000,3623300000.0,680200000.0,,2.656,1307000000,,,1307000000,2219900000,0.0,0,0.017,0.94,1066800000.0,1066800000.0,0.168,1066800000.0,1066800000.0,979800000.0,5.34,5.29,5.34,4007600000,4036700000.0,4007600000,7876853855,7.0,7.384,985900000.0,7.856,1.0,2707900000.0,0.428,0,87000000.0,15616500000,15660225000.0,0,10513800000,,,10645200000,,,6913153855,15700000.0,-11000000.0,-199200000.0,-29800000.0,-115500000.0,-344500000.0,-625700000.0,-600300000.0,985900000.0,0.0,680200000.0,680200000.0,680200000.0,0.0,0.0,0.107,1637100000.0,1070800000.0,769800000,0.176,1.725,10.163,10.479,358600000,0.0,55.96,1.092,1.109,1553300000,3173100000,6331200000.0,6331200000.0,0.0,0.046,0.169,0.068,0.168,0.0,660200000.0,1.0,123537417,125500000,126600000.0,50.448,14652800000,393700000,299600000.0,0,116.755,
12,SAF2,ART,2005-06-30,2005-08-04,2005-06-30,2019-01-01,467300000,14939500000,14669525000.0,,,0.43,33.14,0.0,380000000,380000000,3641100000.0,478000000.0,,2.533,1332900000,,,1332900000,2202300000,0.0,0,0.017,0.91,821700000.0,821700000.0,0.13,821700000.0,821700000.0,732100000.0,3.76,3.73,3.76,4228700000,3965850000.0,4228700000,7722401052,9.0,9.398,655500000.0,5.137,1.0,2671400000.0,0.423,0,89600000.0,15892400000,15673850000.0,0,10727900000,,,10710800000,,,6769501052,74100000.0,1499000000.0,-598600000.0,-735200000.0,-109300000.0,-1047100000.0,313300000.0,-1125500000.0,655500000.0,0.0,478000000.0,478000000.0,478000000.0,107000000.0,0.0,0.076,1621700000.0,1049700000.0,946600000,0.242,1.601,14.162,14.394,359700000,0.0,54.12,1.072,1.094,1477100000,3103100000,6312500000.0,6312500000.0,0.0,0.033,0.121,0.052,0.13,0.0,658300000.0,1.0,125083168,127600000,128700000.0,49.471,14939500000,288900000,254100000.0,0,117.081,
13,SAF2,ART,2005-03-31,2005-05-06,2005-03-31,2019-01-01,386700000,14486800000,20010475000.0,,,0.314,31.389,0.0,354800000,354800000,3535800000.0,538200000.0,,2.631,1332900000,,,1332900000,2218500000,0.0,0,0.016,0.845,921700000.0,921700000.0,0.147,921700000.0,921700000.0,822600000.0,4.07,4.04,4.07,3989600000,4171525000.0,3989600000,7713973795,8.0,8.369,820900000.0,6.459,1.0,2741800000.0,0.437,0,99100000.0,15464900000,21168875000.0,0,10300500000,,,10497200000,,,6735873795,-1600000.0,1499000000.0,-589600000.0,-735200000.0,-107100000.0,-1250800000.0,350900000.0,-1166700000.0,820900000.0,0.0,538200000.0,538200000.0,538200000.0,108400000.0,0.0,0.086,1590700000.0,1151100000.0,888300000,0.208,1.688,12.516,12.983,371500000,0.0,52.84,1.073,1.07,1479100000,2947800000,6277600000.0,6277600000.0,0.0,0.027,0.129,0.044,0.147,0.0,645200000.0,1.0,127476794,127100000,128200000.0,49.391,14486800000,342100000,284400000.0,0,113.98,
14,SAF2,ART,2004-12-31,2005-03-03,2004-12-31,2019-01-01,515300000,14586100000,25617700000.0,,,0.242,29.239,0.0,251900000,251900000,3495200000.0,562400000.0,,2.72,1332900000,,,1332900000,2192000000,0.0,0,0.017,0.81,943300000.0,943300000.0,0.152,943300000.0,943300000.0,835100000.0,4.19,4.16,4.19,3920900000,4557800000.0,3920900000,7238830156,8.0,7.674,990100000.0,7.383,1.0,2700200000.0,0.436,0,108200000.0,15667100000,26940025000.0,0,10404200000,,,10665200000,,,6157830156,-67100000.0,1499000000.0,-599000000.0,-735200000.0,-104800000.0,-1439000000.0,381800000.0,-1123300000.0,990100000.0,0.0,562400000.0,562400000.0,562400000.0,57800000.0,0.0,0.091,1578100000.0,1122100000.0,931900000,0.193,1.571,10.949,11.556,380900000,0.0,48.42,0.994,1.048,1502700000,2763800000,6195400000.0,6195400000.0,0.0,0.022,0.123,0.035,0.152,0.0,648100000.0,1.0,127175344,134100000,135200000.0,46.2,14586100000,347300000,272700000.0,0,108.77,
15,SAF2,ART,2004-09-30,2004-11-05,2004-09-30,2019-01-01,481700000,14665700000,30932450000.0,,,0.212,28.321,0.0,327600000,327600000,3773100000.0,548800000.0,,2.938,1332900000,,,1332900000,2249900000,0.0,0,0.017,0.775,945600000.0,945600000.0,0.144,945600000.0,945600000.0,791400000.0,3.91,3.89,3.91,3724200000,4833400000.0,3724200000,6899111755,7.0,7.296,1278600000.0,9.723,1.0,2792700000.0,0.425,0,154200000.0,15671000000,32380650000.0,0,10169100000,,,10941500000,,,5893811755,-61400000.0,1510000000.0,-601400000.0,-738800000.0,-102700000.0,-1507200000.0,167200000.0,-1337000000.0,1278600000.0,0.0,548800000.0,548800000.0,548800000.0,57800000.0,0.0,0.084,1690700000.0,1102000000.0,1022600000,0.198,1.583,10.739,11.885,391800000,0.0,46.47,0.898,0.931,1591700000,2611900000,6565800000.0,6565800000.0,0.0,0.018,0.114,0.029,0.144,0.0,759000000.0,1.0,126830466,131500000,,49.93,14665700000,421400000,242600000.0,0,111.526,
16,SAF2,ART,2004-06-30,2004-08-06,2004-06-30,2019-01-01,1103000000,36303300000,36225800000.0,,,0.187,36.315,0.0,382100000,382100000,4090200000.0,621000000.0,,6.187,1951300000,,,1951300000,2182900000,0.0,0,0.016,0.74,983800000.0,983800000.0,0.145,983800000.0,983800000.0,825000000.0,4.47,4.44,4.47,5051400000,5135700000.0,5051400000,7937802297,8.0,8.069,1841700000.0,13.24,1.0,2688700000.0,0.397,0,158800000.0,37872500000,37797475000.0,0,9536100000,,,31251900000,,,6368602297,-14900000.0,0.0,6000000.0,-8600000.0,-102600000.0,-534200000.0,-1170000000.0,-1227700000.0,1841700000.0,0.0,621000000.0,621000000.0,621000000.0,-49200000.0,0.0,0.092,1776500000.0,912200000.0,1069700000,0.166,1.261,10.255,10.239,410400000,0.0,45.77,0.939,0.939,1595100000,2740800000,6778900000.0,6778900000.0,0.0,0.017,0.121,0.026,0.145,0.0,849100000.0,1.0,139143594,139100000,,48.734,36303300000,260800000,204000000.0,9800000,260.987,
17,SAF2,ART,2004-03-31,2004-05-07,2004-03-31,2019-01-01,1798600000,36915700000,36298300000.0,,,0.195,39.847,0.0,317500000,317500000,4501900000.0,485400000.0,,5.67,1951300000,,,1951300000,2085200000,0.0,0,0.017,0.74,762200000.0,762200000.0,0.107,762200000.0,762200000.0,621700000.0,3.5,3.48,3.5,5534700000,5161425000.0,5534700000,7607404781,10.0,9.981,1714400000.0,12.343,1.0,2592200000.0,0.365,0,140500000.0,38549500000,37661500000.0,0,9541100000,,,31381000000,,,5973604781,19500000.0,0.0,0.0,-210300000.0,-102500000.0,-437000000.0,-1180500000.0,-1139100000.0,1714400000.0,0.0,485400000.0,485400000.0,485400000.0,-50600000.0,0.0,0.068,1891800000.0,700400000.0,1023000000,0.211,1.079,12.307,12.251,420700000,0.0,42.88,0.842,0.84,1590100000,2519200000,7094100000.0,7094100000.0,0.0,0.013,0.094,0.02,0.107,0.0,960100000.0,1.0,139309813,138900000,,51.073,36915700000,204400000,136300000.0,31100000,265.772,
18,SAF2,ART,2003-12-31,2004-03-12,2003-12-31,2019-01-01,1517300000,35845100000,35930900000.0,,,0.205,36.131,0.0,197400000,197400000,4808000000.0,339200000.0,,6.136,1965500000,,,1965500000,2063500000,0.0,0,0.017,0.74,568200000.0,568200000.0,0.077,568200000.0,568200000.0,441100000.0,2.45,2.44,2.45,5023300000,4918250000.0,5023300000,7935425553,14.0,13.966,1565200000.0,11.258,1.0,2550100000.0,0.347,183600000,127100000.0,37429600000,37113125000.0,0,28807400000,,,30821800000,,,6167325553,8900000.0,0.0,0.0,-23600000.0,-102400000.0,-20800000.0,-1535500000.0,-1522200000.0,1565200000.0,0.0,339200000.0,339200000.0,339200000.0,0.0,0.0,0.046,1981900000.0,568200000.0,2006400000,0.302,1.228,18.182,18.106,440000000,0.0,44.36,0.838,0.838,1820500000,2308700000,7358100000.0,7358100000.0,0.0,0.009,0.069,0.015,0.077,0.0,1058500000.0,1.0,139028980,139028980,,52.925,35661500000,0,101900000.0,98600000,256.504,
19,SAF2,ART,2003-09-30,2003-11-05,2003-09-30,2019-01-01,1579500000,35839100000,35633625000.0,,,0.205,35.62,0.0,267400000,267400000,4839800000.0,230100000.0,,6.265,1952700000,,,1952700000,2075500000,0.0,0,0.02,0.74,359600000.0,359600000.0,0.049,359600000.0,359600000.0,288900000.0,1.67,1.67,1.67,4933400000,4770325000.0,4933400000,6758077042,19.0,18.793,1296300000.0,9.36,1.0,2479500000.0,0.339,186100000,70700000.0,37338300000,36606050000.0,0,28446700000,,,30905700000,,,5072777042,86100000.0,0.0,326800000.0,-14200000.0,-100500000.0,388000000.0,-1598200000.0,-1473700000.0,1296300000.0,0.0,230100000.0,230100000.0,230100000.0,0.0,0.0,0.031,1940000000.0,539500000.0,2286600000,0.443,1.028,22.046,21.922,453200000,0.0,36.61,0.693,0.693,1836500000,2168100000,7319300000.0,7319300000.0,0.0,0.006,0.048,0.01,0.049,0.0,1078100000.0,1.0,138562607,138500000,,52.847,35653000000,36700000,58800000.0,98000000,257.422,
20,SAF2,ART,2003-06-30,2003-08-13,2003-06-30,2019-01-01,1748800000,36593300000,35109575000.0,,,0.208,37.242,0.0,199200000,199200000,4664600000.0,334200000.0,,5.936,1124600000,,,1124600000,2008400000,0.0,0,0.021,0.74,536400000.0,536400000.0,0.073,536400000.0,536400000.0,477700000.0,2.47,2.47,2.47,5154300000,4551525000.0,5154300000,5913523837,11.0,11.024,1059100000.0,7.652,1.0,2653600000.0,0.363,190100000,58700000.0,37328600000,35895450000.0,0,28368400000,,,30595000000,,,4988123837,73100000.0,0.0,322500000.0,28700000.0,-98500000.0,507600000.0,-1493600000.0,-1419700000.0,1059100000.0,0.0,334200000.0,334200000.0,334200000.0,0.0,0.0,0.046,1941700000.0,711900000.0,3199200000,0.3,0.968,14.926,14.583,472400000,0.0,36.02,0.682,0.681,1888800000,2222600000,7318200000.0,7318200000.0,0.0,0.01,0.073,0.015,0.073,0.0,1058900000.0,1.0,138482061,138400000,,52.877,36403200000,39100000,143500000.0,235300000,263.029,
21,SAF2,ART,2003-03-31,2003-05-13,2003-03-31,2019-01-01,1245000000,35446100000,34094950000.0,,,0.21,32.891,0.0,215300000,215300000,4658000000.0,327500000.0,,6.585,1311800000,,,1311800000,1893200000,0.0,0,0.019,0.74,526700000.0,526700000.0,0.074,526700000.0,526700000.0,464800000.0,2.48,2.48,2.48,4562000000,4186575000.0,4562000000,6352339132,12.0,12.061,883300000.0,6.368,1.0,2490100000.0,0.348,186600000,61900000.0,36356000000,34898125000.0,0,27252000000,,,30040200000,,,5255839132,-69400000.0,0.0,320700000.0,231800000.0,-96600000.0,726000000.0,-1678700000.0,-1638700000.0,883300000.0,0.0,327500000.0,327500000.0,327500000.0,0.0,0.0,0.046,1885300000.0,604800000.0,3278400000,0.298,1.152,16.048,15.315,477900000,0.0,37.98,0.735,0.737,1844000000,2136500000,7148100000.0,7148100000.0,0.0,0.01,0.078,0.015,0.074,0.0,1006500000.0,1.0,138384390,138700000,,51.536,35259500000,83300000,137300000.0,0,254.214,
22,SAF2,ART,2002-12-31,2003-03-19,2002-12-31,2019-01-01,1181300000,34656000000,33201100000.0,,,0.213,32.063,0.0,188500000,188500000,4685500000.0,301100000.0,,6.63,1123800000,,,1123800000,1847500000,0.0,0,0.021,0.74,478500000.0,478500000.0,0.068,478500000.0,478500000.0,417700000.0,2.33,2.33,2.33,4431600000,3918225000.0,4431600000,5841992531,12.0,12.209,853900000.0,6.178,1.0,2379600000.0,0.337,190000000,60800000.0,35401300000,33937450000.0,0,26771200000,,,29380600000,,,4906692531,-80800000.0,0.0,319300000.0,32400000.0,-94600000.0,501500000.0,-1436200000.0,-1344000000.0,853900000.0,0.0,301100000.0,301100000.0,301100000.0,0.0,0.0,0.043,1856300000.0,523300000.0,2957000000,0.318,1.107,16.296,15.236,488700000,0.0,35.5,0.694,0.694,1788200000,2072200000,7065100000.0,7065100000.0,0.0,0.009,0.077,0.014,0.068,0.0,956900000.0,1.0,138216691,138216691,,51.116,34466000000,150800000,116600000.0,0,249.362,
23,SAF2,ART,2002-09-30,2002-11-06,2002-09-30,2019-01-01,1167900000,33742900000,32060225000.0,,,0.214,31.68,0.0,181300000,181300000,4733400000.0,252600000.0,,7.107,1127800000,,,1127800000,1884500000,0.0,0,0.021,0.74,408700000.0,408700000.0,0.06,408700000.0,408700000.0,342700000.0,1.97,1.97,1.97,4058200000,3718975000.0,4058200000,5495430331,13.0,13.446,726100000.0,5.668,1.0,2130900000.0,0.31,193500000,66000000.0,34495900000,32985525000.0,0,26340100000,,,28841000000,,,4548930331,29600000.0,-97000000.0,-10900000.0,52500000.0,-94500000.0,199000000.0,-895500000.0,-905900000.0,726100000.0,0.0,252600000.0,252600000.0,252600000.0,-54000000.0,0.0,0.037,1824400000.0,306500000.0,2358100000,0.376,1.121,18.008,18.076,525700000,0.0,35.61,0.663,0.665,1999500000,2042700000,6864300000.0,6864300000.0,0.0,0.008,0.068,0.012,0.06,0.0,852500000.0,1.0,127743059,128100000,,53.585,33549400000,176100000,90100000.0,0,261.9,
24,SAF2,ART,2002-06-30,2002-08-14,2002-06-30,2019-01-01,853400000,32534800000,31082525000.0,,,0.218,28.841,0.0,126100000,126100000,5027700000.0,76800000.0,,7.578,1073000000,,,1073000000,1835600000,0.0,0,0.023,0.74,97500000.0,97500000.0,0.014,97500000.0,97500000.0,31700000.0,0.59,0.59,0.59,3694500000,3645500000.0,3694500000,5142282831,53.0,52.741,752800000.0,5.877,1.0,1742400000.0,0.257,142400000,65800000.0,33339300000,32004200000.0,0,25293500000,,,27996700000,,,4195382831,-53300000.0,0.0,-9600000.0,3900000.0,-94500000.0,240400000.0,-1891000000.0,-1931900000.0,752800000.0,0.0,76800000.0,76800000.0,76800000.0,-55400000.0,0.0,0.011,1810200000.0,-67800000.0,2120400000,1.254,1.136,54.627,55.644,534400000,0.0,32.83,0.62,0.621,1813000000,1994700000,6770100000.0,6770100000.0,0.0,0.002,0.021,0.003,0.014,0.0,831900000.0,1.0,127791131,128100000,,52.85,32392400000,348200000,-45100000.0,46700000,252.868,
25,SAF2,ART,2002-03-31,2002-05-06,2002-03-31,2019-01-01,728700000,31870700000,30205200000.0,,,0.224,27.233,0.0,284700000,284700000,5135600000.0,-42800000.0,,7.894,1072800000,,,1072800000,1772800000,0.0,0,0.022,0.74,-89100000.0,-89100000.0,-0.013,-89100000.0,-89100000.0,-153800000.0,-0.34,-0.34,-0.34,3488600000,3646075000.0,3488600000,5046588356,-57.0,-56.64,625800000.0,4.885,1.0,1625000000.0,0.24,145500000,64700000.0,32513300000,31058125000.0,0,24696400000,,,27538600000,,,4258488356,37500000.0,0.0,-9000000.0,11300000.0,-94500000.0,-41000000.0,-1302500000.0,-1313700000.0,625800000.0,0.0,-42800000.0,-42800000.0,-42800000.0,-56000000.0,0.0,-0.006,1806900000.0,-181900000.0,1825600000,-2.176,1.221,-99.497,-98.0,541000000,0.0,33.32,0.63,0.631,1685300000,1914700000,6760600000.0,6760600000.0,0.0,-0.001,-0.012,-0.003,-0.013,0.0,823200000.0,1.0,127805773,128100000,,52.776,31725200000,411400000,-111000000.0,28000000,247.66,
26,SAF2,ART,2001-12-31,2002-03-06,2001-12-31,2019-01-01,916800000,30092500000,29481375000.0,,,0.229,28.449,0.0,269300000,269300000,5199100000.0,-989200000.0,,7.047,1865400000,,,1865400000,1782200000,0.0,0,0.022,0.74,-1336300000.0,-1336300000.0,-0.198,-1336300000.0,-1336300000.0,-1402000000.0,-7.75,-7.75,-7.75,3634600000,3743425000.0,3634600000,5953996465,-4.0,-4.456,528800000.0,4.139,1.0,1560000000.0,0.231,95000000,65700000.0,31593600000,30284700000.0,0,24874500000,,,25614500000,,,4357896465,83000000.0,0.0,-8100000.0,-52800000.0,-118100000.0,-415000000.0,-512000000.0,-533500000.0,528800000.0,0.0,-989200000.0,-989200000.0,-989200000.0,-58200000.0,0.0,-0.146,3011000000.0,-1451000000.0,0,-0.095,1.199,-4.405,-4.401,552000000,0.0,34.11,0.645,0.645,1659600000,1875900000,6759100000.0,6759100000.0,0.0,-0.034,-0.264,-0.044,-0.198,0.0,818200000.0,1.0,127760084,127760084,,52.905,29997500000,319000000,-412800000.0,34900000,234.796,
27,SAF2,ART,2001-09-30,2001-11-13,2001-09-30,2019-01-01,1028600000,29832100000,29836125000.0,,,0.225,29.409,0.0,151700000,151700000,5234700000.0,-987600000.0,,6.701,988500000,,,988500000,1848400000,0.0,0,0.029,0.925,-1307200000.0,-1307200000.0,-0.195,-1307200000.0,-1307200000.0,-1402800000.0,-7.73,-7.73,-7.73,3764300000,4008725000.0,3764300000,4899906034,-4.0,-3.748,604600000.0,4.723,1.0,1468000000.0,0.219,98300000,95600000.0,30570600000,30650150000.0,0,25109000000,,,25224500000,,,4063106034,-3700000.0,97000000.0,-4600000.0,-217500000.0,-141800000.0,-922400000.0,-167100000.0,-179600000.0,604600000.0,0.0,-987600000.0,-987600000.0,-987600000.0,-4200000.0,0.0,-0.147,3020500000.0,-1552500000.0,0,-0.12,1.079,-4.114,-4.114,558400000,0.0,31.8,0.606,0.607,1701700000,1893700000,6702700000.0,6702700000.0,0.0,-0.033,-0.246,-0.043,-0.195,0.0,810100000.0,1.0,127770630,128000000,,52.365,29733800000,0,-415200000.0,19700000,232.295,
28,SAF2,ART,2001-06-30,2001-08-10,2001-06-30,2019-01-01,837600000,29025500000,30194425000.0,,,0.225,28.881,0.0,179400000,179400000,5015500000.0,-841500000.0,,6.623,802900000,,,802900000,1856700000,0.0,0,0.036,1.11,-1022200000.0,-1022200000.0,-0.15,-1022200000.0,-1022200000.0,-1147100000.0,-6.58,-6.58,-6.58,3696800000,4139925000.0,3696800000,4535831577,-4.0,-4.437,526100000.0,4.11,1.0,1781300000.0,0.262,94000000,124900000.0,29555000000,31024550000.0,0,23053000000,,,24485500000,,,3912331577,94900000.0,0.0,-1800000.0,-154700000.0,-165400000.0,-1232100000.0,1164200000.0,1251700000.0,526100000.0,0.0,-841500000.0,-841500000.0,-841500000.0,-2800000.0,0.0,-0.124,2999900000.0,-1218600000.0,0,-0.169,1.058,-4.649,-4.653,546900000,0.0,30.62,0.576,0.577,1634000000,2020500000,6796800000.0,6796800000.0,0.0,-0.028,-0.203,-0.033,-0.15,0.0,796400000.0,1.0,127770463,128000000,,53.1,28931500000,290500000,-305600000.0,0,226.027,
29,SAF2,ART,2001-03-31,2001-05-14,2001-03-31,2019-01-01,981200000,28975400000,30733575000.0,,,0.223,30.368,0.0,247200000,247200000,4972100000.0,-798000000.0,,6.254,782600000,,,782600000,1834700000,0.0,0,0.05,1.295,-928500000.0,-928500000.0,-0.136,-928500000.0,-928500000.0,-1079800000.0,-6.24,-6.24,-6.24,3878000000,4264425000.0,3878000000,3860637412,-4.0,-4.158,599900000.0,4.698,1.0,1880000000.0,0.274,91200000,151300000.0,29419600000,31645350000.0,0,23273800000,,,24254300000,,,3325237412,151800000.0,0.0,-800000.0,-171500000.0,-188900000.0,-1125400000.0,951300000.0,1046000000.0,599900000.0,0.0,-798000000.0,-798000000.0,-798000000.0,-2200000.0,0.0,-0.116,3001300000.0,-1121300000.0,0,-0.208,0.857,-4.167,-4.171,533500000,0.0,26.03,0.485,0.485,1607700000,2059500000,6852100000.0,6852100000.0,0.0,-0.026,-0.187,-0.029,-0.136,0.0,789700000.0,1.0,127746347,127700000,,53.658,28884200000,171800000,-281800000.0,13200000,226.188,
30,SAF2,ART,2000-12-31,2001-03-19,2000-12-31,2019-01-01,894900000,31511500000,31273300000.0,,,0.22,36.787,0.0,196200000,196200000,4987600000.0,114600000.0,,5.531,3047500000,,,3047500000,1836500000,0.0,0,0.059,1.48,286900000.0,286900000.0,0.042,286900000.0,286900000.0,113800000.0,0.9,0.9,0.9,4695800000,4362525000.0,4695800000,6058483311,21.0,21.117,658600000.0,5.159,1.0,1891900000.0,0.275,1307400000,173100000.0,33055400000,32283475000.0,0,25428900000,,,25972700000,,,3207183311,83900000.0,0.0,-30400000.0,-27600000.0,-189400000.0,-589500000.0,14800000.0,112000000.0,658600000.0,0.0,114600000.0,114600000.0,114600000.0,0.0,0.0,0.017,1799100000.0,92800000.0,0,1.644,0.683,27.986,27.917,440400000,0.0,25.125,0.466,0.466,1562300000,2966400000,6879500000.0,6879500000.0,0.0,0.004,0.026,0.009,0.042,0.0,793600000.0,1.0,127649087,127649087,,53.894,30204100000,0,-800000.0,152700000,236.618,
31,SAF2,ART,2000-09-30,2000-11-03,2000-09-30,2019-01-01,451700000,31265300000,31038600000.0,,,0.22,33.614,0.0,165300000,165300000,4903900000.0,148900000.0,,6.093,2304600000,,,2304600000,1936100000,0.0,0,0.062,1.48,326900000.0,326900000.0,0.048,326900000.0,326900000.0,161300000.0,1.17,1.17,1.17,4289100000,4262100000.0,4289100000,5162640016,16.0,15.793,682400000.0,5.348,1.0,1925800000.0,0.282,1336400000,165600000.0,32068200000,32064600000.0,0,24974100000,,,26133300000,,,3023340016,78400000.0,0.0,-60600000.0,95500000.0,-190200000.0,47300000.0,-651300000.0,-559700000.0,682400000.0,0.0,148900000.0,148900000.0,148900000.0,0.0,0.0,0.022,1775000000.0,150800000.0,0,1.265,0.705,20.304,20.246,440300000,0.0,23.688,0.443,0.443,1598000000,3003400000,6829700000.0,6829700000.0,0.0,0.005,0.035,0.01,0.048,0.0,803300000.0,1.0,127634407,127600000,,53.524,29928900000,85400000,12400000.0,8100000,234.553,
32,SAF2,ART,2000-06-30,2000-08-10,2000-06-30,2019-01-01,355500000,31182100000,30793325000.0,,,0.218,32.875,0.0,94400000,94400000,4851100000.0,119500000.0,,6.233,2281500000,,,2281500000,1933500000,0.0,0,0.059,1.48,265500000.0,265500000.0,0.04,265500000.0,265500000.0,111100000.0,0.93,0.93,0.93,4194800000,4329300000.0,4194800000,5409748208,20.0,20.376,547400000.0,4.29,1.0,1848100000.0,0.276,1331000000,154400000.0,32038200000,31825650000.0,0,24975400000,,,26144500000,,,3222648208,-54600000.0,0.0,-116700000.0,-94600000.0,-191700000.0,6200000.0,-608200000.0,-611200000.0,547400000.0,0.0,119500000.0,119500000.0,119500000.0,0.0,0.0,0.018,1752800000.0,95300000.0,0,1.591,0.768,26.968,27.151,415100000,0.0,25.25,0.481,0.481,1567500000,3005400000,6699200000.0,6699200000.0,0.0,0.004,0.028,0.008,0.04,0.0,802900000.0,1.0,127629632,127600000,,52.502,29851100000,135300000,-8400000.0,7100000,233.943,
33,SAF2,ART,2000-03-31,2000-05-12,2000-03-31,2019-01-01,412900000,31134300000,30706075000.0,,,0.215,33.31,0.0,105300000,105300000,4699200000.0,163500000.0,,6.093,2283900000,,,2283900000,1877000000,0.0,0,0.07,1.48,309600000.0,309600000.0,0.047,309600000.0,309600000.0,163600000.0,1.25,1.24,1.25,4270400000,4522725000.0,4270400000,4874529553,16.0,15.745,801200000.0,6.25,1.0,1890800000.0,0.287,1340800000,146000000.0,31972100000,31730025000.0,0,24900300000,,,26021200000,,,2695929553,-31300000.0,0.0,-331700000.0,-4300000.0,-192200000.0,-84900000.0,-747600000.0,-631500000.0,801200000.0,0.0,163500000.0,163500000.0,163500000.0,0.0,0.0,0.025,1758900000.0,131900000.0,0,1.184,0.631,16.489,16.9,379000000,0.0,21.125,0.409,0.411,1619500000,3023800000,6590000000.0,6590000000.0,0.0,0.005,0.036,0.01,0.047,0.0,803800000.0,1.0,127617967,128200000,,51.404,29793500000,90600000,100000.0,200000,232.399,
34,SAF2,ART,1999-12-31,2000-03-24,1999-12-31,2019-01-01,389700000,30572700000,30689325000.0,,,0.211,33.355,0.0,112300000,112300000,4504000000.0,252200000.0,,5.923,3074400000,,,3074400000,1853100000,0.0,0,0.06,1.46,428500000.0,428500000.0,0.066,428500000.0,428500000.0,287500000.0,1.9,1.9,1.9,4294100000,4813450000.0,4294100000,6100123338,14.0,14.236,763000000.0,5.927,1.0,1984300000.0,0.306,1354900000,141000000.0,32179900000,31696625000.0,0,24391600000,,,25436100000,,,3138023338,37400000.0,0.0,-303200000.0,-322900000.0,-192200000.0,-110800000.0,-614800000.0,-513800000.0,763000000.0,0.0,252200000.0,252200000.0,252200000.0,0.0,0.0,0.039,1739800000.0,244500000.0,0,0.768,0.731,12.443,12.829,344800000,0.0,24.375,0.484,0.484,1590300000,3062700000,6488300000.0,6488300000.0,0.0,0.008,0.052,0.014,0.066,0.0,794900000.0,1.0,128739419,128739419,,50.399,29217800000,105300000,35300000.0,6100000,226.953,
35,SAF2,ART,1999-09-30,1999-11-12,1999-09-30,2019-01-01,620500000,30284200000,30769075000.0,,,0.21,34.846,0.0,86900000,86900000,4367800000.0,303900000.0,,5.46,2235800000,,,2235800000,1911700000,0.0,0,0.053,1.44,500400000.0,500400000.0,0.078,500400000.0,500400000.0,357000000.0,2.24,2.23,2.24,4557900000,5133875000.0,4557900000,5707990928,11.0,11.407,736200000.0,5.628,1.0,2083100000.0,0.323,1320700000,143400000.0,31112400000,31823600000.0,0,24393800000,,,24883900000,,,3559090928,31900000.0,0.0,-276800000.0,-302000000.0,-191800000.0,-301600000.0,-402700000.0,-252100000.0,736200000.0,0.0,303900000.0,303900000.0,303900000.0,0.0,0.0,0.047,1731300000.0,351800000.0,0,0.643,0.781,11.711,12.221,324800000,0.0,27.375,0.552,0.555,1613500000,3088900000,6450900000.0,6450900000.0,0.0,0.01,0.059,0.016,0.078,0.0,786000000.0,1.0,130012454,130800000,,49.319,28963500000,14600000,53100000.0,23100000,221.433,
36,SAF2,ART,1999-06-30,1999-08-13,1999-06-30,2019-01-01,943500000,30833100000,30838250000.0,,,0.208,37.051,0.0,149000000,149000000,4191600000.0,362700000.0,,5.036,2305600000,,,2305600000,1851300000,0.0,0,0.04,1.42,585800000.0,585800000.0,0.091,585800000.0,585800000.0,436900000.0,2.66,2.65,2.66,4968500000,5382300000.0,4968500000,6850508783,12.0,11.694,783100000.0,5.84,1.0,2223100000.0,0.347,1334000000,148900000.0,31655700000,31945275000.0,0,24845100000,,,25022300000,,,4693908783,92600000.0,0.0,-448300000.0,124200000.0,-192500000.0,-55200000.0,-635300000.0,-361300000.0,783100000.0,0.0,362700000.0,362700000.0,362700000.0,0.0,0.0,0.057,1776600000.0,446500000.0,0,0.534,0.945,12.942,13.416,309600000,0.0,35.688,0.732,0.746,1571400000,3167300000,6414700000.0,6414700000.0,0.0,0.012,0.067,0.018,0.091,0.0,794800000.0,1.0,131528092,134100000,,47.835,29499100000,0,74200000.0,203100000,219.978,
37,SAF2,ART,1999-03-31,1999-05-12,1999-03-31,2019-01-01,1219000000,31067300000,30703075000.0,,,0.207,39.863,0.0,136600000,136600000,4164400000.0,358800000.0,,4.563,2256000000,,,2256000000,1783400000,0.0,0,0.031,1.4,582400000.0,582400000.0,0.092,582400000.0,582400000.0,428100000.0,2.6,2.6,2.6,5433300000,5557475000.0,5433300000,8271184800,14.0,14.202,578900000.0,4.247,1.0,2198200000.0,0.345,1348200000,154300000.0,31838500000,31739950000.0,0,25325300000,,,24791800000,,,6151784800,14300000.0,0.0,-233600000.0,-6300000.0,-190000000.0,38700000.0,-603300000.0,-384800000.0,578900000.0,0.0,358800000.0,358800000.0,358800000.0,0.0,0.0,0.056,1741000000.0,457200000.0,0,0.538,1.132,17.145,17.356,309100000,0.0,45.125,0.967,0.967,1502800000,3326600000,6362600000.0,6362600000.0,0.0,0.012,0.065,0.018,0.092,0.0,792200000.0,1.0,136327641,136300000,,46.681,29719100000,0,69300000.0,408000000,218.042,
38,SAF2,ART,1998-12-31,1999-03-24,1998-12-31,2019-01-01,1433600000,30891700000,30521950000.0,,,0.206,40.914,0.0,74900000,74900000,4108700000.0,351900000.0,,4.389,3230000000,,,3230000000,1750900000,0.0,0,0.033,1.37,577400000.0,577400000.0,0.092,577400000.0,577400000.0,417900000.0,2.52,2.51,2.52,5575800000,5602875000.0,5575800000,8734053903,15.0,15.127,657600000.0,4.825,1.0,2191200000.0,0.348,1359000000,159500000.0,32687800000,31498825000.0,0,25367700000,,,24473800000,,,5578953903,-316500000.0,0.0,-236800000.0,344600000.0,-187500000.0,-8400000.0,-965700000.0,-744000000.0,657600000.0,0.0,351900000.0,351900000.0,351900000.0,0.0,0.0,0.056,1721100000.0,470100000.0,0,0.544,1.001,15.854,16.245,280200000,0.0,40.938,0.886,0.886,1450900000,3257200000,6299900000.0,6299900000.0,0.0,0.012,0.063,0.018,0.092,0.0,784700000.0,1.0,136279790,136279790,,46.228,29532700000,0,66000000.0,495100000,216.706,
39,SAF2,ART,1998-09-30,1998-11-13,1998-09-30,2019-01-01,1457100000,30560900000,30165975000.0,,,,39.968,,55000000,55000000,,,,4.353,2429100000,,,2429100000,1811000000,,0,0.031,1.34,,,,,,,,,,5551600000,5574350000.0,5551600000,8352350559,,,,,1.0,,,1335900000,,31599100000,30999450000.0,0,24088900000,,,24167300000,,,5978250559,,,,,,,,,,,,,,,,,,,0,,1.077,,,265700000,,43.875,,,2589300000,3212000000,,,,,,,,,,1.0,136256423,138900000,,,29225000000,0,,530700000,210.403,
40,SAF2,ART,1998-06-30,1998-08-14,1998-06-30,2019-01-01,1374800000,30292400000,,,,,40.15,,56400000,56400000,,,,4.195,1943800000,,,1943800000,1782400000,,0,0.033,1.52,,,,,,,,,,5669200000,,5669200000,8392601252,,,,,1.0,,,1345400000,,30834400000,,0,23865400000,,,23781300000,,,6505201252,,,,,,,,,,,,,,,,,,,0,,1.147,,,255000000,,46.063,,,2379100000,3380500000,,,,,,,,,,1.0,141225536,141200000,,,28947000000,0,,474300000,205.007,
41,SAF2,ART,1998-03-31,1998-05-13,1998-03-31,2019-01-01,1340900000,30342800000,,,,,39.766,,122300000,122300000,,,,4.254,1977600000,,,1977600000,1725200000,,0,0.03,1.49,,,,,,,,,,5614900000,,5614900000,8773503180,,,,,1.0,,,1324100000,,30874000000,,0,23936700000,,,23886100000,,,6918203180,,,,,,,,,,,,,,,,,,,0,,1.232,,,242500000,,49.0,,,2320100000,3361300000,,,,,,,,,,1.0,141187820,141200000,,,29018700000,0,,526300000,205.515,
42,SAF2,ART,1997-12-31,1998-03-30,1997-12-31,2019-01-01,1253300000,29467800000,,,,,38.686,0.0,391400000,391400000,2816200000.0,430000000.0,,4.241,2946500000,,,2946500000,1713700000,0.0,0,0.027,1.46,659600000.0,659600000.0,0.145,659600000.0,659600000.0,557800000.0,3.33,3.31,3.33,5461700000,,5461700000,10284711625,16.0,15.592,710900000.0,5.035,1.0,1724000000.0,0.38,1332600000,101800000.0,30690300000,,0,24040900000,,,23164400000,,,7729611625,335900000.0,-3014300000.0,666500000.0,1144700000.0,-154100000.0,3048000000.0,-3423000000.0,-262000000.0,710900000.0,0.0,430000000.0,430000000.0,430000000.0,0.0,0.0,0.095,1218700000.0,505300000.0,0,0.438,1.415,17.976,16.441,238000000,0.0,54.75,1.702,1.702,1336000000,3299100000,4540200000.0,4540200000.0,0.0,,,,0.145,0.0,524300000.0,1.0,141180121,141180121,,32.159,28135200000,0,127800000.0,456200000,199.286,
