None,ticker,dimension,calendardate,datekey,reportperiod,lastupdated,accoci,assets,assetsavg,assetsc,assetsnc,assetturnover,bvps,capex,cashneq,cashnequsd,cor,consolinc,currentratio,de,debt,debtc,debtnc,debtusd,deferredrev,depamor,deposits,divyield,dps,ebit,ebitda,ebitdamargin,ebitdausd,ebitusd,ebt,eps,epsdil,epsusd,equity,equityavg,equityusd,ev,evebit,evebitda,fcf,fcfps,fxusd,gp,grossmargin,intangibles,intexp,invcap,invcapavg,inventory,investments,investmentsc,investmentsnc,liabilities,liabilitiesc,liabilitiesnc,marketcap,ncf,ncfbus,ncfcommon,ncfdebt,ncfdiv,ncff,ncfi,ncfinv,ncfo,ncfx,netinc,netinccmn,netinccmnusd,netincdis,netincnci,netmargin,opex,opinc,payables,payoutratio,pb,pe,pe1,ppnenet,prefdivis,price,ps,ps1,receivables,retearn,revenue,revenueusd,rnd,roa,roe,roic,ros,sbcomp,sgna,sharefactor,sharesbas,shareswa,shareswadil,sps,tangibles,taxassets,taxexp,taxliabilities,tbvps,workingcapital
0,DISH,MRY,2020-12-31,2020-12-31,2020-12-31,2021-08-25,-855000.0,38239947000.0,35377788250.0,7022158000.0,31217789000.0,0.438,26.26,-413302000.0,3370092000.0,3370092000.0,10033728000.0,1873936000.0,1.154,1.75,15765554000.0,2085620000.0,13679934000.0,15765554000.0,1330122000.0,714552000.0,0.0,0.0,0.0,2473922000.0,3188474000.0,0.206,3188474000.0,2473922000.0,2460948000.0,3.36,3.02,3.36,13780155000.0,12572673750.0,13780155000.0,29353888114.0,12.0,9.206,2898474000.0,5.523,1.0,5459707000.0,0.352,760126000.0,12974000.0,43790537000.0,40903903000.0,380349000.0,621028000.0,362953000.0,258075000.0,24108654000.0,6084746000.0,18023908000.0,17009739114.0,949674000.0,-1312500000.0,27414000.0,1783789000.0,0.0,1499470000.0,-3861572000.0,42149000.0,3311776000.0,0.0,1762673000.0,1762673000.0,1762673000.0,0.0,111263000.0,0.114,2877092000.0,2582615000.0,395397000.0,0.0,1.234,9.65,9.625,2286604000.0,0.0,32.34,1.098,1.095,1104202000.0,8374975000.0,15493435000.0,15493435000.0,0.0,0.05,0.14,0.06,0.16,64954000.0,1806122000.0,1.0,525965959.0,524761000,584360000.0,29.525,37479821000.0,0.0,698275000.0,3869570000.0,71.423,937412000.0
1,DISH,MRY,2019-12-31,2019-12-31,2019-12-31,2021-08-25,-18000.0,33230935000.0,32243217000.0,4015100000.0,29215835000.0,0.397,24.11,-581081000.0,2443643000.0,2443643000.0,8570162000.0,1492569000.0,0.893,1.826,14224390000.0,1171366000.0,13053024000.0,14224390000.0,1376502000.0,630577000.0,0.0,0.0,0.0,1874557000.0,2505134000.0,0.196,2505134000.0,1874557000.0,1850870000.0,2.92,2.6,2.92,11564521000.0,10004600000.0,11564521000.0,30312428569.0,16.0,12.1,2081320000.0,4.339,1.0,4237522000.0,0.331,136415000.0,23687000.0,40379176000.0,40250715000.0,322898000.0,637845000.0,416704000.0,221141000.0,21114788000.0,4496091000.0,16618697000.0,17488784569.0,1616396000.0,0.0,1034843000.0,-1358920000.0,0.0,-328169000.0,-717836000.0,770108000.0,2662401000.0,0.0,1399512000.0,1399512000.0,1399512000.0,0.0,93057000.0,0.109,2358646000.0,1878876000.0,280645000.0,0.0,1.512,12.496,12.147,2850512000.0,0.0,35.47,1.365,1.328,588358000.0,6612302000.0,12807684000.0,12807684000.0,0.0,0.043,0.14,0.047,0.146,14262000.0,1728069000.0,1.0,493058488.0,479657000,537964000.0,26.702,33094520000.0,0.0,451358000.0,2870655000.0,68.996,-480991000.0
2,DISH,MRY,2018-12-31,2018-12-31,2018-12-31,2021-08-25,-874000.0,30587012000.0,30132341750.0,3289205000.0,27297807000.0,0.452,18.392,-393938000.0,887346000.0,887346000.0,9324376000.0,1655491000.0,0.689,2.505,15152777000.0,1341993000.0,13810784000.0,15152777000.0,1126244000.0,712024000.0,0.0,0.0,0.0,2123781000.0,2835805000.0,0.208,2835805000.0,2123781000.0,2108775000.0,3.37,3.0,3.37,8595688000.0,7992260500.0,8595688000.0,25605329958.0,12.0,9.029,2123903000.0,4.545,1.0,4296926000.0,0.315,0.0,15006000.0,40076311000.0,39731749500.0,290733000.0,1368060000.0,1181471000.0,186589000.0,21532755000.0,4776132000.0,16756623000.0,11677816958.0,-591977000.0,0.0,19981000.0,-1151256000.0,0.0,-1134545000.0,-1975273000.0,-673680000.0,2517841000.0,0.0,1575091000.0,1575091000.0,1575091000.0,0.0,80400000.0,0.116,2149305000.0,2147621000.0,233753000.0,0.0,1.359,7.414,7.409,1928180000.0,0.0,24.97,0.857,0.857,639855000.0,5212790000.0,13621302000.0,13621302000.0,0.0,0.052,0.197,0.053,0.156,36261000.0,1437281000.0,1.0,467673887.0,467350000,525832000.0,29.146,30587012000.0,0.0,533684000.0,2474907000.0,65.448,-1486927000.0
3,DISH,MRY,2017-12-31,2017-12-31,2017-12-31,2021-08-25,882000.0,29773766000.0,29665094750.0,3285023000.0,26488743000.0,0.485,14.886,-431795000.0,1479508000.0,1479508000.0,9673118000.0,2165407000.0,0.68,3.236,16202965000.0,1068524000.0,15134441000.0,16202965000.0,1179561000.0,817564000.0,0.0,0.0,0.0,1646541000.0,2464105000.0,0.171,2464105000.0,1646541000.0,1583369000.0,4.5,4.07,4.5,6937414000.0,5721394000.0,6937414000.0,37046322184.0,22.0,15.034,2347712000.0,5.038,1.0,4718257000.0,0.328,0.0,63172000.0,39669219000.0,38310624000.0,321008000.0,687032000.0,501165000.0,185867000.0,22452470000.0,4828004000.0,17624466000.0,22268566184.0,-3845283000.0,0.0,28574000.0,-122719000.0,0.0,-103237000.0,-6521553000.0,-450482000.0,2779507000.0,0.0,2098689000.0,2098689000.0,2098689000.0,0.0,66718000.0,0.146,3150492000.0,1567765000.0,393305000.0,0.0,3.21,10.611,10.611,2183661000.0,0.0,47.75,1.547,1.546,653948000.0,3635380000.0,14391375000.0,14391375000.0,0.0,0.071,0.367,0.043,0.114,29941000.0,1891315000.0,1.0,466357407.0,466021000,522596000.0,30.881,29773766000.0,0.0,-515320000.0,2019538000.0,63.889,-1542981000.0
4,DISH,MRY,2016-12-31,2016-12-31,2016-12-31,2021-08-25,781000.0,27914292000.0,25487492500.0,8280387000.0,19633905000.0,0.597,9.926,-614055000.0,5324503000.0,5324503000.0,9758245000.0,1550785000.0,1.803,4.982,16483639000.0,941903000.0,15541736000.0,16483639000.0,1237224000.0,921202000.0,0.0,0.0,0.0,2416898000.0,3338100000.0,0.219,3338100000.0,2416898000.0,2363757000.0,3.22,3.15,3.22,4613549000.0,3887518250.0,4613549000.0,38626911605.0,16.0,11.572,2240192000.0,4.82,1.0,5454057000.0,0.359,0.0,53141000.0,34480596000.0,32609418250.0,422349000.0,151224000.0,35616000.0,115608000.0,22983335000.0,4592832000.0,18390503000.0,26939481605.0,4271107000.0,0.0,394225000.0,3429857000.0,0.0,3153930000.0,-1737070000.0,523582000.0,2854247000.0,0.0,1497939000.0,1497939000.0,1497939000.0,0.0,52846000.0,0.098,3134796000.0,2319261000.0,524704000.0,0.0,5.839,17.984,17.991,2654271000.0,0.0,57.93,1.771,1.77,777908000.0,1536691000.0,15212302000.0,15212302000.0,0.0,0.059,0.385,0.074,0.159,13037000.0,2192446000.0,1.0,465035070.0,464807000,484162000.0,32.728,27914292000.0,0.0,865818000.0,2385525000.0,60.056,3687555000.0
5,DISH,MRY,2015-12-31,2015-12-31,2015-12-31,2021-08-25,61981000.0,22886710000.0,22919390500.0,3543243000.0,19343467000.0,0.664,5.937,-734998000.0,1053158000.0,1053158000.0,9748472000.0,842026000.0,0.686,7.223,13755925000.0,1534000000.0,12221925000.0,13755925000.0,1254685000.0,963357000.0,0.0,0.0,0.0,1689625000.0,2652982000.0,0.174,2652982000.0,1689625000.0,1195544000.0,1.73,1.73,1.73,2748787000.0,2640791500.0,2748787000.0,39005022908.0,23.0,14.702,1724125000.0,3.724,1.0,5477021000.0,0.36,0.0,494081000.0,30426537000.0,30420316500.0,390328000.0,967535000.0,557911000.0,409624000.0,19854680000.0,5162940000.0,14691740000.0,26487788908.0,-6051161000.0,0.0,33868000.0,-686847000.0,0.0,-448200000.0,-8062084000.0,1606904000.0,2459123000.0,0.0,802374000.0,802374000.0,802374000.0,0.0,39652000.0,0.053,4048649000.0,1428372000.0,470226000.0,0.0,9.636,33.012,33.052,2924180000.0,0.0,57.18,1.74,1.739,864028000.0,1471084000.0,15225493000.0,15225493000.0,0.0,0.035,0.304,0.056,0.111,19199000.0,2423085000.0,1.0,463235203.0,462995000,464697000.0,32.885,22886710000.0,0.0,393170000.0,2084789000.0,49.432,-1619697000.0
6,DISH,MRY,2014-12-31,2014-12-31,2014-12-31,2021-08-25,174507000.0,22045541000.0,21122113500.0,12552067000.0,9493474000.0,0.693,4.375,-1001861000.0,7104496000.0,7104496000.0,9113937000.0,928902000.0,3.052,9.931,14427526000.0,681467000.0,13746059000.0,14427526000.0,1167654000.0,1077936000.0,0.0,0.0,0.0,1832742000.0,2910678000.0,0.199,2910678000.0,1832742000.0,1221533000.0,2.05,2.04,2.05,2013009000.0,1528449000.0,2013009000.0,42216569998.0,23.0,14.504,1376263000.0,2.991,1.0,5529450000.0,0.378,0.0,611209000.0,25256046000.0,24918459500.0,493754000.0,2545979000.0,2131745000.0,414234000.0,19991909000.0,4112525000.0,15879384000.0,33596115998.0,2395314000.0,0.0,50934000.0,860671000.0,0.0,980267000.0,-963077000.0,2784646000.0,2378124000.0,0.0,944693000.0,944693000.0,944693000.0,0.0,-15791000.0,0.065,3704999000.0,1824451000.0,416993000.0,0.0,16.69,35.563,35.556,3773539000.0,0.0,72.89,2.294,2.29,951493000.0,723992000.0,14643387000.0,14643387000.0,0.0,0.045,0.618,0.074,0.125,34153000.0,2627063000.0,1.0,460915297.0,460126000,462927000.0,31.825,22045541000.0,0.0,276840000.0,1857044000.0,47.912,8439542000.0
7,DISH,MRY,2013-12-31,2013-12-31,2013-12-31,2021-08-25,173872000.0,20356430000.0,19605467500.0,12313446000.0,8042984000.0,0.709,2.143,-1116573000.0,4700022000.0,4700022000.0,8445504000.0,789746000.0,2.705,19.814,13631686000.0,1034893000.0,12596793000.0,13631686000.0,1088875000.0,1054026000.0,0.0,0.0,0.0,1852303000.0,2906329000.0,0.209,2906329000.0,1852303000.0,1107318000.0,1.77,1.76,1.77,977080000.0,577998750.0,977080000.0,35833886731.0,19.0,12.33,1155892000.0,2.535,1.0,5459361000.0,0.393,0.0,744985000.0,24736445000.0,24834015500.0,512707000.0,5285516000.0,5039382000.0,246134000.0,19359425000.0,4551649000.0,14807776000.0,26516015731.0,1103042000.0,0.0,76512000.0,1762131000.0,0.0,1851505000.0,-3021084000.0,-2123711000.0,2272465000.0,156000.0,807492000.0,807492000.0,807492000.0,47343000.0,-17746000.0,0.058,4111182000.0,1348179000.0,636955000.0,0.0,27.138,32.837,32.723,4097711000.0,0.0,57.92,1.907,1.9,957518000.0,-220701000.0,13904865000.0,13904865000.0,0.0,0.041,1.397,0.075,0.133,29730000.0,2619581000.0,1.0,457804139.0,456044000,459166000.0,30.49,20356430000.0,247885000.0,299826000.0,1945690000.0,44.637,7761797000.0
8,DISH,MRY,2012-12-31,2012-12-31,2012-12-31,2021-08-25,188803000.0,17379608000.0,15206135000.0,9059153000.0,8320455000.0,0.867,0.082,-945334000.0,3573742000.0,3573742000.0,7818663000.0,625740000.0,2.308,469.471,11887684000.0,537285000.0,11350399000.0,11887684000.0,1187169000.0,964484000.0,0.0,0.027,1.0,1504914000.0,2469398000.0,0.187,2469398000.0,1504914000.0,968678000.0,1.41,1.41,1.41,36867000.0,65137000.0,36867000.0,23735167041.0,16.0,9.612,1066541000.0,2.369,1.0,5362671000.0,0.407,0.0,536236000.0,21769083000.0,18560935000.0,465584000.0,3884331000.0,3631637000.0,252694000.0,17307980000.0,3924467000.0,13383513000.0,16432075041.0,2997032000.0,-40015000.0,94852000.0,4350664000.0,-452890000.0,4002484000.0,-3019214000.0,-1926980000.0,2011875000.0,1887000.0,636687000.0,636687000.0,636687000.0,37179000.0,-10947000.0,0.048,4104313000.0,1258358000.0,511433000.0,0.709,445.712,25.809,25.816,4366629000.0,0.0,36.4,1.247,1.243,860715000.0,-1028193000.0,13181334000.0,13181334000.0,0.0,0.042,9.775,0.081,0.114,39327000.0,2409372000.0,1.0,451430633.0,450264000,452899000.0,29.275,17379608000.0,204375000.0,331991000.0,1674635000.0,38.599,5134686000.0
9,DISH,MRY,2011-12-31,2011-12-31,2011-12-31,2021-08-25,82043000.0,11470231000.0,11903509000.0,3747823000.0,7722408000.0,1.098,-0.944,-760158000.0,609108000.0,609108000.0,7367524000.0,1515578000.0,1.164,-28.283,7493779000.0,35645000.0,7458134000.0,7493779000.0,1068565000.0,912203000.0,0.0,0.07,2.0,2964638000.0,3876841000.0,0.297,3876841000.0,2964638000.0,2406672000.0,3.4,3.39,3.4,-420370000.0,-229252500.0,-420370000.0,20068913944.0,7.0,5.177,1813720000.0,4.072,1.0,5706539000.0,0.436,0.0,557966000.0,15134391000.0,14504248750.0,707151000.0,2973926000.0,1431745000.0,1542181000.0,11889234000.0,3220511000.0,8668723000.0,12706947944.0,-31564000.0,-1372785000.0,39995000.0,940503000.0,-893278000.0,93997000.0,-2695328000.0,815694000.0,2573878000.0,-4111000.0,1515907000.0,1515907000.0,1515907000.0,6796000.0,-329000.0,0.116,2777556000.0,2928983000.0,455408000.0,0.588,-30.228,8.382,8.376,3169891000.0,0.0,28.48,0.972,0.97,794817000.0,-1211990000.0,13074063000.0,13074063000.0,0.0,0.127,-6.612,0.204,0.227,31213000.0,2142496000.0,1.0,446170925.0,445434000,446865000.0,29.351,11470231000.0,73014000.0,890765000.0,974414000.0,25.751,527312000.0
10,DISH,MRY,2010-12-31,2010-12-31,2010-12-31,2021-08-25,93357000.0,9632153000.0,9161260250.0,4573393000.0,5058760000.0,1.38,-2.543,-1113219000.0,640672000.0,640672000.0,7170909000.0,984732000.0,1.016,-9.494,6514936000.0,1030895000.0,5484041000.0,6514936000.0,1018336000.0,983965000.0,0.0,0.0,0.0,1996979000.0,2980944000.0,0.236,2980944000.0,1996979000.0,1542202000.0,2.21,2.2,2.21,-1133929000.0,-1495589000.0,-1133929000.0,14511579891.0,7.0,4.868,1026583000.0,2.302,1.0,5469835000.0,0.433,0.0,454777000.0,11007116000.0,11463942500.0,487575000.0,2668659000.0,2299705000.0,368954000.0,10765596000.0,4499301000.0,6266295000.0,8710565891.0,534828000.0,0.0,-100559000.0,-26910000.0,0.0,-127453000.0,-1477521000.0,-261483000.0,2139802000.0,0.0,984729000.0,984729000.0,984729000.0,0.0,3000.0,0.078,3529007000.0,1940828000.0,400764000.0,0.0,-7.682,8.846,8.896,3232348000.0,0.0,19.66,0.689,0.693,786053000.0,-1834619000.0,12640744000.0,12640744000.0,0.0,0.107,-0.658,0.174,0.158,15387000.0,2279337000.0,1.0,443060320.0,445865000,446597000.0,28.351,9632153000.0,216899000.0,557473000.0,567686000.0,21.603,74092000.0
11,DISH,MRY,2009-12-31,2009-12-31,2009-12-31,2021-08-25,5614000.0,8295343000.0,7820813250.0,3475952000.0,4819391000.0,1.491,-4.682,-1037190000.0,105844000.0,105844000.0,6800319000.0,635403000.0,1.057,-4.965,6496564000.0,26518000.0,6470046000.0,6496564000.0,1132807000.0,940033000.0,0.0,0.096,2.0,1401399000.0,2341432000.0,0.201,2341432000.0,1401399000.0,1012974000.0,1.42,1.42,1.42,-2092171000.0,-1665244000.0,-2092171000.0,15253660959.0,11.0,6.515,1157353000.0,2.59,1.0,4863832000.0,0.417,0.0,388425000.0,11398782000.0,9351026500.0,295950000.0,2345209000.0,2033492000.0,311717000.0,10387031000.0,3287281000.0,7099750000.0,9281408959.0,7270000.0,0.0,-13176000.0,1325609000.0,-894150000.0,418283000.0,-2605556000.0,-1568025000.0,2194543000.0,0.0,635545000.0,635545000.0,635545000.0,0.0,-142000.0,0.054,3476902000.0,1386930000.0,520278000.0,1.408,-4.436,14.604,14.627,3042262000.0,0.0,20.77,0.796,0.796,779871000.0,-2760589000.0,11664151000.0,11664151000.0,0.0,0.081,-0.382,0.15,0.12,12227000.0,2142173000.0,1.0,446866103.0,446874000,448596000.0,26.102,8295343000.0,139708000.0,377429000.0,312775000.0,18.563,188671000.0
12,DISH,MRY,2008-12-31,2008-12-31,2008-12-31,2021-08-25,-107998000.0,6460047000.0,7045831500.0,2097984000.0,4362063000.0,1.649,-4.343,-1129890000.0,98574000.0,98574000.0,6452594000.0,902947000.0,0.704,-4.314,5007756000.0,38333000.0,4969423000.0,5007756000.0,1054705000.0,1000230000.0,0.0,0.0,0.0,1938684000.0,2938914000.0,0.253,2938914000.0,1938684000.0,1568806000.0,2.01,1.98,2.01,-1949106000.0,-2152032250.0,-1949106000.0,7362414483.0,4.0,2.505,1058454000.0,2.358,1.0,5164593000.0,0.445,0.0,369878000.0,8389226000.0,6018581750.0,426671000.0,702460000.0,460558000.0,241902000.0,8409153000.0,2980003000.0,5429150000.0,4957869483.0,-820968000.0,0.0,-61722000.0,-760000000.0,0.0,-1411841000.0,-1597471000.0,245245000.0,2188344000.0,0.0,902947000.0,902947000.0,902947000.0,0.0,0.0,0.078,3108413000.0,2056180000.0,471845000.0,0.0,-2.544,5.491,5.517,2663289000.0,0.0,11.09,0.427,0.428,820709000.0,-2492804000.0,11617187000.0,11617187000.0,0.0,0.128,-0.42,0.322,0.167,15349000.0,2075776000.0,1.0,447057663.0,448786000,460226000.0,25.886,6460047000.0,235078000.0,665859000.0,235551000.0,14.394,-882019000.0
13,DISH,MRY,2007-12-31,2007-12-31,2007-12-31,2021-08-25,46698000.0,10086529000.0,9573222500.0,4245138000.0,5841391000.0,1.158,1.431,-1444522000.0,919542000.0,919542000.0,5778301000.0,756054000.0,1.005,14.76,3625704000.0,1550454000.0,2075250000.0,3625704000.0,1117502000.0,1329410000.0,0.0,0.0,0.0,1655472000.0,2984882000.0,0.269,2984882000.0,1655472000.0,1250153000.0,1.69,1.68,1.69,639989000.0,323936750.0,639989000.0,17909103014.0,11.0,6.0,1172198000.0,2.621,1.0,5312074000.0,0.479,475792000.0,405319000.0,8091758000.0,7967598750.0,306915000.0,2229060000.0,1868654000.0,360406000.0,9446540000.0,4225141000.0,5221399000.0,16881239014.0,-830128000.0,-319928000.0,54674000.0,-1043708000.0,0.0,-976016000.0,-2470832000.0,-611669000.0,2616720000.0,0.0,756054000.0,756054000.0,756054000.0,0.0,0.0,0.068,3738670000.0,1573404000.0,314825000.0,0.0,26.377,22.328,22.32,4058189000.0,0.0,37.72,1.522,1.521,699101000.0,-84456000.0,11090375000.0,11090375000.0,0.0,0.079,2.334,0.208,0.149,23016000.0,2194666000.0,1.0,447540801.0,447302000,456834000.0,24.794,9610737000.0,342813000.0,494099000.0,386493000.0,21.486,19997000.0
14,DISH,MRY,2006-12-31,2006-12-31,2006-12-31,2021-08-25,49874000.0,9768696000.0,9289888250.0,4599541000.0,5169155000.0,1.057,-0.493,-1396318000.0,1923105000.0,1923105000.0,5097552000.0,608272000.0,1.281,-45.528,4467321000.0,1038464000.0,3428857000.0,4467321000.0,1095030000.0,1114294000.0,0.0,0.0,0.0,1404570000.0,2518864000.0,0.257,2518864000.0,1404570000.0,946420000.0,1.37,1.37,1.37,-219383000.0,-446542750.0,-219383000.0,20145132142.0,14.0,7.998,882924000.0,1.985,1.0,4720934000.0,0.481,197863000.0,458150000.0,8523575000.0,9369908500.0,237507000.0,1282406000.0,1109465000.0,172941000.0,9988079000.0,3591474000.0,6396605000.0,16923134142.0,1152421000.0,0.0,12280000.0,1017021000.0,0.0,1022147000.0,-2148968000.0,-746368000.0,2279242000.0,0.0,608272000.0,608272000.0,608272000.0,0.0,0.0,0.062,3503563000.0,1217371000.0,283471000.0,0.0,-77.14,27.822,27.759,3765596000.0,0.0,38.03,1.724,1.723,665149000.0,-841010000.0,9818486000.0,9818486000.0,0.0,0.065,-1.362,0.15,0.143,17645000.0,2147850000.0,1.0,444994324.0,444743000,452685000.0,22.077,9570833000.0,548766000.0,338148000.0,192617000.0,21.52,1008067000.0
15,DISH,MRY,2005-12-31,2005-12-31,2005-12-31,2021-08-25,4030000.0,7410210000.0,7200974500.0,2397045000.0,5013165000.0,1.173,-1.917,-1530339000.0,615669000.0,615669000.0,4525567000.0,1514540000.0,1.115,-9.551,5935301000.0,36470000.0,5898831000.0,5935301000.0,985416000.0,805573000.0,0.0,0.0,0.0,1380935000.0,2186508000.0,0.259,2186508000.0,1380935000.0,1007091000.0,3.35,3.22,3.35,-866624000.0,-1113419000.0,-866624000.0,15169672978.0,11.0,6.938,243735000.0,0.539,1.0,3921608000.0,0.464,226650000.0,373844000.0,10353121000.0,8426403500.0,221329000.0,632811000.0,565691000.0,67120000.0,8276834000.0,2150071000.0,6126763000.0,12231072978.0,-88891000.0,0.0,-352473000.0,-50150000.0,0.0,-402623000.0,-1460342000.0,-160507000.0,1774074000.0,0.0,1514540000.0,1514540000.0,1514540000.0,0.0,0.0,0.179,2754360000.0,1167248000.0,239788000.0,0.0,-14.113,8.076,8.113,3514539000.0,0.0,27.18,1.448,1.455,478414000.0,-1386937000.0,8447175000.0,8447175000.0,0.0,0.21,-1.36,0.164,0.163,302000.0,1948787000.0,1.0,450002685.0,452118000,484131000.0,18.684,7183560000.0,603222000.0,-507449000.0,0.0,15.889,246974000.0
16,DISH,MRY,2004-12-31,2004-12-31,2004-12-31,2021-08-25,53418000.0,6029277000.0,6168435250.0,2113308000.0,3915969000.0,1.161,-4.478,-1007271000.0,704560000.0,704560000.0,4022821000.0,214769000.0,1.02,-3.901,3791561000.0,33735000.0,3757826000.0,3791561000.0,1035100000.0,505561000.0,0.0,0.03,1.0,732110000.0,1237671000.0,0.173,1237671000.0,732110000.0,226378000.0,0.46,0.46,0.46,-2078212000.0,-1648190000.0,-2078212000.0,17690552104.0,24.0,14.293,-5829000.0,-0.013,1.0,3135650000.0,0.438,240186000.0,505732000.0,6804227000.0,6099609250.0,271581000.0,508625000.0,451073000.0,57552000.0,8107489000.0,2071865000.0,6035624000.0,15111525104.0,-586299000.0,-238610000.0,-793017000.0,-1414196000.0,-455650000.0,-2666022000.0,1078281000.0,2170806000.0,1001442000.0,0.0,214769000.0,214769000.0,214769000.0,0.0,0.0,0.03,2432345000.0,703305000.0,247698000.0,2.174,-7.271,70.362,72.283,2640168000.0,0.0,33.25,2.111,2.155,584310000.0,-2901477000.0,7158471000.0,7158471000.0,0.0,0.035,-0.13,0.12,0.102,1180000.0,1926784000.0,1.0,454481958.0,464053000,467598000.0,15.426,5789091000.0,0.0,11609000.0,0.0,12.475,41443000.0
17,DISH,MRY,2003-12-31,2003-12-31,2003-12-31,2021-08-25,80991000.0,7585018000.0,6608052250.0,4573115000.0,3011903000.0,0.869,-2.137,-321819000.0,1290859000.0,1290859000.0,2985207000.0,224506000.0,1.539,-8.346,4937673000.0,1438346000.0,3499327000.0,4937673000.0,660762000.0,398206000.0,0.0,0.0,0.0,791372000.0,1189578000.0,0.207,1189578000.0,791372000.0,238882000.0,0.46,0.46,0.46,-1032524000.0,-997942250.0,-1032524000.0,21189390785.0,27.0,17.813,253762000.0,0.525,1.0,2754089000.0,0.48,13221000.0,552490000.0,8246327000.0,8797537000.0,155147000.0,2702089000.0,2682115000.0,19974000.0,8617542000.0,2972284000.0,5645258000.0,16471021785.0,-192219000.0,0.0,-169953000.0,1176523000.0,0.0,994070000.0,-1761870000.0,-1410096000.0,575581000.0,0.0,224506000.0,224506000.0,224506000.0,0.0,0.0,0.039,2046541000.0,707548000.0,173637000.0,0.0,-15.952,73.366,73.891,1876459000.0,0.0,33.99,2.87,2.861,451673000.0,-2660596000.0,5739296000.0,5739296000.0,0.0,0.034,-0.225,0.09,0.138,3544000.0,1648335000.0,1.0,484584342.0,483098000,488314000.0,11.88,7571797000.0,0.0,14376000.0,0.0,15.673,1600831000.0
18,DISH,MRY,2002-12-31,2002-12-31,2002-12-31,2021-08-25,6197000.0,6260585000.0,7602920750.0,3213517000.0,3047068000.0,0.634,-2.448,-435819000.0,1483078000.0,1483078000.0,2496506000.0,-852034000.0,1.615,-6.324,4747053000.0,388432000.0,4358621000.0,4747053000.0,531694000.0,372958000.0,0.0,0.0,0.0,141400000.0,514358000.0,0.107,514358000.0,141400000.0,-341503000.0,-0.86,-0.86,-0.86,-1176022000.0,-965133000.0,-1176022000.0,13023813960.0,92.0,25.321,-369075000.0,-0.768,1.0,2324319000.0,0.482,0.0,482903000.0,7534511000.0,8856063000.0,150290000.0,1213889000.0,1203917000.0,9972000.0,7436607000.0,1990049000.0,5446558000.0,10702361960.0,-194811000.0,0.0,9430000.0,-4549000.0,0.0,420832000.0,-682387000.0,-167277000.0,66744000.0,0.0,-414601000.0,-414601000.0,-414601000.0,0.0,-437433000.0,-0.086,1872801000.0,451518000.0,264813000.0,0.0,-9.1,-25.814,-25.884,1974516000.0,0.0,22.26,2.22,2.218,435020000.0,-2885102000.0,4820825000.0,4820825000.0,0.0,-0.055,0.43,0.016,0.029,11279000.0,1488564000.0,1.0,480788947.0,480429000,480429000.0,10.034,6260585000.0,0.0,73098000.0,0.0,13.031,1223468000.0
19,DISH,MRY,2001-12-31,2001-12-31,2001-12-31,2021-08-25,3594000.0,6519686000.0,5604634500.0,3511967000.0,3007719000.0,0.714,-1.63,-637457000.0,1679177000.0,1679177000.0,2103454000.0,-215498000.0,2.36,-9.383,5721262000.0,14782000.0,5706480000.0,5721262000.0,462035000.0,278652000.0,0.0,0.0,0.0,156984000.0,435636000.0,0.109,435636000.0,156984000.0,-214381000.0,-0.45,-0.45,-0.45,-777772000.0,-759443250.0,-777772000.0,16986388573.0,108.0,38.992,-147974000.0,-0.31,1.0,1897684000.0,0.474,0.0,371365000.0,9073404000.0,7921057500.0,190747000.0,1150408000.0,1150408000.0,0.0,7297458000.0,1488367000.0,5809091000.0,13163783573.0,821071000.0,-50000000.0,9929000.0,1685818000.0,0.0,1610707000.0,-1279119000.0,-524199000.0,489483000.0,0.0,-215835000.0,-215835000.0,-215835000.0,0.0,337000.0,-0.054,1685382000.0,212302000.0,254868000.0,0.0,-16.925,-60.99,-61.044,1904012000.0,0.0,27.47,3.29,3.276,424128000.0,-2470501000.0,4001138000.0,4001138000.0,0.0,-0.039,0.284,0.02,0.039,20173000.0,1386557000.0,1.0,479205809.0,477172000,477172000.0,8.385,6519686000.0,0.0,1454000.0,0.0,13.663,2023600000.0
20,DISH,MRY,2000-12-31,2000-12-31,2000-12-31,2021-08-25,-60580000.0,4636835000.0,4245667750.0,2060606000.0,2576229000.0,0.64,-1.396,-331401000.0,859818000.0,859818000.0,1493400000.0,-650326000.0,1.685,-8.053,4035944000.0,21132000.0,4014812000.0,4035944000.0,340224000.0,185356000.0,0.0,0.0,0.0,-382927000.0,-197571000.0,-0.073,-197571000.0,-382927000.0,-650917000.0,-1.38,-1.38,-1.38,-657383000.0,-386487750.0,-657383000.0,13569727482.0,-35.0,-68.683,-450078000.0,-0.956,1.0,1221820000.0,0.45,0.0,267990000.0,6589884000.0,5896092000.0,161161000.0,607357000.0,607357000.0,0.0,5294218000.0,1223077000.0,4071141000.0,10770377482.0,-48481000.0,-110045000.0,12732000.0,982332000.0,0.0,982153000.0,-911957000.0,-322100000.0,-118677000.0,0.0,-651472000.0,-651472000.0,-651472000.0,0.0,1146000.0,-0.24,1645886000.0,-424066000.0,226568000.0,0.0,-16.384,-16.532,-16.486,1511303000.0,0.0,22.75,3.967,3.947,384614000.0,-2254666000.0,2715220000.0,2715220000.0,0.0,-0.153,1.686,-0.065,-0.141,51465000.0,1409065000.0,1.0,473423186.0,471023000,471023000.0,5.765,4636835000.0,0.0,555000.0,0.0,9.844,837529000.0
21,DISH,MRY,1999-12-31,1999-12-31,1999-12-31,2021-08-25,0.0,3898189000.0,2835835250.0,1683695000.0,2214494000.0,0.565,-0.116,-91152000.0,905299000.0,905299000.0,898186000.0,-792847000.0,1.877,-81.511,3052672000.0,22067000.0,3030605000.0,3052672000.0,200624000.0,113228000.0,0.0,0.0,0.0,-598333000.0,-485105000.0,-0.303,-485105000.0,-598333000.0,-799946000.0,-1.92,-1.92,-1.92,-48418000.0,-132209250.0,-48418000.0,24150852110.0,-40.0,-49.785,-149665000.0,-0.359,1.0,704655000.0,0.44,0.0,201613000.0,5148653000.0,4141253000.0,123630000.0,351876000.0,348876000.0,3000000.0,3946607000.0,896909000.0,3049698000.0,22214965110.0,798752000.0,67804000.0,7960000.0,1294137000.0,0.0,920091000.0,-62826000.0,-26299000.0,-58513000.0,0.0,-800100000.0,-800100000.0,-800100000.0,0.0,7253000.0,-0.499,1051746000.0,-347091000.0,194046000.0,0.0,-458.816,-27.765,-25.391,1339939000.0,0.0,48.75,13.86,12.667,265685000.0,-1603194000.0,1602841000.0,1602841000.0,0.0,-0.282,6.052,-0.144,-0.373,61060000.0,877458000.0,1.0,455691592.0,416476000,416476000.0,3.849,3898189000.0,0.0,154000.0,0.0,9.36,786786000.0
22,DISH,MRY,1998-12-31,1998-12-31,1998-12-31,2021-08-25,0.0,1806852000.0,1819773750.0,537845000.0,1269007000.0,0.54,-1.032,-161140000.0,106547000.0,106547000.0,585295000.0,-260882000.0,1.249,-5.255,1510758000.0,22679000.0,1488079000.0,1510758000.0,166480000.0,83767000.0,0.0,0.0,0.0,-128524000.0,-44757000.0,-0.046,-44757000.0,-128524000.0,-296053000.0,-0.82,-0.82,-0.82,-371540000.0,-240365750.0,-371540000.0,3452604075.0,-27.0,-77.141,-178030000.0,-0.495,1.0,397371000.0,0.404,0.0,167529000.0,2780286000.0,2706129500.0,76708000.0,295210000.0,217553000.0,77657000.0,1952354000.0,430777000.0,1521577000.0,2180105075.0,-38660000.0,0.0,2830000.0,-16552000.0,0.0,-13722000.0,-8048000.0,156566000.0,-16890000.0,0.0,-296097000.0,-296097000.0,-296097000.0,0.0,35215000.0,-0.301,520262000.0,-122891000.0,90646000.0,0.0,-5.868,-7.363,-7.375,876914000.0,0.0,6.048,2.219,2.215,213233000.0,-733093000.0,982666000.0,982666000.0,0.0,-0.163,1.232,-0.047,-0.131,0.0,417626000.0,1.0,360496912.0,359856000,359856000.0,2.731,1806852000.0,0.0,44000.0,0.0,5.021,107068000.0
23,DISH,MRY,1997-12-31,1997-12-31,1997-12-31,2021-08-25,-19000.0,1805646000.0,1473513000.0,544105000.0,1261541000.0,0.324,-0.265,-232058000.0,145207000.0,145207000.0,279175000.0,-312825000.0,1.752,-19.058,1383106000.0,17885000.0,1365221000.0,1383106000.0,142349000.0,51541000.0,0.0,0.0,0.0,-216929000.0,-165388000.0,-0.346,-165388000.0,-216929000.0,-321121000.0,-0.96,-0.96,-0.96,-88961000.0,-13882000.0,-88961000.0,,,,-232015000.0,-0.692,1.0,198243000.0,0.415,0.0,104192000.0,2732965000.0,2261428500.0,22993000.0,463069000.0,275307000.0,187762000.0,1695443000.0,310580000.0,1384863000.0,750635002.0,105976000.0,0.0,64258000.0,349247000.0,0.0,703182000.0,-597249000.0,-364984000.0,43000.0,0.0,-321267000.0,-321267000.0,-321267000.0,0.0,8442000.0,-0.673,422514000.0,-224271000.0,68510000.0,0.0,-8.438,-2.336,-2.181,874859000.0,0.0,2.094,1.572,1.471,66074000.0,-436996000.0,477418000.0,477418000.0,0.0,-0.218,23.143,-0.096,-0.454,0.0,249238000.0,1.0,358512240.0,335344000,335344000.0,1.424,1805646000.0,0.0,146000.0,0.0,5.384,233525000.0
24,DISH,MRY,1996-12-31,1996-12-31,1996-12-31,2021-08-25,-11000.0,1141380000.0,,235636000.0,905744000.0,,0.189,-277308000.0,39231000.0,39231000.0,161189000.0,-100986000.0,1.188,17.651,886054000.0,11334000.0,874720000.0,886054000.0,111247000.0,27341000.0,0.0,0.0,0.0,-95396000.0,-68055000.0,-0.342,-68055000.0,-95396000.0,-156883000.0,-0.315,-0.315,-0.315,61197000.0,,61197000.0,,,,-304733000.0,-0.939,1.0,37712000.0,0.19,0.0,61487000.0,1789892000.0,,72767000.0,66298000.0,18807000.0,47491000.0,1080183000.0,198311000.0,881872000.0,,17477000.0,0.0,2259000.0,330285000.0,0.0,332544000.0,-287642000.0,-13139000.0,-27425000.0,0.0,-102190000.0,-102190000.0,-102190000.0,0.0,1204000.0,-0.514,147057000.0,-109345000.0,40819000.0,0.0,,,-8.73,590621000.0,0.0,2.75,,4.485,13516000.0,-115729000.0,198901000.0,198901000.0,0.0,,,,-0.48,0.0,103643000.0,1.0,,324384000,324384000.0,0.613,1141380000.0,0.0,-54693000.0,0.0,3.519,37325000.0
25,DISH,MRY,1995-12-31,1995-12-31,1995-12-31,2021-08-25,,,,,,,,-134012000.0,,,115250000.0,-11486000.0,,,,,,,,3114000.0,,0.0,0.0,5550000.0,8664000.0,0.058,8664000.0,5550000.0,-18435000.0,-0.045,-0.045,-0.045,,,,,,,-154340000.0,-0.543,1.0,33270000.0,0.224,,23985000.0,,,,,,,,,,,4248000.0,-16000000.0,62933000.0,-238000.0,0.0,62695000.0,-38119000.0,112893000.0,-20328000.0,0.0,-12690000.0,-12690000.0,-12690000.0,0.0,1204000.0,-0.085,41297000.0,-8027000.0,,0.0,,,-67.361,,0.0,3.031,,5.806,,,148520000.0,148520000.0,0.0,,,,0.037,0.0,38183000.0,1.0,,284496000,284496000.0,0.522,,,-5745000.0,,,
0,DISH,MRQ,2021-06-30,2021-06-30,2021-06-30,2021-08-25,762000.0,39623578000.0,,6604640000.0,33018938000.0,,27.199,-262975000.0,3676487000.0,3676487000.0,2885923000.0,681451000.0,1.636,1.735,16493279000.0,76349000.0,16416930000.0,16493279000.0,1229657000.0,186390000.0,0.0,0.0,0.0,892410000.0,1078800000.0,0.24,1078800000.0,892410000.0,888585000.0,1.27,1.06,1.27,14352794000.0,,14352794000.0,34233405087.0,10.0,8.074,863426000.0,1.636,1.0,1601037000.0,0.357,743216000.0,3825000.0,47660528000.0,,385396000.0,1553100000.0,1152803000.0,400297000.0,24897903000.0,4036626000.0,20861277000.0,22043022087.0,-623275000.0,0.0,18704000.0,-321211000.0,0.0,-306597000.0,-1443079000.0,-1017685000.0,1126401000.0,0.0,671047000.0,671047000.0,671047000.0,0.0,10404000.0,0.15,694299000.0,906738000.0,523179000.0,0.0,1.536,8.683,8.654,2669610000.0,0.0,41.8,1.22,1.22,977284000.0,9676246000.0,4486960000.0,4486960000.0,0.0,,,,,546000.0,507909000.0,1.0,527345026.0,527690000,635976000.0,8.503,38880362000.0,0.0,217538000.0,3977044000.0,73.68,2568014000.0
1,DISH,MRQ,2021-03-31,2021-03-31,2021-03-31,2021-08-25,484000.0,38813138000.0,,6515906000.0,32297232000.0,,25.946,-115096000.0,4437662000.0,4437662000.0,2961206000.0,641563000.0,1.121,1.814,16628045000.0,1875482000.0,14752563000.0,16628045000.0,1266326000.0,190385000.0,0.0,0.0,0.0,849946000.0,1040331000.0,0.231,1040331000.0,849946000.0,846073000.0,1.2,0.99,1.2,13662220000.0,,13662220000.0,31442821430.0,10.0,8.004,1010402000.0,1.919,1.0,1536647000.0,0.342,715644000.0,3873000.0,44473837000.0,,375076000.0,396508000.0,135485000.0,261023000.0,24788441000.0,5814040000.0,18974401000.0,19047359430.0,1080625000.0,0.0,6389000.0,-224503000.0,0.0,-229455000.0,184582000.0,241903000.0,1125498000.0,0.0,630224000.0,630224000.0,630224000.0,0.0,11339000.0,0.14,672071000.0,864576000.0,488770000.0,0.0,1.394,8.211,8.19,2290505000.0,0.0,36.2,1.136,1.136,1087134000.0,9005199000.0,4497853000.0,4497853000.0,0.0,,,,,19375000.0,481686000.0,1.0,526170150.0,526570000,633760000.0,8.542,38097494000.0,0.0,215849000.0,3771572000.0,72.35,701866000.0
2,DISH,MRQ,2020-12-31,2020-12-31,2020-12-31,2021-08-25,-855000.0,38239947000.0,,7022158000.0,31217789000.0,,26.195,-103753000.0,3370092000.0,3370092000.0,2941940000.0,761298000.0,1.154,1.75,15765554000.0,2085620000.0,13679934000.0,15765554000.0,1330122000.0,196525000.0,0.0,0.0,0.0,953695000.0,1150220000.0,0.252,1150220000.0,953695000.0,961043000.0,1.4,1.25,1.4,13780155000.0,,13780155000.0,29353888114.0,12.0,9.206,490332000.0,0.932,1.0,1615425000.0,0.354,760126000.0,-7348000.0,43790537000.0,,380349000.0,621028000.0,362953000.0,258075000.0,24108654000.0,6084746000.0,18023908000.0,17009739114.0,1569413000.0,0.0,5402000.0,1962739000.0,0.0,1656407000.0,-681079000.0,623030000.0,594085000.0,0.0,732632000.0,732632000.0,732632000.0,0.0,28666000.0,0.161,625786000.0,989639000.0,395397000.0,0.0,1.234,9.65,9.625,2286604000.0,0.0,32.34,1.098,1.095,1104202000.0,8374975000.0,4557365000.0,4557365000.0,0.0,,,,,17008000.0,429261000.0,1.0,525965959.0,526057000,589655000.0,8.663,37479821000.0,0.0,228411000.0,3869570000.0,71.247,937412000.0
3,DISH,MRQ,2020-09-30,2020-09-30,2020-09-30,2021-08-25,-1583000.0,36100437000.0,,5005471000.0,31094966000.0,,24.149,-112832000.0,1811308000.0,1811308000.0,3004612000.0,532959000.0,0.767,1.795,14155457000.0,2092638000.0,12062819000.0,14155457000.0,1408370000.0,199083000.0,0.0,0.0,0.0,771335000.0,970418000.0,0.214,970418000.0,771335000.0,778113000.0,0.96,0.86,0.96,12691256000.0,,12691256000.0,25796767404.0,13.0,9.473,893963000.0,1.701,1.0,1526979000.0,0.337,802286000.0,-6778000.0,41112171000.0,,516216000.0,1240493000.0,983859000.0,256634000.0,22774975000.0,6530129000.0,16244846000.0,15249609404.0,-766585000.0,-1312500000.0,12936000.0,956626000.0,0.0,969562000.0,-2742942000.0,-956277000.0,1006795000.0,0.0,504599000.0,504599000.0,504599000.0,0.0,28360000.0,0.111,715731000.0,811248000.0,747533000.0,0.0,1.202,10.743,10.595,2339345000.0,0.0,29.03,1.076,1.076,1143500000.0,7642343000.0,4531591000.0,4531591000.0,0.0,,,,,13135000.0,516648000.0,1.0,525305181.0,525532000,583957000.0,8.623,35298151000.0,0.0,273514000.0,3635500000.0,67.167,-1524658000.0
4,DISH,MRQ,2020-06-30,2020-06-30,2020-06-30,2021-08-25,-2664000.0,33497474000.0,,4108574000.0,29388900000.0,,23.192,-99553000.0,2589817000.0,2589817000.0,1993400000.0,480406000.0,0.711,1.705,13136975000.0,2073410000.0,11063565000.0,13136975000.0,1555701000.0,152124000.0,0.0,0.0,0.0,615181000.0,767305000.0,0.241,767305000.0,615181000.0,603687000.0,0.86,0.78,0.86,12159505000.0,,12159505000.0,29494850498.0,17.0,12.379,735390000.0,1.403,1.0,1193690000.0,0.375,0.0,11494000.0,38264422000.0,,315369000.0,249414000.0,40202000.0,209212000.0,20732122000.0,5780210000.0,14951912000.0,18088676498.0,-236785000.0,0.0,3551000.0,-1118863000.0,0.0,-1115313000.0,43585000.0,519608000.0,834943000.0,0.0,452343000.0,452343000.0,452343000.0,0.0,28063000.0,0.142,556040000.0,637650000.0,372266000.0,0.0,1.488,14.264,13.694,2385277000.0,0.0,34.51,1.412,1.412,531827000.0,7137744000.0,3187090000.0,3187090000.0,0.0,,,,,18393000.0,403916000.0,1.0,524157534.0,524292000,582619000.0,6.079,33497474000.0,0.0,151344000.0,2992146000.0,63.891,-1671636000.0
5,DISH,MRQ,2020-03-31,2020-03-31,2020-03-31,2021-08-25,198000.0,33673295000.0,,4642289000.0,29031006000.0,,22.288,-97164000.0,2827051000.0,2827051000.0,2093776000.0,99274000.0,1.002,1.838,14233225000.0,1171741000.0,13061484000.0,14233225000.0,1526750000.0,166820000.0,0.0,0.0,0.0,133711000.0,300531000.0,0.093,300531000.0,133711000.0,118105000.0,0.14,0.13,0.14,11659779000.0,,11659779000.0,22236463646.0,14.0,10.137,778789000.0,1.489,1.0,1123613000.0,0.349,0.0,15606000.0,40448482000.0,,329386000.0,783730000.0,560720000.0,223010000.0,21435715000.0,4630987000.0,16804728000.0,10455716646.0,383631000.0,0.0,5525000.0,-16713000.0,0.0,-11186000.0,-481136000.0,-144212000.0,875953000.0,0.0,73099000.0,73099000.0,73099000.0,0.0,26175000.0,0.023,979535000.0,144078000.0,356555000.0,0.0,0.897,9.23,8.543,2436377000.0,0.0,19.99,0.814,0.815,544106000.0,6685401000.0,3217389000.0,3217389000.0,0.0,,,,,16418000.0,456297000.0,1.0,523047356.0,523152000,581381000.0,6.15,33673295000.0,0.0,45006000.0,2899549000.0,64.366,11302000.0
6,DISH,MRQ,2019-12-31,2019-12-31,2019-12-31,2021-08-25,-18000.0,33230935000.0,,4015100000.0,29215835000.0,,22.972,-119679000.0,2443643000.0,2443643000.0,2068182000.0,413547000.0,0.893,1.826,14224390000.0,1171366000.0,13053024000.0,14224390000.0,1376502000.0,173555000.0,0.0,0.0,0.0,511479000.0,685034000.0,0.211,685034000.0,511479000.0,505390000.0,0.78,0.69,0.78,11564521000.0,,11564521000.0,30312428569.0,16.0,12.1,514093000.0,1.021,1.0,1172683000.0,0.362,136415000.0,6089000.0,40379176000.0,,322898000.0,637845000.0,416704000.0,221141000.0,21114788000.0,4496091000.0,16618697000.0,17488784569.0,1040501000.0,0.0,1002812000.0,-20436000.0,0.0,982356000.0,-575627000.0,-223107000.0,633772000.0,0.0,389404000.0,389404000.0,389404000.0,0.0,24143000.0,0.12,649731000.0,522952000.0,280645000.0,0.0,1.512,12.496,12.147,2850512000.0,0.0,35.47,1.365,1.328,588358000.0,6612302000.0,3240865000.0,3240865000.0,0.0,,,,,5968000.0,476176000.0,1.0,493058488.0,503420000,561733000.0,6.438,33094520000.0,0.0,115986000.0,2870655000.0,65.739,-480991000.0
7,DISH,MRQ,2019-09-30,2019-09-30,2019-09-30,2021-08-25,-252000.0,31771440000.0,,2731392000.0,29040048000.0,,21.298,-179680000.0,1403358000.0,1403358000.0,2097331000.0,377157000.0,0.598,2.072,14227002000.0,1173427000.0,13053575000.0,14227002000.0,1327033000.0,154181000.0,0.0,0.0,0.0,475544000.0,629725000.0,0.199,629725000.0,475544000.0,469517000.0,0.74,0.66,0.74,10169750000.0,,10169750000.0,29729985051.0,16.0,12.048,502630000.0,1.053,1.0,1071032000.0,0.338,0.0,6027000.0,40028430000.0,,314620000.0,411475000.0,191034000.0,220441000.0,21074207000.0,4566654000.0,16507553000.0,16011669051.0,-451900000.0,0.0,4615000.0,-1304613000.0,0.0,-1353571000.0,219361000.0,637888000.0,682310000.0,0.0,353304000.0,353304000.0,353304000.0,0.0,23853000.0,0.112,602140000.0,468892000.0,317690000.0,0.0,1.574,11.885,11.871,2910202000.0,0.0,34.07,1.244,1.264,577797000.0,6222898000.0,3168363000.0,3168363000.0,0.0,,,,,-15348000.0,447959000.0,1.0,469963870.0,477495000,535746000.0,6.635,31771440000.0,0.0,116213000.0,2817260000.0,66.538,-1835262000.0
8,DISH,MRQ,2019-06-30,2019-06-30,2019-06-30,2021-08-25,149000.0,32284116000.0,,3917855000.0,28366261000.0,,19.869,-160863000.0,1901064000.0,1901064000.0,2190042000.0,340566000.0,0.632,2.406,15619380000.0,2416453000.0,13202927000.0,15619380000.0,1128474000.0,149702000.0,0.0,0.0,0.0,428517000.0,578219000.0,0.18,578219000.0,428517000.0,422867000.0,0.68,0.6,0.68,9331577000.0,,9331577000.0,32077718416.0,17.0,12.38,452527000.0,0.964,1.0,1021270000.0,0.318,0.0,5650000.0,39806931000.0,,331138000.0,1063650000.0,831318000.0,232332000.0,22448909000.0,6195501000.0,16253408000.0,18020716416.0,330381000.0,0.0,22666000.0,-4874000.0,0.0,38293000.0,-321302000.0,-12544000.0,613390000.0,0.0,317043000.0,317043000.0,317043000.0,0.0,23523000.0,0.099,590538000.0,430732000.0,361048000.0,0.0,1.931,12.641,12.593,2574750000.0,0.0,38.41,1.376,1.377,584116000.0,5869594000.0,3211312000.0,3211312000.0,0.0,,,,,12105000.0,440836000.0,1.0,469167311.0,469655000,527983000.0,6.838,32284116000.0,0.0,105824000.0,2589197000.0,68.74,-2277646000.0
9,DISH,MRQ,2019-03-31,2019-03-31,2019-03-31,2021-08-25,-57000.0,31686377000.0,,3592217000.0,28094160000.0,,19.131,-120859000.0,1576672000.0,1576672000.0,2184892000.0,361299000.0,0.725,2.486,15633674000.0,1316414000.0,14317260000.0,15633674000.0,1098712000.0,153139000.0,0.0,0.0,0.0,459017000.0,612156000.0,0.192,612156000.0,459017000.0,453096000.0,0.73,0.65,0.73,8952552000.0,,8952552000.0,29092680189.0,14.0,10.508,612070000.0,1.308,1.0,1002252000.0,0.314,0.0,5921000.0,40788323000.0,,309251000.0,1046091000.0,816375000.0,229716000.0,22253718000.0,4955056000.0,17298662000.0,14827249189.0,697414000.0,0.0,4750000.0,-28997000.0,0.0,4753000.0,-40268000.0,367871000.0,732929000.0,0.0,339761000.0,339761000.0,339761000.0,0.0,21538000.0,0.107,545952000.0,456300000.0,277367000.0,0.0,1.656,9.583,9.574,2588772000.0,0.0,31.69,1.111,1.111,581685000.0,5552551000.0,3187144000.0,3187144000.0,0.0,,,,,11537000.0,392813000.0,1.0,467884165.0,467953000,526219000.0,6.811,31686377000.0,0.0,113335000.0,2529065000.0,67.713,-1362839000.0
10,DISH,MRQ,2018-12-31,2018-12-31,2018-12-31,2021-08-25,-874000.0,30587012000.0,,3289205000.0,27297807000.0,,18.377,-111133000.0,887346000.0,887346000.0,2311583000.0,357286000.0,0.689,2.505,15152777000.0,1341993000.0,13810784000.0,15152777000.0,1126244000.0,171065000.0,0.0,0.0,0.0,476548000.0,647613000.0,0.196,647613000.0,476548000.0,472777000.0,0.72,0.65,0.72,8595688000.0,,8595688000.0,25605329958.0,12.0,9.029,390974000.0,0.836,1.0,995246000.0,0.301,0.0,3771000.0,40076311000.0,,290733000.0,1368060000.0,1181471000.0,186589000.0,21532755000.0,4776132000.0,16756623000.0,11677816958.0,-342183000.0,0.0,3681000.0,-30213000.0,0.0,-27042000.0,-817248000.0,-546926000.0,502107000.0,0.0,337080000.0,337080000.0,337080000.0,0.0,20206000.0,0.102,512494000.0,482752000.0,233753000.0,0.0,1.359,7.414,7.409,1928180000.0,0.0,24.97,0.857,0.857,639855000.0,5212790000.0,3306829000.0,3306829000.0,0.0,,,,,11364000.0,341429000.0,1.0,467673887.0,467752000,526072000.0,7.07,30587012000.0,0.0,135697000.0,2474907000.0,65.392,-1486927000.0
11,DISH,MRQ,2018-09-30,2018-09-30,2018-09-30,2021-08-25,-537000.0,30137410000.0,,3038909000.0,27098501000.0,,17.633,-114686000.0,1229717000.0,1229717000.0,2300976000.0,452598000.0,0.623,2.602,15157230000.0,1367116000.0,13790114000.0,15157230000.0,1143162000.0,175285000.0,0.0,0.0,0.0,577837000.0,753122000.0,0.222,753122000.0,577837000.0,572424000.0,0.92,0.82,0.92,8244845000.0,,8244845000.0,30855022924.0,16.0,11.483,575710000.0,1.231,1.0,1094165000.0,0.322,0.0,5413000.0,39187326000.0,,304944000.0,812177000.0,635432000.0,176745000.0,21454201000.0,4877597000.0,16576604000.0,16718382924.0,221905000.0,0.0,4570000.0,-12499000.0,0.0,-7929000.0,-460562000.0,-63958000.0,690396000.0,0.0,431734000.0,431734000.0,431734000.0,0.0,20864000.0,0.127,531462000.0,562703000.0,269515000.0,0.0,2.028,6.373,6.363,1990034000.0,0.0,35.76,1.212,1.212,670826000.0,4875711000.0,3395141000.0,3395141000.0,0.0,,,,,6125000.0,356177000.0,1.0,467516301.0,467570000,525995000.0,7.261,30137410000.0,0.0,140690000.0,2329011000.0,64.455,-1838688000.0
12,DISH,MRQ,2018-06-30,2018-06-30,2018-06-30,2021-08-25,735000.0,29650012000.0,,2743710000.0,26906302000.0,,16.695,-97598000.0,1007784000.0,1007784000.0,2341596000.0,460286000.0,0.756,2.745,15144424000.0,34824000.0,15109600000.0,15144424000.0,1174162000.0,172702000.0,0.0,0.0,0.0,583142000.0,755844000.0,0.218,755844000.0,583142000.0,580277000.0,0.94,0.83,0.94,7803687000.0,,7803687000.0,29754275505.0,16.0,11.349,476189000.0,1.019,1.0,1119249000.0,0.323,0.0,2865000.0,40155136000.0,,329507000.0,735846000.0,547004000.0,188842000.0,21423305000.0,3631516000.0,17791789000.0,15708646505.0,-1107554000.0,0.0,3739000.0,-1041613000.0,0.0,-1040475000.0,-640866000.0,-367110000.0,573787000.0,0.0,438717000.0,438717000.0,438717000.0,0.0,21569000.0,0.127,546589000.0,572660000.0,284767000.0,0.0,2.013,6.311,6.294,2047928000.0,0.0,33.61,1.123,1.123,641888000.0,4443977000.0,3460845000.0,3460845000.0,0.0,,,,,9712000.0,373887000.0,1.0,467380140.0,467425000,525849000.0,7.404,29650012000.0,0.0,141560000.0,2217077000.0,63.433,-887806000.0
13,DISH,MRQ,2018-03-31,2018-03-31,2018-03-31,2021-08-25,1359000.0,30154933000.0,,3465561000.0,26689372000.0,,15.697,-70521000.0,2115349000.0,2115349000.0,2370221000.0,385321000.0,0.739,3.062,16160978000.0,1008902000.0,15152076000.0,16160978000.0,1214472000.0,192972000.0,0.0,0.0,0.0,486254000.0,679226000.0,0.196,679226000.0,486254000.0,483297000.0,0.79,0.7,0.79,7324822000.0,,7324822000.0,32398220894.0,21.0,13.925,681030000.0,1.459,1.0,1088266000.0,0.315,0.0,2957000.0,39508225000.0,,347746000.0,351781000.0,163714000.0,188067000.0,22428468000.0,4692337000.0,17736131000.0,17674763894.0,635855000.0,0.0,7991000.0,-66931000.0,0.0,-59099000.0,-56597000.0,304314000.0,751551000.0,0.0,367560000.0,367560000.0,367560000.0,0.0,17761000.0,0.106,558760000.0,529506000.0,331388000.0,0.0,2.413,8.455,8.439,2106931000.0,0.0,37.89,1.247,1.248,601673000.0,4005260000.0,3458487000.0,3458487000.0,0.0,,,,,9060000.0,365788000.0,1.0,466475690.0,466642000,525309000.0,7.411,30154933000.0,0.0,115737000.0,2112421000.0,64.621,-1226776000.0
14,DISH,MRQ,2017-12-31,2017-12-31,2017-12-31,2021-08-25,882000.0,29773766000.0,,3285023000.0,26488743000.0,,14.874,-107690000.0,1479508000.0,1479508000.0,2377571000.0,1401305000.0,0.68,3.236,16202965000.0,1068524000.0,15134441000.0,16202965000.0,1179561000.0,191939000.0,0.0,0.0,0.0,306811000.0,498750000.0,0.143,498750000.0,306811000.0,303448000.0,2.97,2.65,2.97,6937414000.0,,6937414000.0,37046322184.0,22.0,15.034,444734000.0,0.954,1.0,1106357000.0,0.318,0.0,3363000.0,39669219000.0,,321008000.0,687032000.0,501165000.0,185867000.0,22452470000.0,4828004000.0,17624466000.0,22268566184.0,-103352000.0,0.0,4403000.0,-184152000.0,0.0,-181394000.0,-474382000.0,-184950000.0,552424000.0,0.0,1385483000.0,1385483000.0,1385483000.0,0.0,15822000.0,0.398,847066000.0,259291000.0,393305000.0,0.0,3.21,10.611,10.611,2183661000.0,0.0,47.75,1.547,1.546,653948000.0,3635380000.0,3483928000.0,3483928000.0,0.0,,,,,9322000.0,509209000.0,1.0,466357407.0,466405000,525467000.0,7.47,29773766000.0,0.0,-1082035000.0,2019538000.0,63.837,-1542981000.0
15,DISH,MRQ,2017-09-30,2017-09-30,2017-09-30,2021-08-25,6174000.0,29520855000.0,,3122551000.0,26398304000.0,,11.908,-111718000.0,1582850000.0,1582850000.0,2419314000.0,315265000.0,0.63,4.251,16360606000.0,1241187000.0,15119419000.0,16360606000.0,1179847000.0,209324000.0,0.0,0.0,0.0,478662000.0,687986000.0,0.192,687986000.0,478662000.0,474292000.0,0.64,0.57,0.64,5551810000.0,,5551810000.0,40159410777.0,21.0,14.501,622269000.0,1.335,1.0,1164140000.0,0.325,0.0,4370000.0,39344253000.0,,318892000.0,452502000.0,267799000.0,184703000.0,23600811000.0,4954358000.0,18646453000.0,25277275777.0,-782796000.0,0.0,7393000.0,-912323000.0,0.0,-905279000.0,-611504000.0,-195598000.0,733987000.0,0.0,297375000.0,297375000.0,297375000.0,0.0,17890000.0,0.083,715089000.0,449051000.0,374130000.0,0.0,4.553,23.652,23.578,2378811000.0,0.0,54.23,1.724,1.725,703631000.0,2249897000.0,3583454000.0,3583454000.0,0.0,,,,,8756000.0,505765000.0,1.0,466112406.0,466240000,525246000.0,7.686,29520855000.0,0.0,176917000.0,3062592000.0,63.317,-1831807000.0
16,DISH,MRQ,2017-06-30,2017-06-30,2017-06-30,2021-08-25,5632000.0,29917559000.0,,3713032000.0,26204527000.0,,11.24,-97488000.0,2365893000.0,2365893000.0,2428891000.0,58762000.0,0.629,4.645,17248028000.0,2140980000.0,15107048000.0,17248028000.0,1212025000.0,211671000.0,0.0,0.0,0.0,249071000.0,460742000.0,0.126,460742000.0,249071000.0,222802000.0,0.09,0.09,0.09,5237874000.0,,5237874000.0,39693302543.0,20.0,14.049,458841000.0,0.985,1.0,1214741000.0,0.333,0.0,26269000.0,38898089000.0,,373676000.0,221743000.0,20560000.0,201183000.0,24328991000.0,5901605000.0,18427386000.0,29240437543.0,-4424832000.0,0.0,10404000.0,-10924000.0,0.0,-520000.0,-4980641000.0,1160000.0,556329000.0,0.0,40116000.0,40116000.0,40116000.0,0.0,18646000.0,0.011,962638000.0,252103000.0,328098000.0,0.0,5.583,26.832,26.821,2447945000.0,0.0,62.76,1.97,1.97,737029000.0,1952522000.0,3643632000.0,3643632000.0,0.0,,,,,5089000.0,455272000.0,1.0,465908820.0,466019000,466935000.0,7.819,29917559000.0,0.0,182686000.0,2851441000.0,64.198,-2188573000.0
17,DISH,MRQ,2017-03-31,2017-03-31,2017-03-31,2021-08-25,4884000.0,29448199000.0,,9596631000.0,19851568000.0,,11.084,-114899000.0,6782252000.0,6782252000.0,2447342000.0,390075000.0,2.1,4.644,17235117000.0,942451000.0,16292666000.0,17235117000.0,1217706000.0,204630000.0,0.0,0.0,0.0,611997000.0,816627000.0,0.222,816627000.0,611997000.0,582827000.0,0.81,0.76,0.81,5158478000.0,,5158478000.0,40700480778.0,17.0,12.39,821868000.0,1.766,1.0,1233019000.0,0.335,0.0,29170000.0,35330935000.0,,421512000.0,225623000.0,20651000.0,204972000.0,23957674000.0,4570129000.0,19387545000.0,29545305778.0,1465697000.0,0.0,6374000.0,984680000.0,0.0,983956000.0,-455026000.0,-71094000.0,936767000.0,0.0,375715000.0,375715000.0,375715000.0,0.0,14360000.0,0.102,625699000.0,607320000.0,556319000.0,0.0,5.728,20.048,20.092,2550259000.0,0.0,63.49,1.961,1.961,704246000.0,1912406000.0,3680361000.0,3680361000.0,0.0,,,,,6774000.0,421069000.0,1.0,465353690.0,465412000,514443000.0,7.908,29448199000.0,0.0,207112000.0,2630735000.0,63.273,5026502000.0
18,DISH,MRQ,2016-12-31,2016-12-31,2016-12-31,2021-08-25,781000.0,27914292000.0,,8280387000.0,19633905000.0,,9.919,-144382000.0,5324503000.0,5324503000.0,2438578000.0,367804000.0,1.803,4.982,16483639000.0,941903000.0,15541736000.0,16483639000.0,1237224000.0,230053000.0,0.0,0.0,0.0,574061000.0,804114000.0,0.214,804114000.0,574061000.0,544744000.0,0.76,0.72,0.76,4613549000.0,,4613549000.0,38626911605.0,16.0,11.572,518403000.0,1.115,1.0,1314187000.0,0.35,0.0,29317000.0,34480596000.0,,422349000.0,151224000.0,35616000.0,115608000.0,22983335000.0,4592832000.0,18390503000.0,26939481605.0,540146000.0,0.0,6439000.0,-11093000.0,0.0,7270000.0,-129909000.0,172352000.0,662785000.0,0.0,355493000.0,355493000.0,355493000.0,0.0,12311000.0,0.095,741288000.0,572899000.0,524704000.0,0.0,5.839,17.984,17.991,2654271000.0,0.0,57.93,1.771,1.77,777908000.0,1536691000.0,3752765000.0,3752765000.0,0.0,,,,,2507000.0,490087000.0,1.0,465035070.0,465119000,512296000.0,8.068,27914292000.0,0.0,189251000.0,2385525000.0,60.015,3687555000.0
19,DISH,MRQ,2016-09-30,2016-09-30,2016-09-30,2021-08-25,657000.0,27576509000.0,,7900988000.0,19675521000.0,,9.233,-149907000.0,4784300000.0,4784300000.0,2427441000.0,332975000.0,1.721,5.351,16471730000.0,937486000.0,15534244000.0,16471730000.0,1276674000.0,223998000.0,0.0,0.0,0.0,519913000.0,743911000.0,0.197,743911000.0,519913000.0,500204000.0,0.68,0.67,0.68,4292552000.0,,4292552000.0,36352723585.0,20.0,13.554,449905000.0,0.968,1.0,1340031000.0,0.356,0.0,19709000.0,34673798000.0,,479404000.0,583667000.0,176936000.0,406731000.0,22967670000.0,4590141000.0,18377529000.0,25465014585.0,1434787000.0,0.0,380343000.0,2961808000.0,0.0,2715786000.0,-1880811000.0,-75974000.0,599812000.0,0.0,318452000.0,318452000.0,318452000.0,0.0,14523000.0,0.085,817369000.0,522662000.0,610931000.0,0.0,5.932,23.745,23.921,2666352000.0,0.0,54.78,1.654,1.654,815873000.0,1009367000.0,3767472000.0,3767472000.0,0.0,,,,,6785000.0,593371000.0,1.0,464859704.0,464927000,492969000.0,8.103,27576509000.0,0.0,181752000.0,2382554000.0,59.314,3310847000.0
20,DISH,MRQ,2016-06-30,2016-06-30,2016-06-30,2021-08-25,2390000.0,24449795000.0,,4913071000.0,19536724000.0,,7.575,-158566000.0,3349364000.0,3349364000.0,2453130000.0,438062000.0,1.306,5.858,14237073000.0,35513000.0,14201560000.0,14237073000.0,1284436000.0,239585000.0,0.0,0.0,0.0,680688000.0,920273000.0,0.238,920273000.0,680688000.0,677278000.0,0.91,0.91,0.91,3520938000.0,,3520938000.0,35893141510.0,21.0,13.504,505048000.0,1.087,1.0,1411461000.0,0.365,0.0,3410000.0,31576711000.0,,475193000.0,544674000.0,137929000.0,406745000.0,20624993000.0,3760793000.0,16864200000.0,24350974510.0,2640301000.0,0.0,4387000.0,1989490000.0,0.0,1968588000.0,8099000.0,9594000.0,663614000.0,0.0,424103000.0,424103000.0,424103000.0,0.0,13959000.0,0.11,771179000.0,640282000.0,575202000.0,0.0,6.916,25.62,25.813,2750804000.0,0.0,52.4,1.585,1.586,861176000.0,701941000.0,3864591000.0,3864591000.0,0.0,,,,,-732000.0,531594000.0,1.0,464713254.0,464803000,465640000.0,8.314,24449795000.0,0.0,253175000.0,2233378000.0,52.602,1152278000.0
21,DISH,MRQ,2016-03-31,2016-03-31,2016-03-31,2021-08-25,19607000.0,22009374000.0,,2557501000.0,19451873000.0,,6.725,-161200000.0,708972000.0,708972000.0,2439096000.0,411944000.0,0.665,5.952,12251139000.0,35199000.0,12215940000.0,12251139000.0,1259742000.0,227566000.0,0.0,0.0,0.0,642236000.0,869802000.0,0.227,869802000.0,642236000.0,641531000.0,0.86,0.86,0.86,3123034000.0,,3123034000.0,34176669732.0,20.0,12.821,766836000.0,1.651,1.0,1388378000.0,0.363,0.0,705000.0,29706568000.0,,455257000.0,568379000.0,161634000.0,406745000.0,18589035000.0,3844973000.0,14744062000.0,21473902732.0,-344127000.0,0.0,3056000.0,-1510348000.0,0.0,-1537714000.0,265551000.0,417610000.0,928036000.0,0.0,399891000.0,399891000.0,399891000.0,0.0,12053000.0,0.104,804960000.0,583418000.0,561347000.0,0.0,6.876,25.24,25.418,2845840000.0,0.0,46.26,1.401,1.401,806091000.0,291477000.0,3827474000.0,3827474000.0,0.0,,,,,4477000.0,577394000.0,1.0,464200232.0,464375000,465219000.0,8.242,22009374000.0,0.0,241640000.0,2137747000.0,47.396,-1287472000.0
22,DISH,MRQ,2015-12-31,2015-12-31,2015-12-31,2021-08-25,61981000.0,22886710000.0,,3543243000.0,19343467000.0,,5.927,-129514000.0,1053158000.0,1053158000.0,2509261000.0,-46162000.0,0.686,7.223,13755925000.0,1534000000.0,12221925000.0,13755925000.0,1254685000.0,202062000.0,0.0,0.0,0.0,-54076000.0,147986000.0,0.038,147986000.0,-54076000.0,-96259000.0,-0.16,-0.15,-0.16,2748787000.0,,2748787000.0,39005022908.0,23.0,14.702,99572000.0,0.215,1.0,1426014000.0,0.362,0.0,42183000.0,30426537000.0,,390328000.0,967535000.0,557911000.0,409624000.0,19854680000.0,5162940000.0,14691740000.0,26487788908.0,-191046000.0,0.0,12583000.0,-13376000.0,0.0,-15134000.0,-404998000.0,-201285000.0,229086000.0,0.0,-70013000.0,-70013000.0,-70013000.0,0.0,23851000.0,-0.018,1457212000.0,-31198000.0,470226000.0,0.0,9.636,33.012,33.052,2924180000.0,0.0,57.18,1.74,1.739,864028000.0,1471084000.0,3935275000.0,3935275000.0,0.0,,,,,1485000.0,592943000.0,1.0,463235203.0,463760000,464994000.0,8.486,22886710000.0,0.0,-26246000.0,2084789000.0,49.35,-1619697000.0
23,DISH,MRQ,2015-09-30,2015-09-30,2015-09-30,2021-08-25,72200000.0,23102959000.0,,13625813000.0,9477146000.0,,6.166,-195632000.0,1244381000.0,1244381000.0,2396372000.0,202610000.0,2.588,6.994,13761615000.0,1533339000.0,12228276000.0,13761615000.0,1302056000.0,252197000.0,0.0,0.0,0.0,467644000.0,719841000.0,0.193,719841000.0,467644000.0,324810000.0,0.42,0.42,0.42,2855912000.0,,2855912000.0,40093818275.0,18.0,12.05,585249000.0,1.264,1.0,1337193000.0,0.358,0.0,142834000.0,30354282000.0,,408624000.0,778396000.0,368651000.0,409745000.0,19973097000.0,5265911000.0,14707186000.0,27020393275.0,550132000.0,0.0,3284000.0,-8417000.0,0.0,-3891000.0,-226858000.0,28066000.0,780881000.0,0.0,196479000.0,196479000.0,196479000.0,0.0,6131000.0,0.053,895473000.0,441720000.0,444984000.0,0.0,9.461,21.072,21.061,3754714000.0,0.0,58.34,1.805,1.805,905141000.0,1596379000.0,3733565000.0,3733565000.0,0.0,,,,,2891000.0,643276000.0,1.0,463153810.0,463190000,464702000.0,8.061,23102959000.0,25667000.0,128331000.0,2071574000.0,49.878,8359902000.0
24,DISH,MRQ,2015-06-30,2015-06-30,2015-06-30,2021-08-25,82165000.0,22762688000.0,,13278283000.0,9484405000.0,,5.763,-197742000.0,694249000.0,694249000.0,2453785000.0,332326000.0,2.501,7.437,13767674000.0,1532556000.0,12235118000.0,13767674000.0,1226465000.0,262886000.0,0.0,0.0,0.0,665178000.0,928064000.0,0.242,928064000.0,665178000.0,512427000.0,0.7,0.7,0.7,2667858000.0,,2667858000.0,44709127993.0,21.0,13.857,359817000.0,0.777,1.0,1378640000.0,0.36,0.0,152751000.0,30526878000.0,,466200000.0,815495000.0,401261000.0,414234000.0,19840254000.0,5309235000.0,14531019000.0,31336100993.0,-355648000.0,0.0,11656000.0,-657938000.0,0.0,-640571000.0,-272636000.0,-8830000.0,557559000.0,0.0,324423000.0,324423000.0,324423000.0,0.0,7903000.0,0.085,844653000.0,533987000.0,447141000.0,0.0,11.746,25.448,25.36,3770469000.0,0.0,67.71,2.101,2.101,1018709000.0,1399900000.0,3832425000.0,3832425000.0,0.0,,,,,7114000.0,581767000.0,1.0,462798715.0,462929000,464635000.0,8.279,22762688000.0,25667000.0,188004000.0,2000991000.0,49.171,7969048000.0
25,DISH,MRQ,2015-03-31,2015-03-31,2015-03-31,2021-08-25,79031000.0,22925205000.0,,13413600000.0,9511605000.0,,4.957,-212110000.0,1049897000.0,1049897000.0,2389054000.0,353252000.0,2.264,8.901,14422924000.0,2182175000.0,12240749000.0,14422924000.0,1201121000.0,246212000.0,0.0,0.0,0.0,610879000.0,857091000.0,0.23,857091000.0,610879000.0,454566000.0,0.76,0.76,0.76,2290609000.0,,2290609000.0,39715072011.0,20.0,12.987,679487000.0,1.47,1.0,1335174000.0,0.359,0.0,156313000.0,30373569000.0,,484747000.0,763380000.0,349146000.0,414234000.0,20387987000.0,5924663000.0,14463324000.0,32355788011.0,-6054599000.0,0.0,6345000.0,-7116000.0,0.0,211396000.0,-7157592000.0,1788953000.0,891597000.0,0.0,351485000.0,351485000.0,351485000.0,0.0,1767000.0,0.094,851311000.0,483863000.0,468602000.0,0.0,14.125,28.883,28.831,3786400000.0,0.0,70.06,2.19,2.191,928511000.0,1075477000.0,3724228000.0,3724228000.0,0.0,,,,,7709000.0,605099000.0,1.0,461829689.0,462090000,464046000.0,8.06,22925205000.0,25667000.0,103081000.0,1938598000.0,49.612,7488937000.0
26,DISH,MRQ,2014-12-31,2014-12-31,2014-12-31,2021-08-25,174507000.0,22045541000.0,,12552067000.0,9493474000.0,,4.362,-84405000.0,7104496000.0,7104496000.0,2214105000.0,407921000.0,3.052,9.931,14427526000.0,681467000.0,13746059000.0,14427526000.0,1167654000.0,286931000.0,0.0,0.0,0.0,535368000.0,822299000.0,0.223,822299000.0,535368000.0,396327000.0,0.89,0.88,0.89,2013009000.0,,2013009000.0,42216569998.0,23.0,14.504,537046000.0,1.164,1.0,1467614000.0,0.399,0.0,139041000.0,25256046000.0,,493754000.0,2545979000.0,2131745000.0,414234000.0,19991909000.0,4112525000.0,15879384000.0,33596115998.0,2353940000.0,0.0,13582000.0,1084170000.0,0.0,1132702000.0,599787000.0,2151378000.0,621451000.0,0.0,409930000.0,409930000.0,409930000.0,0.0,-2009000.0,0.111,932714000.0,534900000.0,416993000.0,0.0,16.69,35.563,35.556,3773539000.0,0.0,72.89,2.294,2.29,951493000.0,723992000.0,3681719000.0,3681719000.0,0.0,,,,,9195000.0,645783000.0,1.0,460915297.0,461440000,464097000.0,7.979,22045541000.0,0.0,-13603000.0,1857044000.0,47.776,8439542000.0
27,DISH,MRQ,2014-09-30,2014-09-30,2014-09-30,2021-08-25,166832000.0,21123431000.0,,11413787000.0,9709644000.0,,3.35,-316846000.0,4750556000.0,4750556000.0,2338053000.0,143035000.0,2.088,12.669,13371010000.0,1581401000.0,11789609000.0,13371010000.0,1222723000.0,269890000.0,0.0,0.0,0.0,349013000.0,618903000.0,0.168,618903000.0,349013000.0,205608000.0,0.32,0.31,0.32,1543703000.0,,1543703000.0,39083290550.0,20.0,13.039,318678000.0,0.692,1.0,1341298000.0,0.365,0.0,143405000.0,24277138000.0,,528011000.0,5079481000.0,4521549000.0,557932000.0,19557126000.0,5466747000.0,14090379000.0,29749104550.0,623197000.0,0.0,7656000.0,-106685000.0,0.0,-85303000.0,72976000.0,387521000.0,635524000.0,0.0,145519000.0,145519000.0,145519000.0,0.0,-2484000.0,0.04,952789000.0,388509000.0,545476000.0,0.0,19.271,36.156,36.078,3802802000.0,0.0,64.58,2.052,2.052,1027793000.0,314062000.0,3679351000.0,3679351000.0,0.0,,,,,4314000.0,682899000.0,1.0,460655072.0,460754000,463202000.0,7.985,21123431000.0,190115000.0,60089000.0,1976738000.0,45.845,5947040000.0
28,DISH,MRQ,2014-06-30,2014-06-30,2014-06-30,2021-08-25,190129000.0,20768696000.0,,11093667000.0,9675029000.0,,3.104,-299765000.0,4127359000.0,4127359000.0,2315358000.0,207129000.0,2.09,13.546,13461545000.0,1665979000.0,11795566000.0,13461545000.0,1119456000.0,271895000.0,0.0,0.0,0.0,487974000.0,759869000.0,0.206,759869000.0,487974000.0,335205000.0,0.46,0.46,0.46,1427244000.0,,1427244000.0,39304197240.0,18.0,12.383,167486000.0,0.364,1.0,1372761000.0,0.372,0.0,152769000.0,24794691000.0,,528336000.0,5342388000.0,4775772000.0,566616000.0,19332765000.0,5308191000.0,14024574000.0,29872399240.0,-41328000.0,0.0,23682000.0,-109090000.0,0.0,-67337000.0,-441242000.0,-38687000.0,467251000.0,0.0,213313000.0,213313000.0,213313000.0,0.0,-6184000.0,0.058,918017000.0,454744000.0,500205000.0,0.0,20.93,30.108,30.13,3746741000.0,0.0,65.08,2.085,2.089,972784000.0,168543000.0,3688119000.0,3688119000.0,0.0,,,,,10781000.0,646122000.0,1.0,459010437.0,459863000,462607000.0,8.02,20768696000.0,230000000.0,121892000.0,1988315000.0,45.163,5785476000.0
29,DISH,MRQ,2014-03-31,2014-03-31,2014-03-31,2021-08-25,184397000.0,20550786000.0,,12588779000.0,7962007000.0,,2.465,-300845000.0,4168687000.0,4168687000.0,2246421000.0,170817000.0,2.715,17.176,13600485000.0,1030253000.0,12570232000.0,13600485000.0,1123289000.0,249220000.0,0.0,0.0,0.0,460387000.0,709607000.0,0.197,709607000.0,460387000.0,284393000.0,0.38,0.38,0.38,1129840000.0,,1129840000.0,37464382207.0,21.0,12.998,353053000.0,0.77,1.0,1347777000.0,0.375,0.0,175994000.0,25345963000.0,,522890000.0,5357991000.0,4792792000.0,565199000.0,19406103000.0,4636621000.0,14769482000.0,28513520207.0,-540495000.0,0.0,6014000.0,-7724000.0,0.0,205000.0,-1194598000.0,284434000.0,653898000.0,0.0,175931000.0,175931000.0,175931000.0,0.0,-5114000.0,0.049,901479000.0,446298000.0,543813000.0,0.0,25.237,37.135,37.03,3703846000.0,0.0,62.21,2.019,2.019,939813000.0,-44770000.0,3594198000.0,3594198000.0,0.0,,,,,9863000.0,652259000.0,1.0,458343035.0,458422000,461361000.0,7.84,20550786000.0,178498000.0,108462000.0,1951987000.0,44.829,7952158000.0
30,DISH,MRQ,2013-12-31,2013-12-31,2013-12-31,2021-08-25,173872000.0,20356430000.0,,12313446000.0,8042984000.0,,2.133,-205451000.0,4700022000.0,4700022000.0,2163474000.0,283154000.0,2.705,19.814,13631686000.0,1034893000.0,12596793000.0,13631686000.0,1088875000.0,266178000.0,0.0,0.0,0.0,642966000.0,909144000.0,0.257,909144000.0,642966000.0,463662000.0,0.63,0.63,0.63,977080000.0,,977080000.0,35833886731.0,19.0,12.33,434698000.0,0.949,1.0,1375066000.0,0.389,0.0,179304000.0,24736445000.0,,512707000.0,5285516000.0,5039382000.0,246134000.0,19359425000.0,4551649000.0,14807776000.0,26516015731.0,-84271000.0,0.0,9914000.0,-459918000.0,0.0,-446372000.0,-278191000.0,342572000.0,640149000.0,143000.0,288038000.0,288038000.0,288038000.0,7097000.0,-4884000.0,0.081,924109000.0,450957000.0,636955000.0,0.0,27.138,32.837,32.723,4097711000.0,0.0,57.92,1.907,1.9,957518000.0,-220701000.0,3538540000.0,3538540000.0,0.0,,,,,4433000.0,657931000.0,1.0,457804139.0,458060000,461476000.0,7.725,20356430000.0,247885000.0,175624000.0,1945690000.0,44.441,7761797000.0
31,DISH,MRQ,2013-09-30,2013-09-30,2013-09-30,2021-08-25,205081000.0,20345240000.0,,12338988000.0,8006252000.0,,1.533,-318570000.0,4793453000.0,4793453000.0,2143846000.0,310990000.0,3.145,27.985,14111324000.0,487039000.0,13624285000.0,14111324000.0,1133908000.0,253036000.0,0.0,0.022,0.0,542432000.0,795468000.0,0.227,795468000.0,542432000.0,353048000.0,0.69,0.68,0.69,701064000.0,,701064000.0,30629566646.0,18.0,11.277,82479000.0,0.18,1.0,1361175000.0,0.388,0.0,189384000.0,25740039000.0,,580714000.0,5745851000.0,5508737000.0,237114000.0,19619404000.0,3923072000.0,15696332000.0,20554519646.0,699631000.0,0.0,29527000.0,-46146000.0,0.0,-16862000.0,315482000.0,-163477000.0,401049000.0,-38000.0,314908000.0,314908000.0,314908000.0,32334000.0,-3918000.0,0.09,940781000.0,420394000.0,601541000.0,0.0,29.319,28.213,27.957,4055871000.0,0.0,45.01,1.597,1.599,928851000.0,-508739000.0,3505021000.0,3505021000.0,0.0,,,,,10651000.0,687745000.0,1.0,456665622.0,457377000,460715000.0,7.663,20345240000.0,234736000.0,38140000.0,1801081000.0,44.482,8415916000.0
32,DISH,MRQ,2013-06-30,2013-06-30,2013-06-30,2021-08-25,214533000.0,20065801000.0,,12161891000.0,7903910000.0,,0.755,-281619000.0,4093822000.0,4093822000.0,2081610000.0,-15074000.0,3.031,57.27,14168869000.0,535837000.0,13633032000.0,14168869000.0,1273628000.0,304642000.0,0.0,0.024,0.0,163372000.0,468014000.0,0.134,468014000.0,163372000.0,-51409000.0,-0.02,-0.02,-0.02,343915000.0,,343915000.0,28281218914.0,28.0,14.197,263186000.0,0.578,1.0,1404164000.0,0.403,0.0,214781000.0,26128948000.0,,577288000.0,5658493000.0,5433340000.0,225153000.0,19696113000.0,4011900000.0,15684213000.0,19332427914.0,1162980000.0,0.0,26184000.0,2276674000.0,0.0,2311991000.0,-1693639000.0,-1296763000.0,544805000.0,-177000.0,-11052000.0,-11052000.0,-11052000.0,6354000.0,-4022000.0,-0.003,1378953000.0,25211000.0,616101000.0,0.0,56.213,75.757,74.596,3990025000.0,0.0,42.52,1.5,1.503,902227000.0,-823647000.0,3485774000.0,3485774000.0,0.0,,,,,3888000.0,636736000.0,1.0,454666696.0,455452000,455452000.0,7.653,20065801000.0,191313000.0,-40357000.0,1664891000.0,44.057,8149991000.0
33,DISH,MRQ,2013-03-31,2013-03-31,2013-03-31,2021-08-25,203689000.0,17654399000.0,,9336561000.0,8317838000.0,,0.64,-310933000.0,2930842000.0,2930842000.0,2046326000.0,210676000.0,2.411,59.787,11879633000.0,536404000.0,11343229000.0,11879633000.0,1306098000.0,230170000.0,0.0,0.026,0.0,503533000.0,733703000.0,0.217,733703000.0,503533000.0,342017000.0,0.48,0.47,0.48,289936000.0,,289936000.0,25449064524.0,19.0,11.044,375529000.0,0.829,1.0,1329204000.0,0.394,0.0,161516000.0,22730630000.0,,571383000.0,4380558000.0,4164228000.0,216330000.0,17334445000.0,3872560000.0,13461885000.0,17167104524.0,-675298000.0,0.0,10887000.0,-8479000.0,0.0,2748000.0,-1364736000.0,-1006043000.0,686462000.0,228000.0,215598000.0,215598000.0,215598000.0,1558000.0,-4922000.0,0.064,877587000.0,451617000.0,576926000.0,0.0,59.21,34.894,34.771,4455415000.0,0.0,37.9,1.323,1.324,876460000.0,-812595000.0,3375530000.0,3375530000.0,0.0,,,,,10758000.0,637169000.0,1.0,452957903.0,453242000,456192000.0,7.448,17654399000.0,119737000.0,126419000.0,1715917000.0,38.951,5464001000.0
34,DISH,MRQ,2012-12-31,2012-12-31,2012-12-31,2021-08-25,188803000.0,17379608000.0,,9059153000.0,8320455000.0,,0.081,-263409000.0,3573742000.0,3573742000.0,1710719000.0,203347000.0,2.308,469.471,11887684000.0,537285000.0,11350399000.0,11887684000.0,1187169000.0,221264000.0,0.0,0.027,1.0,497730000.0,718994000.0,0.287,718994000.0,497730000.0,352626000.0,0.46,0.46,0.46,36867000.0,,36867000.0,23735167041.0,16.0,9.612,-285576000.0,-0.631,1.0,793633000.0,0.317,0.0,145104000.0,21769083000.0,,465584000.0,3884331000.0,3631637000.0,252694000.0,17307980000.0,3924467000.0,13383513000.0,16432075041.0,518501000.0,0.0,33448000.0,1485944000.0,-452890000.0,1068788000.0,-528060000.0,-251261000.0,-22167000.0,-60000.0,209106000.0,209106000.0,209106000.0,37179000.0,-5759000.0,0.083,303009000.0,490624000.0,511433000.0,2.174,445.712,25.809,25.816,4366629000.0,0.0,36.4,1.247,1.243,860715000.0,-1028193000.0,2504352000.0,2504352000.0,0.0,,,,,2370000.0,113517000.0,1.0,451430633.0,452415000,454639000.0,5.536,17379608000.0,204375000.0,143520000.0,1674635000.0,38.415,5134686000.0
35,DISH,MRQ,2012-09-30,2012-09-30,2012-09-30,2021-08-25,57809000.0,16514257000.0,,8335918000.0,8178339000.0,,0.242,-261740000.0,3087639000.0,3087639000.0,2033768000.0,-163329000.0,2.013,149.908,10390731000.0,33932000.0,10356799000.0,10390731000.0,1094198000.0,235403000.0,0.0,0.065,0.0,-164026000.0,71377000.0,0.02,71377000.0,-164026000.0,-307844000.0,-0.35,-0.35,-0.35,109165000.0,,109165000.0,20598197263.0,13.0,8.016,424238000.0,0.941,1.0,1489579000.0,0.423,0.0,143818000.0,19675284000.0,,628817000.0,3561001000.0,3312437000.0,248564000.0,16364673000.0,4142065000.0,12222608000.0,13794421263.0,491945000.0,0.0,11552000.0,993233000.0,0.0,1006587000.0,-1201694000.0,-899268000.0,685978000.0,1074000.0,-158461000.0,-158461000.0,-158461000.0,0.0,-4868000.0,-0.045,1762608000.0,-273029000.0,480456000.0,0.0,126.363,18.635,18.44,4368488000.0,0.0,30.61,1.035,1.035,821210000.0,-784409000.0,3523347000.0,3523347000.0,0.0,,,,,6758000.0,785833000.0,1.0,450650809.0,451042000,451042000.0,7.812,16514257000.0,82023000.0,-149383000.0,1623021000.0,36.614,4193853000.0
36,DISH,MRQ,2012-06-30,2012-06-30,2012-06-30,2021-08-25,-19063000.0,14521163000.0,,6497028000.0,8024135000.0,,0.38,-251257000.0,2595694000.0,2595694000.0,2060808000.0,225596000.0,1.848,83.773,9399470000.0,34498000.0,9364972000.0,9399470000.0,1049558000.0,299119000.0,0.0,0.07,0.0,481244000.0,780363000.0,0.218,780363000.0,481244000.0,371943000.0,0.5,0.5,0.5,171282000.0,,171282000.0,18993872570.0,8.0,5.617,238257000.0,0.529,1.0,1510958000.0,0.423,0.0,109301000.0,17809242000.0,,647222000.0,2483981000.0,2243493000.0,240488000.0,14348785000.0,3515697000.0,10833088000.0,12842134570.0,1237026000.0,0.0,44101000.0,1879945000.0,0.0,1928771000.0,-1180223000.0,-914002000.0,489514000.0,-1036000.0,225732000.0,225732000.0,225732000.0,0.0,-136000.0,0.063,1042606000.0,468352000.0,465258000.0,0.0,74.977,10.545,10.458,4347672000.0,0.0,28.55,0.957,0.958,830826000.0,-625948000.0,3571766000.0,3571766000.0,0.0,,,,,7017000.0,734309000.0,1.0,449812069.0,450292000,453077000.0,7.932,14521163000.0,44417000.0,146211000.0,1259928000.0,32.248,2981331000.0
37,DISH,MRQ,2012-03-31,2012-03-31,2012-03-31,2021-08-25,55430000.0,12409512000.0,,4349477000.0,8060035000.0,,-0.127,-168928000.0,1358668000.0,1358668000.0,2013368000.0,360126000.0,1.218,-219.587,7510406000.0,35980000.0,7474426000.0,7510406000.0,1064020000.0,208698000.0,0.0,0.061,0.0,689966000.0,898664000.0,0.251,898664000.0,689966000.0,551953000.0,0.81,0.8,0.81,-56766000.0,,-56766000.0,21607780100.0,8.0,6.096,689622000.0,1.542,1.0,1568501000.0,0.438,0.0,138013000.0,14990131000.0,,670008000.0,1589767000.0,1334546000.0,255221000.0,12465095000.0,3571119000.0,8893976000.0,14723109100.0,749560000.0,-40015000.0,5751000.0,-8458000.0,0.0,-1662000.0,-109237000.0,137551000.0,858550000.0,1909000.0,360310000.0,360310000.0,360310000.0,0.0,-184000.0,0.101,996090000.0,572411000.0,523765000.0,0.0,-259.365,11.097,11.05,4313678000.0,0.0,32.93,1.096,1.097,776567000.0,-851680000.0,3581869000.0,3581869000.0,0.0,,,,,23182000.0,775713000.0,1.0,447103222.0,447289000,449880000.0,8.008,12409512000.0,73014000.0,191643000.0,1188206000.0,27.744,778358000.0
38,DISH,MRQ,2011-12-31,2011-12-31,2011-12-31,2021-08-25,82043000.0,11470231000.0,,3747823000.0,7722408000.0,,-0.941,-166246000.0,609108000.0,609108000.0,1647470000.0,312436000.0,1.164,-28.283,7493779000.0,35645000.0,7458134000.0,7493779000.0,1068565000.0,216311000.0,0.0,0.07,2.0,603002000.0,819313000.0,0.308,819313000.0,603002000.0,464380000.0,0.7,0.69,0.7,-420370000.0,,-420370000.0,20068913944.0,7.0,5.177,416476000.0,0.932,1.0,1009650000.0,0.38,0.0,138622000.0,15134391000.0,,707151000.0,2973926000.0,1431745000.0,1542181000.0,11889234000.0,3220511000.0,8668723000.0,12706947944.0,-436408000.0,-119164000.0,13071000.0,-920766000.0,-893278000.0,-1798492000.0,779157000.0,1097104000.0,582722000.0,205000.0,312654000.0,312654000.0,312654000.0,6796000.0,-218000.0,0.118,406641000.0,603009000.0,455408000.0,2.857,-30.228,8.382,8.376,3169891000.0,0.0,28.48,0.972,0.97,794817000.0,-1211990000.0,2657120000.0,2657120000.0,0.0,,,,,5618000.0,180312000.0,1.0,446170925.0,446634000,448032000.0,5.949,11470231000.0,73014000.0,151726000.0,974414000.0,25.681,527312000.0
39,DISH,MRQ,2011-09-30,2011-09-30,2011-09-30,2021-08-25,44875000.0,13035490000.0,,5423292000.0,7612198000.0,,0.228,-191168000.0,1045516000.0,1045516000.0,1961459000.0,318978000.0,1.332,127.096,8407482000.0,945886000.0,7461596000.0,8407482000.0,1067213000.0,229146000.0,0.0,0.0,0.0,653785000.0,882931000.0,0.245,882931000.0,653785000.0,498184000.0,0.72,0.71,0.72,101751000.0,,101751000.0,17821225097.0,6.0,4.675,541643000.0,1.214,1.0,1641192000.0,0.456,0.0,155601000.0,16325553000.0,,667490000.0,3833047000.0,2319146000.0,1513901000.0,12932155000.0,4071903000.0,8860252000.0,11175029097.0,-809734000.0,-11138000.0,3027000.0,-93964000.0,0.0,-90571000.0,-1448454000.0,35617000.0,732811000.0,-3520000.0,319099000.0,319099000.0,319099000.0,0.0,-121000.0,0.089,1016353000.0,624839000.0,514455000.0,0.0,109.827,7.68,7.637,3184594000.0,0.0,25.05,0.82,0.82,825417000.0,-631366000.0,3602651000.0,3602651000.0,0.0,,,,,6700000.0,777438000.0,1.0,446108946.0,446133000,447731000.0,8.075,13035490000.0,211432000.0,179085000.0,1156434000.0,29.219,1351389000.0
40,DISH,MRQ,2011-06-30,2011-06-30,2011-06-30,2021-08-25,177888000.0,12827702000.0,,6412775000.0,6414927000.0,,-0.212,-169792000.0,1855250000.0,1855250000.0,1933720000.0,334838000.0,1.509,-137.011,8501446000.0,1030492000.0,7470954000.0,8501446000.0,1050387000.0,237049000.0,0.0,0.0,0.0,706511000.0,943560000.0,0.263,943560000.0,706511000.0,562947000.0,0.75,0.75,0.75,-94301000.0,,-94301000.0,18983331263.0,7.0,5.193,244258000.0,0.548,1.0,1656441000.0,0.461,0.0,143564000.0,15225288000.0,,568657000.0,4261468000.0,2737692000.0,1523776000.0,12920307000.0,4248610000.0,8671697000.0,13640508263.0,691728000.0,-1157358000.0,20301000.0,1963731000.0,0.0,1987640000.0,-1709166000.0,-318530000.0,414050000.0,-796000.0,334760000.0,334760000.0,334760000.0,0.0,78000.0,0.093,938659000.0,717782000.0,471496000.0,0.0,-144.649,9.878,9.862,3221685000.0,0.0,30.67,1.031,1.033,830906000.0,-950465000.0,3590161000.0,3590161000.0,0.0,,,,,3718000.0,668063000.0,1.0,444750840.0,445579000,447297000.0,8.057,12827702000.0,231007000.0,228187000.0,989960000.0,28.789,2164165000.0
41,DISH,MRQ,2011-03-31,2011-03-31,2011-03-31,2021-08-25,154861000.0,10280613000.0,,4996755000.0,5283858000.0,,-1.137,-232952000.0,1163522000.0,1163522000.0,1824875000.0,549326000.0,1.164,-21.391,6506345000.0,1027622000.0,5478723000.0,6506345000.0,1051632000.0,229697000.0,0.0,0.0,0.0,1001340000.0,1231037000.0,0.382,1231037000.0,1001340000.0,881161000.0,1.24,1.22,1.24,-504090000.0,,-504090000.0,16673200913.0,7.0,4.757,611343000.0,1.379,1.0,1399256000.0,0.434,0.0,120179000.0,11331763000.0,,427699000.0,2806190000.0,2250215000.0,555975000.0,10783085000.0,4291673000.0,6491412000.0,10798936913.0,522850000.0,-85125000.0,3596000.0,-8498000.0,0.0,-4580000.0,-316865000.0,1503000.0,844295000.0,0.0,549394000.0,549394000.0,549394000.0,0.0,-68000.0,0.17,415903000.0,983353000.0,370776000.0,0.0,-21.423,8.287,8.314,3255356000.0,0.0,24.36,0.843,0.843,740833000.0,-1285225000.0,3224131000.0,3224131000.0,0.0,,,,,15177000.0,516683000.0,1.0,443306113.0,443360000,448850000.0,7.272,10280613000.0,233645000.0,331767000.0,806856000.0,23.188,705082000.0
42,DISH,MRQ,2010-12-31,2010-12-31,2010-12-31,2021-08-25,93357000.0,9632153000.0,,4573393000.0,5058760000.0,,-2.559,-280939000.0,640672000.0,640672000.0,1828494000.0,251855000.0,1.016,-9.494,6514936000.0,1030895000.0,5484041000.0,6514936000.0,1018336000.0,236998000.0,0.0,0.0,0.0,517899000.0,754897000.0,0.235,754897000.0,517899000.0,399378000.0,0.57,0.56,0.57,-1133929000.0,,-1133929000.0,14511579891.0,7.0,4.868,324921000.0,0.733,1.0,1378085000.0,0.43,0.0,118521000.0,11007116000.0,,487575000.0,2668659000.0,2299705000.0,368954000.0,10765596000.0,4499301000.0,6266295000.0,8710565891.0,-73685000.0,0.0,1141000.0,-4931000.0,0.0,-3790000.0,-675755000.0,-395293000.0,605860000.0,0.0,251828000.0,251828000.0,251828000.0,0.0,27000.0,0.079,874703000.0,503382000.0,400764000.0,0.0,-7.682,8.846,8.896,3232348000.0,0.0,19.66,0.689,0.693,786053000.0,-1834619000.0,3206579000.0,3206579000.0,0.0,,,,,3061000.0,554200000.0,1.0,443060320.0,443093000,443663000.0,7.237,9632153000.0,216899000.0,147550000.0,567686000.0,21.738,74092000.0
43,DISH,MRQ,2010-09-30,2010-09-30,2010-09-30,2021-08-25,61462000.0,9292883000.0,,4323234000.0,4969649000.0,,-3.179,-295001000.0,714357000.0,714357000.0,1807104000.0,244978000.0,1.204,-7.558,6515371000.0,26170000.0,6489201000.0,6515371000.0,1039423000.0,242859000.0,0.0,0.104,0.0,483235000.0,726094000.0,0.226,726094000.0,483235000.0,374616000.0,0.55,0.55,0.55,-1416970000.0,,-1416970000.0,14799984234.0,8.0,5.18,123080000.0,0.276,1.0,1400624000.0,0.437,0.0,108619000.0,11503787000.0,,522838000.0,2259012000.0,1945194000.0,313818000.0,10709394000.0,3590110000.0,7119284000.0,8601861234.0,405910000.0,0.0,-91039000.0,-9199000.0,0.0,-100222000.0,88051000.0,383208000.0,418081000.0,0.0,244964000.0,244964000.0,244964000.0,0.0,14000.0,0.076,945967000.0,454657000.0,558348000.0,0.0,-6.071,9.434,9.417,3195564000.0,0.0,19.21,0.694,0.691,799559000.0,-2081504000.0,3207728000.0,3207728000.0,0.0,,,,,3116000.0,601898000.0,1.0,447780387.0,445662000,446332000.0,7.198,9292883000.0,147510000.0,129652000.0,403683000.0,20.852,733124000.0
44,DISH,MRQ,2010-06-30,2010-06-30,2010-06-30,2021-08-25,802000.0,9031019000.0,,4101505000.0,4929514000.0,,-3.529,-216909000.0,308447000.0,308447000.0,1777569000.0,256984000.0,1.174,-6.713,6506570000.0,28694000.0,6477876000.0,6506570000.0,1103323000.0,264446000.0,0.0,0.11,0.0,528402000.0,792848000.0,0.25,792848000.0,528402000.0,413712000.0,0.57,0.57,0.57,-1580752000.0,,-1580752000.0,14517927870.0,9.0,5.672,172938000.0,0.386,1.0,1391473000.0,0.439,0.0,114690000.0,11736199000.0,,464912000.0,2601567000.0,2286031000.0,315536000.0,10611326000.0,3492943000.0,7118383000.0,8128359870.0,208530000.0,0.0,3127000.0,-5701000.0,0.0,-2574000.0,-178743000.0,38284000.0,389847000.0,0.0,256990000.0,256990000.0,256990000.0,0.0,-6000.0,0.081,865663000.0,525810000.0,495636000.0,0.0,-5.142,10.876,10.868,3150962000.0,0.0,18.15,0.673,0.673,826793000.0,-2272652000.0,3169042000.0,3169042000.0,0.0,,,,,2894000.0,560406000.0,1.0,447843519.0,447986000,448868000.0,7.074,9031019000.0,144114000.0,156722000.0,357709000.0,20.159,608562000.0
45,DISH,MRQ,2010-03-31,2010-03-31,2010-03-31,2021-08-25,23605000.0,8688986000.0,,3774997000.0,4913989000.0,,-4.143,-320370000.0,99917000.0,99917000.0,1757742000.0,230915000.0,1.088,-5.695,6489485000.0,26629000.0,6462856000.0,6489485000.0,1157562000.0,239662000.0,0.0,0.096,0.0,467443000.0,707105000.0,0.231,707105000.0,467443000.0,354496000.0,0.52,0.52,0.52,-1850705000.0,,-1850705000.0,15688825318.0,12.0,6.999,405644000.0,0.908,1.0,1299653000.0,0.425,0.0,112947000.0,11608668000.0,,356149000.0,2661199000.0,2347958000.0,313241000.0,10539240000.0,3469886000.0,7069354000.0,9298105318.0,-5927000.0,0.0,-13788000.0,-7079000.0,0.0,-20867000.0,-711074000.0,-287682000.0,726014000.0,0.0,230947000.0,230947000.0,230947000.0,0.0,-32000.0,0.076,842674000.0,456979000.0,508893000.0,0.0,-5.024,16.789,16.79,3135077000.0,0.0,20.82,0.787,0.787,750963000.0,-2529642000.0,3057395000.0,3057395000.0,0.0,,,,,6316000.0,562833000.0,1.0,446594876.0,446732000,447530000.0,6.844,8688986000.0,147091000.0,123549000.0,289240000.0,19.45,305111000.0
46,DISH,MRQ,2009-12-31,2009-12-31,2009-12-31,2021-08-25,5614000.0,8295343000.0,,3475952000.0,4819391000.0,,-4.68,-312874000.0,105844000.0,105844000.0,1751658000.0,178806000.0,1.057,-4.965,6496564000.0,26518000.0,6470046000.0,6496564000.0,1132807000.0,243045000.0,0.0,0.096,2.0,387780000.0,630825000.0,0.213,630825000.0,387780000.0,273281000.0,0.4,0.4,0.4,-2092171000.0,,-2092171000.0,15253660959.0,11.0,6.515,-10060000.0,-0.023,1.0,1211324000.0,0.409,0.0,114499000.0,11398782000.0,,295950000.0,2345209000.0,2033492000.0,311717000.0,10387031000.0,3287281000.0,7099750000.0,9281408959.0,-49726000.0,0.0,2850000.0,345652000.0,-894150000.0,-517030000.0,164490000.0,477622000.0,302814000.0,0.0,178879000.0,178879000.0,178879000.0,0.0,-73000.0,0.06,856379000.0,354945000.0,520278000.0,5.0,-4.436,14.604,14.627,3042262000.0,0.0,20.77,0.796,0.796,779871000.0,-2760589000.0,2962982000.0,2962982000.0,0.0,,,,,3670000.0,571674000.0,1.0,446866103.0,447048000,449445000.0,6.628,8295343000.0,139708000.0,94402000.0,312775000.0,18.556,188671000.0
47,DISH,MRQ,2009-09-30,2009-09-30,2009-09-30,2021-08-25,-2123000.0,8658739000.0,,4007139000.0,4651600000.0,,-3.093,-257583000.0,155570000.0,155570000.0,1730959000.0,80493000.0,1.216,-7.265,6127822000.0,52193000.0,6075629000.0,6127822000.0,1198079000.0,228395000.0,0.0,0.0,0.0,200408000.0,428803000.0,0.148,428803000.0,200408000.0,101551000.0,0.18,0.18,0.18,-1381929000.0,,-1381929000.0,13619257451.0,9.0,5.628,388303000.0,0.869,1.0,1161188000.0,0.401,0.0,98857000.0,11334418000.0,,278118000.0,2788367000.0,2477882000.0,310485000.0,10040111000.0,3296573000.0,6743538000.0,8605462451.0,42709000.0,0.0,694000.0,991771000.0,0.0,963847000.0,-1567024000.0,-1309887000.0,645886000.0,0.0,80562000.0,80562000.0,80562000.0,0.0,-69000.0,0.028,966525000.0,194663000.0,559776000.0,0.0,-6.227,12.782,12.84,2869236000.0,0.0,19.26,0.74,0.74,819933000.0,-2036138000.0,2892147000.0,2892147000.0,0.0,,,,,1282000.0,597238000.0,1.0,446804904.0,446823000,447431000.0,6.473,8658739000.0,101867000.0,20989000.0,280442000.0,19.378,710566000.0
48,DISH,MRQ,2009-06-30,2009-06-30,2009-06-30,2021-08-25,-57714000.0,7265760000.0,,2784350000.0,4481410000.0,,-3.402,-214559000.0,112861000.0,112861000.0,1646368000.0,63420000.0,0.92,-5.78,5126656000.0,47866000.0,5078790000.0,5126656000.0,1203127000.0,245300000.0,0.0,0.0,0.0,229687000.0,474987000.0,0.164,474987000.0,229687000.0,138555000.0,0.14,0.14,0.14,-1519949000.0,,-1519949000.0,8610720296.0,5.0,3.357,130068000.0,0.291,1.0,1257333000.0,0.433,0.0,91132000.0,9254715000.0,,323104000.0,1447920000.0,1208054000.0,239866000.0,8785709000.0,3024840000.0,5760869000.0,7241279296.0,-151075000.0,0.0,782000.0,-6721000.0,0.0,-5939000.0,-489763000.0,-274675000.0,344627000.0,0.0,63420000.0,63420000.0,63420000.0,0.0,0.0,0.022,994574000.0,262759000.0,456266000.0,0.0,-4.764,10.578,10.664,2794368000.0,0.0,16.21,0.621,0.621,846604000.0,-2116700000.0,2903701000.0,2903701000.0,0.0,,,,,4066000.0,544151000.0,1.0,446716798.0,446752000,447421000.0,6.5,7265760000.0,110789000.0,75135000.0,289700000.0,16.264,-240490000.0
49,DISH,MRQ,2009-03-31,2009-03-31,2009-03-31,2021-08-25,-124211000.0,7063411000.0,,2589105000.0,4474306000.0,,-3.73,-252174000.0,263936000.0,263936000.0,1671334000.0,312684000.0,0.86,-5.237,1633377000.0,48400000.0,1584977000.0,1633377000.0,1191019000.0,223293000.0,0.0,0.0,0.0,583524000.0,806817000.0,0.278,806817000.0,583524000.0,499587000.0,0.7,0.7,0.7,-1666927000.0,,-1666927000.0,7379975293.0,4.0,2.492,649042000.0,1.452,1.0,1233987000.0,0.425,4845000.0,83937000.0,5416191000.0,,414833000.0,1108191000.0,904942000.0,203249000.0,8730338000.0,3011816000.0,5718522000.0,4970793293.0,165362000.0,0.0,-17502000.0,-5093000.0,0.0,-22595000.0,-713259000.0,-461085000.0,901216000.0,0.0,312684000.0,312684000.0,312684000.0,0.0,0.0,0.108,659424000.0,574563000.0,536955000.0,0.0,-2.982,5.194,5.216,2816998000.0,0.0,11.11,0.426,0.425,799346000.0,-2180120000.0,2905321000.0,2905321000.0,0.0,,,,,3209000.0,429110000.0,1.0,447416138.0,446874000,448033000.0,6.501,7058566000.0,103920000.0,186903000.0,277614000.0,15.795,-422711000.0
50,DISH,MRQ,2008-12-31,2008-12-31,2008-12-31,2021-08-25,-107998000.0,6460047000.0,,2097984000.0,4362063000.0,,-4.359,-285625000.0,98574000.0,98574000.0,1685537000.0,216584000.0,0.704,-4.314,5007756000.0,38333000.0,4969423000.0,5007756000.0,1054705000.0,233970000.0,0.0,0.0,0.0,475469000.0,709439000.0,0.243,709439000.0,475469000.0,390436000.0,0.48,0.48,0.48,-1949106000.0,,-1949106000.0,7362414483.0,4.0,2.505,77332000.0,0.173,1.0,1235485000.0,0.423,0.0,85033000.0,8389226000.0,,426671000.0,702460000.0,460558000.0,241902000.0,8409153000.0,2980003000.0,5429150000.0,4957869483.0,-873368000.0,0.0,281000.0,-974487000.0,0.0,-974206000.0,-262119000.0,23756000.0,362957000.0,0.0,216584000.0,216584000.0,216584000.0,0.0,0.0,0.074,723021000.0,512464000.0,471845000.0,0.0,-2.544,5.491,5.517,2663289000.0,0.0,11.09,0.427,0.428,820709000.0,-2492804000.0,2921022000.0,2921022000.0,0.0,,,,,3659000.0,479534000.0,1.0,447057663.0,447190000,457784000.0,6.532,6460047000.0,235078000.0,173852000.0,235551000.0,14.446,-882019000.0
51,DISH,MRQ,2008-09-30,2008-09-30,2008-09-30,2021-08-25,-91445000.0,7177248000.0,,2856836000.0,4320412000.0,,-4.738,-315923000.0,1076543000.0,1076543000.0,1680296000.0,91895000.0,0.684,-4.37,3481088000.0,1008294000.0,2472794000.0,3481088000.0,1008180000.0,245646000.0,0.0,0.0,0.0,328394000.0,574040000.0,0.195,574040000.0,328394000.0,226592000.0,0.2,0.2,0.2,-2129498000.0,,-2129498000.0,12086990734.0,6.0,4.093,167575000.0,0.373,1.0,1256485000.0,0.428,5426000.0,101802000.0,5401333000.0,,394659000.0,636521000.0,460704000.0,175817000.0,9306746000.0,4175034000.0,5131712000.0,9450202734.0,222057000.0,0.0,-80481000.0,-530495000.0,0.0,-610915000.0,349474000.0,663502000.0,483498000.0,0.0,91895000.0,91895000.0,91895000.0,0.0,0.0,0.031,838645000.0,417840000.0,589292000.0,0.0,-4.438,10.971,10.938,2622830000.0,0.0,21.0,0.816,0.815,792905000.0,-2685388000.0,2936781000.0,2936781000.0,0.0,,,,,3889000.0,585348000.0,1.0,450009654.0,449425000,460042000.0,6.535,7171822000.0,29701000.0,134697000.0,0.0,15.958,-1318198000.0
52,DISH,MRQ,2008-06-30,2008-06-30,2008-06-30,2021-08-25,-38638000.0,7680593000.0,,3948180000.0,3732413000.0,,-4.651,-261571000.0,1357296000.0,1357296000.0,1532053000.0,335885000.0,0.894,-4.672,3994084000.0,1510832000.0,2483252000.0,3994084000.0,1192040000.0,248246000.0,0.0,0.0,0.0,622580000.0,870826000.0,0.299,870826000.0,622580000.0,529349000.0,0.75,0.73,0.75,-2091761000.0,,-2091761000.0,15405789550.0,8.0,4.89,174581000.0,0.388,1.0,1382937000.0,0.474,5717000.0,93231000.0,5897562000.0,,335737000.0,864639000.0,541733000.0,322906000.0,9772354000.0,4414102000.0,5358252000.0,13154159550.0,13403000.0,0.0,17548000.0,746961000.0,0.0,759476000.0,-1182225000.0,-208752000.0,436152000.0,0.0,335885000.0,335885000.0,335885000.0,0.0,0.0,0.115,762229000.0,620708000.0,406755000.0,0.0,-6.289,13.572,13.493,2548587000.0,0.0,29.28,1.149,1.151,741265000.0,-2777284000.0,2914990000.0,2914990000.0,0.0,,,,,4242000.0,506407000.0,1.0,449254083.0,449724000,460853000.0,6.482,7674876000.0,135694000.0,193464000.0,43258000.0,17.066,-465922000.0
53,DISH,MRQ,2008-03-31,2008-03-31,2008-03-31,2021-08-25,-26408000.0,6865438000.0,,3130322000.0,3735116000.0,,-5.432,-266771000.0,989678000.0,989678000.0,1554708000.0,258583000.0,0.662,-3.816,3241308000.0,1510070000.0,1731238000.0,3241308000.0,1211745000.0,272368000.0,0.0,0.0,0.0,512241000.0,784609000.0,0.276,784609000.0,512241000.0,422429000.0,0.58,0.57,0.58,-2437764000.0,,-2437764000.0,15332381280.0,9.0,4.982,638966000.0,1.424,1.0,1289686000.0,0.453,0.0,89812000.0,4386206000.0,,319622000.0,905232000.0,578968000.0,326264000.0,9303202000.0,4730862000.0,4572340000.0,12887495280.0,-183060000.0,0.0,930000.0,-1979000.0,0.0,-586196000.0,-502601000.0,-233261000.0,905737000.0,0.0,258583000.0,258583000.0,258583000.0,0.0,0.0,0.091,784518000.0,505168000.0,737708000.0,0.0,-5.287,15.029,14.964,2534973000.0,0.0,28.73,1.142,1.142,948384000.0,-3113169000.0,2844394000.0,2844394000.0,0.0,,,,,3559000.0,504486000.0,1.0,448572756.0,448803000,460218000.0,6.338,6865438000.0,94271000.0,163846000.0,0.0,15.297,-1600540000.0
54,DISH,MRQ,2007-12-31,2007-12-31,2007-12-31,2021-08-25,46698000.0,10086529000.0,,4245138000.0,5841391000.0,,1.428,-374489000.0,919542000.0,919542000.0,1521207000.0,175035000.0,1.005,14.76,3625704000.0,1550454000.0,2075250000.0,3625704000.0,1117502000.0,321209000.0,0.0,0.0,0.0,402288000.0,723497000.0,0.25,723497000.0,402288000.0,309382000.0,0.39,0.39,0.39,639989000.0,,639989000.0,17909103014.0,11.0,6.0,345576000.0,0.771,1.0,1369848000.0,0.474,475792000.0,92906000.0,8091758000.0,,306915000.0,2229060000.0,1868654000.0,360406000.0,9446540000.0,4225141000.0,5221399000.0,16881239014.0,-309094000.0,-319928000.0,26592000.0,-11888000.0,0.0,23315000.0,-1052474000.0,-315004000.0,720065000.0,0.0,175035000.0,175035000.0,175035000.0,0.0,0.0,0.061,974810000.0,395038000.0,314825000.0,0.0,26.377,22.328,22.32,4058189000.0,0.0,37.72,1.522,1.521,699101000.0,-84456000.0,2891055000.0,2891055000.0,0.0,,,,,6461000.0,564938000.0,1.0,447540801.0,448205000,459192000.0,6.45,9610737000.0,342813000.0,134347000.0,386493000.0,21.443,19997000.0
55,DISH,MRQ,2007-09-30,2007-09-30,2007-09-30,2021-08-25,81648000.0,9745963000.0,,4270234000.0,5475729000.0,,1.028,-329938000.0,1605841000.0,1605841000.0,1451377000.0,199680000.0,1.567,20.195,2633705000.0,47896000.0,2585809000.0,2633705000.0,1099870000.0,344150000.0,0.0,0.0,0.0,427464000.0,771614000.0,0.276,771614000.0,427464000.0,331213000.0,0.45,0.44,0.45,459822000.0,,459822000.0,22514755347.0,14.0,7.724,377251000.0,0.843,1.0,1342950000.0,0.481,167073000.0,96251000.0,7882214000.0,,341406000.0,1363550000.0,1195927000.0,167623000.0,9286141000.0,2724540000.0,6561601000.0,20946336347.0,325195000.0,0.0,1512000.0,-11590000.0,0.0,-9691000.0,-372303000.0,-47970000.0,707189000.0,0.0,199680000.0,199680000.0,199680000.0,0.0,0.0,0.071,946436000.0,396514000.0,351597000.0,0.0,45.553,28.552,28.543,4020705000.0,0.0,46.81,1.944,1.944,700499000.0,-259491000.0,2794327000.0,2794327000.0,0.0,,,,,5297000.0,552033000.0,1.0,447475675.0,447496000,456543000.0,6.244,9578890000.0,261867000.0,131533000.0,216210000.0,21.406,1545694000.0
56,DISH,MRQ,2007-06-30,2007-06-30,2007-06-30,2021-08-25,55111000.0,9394385000.0,,3943907000.0,5450478000.0,,0.506,-409311000.0,1076876000.0,1076876000.0,1414340000.0,224199000.0,1.518,40.493,2645295000.0,47210000.0,2598085000.0,2645295000.0,1090749000.0,343932000.0,0.0,0.0,0.0,453926000.0,797858000.0,0.289,797858000.0,453926000.0,357264000.0,0.5,0.5,0.5,226410000.0,,226410000.0,20869037505.0,14.0,7.57,275686000.0,0.616,1.0,1345668000.0,0.488,176175000.0,96662000.0,8187790000.0,,289345000.0,1494796000.0,1322682000.0,172114000.0,9167975000.0,2598839000.0,6569136000.0,19376259505.0,111679000.0,0.0,20545000.0,-10899000.0,0.0,12936000.0,-586254000.0,-119551000.0,684997000.0,0.0,224199000.0,224199000.0,224199000.0,0.0,0.0,0.081,904014000.0,441654000.0,274141000.0,0.0,85.58,28.767,28.913,4017089000.0,0.0,43.37,1.853,1.855,706962000.0,-459171000.0,2760008000.0,2760008000.0,0.0,,,,,5725000.0,519323000.0,1.0,446766417.0,447217000,456282000.0,6.172,9218210000.0,387859000.0,133065000.0,217382000.0,20.612,1345068000.0
57,DISH,MRQ,2007-03-31,2007-03-31,2007-03-31,2021-08-25,51247000.0,9066013000.0,,3815141000.0,5250872000.0,,-0.068,-330784000.0,965197000.0,965197000.0,1391377000.0,157140000.0,1.432,-298.5,2457975000.0,38614000.0,2419361000.0,2457975000.0,1119515000.0,320119000.0,0.0,0.0,0.0,371794000.0,691913000.0,0.262,691913000.0,371794000.0,252294000.0,0.35,0.35,0.35,-30474000.0,,-30474000.0,24418693519.0,17.0,9.378,173685000.0,0.389,1.0,1253608000.0,0.474,185276000.0,119500000.0,7708633000.0,,311642000.0,1375214000.0,1203215000.0,171999000.0,9096487000.0,2664882000.0,6431605000.0,19374477519.0,-957908000.0,0.0,6025000.0,-1009331000.0,0.0,-1002576000.0,-459801000.0,-129144000.0,504469000.0,0.0,157140000.0,157140000.0,157140000.0,0.0,0.0,0.059,913410000.0,340198000.0,352238000.0,0.0,-635.771,31.344,31.471,3830249000.0,0.0,43.43,1.906,1.907,687015000.0,-683370000.0,2644985000.0,2644985000.0,0.0,,,,,5533000.0,558372000.0,1.0,446108163.0,446278000,455208000.0,5.927,8880737000.0,526496000.0,95154000.0,245645000.0,19.9,1150259000.0
58,DISH,MRQ,2006-12-31,2006-12-31,2006-12-31,2021-08-25,49874000.0,9768696000.0,,4599541000.0,5169155000.0,,-0.492,-407723000.0,1923105000.0,1923105000.0,1249604000.0,152596000.0,1.281,-45.528,4467321000.0,1038464000.0,3428857000.0,4467321000.0,1095030000.0,296381000.0,0.0,0.0,0.0,357204000.0,653585000.0,0.254,653585000.0,357204000.0,253416000.0,0.34,0.35,0.34,-219383000.0,,-219383000.0,20145132142.0,14.0,7.998,165485000.0,0.371,1.0,1328045000.0,0.515,197863000.0,103788000.0,8523575000.0,,237507000.0,1282406000.0,1109465000.0,172941000.0,9988079000.0,3591474000.0,6396605000.0,16923134142.0,12803000.0,0.0,14100000.0,-9964000.0,0.0,1665000.0,-562070000.0,-145688000.0,573208000.0,0.0,152596000.0,152596000.0,152596000.0,0.0,0.0,0.059,1016321000.0,311724000.0,283471000.0,0.0,-77.14,27.822,27.759,3765596000.0,0.0,38.03,1.724,1.723,665149000.0,-841010000.0,2577649000.0,2577649000.0,0.0,,,,,4492000.0,568198000.0,1.0,444994324.0,445538000,452394000.0,5.785,9570833000.0,548766000.0,100820000.0,192617000.0,21.482,1008067000.0
59,DISH,MRQ,2006-09-30,2006-09-30,2006-09-30,2021-08-25,17230000.0,9351578000.0,,4192142000.0,5159436000.0,,-0.82,-376879000.0,1755287000.0,1755287000.0,1321395000.0,139616000.0,1.68,-26.629,4977285000.0,37878000.0,4939407000.0,4977285000.0,1118174000.0,296451000.0,0.0,0.0,0.0,317055000.0,613506000.0,0.248,613506000.0,317055000.0,204260000.0,0.31,0.31,0.31,-364888000.0,,-364888000.0,17685917548.0,14.0,7.501,179920000.0,0.404,1.0,1153896000.0,0.466,199135000.0,112795000.0,9878543000.0,,268125000.0,1230357000.0,1032946000.0,197411000.0,9716466000.0,2495898000.0,7220568000.0,14563113548.0,-108296000.0,0.0,5162000.0,-9101000.0,0.0,-2816000.0,-662279000.0,-285479000.0,556799000.0,0.0,139616000.0,139616000.0,139616000.0,0.0,0.0,0.056,872086000.0,281810000.0,299054000.0,0.0,-39.911,24.755,24.803,3647649000.0,0.0,32.74,1.543,1.543,582877000.0,-931261000.0,2475291000.0,2475291000.0,0.0,,,,,5387000.0,574193000.0,1.0,444811043.0,444899000,446396000.0,5.564,9152443000.0,410435000.0,64644000.0,0.0,20.572,1696244000.0
60,DISH,MRQ,2006-06-30,2006-06-30,2006-06-30,2021-08-25,21642000.0,9104609000.0,,3963537000.0,5141072000.0,,-1.15,-312831000.0,1863583000.0,1863583000.0,1310323000.0,168779000.0,1.669,-18.8,4986387000.0,37208000.0,4949179000.0,4986387000.0,1103871000.0,274891000.0,0.0,0.0,0.0,369886000.0,644777000.0,0.261,644777000.0,369886000.0,257926000.0,0.38,0.38,0.38,-511503000.0,,-511503000.0,16794456371.0,13.0,7.404,206285000.0,0.464,1.0,1155832000.0,0.469,208306000.0,111960000.0,9644962000.0,,250104000.0,961938000.0,855971000.0,105967000.0,9616112000.0,2374145000.0,7241967000.0,13693244371.0,-16150000.0,0.0,3364000.0,-9558000.0,0.0,-4500000.0,-530766000.0,-219796000.0,519116000.0,0.0,168779000.0,168779000.0,168779000.0,0.0,0.0,0.068,806191000.0,349641000.0,250196000.0,0.0,-26.771,20.825,20.959,3585594000.0,0.0,30.81,1.506,1.506,573157000.0,-1070877000.0,2466155000.0,2466155000.0,0.0,,,,,4507000.0,517057000.0,1.0,444441557.0,444597000,453126000.0,5.547,8896303000.0,443247000.0,89147000.0,0.0,20.01,1589392000.0
61,DISH,MRQ,2006-03-31,2006-03-31,2006-03-31,2021-08-25,18040000.0,8934670000.0,,3823994000.0,5110676000.0,,-1.555,-298885000.0,1879733000.0,1879733000.0,1216230000.0,147281000.0,1.603,-13.941,4980945000.0,35745000.0,4945200000.0,4980945000.0,1095846000.0,246571000.0,0.0,0.0,0.0,360425000.0,606996000.0,0.264,606996000.0,360425000.0,230818000.0,0.33,0.33,0.33,-690397000.0,,-690397000.0,16593187417.0,13.0,7.576,331234000.0,0.746,1.0,1083161000.0,0.471,217479000.0,129607000.0,9432554000.0,,251438000.0,760671000.0,694126000.0,66545000.0,9625067000.0,2385849000.0,7239218000.0,13273555417.0,1264064000.0,0.0,-10346000.0,1045644000.0,0.0,1027798000.0,-393853000.0,-95405000.0,630119000.0,0.0,147281000.0,147281000.0,147281000.0,0.0,0.0,0.064,808965000.0,274196000.0,275685000.0,0.0,-19.226,9.874,10.023,3552935000.0,0.0,29.87,1.522,1.52,520302000.0,-1239656000.0,2299391000.0,2299391000.0,0.0,,,,,3259000.0,488402000.0,1.0,444377483.0,443926000,445613000.0,5.18,8717191000.0,524555000.0,83537000.0,0.0,19.637,1438145000.0
62,DISH,MRQ,2005-12-31,2005-12-31,2005-12-31,2021-08-25,4030000.0,7410210000.0,,2397045000.0,5013165000.0,,-1.933,-548600000.0,615669000.0,615669000.0,1189813000.0,132625000.0,1.115,-9.551,5935301000.0,36470000.0,5898831000.0,5935301000.0,985416000.0,232486000.0,0.0,0.0,0.0,260004000.0,492490000.0,0.224,492490000.0,260004000.0,164556000.0,0.3,0.3,0.3,-866624000.0,,-866624000.0,15169672978.0,11.0,6.938,-146545000.0,-0.327,1.0,1009655000.0,0.459,226650000.0,95448000.0,10353121000.0,,221329000.0,632811000.0,565691000.0,67120000.0,8276834000.0,2150071000.0,6126763000.0,12231072978.0,-396853000.0,0.0,-209193000.0,-4494000.0,0.0,-213687000.0,-585221000.0,-27125000.0,402055000.0,0.0,132625000.0,132625000.0,132625000.0,0.0,0.0,0.06,757919000.0,251736000.0,239788000.0,0.0,-14.113,8.076,8.113,3514539000.0,0.0,27.18,1.448,1.455,478414000.0,-1386937000.0,2199468000.0,2199468000.0,0.0,,,,,302000.0,525433000.0,1.0,450002685.0,448398000,479916000.0,4.905,7183560000.0,603222000.0,31931000.0,0.0,16.02,246974000.0
63,DISH,MRQ,2005-09-30,2005-09-30,2005-09-30,2021-08-25,3133000.0,7533217000.0,,2503724000.0,5029493000.0,,-1.738,-326687000.0,1012522000.0,1012522000.0,1105286000.0,208864000.0,1.147,-10.594,3951122000.0,45941000.0,3905181000.0,3951122000.0,947558000.0,212236000.0,0.0,0.034,0.0,311894000.0,524130000.0,0.246,524130000.0,311894000.0,217872000.0,0.46,0.46,0.46,-785175000.0,,-785175000.0,16400058327.0,12.0,7.997,177907000.0,0.394,1.0,1022935000.0,0.481,235822000.0,94022000.0,8052817000.0,,236322000.0,572895000.0,504986000.0,67909000.0,8318392000.0,2183178000.0,6135214000.0,13352125327.0,97043000.0,0.0,-17526000.0,-12290000.0,0.0,-29816000.0,-377735000.0,-47970000.0,504594000.0,0.0,208864000.0,208864000.0,208864000.0,0.0,0.0,0.098,731051000.0,291884000.0,290425000.0,0.0,-17.005,9.196,9.241,3188589000.0,0.0,29.57,1.631,1.632,471011000.0,-1519562000.0,2128221000.0,2128221000.0,0.0,,,,,0.0,518815000.0,1.0,451542960.0,451732000,483792000.0,4.711,7297395000.0,639449000.0,9008000.0,0.0,16.154,320546000.0
64,DISH,MRQ,2005-06-30,2005-06-30,2005-06-30,2021-08-25,7431000.0,7281493000.0,,2358087000.0,4923406000.0,,-2.147,-333640000.0,915479000.0,915479000.0,1112766000.0,855527000.0,1.129,-8.491,3963412000.0,48700000.0,3914712000.0,3963412000.0,977047000.0,191770000.0,0.0,0.033,0.0,374833000.0,566603000.0,0.27,566603000.0,374833000.0,280822000.0,1.89,1.79,1.89,-972060000.0,,-972060000.0,16821801956.0,14.0,9.035,56610000.0,0.125,1.0,982720000.0,0.469,235394000.0,94011000.0,8004895000.0,,232562000.0,534299000.0,476468000.0,57831000.0,8253553000.0,2089137000.0,6164416000.0,13687645956.0,69696000.0,0.0,-85663000.0,-16527000.0,0.0,-102190000.0,-218364000.0,-102262000.0,390250000.0,0.0,855527000.0,855527000.0,855527000.0,0.0,0.0,0.408,649326000.0,333394000.0,254471000.0,0.0,-14.081,10.174,10.189,3095604000.0,0.0,30.16,1.728,1.724,468816000.0,-1728426000.0,2095486000.0,2095486000.0,0.0,,,,,0.0,458205000.0,1.0,453834415.0,452795000,484901000.0,4.628,7046099000.0,640277000.0,-574705000.0,0.0,15.561,268950000.0
65,DISH,MRQ,2005-03-31,2005-03-31,2005-03-31,2021-08-25,14995000.0,6578978000.0,,2321967000.0,4257011000.0,,-4.016,-321412000.0,845783000.0,845783000.0,1118351000.0,317524000.0,1.068,-4.595,3979939000.0,52087000.0,3927852000.0,3979939000.0,1063285000.0,169081000.0,0.0,0.034,0.0,434204000.0,603285000.0,0.298,603285000.0,434204000.0,343841000.0,0.7,0.69,0.7,-1829817000.0,,-1829817000.0,16424375631.0,16.0,10.248,155763000.0,0.342,1.0,905649000.0,0.447,244293000.0,90363000.0,7294781000.0,,262867000.0,446001000.0,386492000.0,59509000.0,8408795000.0,2174060000.0,6234735000.0,13326047631.0,141223000.0,0.0,-40091000.0,-16839000.0,0.0,-56930000.0,-279022000.0,16850000.0,477175000.0,0.0,317524000.0,317524000.0,317524000.0,0.0,0.0,0.157,615415000.0,290234000.0,255664000.0,0.0,-7.283,23.169,23.4,2961406000.0,0.0,29.25,1.753,1.753,669026000.0,-2583953000.0,2024000000.0,2024000000.0,0.0,,,,,0.0,446334000.0,1.0,455591372.0,455589000,488049000.0,4.443,6334685000.0,0.0,26317000.0,0.0,13.904,147907000.0
66,DISH,MRQ,2004-12-31,2004-12-31,2004-12-31,2021-08-25,53418000.0,6029277000.0,,2113308000.0,3915969000.0,,-4.567,-341746000.0,704560000.0,704560000.0,1109006000.0,70078000.0,1.02,-3.901,3791561000.0,33735000.0,3757826000.0,3791561000.0,1035100000.0,147049000.0,0.0,0.03,1.0,209701000.0,356750000.0,0.184,356750000.0,209701000.0,70993000.0,0.15,0.15,0.15,-2078212000.0,,-2078212000.0,17690552104.0,24.0,14.293,-94888000.0,-0.209,1.0,829343000.0,0.428,240186000.0,138708000.0,6804227000.0,,271581000.0,508625000.0,451073000.0,57552000.0,8107489000.0,2071865000.0,6035624000.0,15111525104.0,-247138000.0,0.0,8154000.0,-730000.0,-455650000.0,-451385000.0,-42611000.0,221911000.0,246858000.0,0.0,70078000.0,70078000.0,70078000.0,0.0,0.0,0.036,627145000.0,202198000.0,247698000.0,6.667,-7.271,70.362,72.283,2640168000.0,0.0,33.25,2.111,2.155,584310000.0,-2901477000.0,1938349000.0,1938349000.0,0.0,,,,,0.0,481276000.0,1.0,454481958.0,455017000,458049000.0,4.26,5789091000.0,0.0,915000.0,0.0,12.723,41443000.0
67,DISH,MRQ,2004-09-30,2004-09-30,2004-09-30,2021-08-25,41323000.0,6169791000.0,,2547044000.0,3622747000.0,,-3.764,-316819000.0,951698000.0,951698000.0,1054795000.0,102261000.0,0.835,-4.606,3530725000.0,1016767000.0,2513958000.0,3530725000.0,1008987000.0,133973000.0,0.0,0.0,0.0,201276000.0,335249000.0,0.18,335249000.0,201276000.0,109100000.0,0.22,0.22,0.22,-1711041000.0,,-1711041000.0,15951292894.0,23.0,13.682,-33496000.0,-0.074,1.0,807818000.0,0.434,0.0,92176000.0,5699144000.0,,382062000.0,694578000.0,664068000.0,30510000.0,7880832000.0,3049674000.0,4831158000.0,14137601894.0,262841000.0,-2000000.0,-104378000.0,21658000.0,0.0,-82720000.0,62238000.0,375936000.0,283323000.0,0.0,102261000.0,102261000.0,102261000.0,0.0,0.0,0.055,612894000.0,194924000.0,278383000.0,0.0,-8.263,95.932,100.387,2179898000.0,0.0,31.12,2.1,2.101,544952000.0,-2515905000.0,1862613000.0,1862613000.0,0.0,,,,,0.0,478921000.0,1.0,454293120.0,454556000,457803000.0,4.098,6169791000.0,0.0,6839000.0,0.0,13.573,-502630000.0
68,DISH,MRQ,2004-06-30,2004-06-30,2004-06-30,2021-08-25,30369000.0,6037276000.0,,2648086000.0,3389190000.0,,-3.718,-211884000.0,688857000.0,688857000.0,1007260000.0,85316000.0,1.318,-4.47,2502548000.0,14230000.0,2488318000.0,2502548000.0,978503000.0,123934000.0,0.0,0.0,0.0,183513000.0,307447000.0,0.173,307447000.0,183513000.0,90125000.0,0.18,0.18,0.18,-1739832000.0,,-1739832000.0,16069233146.0,24.0,14.562,-37539000.0,-0.08,1.0,770453000.0,0.433,0.0,93388000.0,5841577000.0,,333885000.0,1059903000.0,1029383000.0,30520000.0,7777108000.0,2009390000.0,5767718000.0,14594848146.0,-348364000.0,-236610000.0,-679229000.0,-9058000.0,0.0,-688287000.0,165578000.0,602883000.0,174345000.0,0.0,85316000.0,85316000.0,85316000.0,0.0,0.0,0.048,586436000.0,184017000.0,248572000.0,0.0,-8.389,181.922,192.188,1957956000.0,0.0,30.75,2.308,2.276,557610000.0,-2618166000.0,1777713000.0,1777713000.0,0.0,,,,,0.0,462502000.0,1.0,474629208.0,467933000,471509000.0,3.799,6037276000.0,0.0,4809000.0,0.0,12.902,638696000.0
69,DISH,MRQ,2004-03-31,2004-03-31,2004-03-31,2021-08-25,109110000.0,6437397000.0,,3477943000.0,2959454000.0,,-2.221,-136822000.0,1037221000.0,1037221000.0,851760000.0,-42886000.0,1.872,-7.052,2511606000.0,14246000.0,2497360000.0,2511606000.0,748477000.0,100605000.0,0.0,0.0,0.0,137620000.0,238225000.0,0.151,238225000.0,137620000.0,-43840000.0,-0.09,-0.09,-0.09,-1063675000.0,,-1063675000.0,18334746903.0,25.0,16.14,160094000.0,0.334,1.0,728036000.0,0.461,0.0,181460000.0,6053489000.0,,243792000.0,1758218000.0,1732965000.0,25253000.0,7501072000.0,1858293000.0,5642779000.0,15687932903.0,-253638000.0,0.0,-17564000.0,-1426066000.0,0.0,-1443630000.0,893076000.0,970076000.0,296916000.0,0.0,-42886000.0,-42886000.0,-42886000.0,0.0,0.0,-0.027,605870000.0,122166000.0,373357000.0,0.0,-14.749,126.819,131.0,1880889000.0,0.0,32.75,2.632,2.632,456107000.0,-2703482000.0,1579796000.0,1579796000.0,0.0,,,,,1180000.0,504085000.0,1.0,479020852.0,478919000,478919000.0,3.299,6437397000.0,0.0,-954000.0,0.0,13.442,1619650000.0
70,DISH,MRQ,2003-12-31,2003-12-31,2003-12-31,2021-08-25,80991000.0,7585018000.0,,4573115000.0,3011903000.0,,-2.136,-80131000.0,1290859000.0,1290859000.0,821730000.0,2680000.0,1.539,-8.346,4937673000.0,1438346000.0,3499327000.0,4937673000.0,660762000.0,99344000.0,0.0,0.0,0.0,185614000.0,284958000.0,0.188,284958000.0,185614000.0,5272000.0,0.0,0.01,0.0,-1032524000.0,,-1032524000.0,21189390785.0,27.0,17.813,-156438000.0,-0.324,1.0,691656000.0,0.457,13221000.0,180342000.0,8246327000.0,,155147000.0,2702089000.0,2682115000.0,19974000.0,8617542000.0,2972284000.0,5645258000.0,16471021785.0,382460000.0,0.0,-189015000.0,1298415000.0,0.0,1096900000.0,-638133000.0,-526074000.0,-76307000.0,0.0,2680000.0,2680000.0,2680000.0,0.0,0.0,0.002,546334000.0,145322000.0,173637000.0,,-15.952,73.366,73.891,1876459000.0,0.0,33.99,2.87,2.861,451673000.0,-2660596000.0,1513386000.0,1513386000.0,0.0,,,,,689000.0,449845000.0,1.0,484584342.0,483461000,489982000.0,3.13,7571797000.0,0.0,2592000.0,0.0,15.662,1600831000.0
71,DISH,MRQ,2003-09-30,2003-09-30,2003-09-30,2021-08-25,45398000.0,6606303000.0,,3716196000.0,2890107000.0,,-1.878,-84399000.0,918292000.0,918292000.0,757197000.0,35116000.0,2.116,-8.263,5636661000.0,13975000.0,5622686000.0,5636661000.0,627951000.0,100397000.0,0.0,0.0,0.0,172443000.0,272840000.0,0.188,272840000.0,172443000.0,38511000.0,0.07,0.07,0.07,-909586000.0,,-909586000.0,22762166064.0,42.0,24.094,134227000.0,0.277,1.0,695098000.0,0.479,0.0,133932000.0,9568255000.0,,148713000.0,2141333000.0,2141333000.0,0.0,7515889000.0,1756417000.0,5759472000.0,18551650064.0,-243568000.0,0.0,3858000.0,254197000.0,0.0,258055000.0,-720249000.0,-637043000.0,218626000.0,0.0,35116000.0,35116000.0,35116000.0,0.0,0.0,0.024,534613000.0,160485000.0,338019000.0,0.0,-20.396,527.335,547.286,1914455000.0,0.0,38.31,3.342,3.343,445753000.0,-2692892000.0,1452295000.0,1452295000.0,0.0,,,,,1083000.0,433133000.0,1.0,484250850.0,484425000,488720000.0,2.998,6606303000.0,0.0,3395000.0,0.0,13.637,1959779000.0
72,DISH,MRQ,2003-06-30,2003-06-30,2003-06-30,2021-08-25,65525000.0,6232993000.0,,3315857000.0,2917136000.0,,-1.923,-97644000.0,1161949000.0,1161949000.0,716702000.0,128793000.0,1.943,-7.706,5372465000.0,13501000.0,5358964000.0,5372465000.0,574041000.0,100299000.0,0.0,0.0,0.0,239665000.0,339964000.0,0.24,339964000.0,239665000.0,131950000.0,0.27,0.26,0.27,-929472000.0,,-929472000.0,20990361068.0,66.0,29.205,150609000.0,0.312,1.0,697865000.0,0.493,0.0,107715000.0,8736736000.0,,151816000.0,1521280000.0,1521280000.0,0.0,7162465000.0,1706773000.0,5455692000.0,16686683068.0,93767000.0,0.0,13455000.0,-886000.0,0.0,12569000.0,-167055000.0,-70191000.0,248253000.0,0.0,128793000.0,128793000.0,128793000.0,0.0,0.0,0.091,474872000.0,222993000.0,321503000.0,0.0,-17.953,-99.394,-98.914,1924352000.0,0.0,34.62,3.136,3.145,431133000.0,-2728008000.0,1414567000.0,1414567000.0,0.0,,,,,-217000.0,374790000.0,1.0,481995467.0,483372000,488385000.0,2.926,6232993000.0,0.0,3157000.0,0.0,12.895,1609084000.0
73,DISH,MRQ,2003-03-31,2003-03-31,2003-03-31,2021-08-25,29993000.0,6007895000.0,,3123005000.0,2884890000.0,,-2.328,-59645000.0,1068172000.0,1068172000.0,689578000.0,57917000.0,1.867,-6.363,5371850000.0,13452000.0,5358398000.0,5371850000.0,569337000.0,98166000.0,0.0,0.0,0.0,193650000.0,291816000.0,0.215,291816000.0,193650000.0,63149000.0,0.12,0.12,0.12,-1120187000.0,,-1120187000.0,18147183708.0,75.0,28.791,125364000.0,0.261,1.0,669470000.0,0.493,0.0,130501000.0,8638830000.0,,174752000.0,1412826000.0,1412826000.0,0.0,7128082000.0,1672743000.0,5455339000.0,13893180708.0,-424878000.0,0.0,1749000.0,-375203000.0,0.0,-373454000.0,-236433000.0,-176788000.0,185009000.0,0.0,57917000.0,57917000.0,57917000.0,0.0,0.0,0.043,490722000.0,178748000.0,278533000.0,0.0,-12.403,-53.502,-53.481,1931546000.0,0.0,28.88,2.737,2.738,425608000.0,-2856801000.0,1359048000.0,1359048000.0,0.0,,,,,1989000.0,390567000.0,1.0,481065814.0,481098000,486668000.0,2.825,6007895000.0,0.0,5232000.0,0.0,12.488,1450262000.0
74,DISH,MRQ,2002-12-31,2002-12-31,2002-12-31,2021-08-25,6197000.0,6260585000.0,,3213517000.0,3047068000.0,,-2.446,-79732000.0,1483078000.0,1483078000.0,660535000.0,-685939000.0,1.615,-6.324,4747053000.0,388432000.0,4358621000.0,4747053000.0,531694000.0,105618000.0,0.0,0.0,0.0,-65502000.0,40116000.0,0.03,40116000.0,-65502000.0,-185291000.0,-0.39,-0.39,-0.39,-1176022000.0,,-1176022000.0,13023813960.0,92.0,25.321,-476275000.0,-0.99,1.0,664289000.0,0.501,0.0,119789000.0,7534511000.0,,150290000.0,1213889000.0,1203917000.0,9972000.0,7436607000.0,1990049000.0,5446558000.0,10702361960.0,-1945409000.0,0.0,1791000.0,-2894000.0,0.0,-1067584000.0,-481282000.0,-388823000.0,-396543000.0,0.0,-248506000.0,-186646000.0,-186646000.0,0.0,-437433000.0,-0.141,550347000.0,113942000.0,264813000.0,0.0,-9.1,-25.814,-25.884,1974516000.0,-61860000.0,22.26,2.22,2.218,435020000.0,-2885102000.0,1324824000.0,1324824000.0,0.0,,,,,3722000.0,441007000.0,1.0,480788947.0,480849000,480849000.0,2.755,6260585000.0,0.0,63215000.0,0.0,13.02,1223468000.0
75,DISH,MRQ,2002-09-30,2002-09-30,2002-09-30,2021-08-25,-59564000.0,8030559000.0,,4905220000.0,3125339000.0,,-2.068,-111502000.0,3428487000.0,3428487000.0,645330000.0,-167949000.0,3.114,-7.615,5749939000.0,14926000.0,5735013000.0,5749939000.0,511511000.0,97822000.0,0.0,0.0,0.0,-50986000.0,46836000.0,0.038,46836000.0,-50986000.0,-168585000.0,-0.35,-0.35,-0.35,-994310000.0,,-994310000.0,11034939431.0,41.0,17.708,-15074000.0,-0.031,1.0,577519000.0,0.472,0.0,117599000.0,8776582000.0,,156409000.0,827140000.0,817737000.0,9403000.0,7572116000.0,1575429000.0,5996687000.0,8316252431.0,415276000.0,0.0,928000.0,-1208000.0,0.0,-1104000.0,319952000.0,441027000.0,96428000.0,0.0,-167949000.0,-167949000.0,-167949000.0,0.0,0.0,-0.137,481650000.0,95869000.0,280387000.0,0.0,-8.364,-30.707,-30.893,2027198000.0,0.0,17.3,1.79,1.79,433335000.0,-2698456000.0,1222849000.0,1222849000.0,0.0,,,,,3722000.0,380106000.0,1.0,480708233.0,480721000,480721000.0,2.544,8030559000.0,0.0,-636000.0,0.0,16.705,3329791000.0
76,DISH,MRQ,2002-06-30,2002-06-28,2002-06-28,2021-08-25,-27985000.0,8093670000.0,,5003118000.0,3090552000.0,,-1.723,-141675000.0,3017460000.0,3017460000.0,611676000.0,37001000.0,3.154,-8.943,5736147000.0,15375000.0,5720772000.0,5736147000.0,498665000.0,87981000.0,0.0,0.0,0.0,163567000.0,251548000.0,0.215,251548000.0,163567000.0,47295000.0,0.08,0.07,0.08,-827672000.0,,-827672000.0,12322575820.0,29.0,16.478,33348000.0,0.069,1.0,557008000.0,0.477,0.0,116272000.0,9226279000.0,,153311000.0,1338390000.0,1338390000.0,0.0,7401763000.0,1586078000.0,5815685000.0,8910243820.0,693772000.0,0.0,4522000.0,-205000.0,0.0,4173000.0,514576000.0,653920000.0,175023000.0,0.0,37001000.0,37001000.0,37001000.0,0.0,0.0,0.032,410580000.0,146428000.0,336370000.0,0.0,-10.765,-89.296,-92.8,2000932000.0,0.0,18.56,2.004,2.005,425392000.0,-2530507000.0,1168684000.0,1168684000.0,0.0,,,,,2169000.0,320430000.0,1.0,480077792.0,480405000,544130000.0,2.433,8093670000.0,0.0,10294000.0,0.0,16.848,3417040000.0
77,DISH,MRQ,2002-03-31,2002-03-31,2002-03-31,2021-08-25,-19147000.0,8026869000.0,,4977113000.0,3049756000.0,,-1.798,-102910000.0,2323688000.0,2323688000.0,578965000.0,-35147000.0,3.206,-8.555,5736020000.0,14725000.0,5721295000.0,5736020000.0,488175000.0,81537000.0,0.0,0.0,0.0,94321000.0,175858000.0,0.159,175858000.0,94321000.0,-34922000.0,-0.2,-0.2,-0.2,-862528000.0,,-862528000.0,17627699468.0,52.0,27.571,88926000.0,0.185,1.0,525503000.0,0.476,0.0,129243000.0,9886880000.0,,178153000.0,2003315000.0,2003315000.0,0.0,7378656000.0,1552321000.0,5826335000.0,13585614468.0,641550000.0,0.0,2189000.0,-242000.0,0.0,1485347000.0,-1035633000.0,-873401000.0,191836000.0,0.0,-35147000.0,-97007000.0,-97007000.0,0.0,0.0,-0.088,430224000.0,95279000.0,237785000.0,0.0,-15.751,-95.139,-97.655,1949197000.0,61860000.0,28.32,3.201,3.201,398506000.0,-2567508000.0,1104468000.0,1104468000.0,0.0,,,,,1666000.0,347021000.0,1.0,479718025.0,479731000,479731000.0,2.302,8026869000.0,0.0,225000.0,0.0,16.732,3424792000.0
78,DISH,MRQ,2001-12-31,2001-12-31,2001-12-31,2021-08-25,3594000.0,6519686000.0,,3511967000.0,3007719000.0,,-1.622,-144042000.0,1679177000.0,1679177000.0,665416000.0,-42871000.0,2.36,-9.383,5721262000.0,14782000.0,5706480000.0,5721262000.0,462035000.0,84092000.0,0.0,0.0,0.0,64815000.0,148907000.0,0.129,148907000.0,64815000.0,-41966000.0,-0.09,-0.09,-0.09,-777772000.0,,-777772000.0,16986388573.0,108.0,38.992,12905000.0,0.027,1.0,485014000.0,0.422,0.0,106781000.0,9073404000.0,,190747000.0,1150408000.0,1150408000.0,0.0,7297458000.0,1488367000.0,5809091000.0,13163783573.0,474260000.0,0.0,1986000.0,715528000.0,0.0,632814000.0,-315501000.0,-150485000.0,156947000.0,0.0,-43208000.0,-42871000.0,-42871000.0,0.0,337000.0,-0.037,396914000.0,88100000.0,254868000.0,0.0,-16.925,-60.99,-61.044,1904012000.0,-337000.0,27.47,3.29,3.276,424128000.0,-2470501000.0,1150430000.0,1150430000.0,0.0,,,,,-1125000.0,313947000.0,1.0,479205809.0,479377000,479377000.0,2.4,6519686000.0,0.0,1242000.0,0.0,13.6,2023600000.0
79,DISH,MRQ,2001-09-30,2001-09-30,2001-09-30,2021-08-25,-41759000.0,5758854000.0,,2850242000.0,2908612000.0,,-1.631,-191139000.0,1203629000.0,1203629000.0,511960000.0,3095000.0,1.974,-8.373,5026234000.0,14101000.0,5012133000.0,5026234000.0,438914000.0,72871000.0,0.0,0.0,0.0,98639000.0,171510000.0,0.168,171510000.0,98639000.0,3210000.0,0.01,0.01,0.01,-781115000.0,,-781115000.0,14676933610.0,-1410.0,60.442,-12869000.0,-0.027,1.0,510546000.0,0.499,0.0,95429000.0,8137631000.0,,206404000.0,969340000.0,968052000.0,1288000.0,6539969000.0,1443828000.0,5096141000.0,11140311610.0,-288931000.0,-50000000.0,3100000.0,-2948000.0,0.0,149000.0,-467350000.0,-173022000.0,178270000.0,0.0,3095000.0,3094000.0,3094000.0,0.0,0.0,0.003,435074000.0,75472000.0,315394000.0,0.0,-14.262,-31.175,-31.027,1833052000.0,1000.0,23.27,3.047,3.048,396366000.0,-2427630000.0,1022506000.0,1022506000.0,0.0,,,,,6831000.0,355372000.0,1.0,478741367.0,478931000,478931000.0,2.135,5758854000.0,0.0,115000.0,0.0,12.024,1406414000.0
80,DISH,MRQ,2001-06-30,2001-06-30,2001-06-30,2021-08-25,-12063000.0,5646647000.0,,2906736000.0,2739911000.0,,-1.523,-153676000.0,1492560000.0,1492560000.0,491101000.0,-5855000.0,2.276,-8.795,5029182000.0,15794000.0,5013388000.0,5029182000.0,420402000.0,62839000.0,0.0,0.0,0.0,80251000.0,143090000.0,0.148,143090000.0,80251000.0,-5807000.0,-0.01,-0.01,-0.01,-724370000.0,,-724370000.0,18635040639.0,-99.0,511.011,20913000.0,0.044,1.0,475171000.0,0.492,0.0,86058000.0,7906273000.0,,150319000.0,825342000.0,823307000.0,2035000.0,6371017000.0,1276996000.0,5094021000.0,15404161639.0,691479000.0,0.0,3346000.0,977222000.0,0.0,980409000.0,-463519000.0,-314120000.0,174589000.0,0.0,-5855000.0,-6013000.0,-6013000.0,0.0,0.0,-0.006,411258000.0,63913000.0,186515000.0,0.0,-21.266,-30.643,-30.585,1716077000.0,158000.0,32.42,4.624,4.63,379689000.0,-2390679000.0,966272000.0,966272000.0,0.0,,,,,7011000.0,341408000.0,1.0,475143789.0,475768000,475768000.0,2.031,5646647000.0,0.0,48000.0,0.0,11.868,1629740000.0
81,DISH,MRQ,2001-03-31,2001-03-31,2001-03-31,2021-08-25,-28562000.0,4493351000.0,,1853139000.0,2640212000.0,,-1.59,-148600000.0,801081000.0,801081000.0,434977000.0,-169867000.0,1.601,-6.955,4031960000.0,17375000.0,4014585000.0,4031960000.0,405974000.0,58850000.0,0.0,0.0,0.0,-86721000.0,-27871000.0,-0.032,-27871000.0,-86721000.0,-169818000.0,-0.36,-0.36,-0.36,-754516000.0,,-754516000.0,16323794092.0,-48.0,-119.821,-168923000.0,-0.356,1.0,426953000.0,0.495,0.0,83097000.0,6566922000.0,,149243000.0,496544000.0,493544000.0,3000000.0,5247867000.0,1157308000.0,4090559000.0,13144668092.0,-55737000.0,0.0,1497000.0,-3984000.0,0.0,-2665000.0,-32749000.0,113428000.0,-20323000.0,0.0,-169867000.0,-170045000.0,-170045000.0,0.0,0.0,-0.197,442136000.0,-15183000.0,120339000.0,0.0,-17.421,-20.871,-20.82,1619556000.0,178000.0,27.69,4.365,4.364,357800000.0,-2392770000.0,861930000.0,861930000.0,0.0,,,,,7456000.0,375830000.0,1.0,474708129.0,474563000,474563000.0,1.816,4493351000.0,0.0,49000.0,0.0,9.468,695831000.0
82,DISH,MRQ,2000-12-31,2000-12-31,2000-12-31,2021-08-25,-60580000.0,4636835000.0,,2060606000.0,2576229000.0,,-1.388,-144739000.0,859818000.0,859818000.0,428945000.0,-184184000.0,1.685,-8.053,4035944000.0,21132000.0,4014812000.0,4035944000.0,340224000.0,58677000.0,0.0,0.0,0.0,-102578000.0,-43901000.0,-0.055,-43901000.0,-102578000.0,-184920000.0,-0.39,-0.39,-0.39,-657383000.0,,-657383000.0,13569727482.0,-35.0,-68.683,-39888000.0,-0.084,1.0,376453000.0,0.467,0.0,82342000.0,6589884000.0,,161161000.0,607357000.0,607357000.0,0.0,5294218000.0,1223077000.0,4071141000.0,10770377482.0,-385393000.0,0.0,2310000.0,4740000.0,0.0,-2293000.0,-487951000.0,-286140000.0,104851000.0,0.0,-185330000.0,-184382000.0,-184382000.0,0.0,1146000.0,-0.229,490189000.0,-113736000.0,226568000.0,0.0,-16.384,-16.532,-16.486,1511303000.0,-948000.0,22.75,3.967,3.947,384614000.0,-2254666000.0,805398000.0,805398000.0,0.0,,,,,12866000.0,418646000.0,1.0,473423186.0,473726000,473726000.0,1.7,4636835000.0,0.0,410000.0,0.0,9.788,837529000.0
83,DISH,MRQ,2000-09-30,2000-09-30,2000-09-30,2021-08-25,-6829000.0,4699640000.0,,2186188000.0,2513452000.0,,-0.882,-71953000.0,1242211000.0,1242211000.0,372862000.0,-142049000.0,2.048,-12.266,4041561000.0,17145000.0,4024416000.0,4041561000.0,279372000.0,44511000.0,0.0,0.0,0.0,-79362000.0,-34851000.0,-0.05,-34851000.0,-79362000.0,-141995000.0,-0.3,-0.3,-0.3,-417167000.0,,-417167000.0,27499523518.0,-61.0,-95.387,-158187000.0,-0.334,1.0,325110000.0,0.466,0.0,62633000.0,6431278000.0,,190196000.0,381233000.0,378233000.0,3000000.0,5116807000.0,1067712000.0,4049095000.0,24939844518.0,756059000.0,0.0,1319000.0,985574000.0,0.0,984057000.0,-141764000.0,20083000.0,-86234000.0,0.0,-142049000.0,-142264000.0,-142264000.0,0.0,0.0,-0.204,407192000.0,-82082000.0,238863000.0,0.0,-59.784,-36.558,-36.13,1413216000.0,215000.0,52.75,10.286,10.291,333335000.0,-2053025000.0,697972000.0,697972000.0,0.0,,,,,11568000.0,351113000.0,1.0,472793261.0,473013000,473013000.0,1.476,4699640000.0,0.0,54000.0,0.0,9.936,1118476000.0
84,DISH,MRQ,2000-06-30,2000-06-30,2000-06-30,2021-08-25,-676000.0,3821322000.0,,1432628000.0,2388694000.0,,-0.622,-77809000.0,486152000.0,486152000.0,367156000.0,-132860000.0,1.348,-14.018,3045831000.0,19072000.0,3026759000.0,3045831000.0,258296000.0,41710000.0,0.0,0.0,0.0,-71322000.0,-29612000.0,-0.046,-29612000.0,-71322000.0,-132824000.0,-0.28,-0.28,-0.28,-293542000.0,,-293542000.0,17917354278.0,-40.0,-59.377,-110526000.0,-0.234,1.0,278973000.0,0.432,0.0,61502000.0,5318422000.0,,204044000.0,407470000.0,404470000.0,3000000.0,4114864000.0,1062579000.0,3052285000.0,15548706278.0,-193636000.0,-50045000.0,6933000.0,-3746000.0,0.0,2948000.0,-163867000.0,-35262000.0,-32717000.0,0.0,-132860000.0,-133100000.0,-133100000.0,0.0,0.0,-0.206,365204000.0,-86231000.0,193543000.0,0.0,-52.969,-23.337,-22.993,1380295000.0,240000.0,33.11,7.216,7.245,299284000.0,-1921917000.0,646129000.0,646129000.0,0.0,,,,,13322000.0,310472000.0,1.0,469607559.0,471555000,471555000.0,1.37,3821322000.0,0.0,36000.0,0.0,8.104,370049000.0
85,DISH,MRQ,2000-03-31,2000-03-31,2000-03-31,2021-08-25,1463000.0,3824874000.0,,1530487000.0,2294387000.0,,-0.382,-36900000.0,679788000.0,679788000.0,324437000.0,-185130000.0,1.613,-22.505,3048436000.0,20982000.0,3027454000.0,3048436000.0,237250000.0,40458000.0,0.0,0.0,0.0,-123562000.0,-83104000.0,-0.147,-83104000.0,-123562000.0,-185075000.0,-0.4,-0.4,-0.4,-177859000.0,,-177859000.0,39008279724.0,-97.0,-142.619,-141477000.0,-0.304,1.0,241284000.0,0.427,0.0,61513000.0,5244784000.0,,152493000.0,374120000.0,371120000.0,3000000.0,4002733000.0,948738000.0,3053995000.0,36860906724.0,-225511000.0,-60000000.0,2170000.0,-4236000.0,0.0,-2559000.0,-118375000.0,-20781000.0,-104577000.0,0.0,-185130000.0,-185623000.0,-185623000.0,0.0,0.0,-0.328,383301000.0,-142017000.0,171481000.0,0.0,-207.248,-60.31,-58.088,1338275000.0,493000.0,79.0,19.829,19.793,279735000.0,-1788817000.0,565721000.0,565721000.0,0.0,,,,,13709000.0,328834000.0,1.0,466593756.0,465768000,465768000.0,1.215,3824874000.0,0.0,55000.0,0.0,8.212,581749000.0
86,DISH,MRQ,1999-12-31,1999-12-31,1999-12-31,2021-08-25,0.0,3898189000.0,,1683695000.0,2214494000.0,,-0.106,-25883000.0,905299000.0,905299000.0,298491000.0,-219986000.0,1.877,-81.511,3052672000.0,22067000.0,3030605000.0,3052672000.0,200624000.0,34387000.0,0.0,0.0,0.0,-175113000.0,-140726000.0,-0.273,-140726000.0,-175113000.0,-227194000.0,-0.48,-0.48,-0.48,-48418000.0,,-48418000.0,24150852110.0,-40.0,-49.785,-17790000.0,-0.039,1.0,216377000.0,0.42,0.0,52081000.0,5148653000.0,,123630000.0,351876000.0,348876000.0,3000000.0,3946607000.0,896909000.0,3049698000.0,22214965110.0,786528000.0,73845000.0,957000.0,994818000.0,0.0,978690000.0,-200255000.0,-238603000.0,8093000.0,0.0,-227239000.0,-221213000.0,-221213000.0,0.0,7253000.0,-0.43,377342000.0,-160965000.0,194046000.0,0.0,-458.816,-27.765,-25.391,1339939000.0,-6026000.0,48.75,13.86,12.667,265685000.0,-1603194000.0,514868000.0,514868000.0,0.0,,,,,55077000.0,287878000.0,1.0,455691592.0,458152000,458152000.0,1.124,3898189000.0,0.0,45000.0,0.0,8.509,786786000.0
87,DISH,MRQ,1999-09-30,1999-09-30,1999-09-30,2021-08-25,0.0,2807957000.0,,594374000.0,2213583000.0,,0.239,-33070000.0,118771000.0,118771000.0,238204000.0,-124401000.0,0.978,24.759,2054658000.0,21832000.0,2032826000.0,2054658000.0,219222000.0,27841000.0,0.0,0.0,0.0,-76156000.0,-48315000.0,-0.113,-48315000.0,-76156000.0,-124380000.0,-0.28,-0.28,-0.28,109010000.0,,109010000.0,12111022258.0,-23.0,-28.904,-171491000.0,-0.377,1.0,189976000.0,0.444,0.0,48224000.0,4136199000.0,,90421000.0,82906000.0,79978000.0,2928000.0,2698947000.0,607645000.0,2091302000.0,10331775258.0,-158777000.0,-6041000.0,2001000.0,-5065000.0,0.0,-3333000.0,-17023000.0,24833000.0,-138421000.0,0.0,-124401000.0,-126343000.0,-126343000.0,0.0,0.0,-0.295,269431000.0,-79455000.0,145705000.0,0.0,94.778,-14.731,-12.239,1356673000.0,1942000.0,22.703,7.514,7.519,260747000.0,-1382911000.0,428180000.0,428180000.0,0.0,,,,,4264000.0,237326000.0,1.0,455094164.0,455406000,455406000.0,0.94,2807957000.0,0.0,21000.0,0.0,6.166,-13271000.0
88,DISH,MRQ,1999-06-30,1999-06-30,1999-06-30,2021-08-25,0.0,2903402000.0,,704583000.0,2198819000.0,,0.595,-23345000.0,277548000.0,277548000.0,190613000.0,-76129000.0,1.211,11.553,2056795000.0,20901000.0,2035894000.0,2056795000.0,202807000.0,25940000.0,0.0,0.0,0.0,-27309000.0,-1369000.0,-0.004,-1369000.0,-27309000.0,-76107000.0,-0.2,-0.2,-0.2,231300000.0,,231300000.0,8922599318.0,-20.0,-25.021,43109000.0,0.111,1.0,159604000.0,0.456,0.0,48798000.0,4100740000.0,,75456000.0,107739000.0,107739000.0,0.0,2672102000.0,581909000.0,2090193000.0,7002706318.0,133648000.0,0.0,3477000.0,-6998000.0,0.0,-3521000.0,70715000.0,94390000.0,66454000.0,0.0,-76129000.0,-78014000.0,-78014000.0,0.0,0.0,-0.223,210593000.0,-50989000.0,114466000.0,0.0,30.275,-11.012,-10.989,1350120000.0,1885000.0,19.175,5.924,6.309,221939000.0,-1255638000.0,350217000.0,350217000.0,0.0,,,,,1719000.0,182934000.0,1.0,365199808.0,388936000,388936000.0,0.9,2903402000.0,0.0,22000.0,0.0,7.465,122674000.0
89,DISH,MRQ,1999-03-31,1999-03-31,1999-03-31,2021-08-25,0.0,1733793000.0,,648806000.0,1084987000.0,,-2.27,-8854000.0,143900000.0,143900000.0,170878000.0,-372331000.0,1.368,-3.113,2063793000.0,22764000.0,2041029000.0,2063793000.0,184905000.0,25060000.0,0.0,0.0,0.0,-319755000.0,-294695000.0,-0.952,-294695000.0,-319755000.0,-372265000.0,-1.04,-1.04,-1.04,-820729000.0,,-820729000.0,5103871247.0,-12.0,-14.771,-3493000.0,-0.01,1.0,138698000.0,0.448,0.0,52510000.0,3179420000.0,,59170000.0,202129000.0,202129000.0,0.0,2554522000.0,474266000.0,2080256000.0,3699660247.0,37353000.0,0.0,1525000.0,311382000.0,0.0,-51745000.0,83737000.0,93081000.0,5361000.0,0.0,-372331000.0,-374530000.0,-374530000.0,0.0,0.0,-1.21,194380000.0,-55682000.0,93817000.0,0.0,-4.508,-6.042,-6.009,861363000.0,2199000.0,10.204,3.433,3.423,212740000.0,-1177626000.0,309576000.0,309576000.0,0.0,,,,,0.0,169320000.0,1.0,362578488.0,361528000,361528000.0,0.856,1733793000.0,0.0,66000.0,0.0,4.796,174540000.0
90,DISH,MRQ,1998-12-31,1998-12-31,1998-12-31,2021-08-25,0.0,1806852000.0,,537845000.0,1269007000.0,,-1.028,-19714000.0,106547000.0,106547000.0,168288000.0,-113308000.0,1.249,-5.255,1510758000.0,22679000.0,1488079000.0,1510758000.0,166480000.0,24684000.0,0.0,0.0,0.0,-99307000.0,-74623000.0,-0.26,-74623000.0,-99307000.0,-148684000.0,-0.335,-0.335,-0.335,-371540000.0,,-371540000.0,3452604075.0,-27.0,-77.141,-20490000.0,-0.057,1.0,118694000.0,0.414,0.0,49377000.0,2780286000.0,,76708000.0,295210000.0,217553000.0,77657000.0,1952354000.0,430777000.0,1521577000.0,2180105075.0,-101308000.0,0.0,1278000.0,-4483000.0,0.0,-3205000.0,-97327000.0,-76401000.0,-776000.0,0.0,-148523000.0,-122494000.0,-122494000.0,0.0,35215000.0,-0.427,188826000.0,-70132000.0,90646000.0,0.0,-5.868,-7.363,-7.375,876914000.0,-26029000.0,6.048,2.219,2.215,213233000.0,-733093000.0,286982000.0,286982000.0,0.0,,,,,0.0,164142000.0,1.0,360496912.0,361320000,361320000.0,0.794,1806852000.0,0.0,-161000.0,0.0,5.001,107068000.0
91,DISH,MRQ,1998-09-30,1998-09-30,1998-09-30,2021-08-25,0.0,1814293000.0,,556366000.0,1257927000.0,,-0.701,-31277000.0,207855000.0,207855000.0,136357000.0,-51971000.0,1.544,-7.317,1480354000.0,21064000.0,1459290000.0,1480354000.0,141393000.0,21896000.0,0.0,0.0,0.0,-7817000.0,14079000.0,0.06,14079000.0,-7817000.0,-52049000.0,-0.17,-0.17,-0.17,-252533000.0,,-252533000.0,2271522680.0,-29.0,-376.704,-66824000.0,-0.186,1.0,99050000.0,0.421,0.0,44232000.0,2726367000.0,,81974000.0,230132000.0,153549000.0,76583000.0,1847810000.0,360425000.0,1487385000.0,1080244680.0,-51716000.0,0.0,350000.0,-3902000.0,0.0,-3552000.0,-12617000.0,15115000.0,-35547000.0,0.0,-51971000.0,-60880000.0,-60880000.0,0.0,0.0,-0.259,114400000.0,-15350000.0,91396000.0,0.0,-4.278,-4.284,-4.219,881170000.0,8909000.0,3.0,1.235,1.235,189893000.0,-610599000.0,235407000.0,235407000.0,0.0,,,,,0.0,90540000.0,1.0,360081560.0,360104000,360104000.0,0.654,1814293000.0,0.0,-78000.0,0.0,5.038,195941000.0
92,DISH,MRQ,1998-06-30,1998-06-30,1998-06-30,2021-08-25,0.0,1863250000.0,,557526000.0,1305724000.0,,-0.54,-84481000.0,259571000.0,259571000.0,146405000.0,-45717000.0,1.432,-9.506,1450849000.0,20707000.0,1430142000.0,1450849000.0,135231000.0,18759000.0,0.0,0.0,0.0,-9059000.0,9700000.0,0.039,9700000.0,-9059000.0,-45605000.0,-0.152,-0.152,-0.152,-194115000.0,,-194115000.0,2256809653.0,-15.0,-24.967,-44865000.0,-0.125,1.0,99433000.0,0.404,0.0,36546000.0,2665306000.0,,53540000.0,246172000.0,131289000.0,114883000.0,1845165000.0,389222000.0,1455943000.0,1080921653.0,25519000.0,0.0,1032000.0,-4142000.0,0.0,-3110000.0,-10987000.0,72320000.0,39616000.0,0.0,-45717000.0,-54394000.0,-54394000.0,0.0,0.0,-0.221,115677000.0,-16244000.0,100677000.0,0.0,-5.568,-3.524,-3.383,990395000.0,8677000.0,3.007,1.405,1.405,95072000.0,-549719000.0,245838000.0,245838000.0,0.0,,,,,0.0,91032000.0,1.0,359408696.0,359496000,359496000.0,0.684,1863250000.0,0.0,112000.0,0.0,5.183,168304000.0
93,DISH,MRQ,1998-03-31,1998-03-31,1998-03-31,2021-08-25,0.0,1794700000.0,,534532000.0,1260168000.0,,-0.4,-25668000.0,234052000.0,234052000.0,134245000.0,-49886000.0,1.681,-12.091,1409940000.0,18185000.0,1391755000.0,1409940000.0,135859000.0,18428000.0,0.0,0.0,0.0,-12341000.0,6087000.0,0.028,6087000.0,-12341000.0,-49715000.0,-0.163,-0.163,-0.163,-143275000.0,,-143275000.0,2223807660.0,-12.0,-17.249,-45851000.0,-0.128,1.0,80194000.0,0.374,0.0,37374000.0,2652559000.0,,34643000.0,315322000.0,154729000.0,160593000.0,1732390000.0,318029000.0,1414361000.0,985908660.0,88845000.0,0.0,170000.0,-4025000.0,0.0,-3855000.0,112883000.0,145532000.0,-20183000.0,0.0,-49886000.0,-58329000.0,-58329000.0,0.0,0.0,-0.272,101359000.0,-21165000.0,63464000.0,0.0,-6.881,-3.116,-2.96,898811000.0,8443000.0,2.75,1.584,1.584,82553000.0,-495325000.0,214439000.0,214439000.0,0.0,,,,,0.0,71912000.0,1.0,358512240.0,358488000,358488000.0,0.598,1794700000.0,0.0,171000.0,0.0,5.006,216503000.0
94,DISH,MRQ,1997-12-31,1997-12-31,1997-12-31,2021-08-25,-19000.0,1805646000.0,,544105000.0,1261541000.0,,-0.255,-48500000.0,145207000.0,145207000.0,106014000.0,-71013000.0,1.752,-19.058,1383106000.0,17885000.0,1365221000.0,1383106000.0,142349000.0,13226000.0,0.0,0.0,0.0,-49122000.0,-35896000.0,-0.2,-35896000.0,-49122000.0,-79373000.0,-0.226,-0.226,-0.226,-88961000.0,,-88961000.0,,,,-8378000.0,-0.024,1.0,73151000.0,0.408,0.0,30251000.0,2732965000.0,,22993000.0,463069000.0,275307000.0,187762000.0,1695443000.0,310580000.0,1384863000.0,750635002.0,114234000.0,0.0,63395000.0,-4840000.0,0.0,348232000.0,-274120000.0,-226992000.0,40122000.0,0.0,-79455000.0,-78552000.0,-78552000.0,0.0,8442000.0,-0.438,121080000.0,-47929000.0,68510000.0,0.0,-8.438,-2.336,-2.181,874859000.0,-903000.0,2.094,1.572,1.471,66074000.0,-436996000.0,179165000.0,179165000.0,0.0,,,,,0.0,81661000.0,1.0,358512240.0,348640000,348640000.0,0.514,1805646000.0,0.0,82000.0,0.0,5.179,233525000.0
95,DISH,MRQ,1997-09-30,1997-09-30,1997-09-30,2021-08-25,,,,,,,,-116454000.0,,,74083000.0,-115157000.0,,,,,,,,12958000.0,,0.0,0.0,-83239000.0,-70281000.0,-0.54,-70281000.0,-83239000.0,-115137000.0,-0.347,-0.347,-0.347,,,,,,,-147342000.0,-0.443,1.0,55955000.0,0.43,,31898000.0,,,,,,,,,,,-151879000.0,0.0,320000.0,-2862000.0,0.0,-2542000.0,-118449000.0,-1523000.0,-30888000.0,0.0,-115157000.0,-115458000.0,-115458000.0,0.0,0.0,-0.888,144680000.0,-88725000.0,,0.0,,,,,301000.0,3.031,,,,,130038000.0,130038000.0,0.0,,,,,0.0,97598000.0,1.0,,332464000,332464000.0,0.391,,,20000.0,,,
96,DISH,MRQ,1997-06-30,1997-06-30,1997-06-30,2021-08-25,,,,,,,,-24534000.0,,,58261000.0,-63789000.0,,,,,,,,12732000.0,,0.0,0.0,-41567000.0,-28835000.0,-0.292,-28835000.0,-41567000.0,-63764000.0,-0.193,-0.193,-0.193,,,,,,,-28402000.0,-0.085,1.0,40430000.0,0.41,,22197000.0,,,,,,,,,,,152400000.0,0.0,387000.0,360079000.0,0.0,360466000.0,-204198000.0,-179337000.0,-3868000.0,0.0,-63789000.0,-64090000.0,-64090000.0,0.0,0.0,-0.649,83451000.0,-43021000.0,,0.0,,,,,301000.0,1.954,,,,,98691000.0,98691000.0,0.0,,,,,0.0,37451000.0,1.0,,332832000,332832000.0,0.297,,,25000.0,,,
97,DISH,MRQ,1997-03-31,1997-03-31,1997-03-31,2021-08-25,,,,,,,,-42570000.0,,,40817000.0,-62866000.0,,,,,,,,12625000.0,,0.0,0.0,-43001000.0,-30376000.0,-0.437,-30376000.0,-43001000.0,-62847000.0,-0.193,-0.193,-0.193,,,,,,,-47893000.0,-0.146,1.0,28707000.0,0.413,,19846000.0,,,,,,,,,,,-8779000.0,0.0,156000.0,-3130000.0,0.0,-2974000.0,-482000.0,42868000.0,-5323000.0,0.0,-62866000.0,-63167000.0,-63167000.0,0.0,0.0,-0.909,73303000.0,-44596000.0,,0.0,,,,,301000.0,2.562,,,,,69524000.0,69524000.0,0.0,,,,,0.0,32528000.0,1.0,,327376000,327376000.0,0.212,,,19000.0,,,
98,DISH,MRQ,1996-12-31,1996-12-31,1996-12-31,2021-08-25,-11000.0,1141380000.0,,235636000.0,905744000.0,,0.189,,39231000.0,39231000.0,,,1.188,17.651,886054000.0,11334000.0,874720000.0,886054000.0,111247000.0,,0.0,0.0,0.0,,,,,,,,,,61197000.0,,61197000.0,,,,,,1.0,,,0.0,,1789892000.0,,72767000.0,66298000.0,18807000.0,47491000.0,1080183000.0,198311000.0,881872000.0,,,,,,,,,,,,,,,,,,,,40819000.0,,,,-8.73,590621000.0,,2.75,,4.485,13516000.0,-115729000.0,,,,,,,,,,1.0,,324384000,,,1141380000.0,0.0,,0.0,3.519,37325000.0
0,DISH,MRT,2021-06-30,2021-06-30,2021-06-30,2021-08-25,762000.0,39623578000.0,38194275000.0,6604640000.0,33018938000.0,0.473,27.199,-594656000.0,3676487000.0,3676487000.0,11793681000.0,2617271000.0,1.636,1.735,16493279000.0,76349000.0,16416930000.0,16493279000.0,1229657000.0,772383000.0,0.0,0.0,0.0,3467386000.0,4239769000.0,0.235,4239769000.0,3467386000.0,3473814000.0,4.83,4.16,4.83,14352794000.0,13621606250.0,14352794000.0,34233405087.0,10.0,8.074,3258123000.0,6.174,1.0,6280088000.0,0.347,743216000.0,-6428000.0,47660528000.0,44259268250.0,385396000.0,1553100000.0,1152803000.0,400297000.0,24897903000.0,4036626000.0,20861277000.0,22043022087.0,1260178000.0,-1312500000.0,43431000.0,2373651000.0,0.0,2089917000.0,-4682518000.0,-1109029000.0,3852779000.0,0.0,2538502000.0,2538502000.0,2538502000.0,0.0,78769000.0,0.14,2707887000.0,3572201000.0,523179000.0,0.0,1.536,8.683,8.654,2669610000.0,0.0,41.8,1.22,1.22,977284000.0,9676246000.0,18073769000.0,18073769000.0,0.0,0.066,0.186,0.078,0.192,50064000.0,1935504000.0,1.0,527345026.0,527690000,635976000.0,34.251,38880362000.0,0.0,935312000.0,3977044000.0,73.68,2568014000.0
1,DISH,MRT,2021-03-31,2021-03-31,2021-03-31,2021-08-25,484000.0,38813138000.0,36662749000.0,6515906000.0,32297232000.0,0.458,25.946,-431234000.0,4437662000.0,4437662000.0,10901158000.0,2416226000.0,1.121,1.814,16628045000.0,1875482000.0,14752563000.0,16628045000.0,1266326000.0,738117000.0,0.0,0.0,0.0,3190157000.0,3928274000.0,0.234,3928274000.0,3190157000.0,3188916000.0,4.42,3.88,4.42,13662220000.0,13073284000.0,13662220000.0,31442821430.0,10.0,8.004,3130087000.0,5.944,1.0,5872741000.0,0.35,715644000.0,1241000.0,44473837000.0,41910241750.0,375076000.0,396508000.0,135485000.0,261023000.0,24788441000.0,5814040000.0,18974401000.0,19047359430.0,1646668000.0,-1312500000.0,28278000.0,1575999000.0,0.0,1281201000.0,-3195854000.0,428264000.0,3561321000.0,0.0,2319798000.0,2319798000.0,2319798000.0,0.0,96428000.0,0.138,2569628000.0,3303113000.0,488770000.0,0.0,1.394,8.211,8.19,2290505000.0,0.0,36.2,1.136,1.136,1087134000.0,9005199000.0,16773899000.0,16773899000.0,0.0,0.063,0.177,0.076,0.19,67911000.0,1831511000.0,1.0,526170150.0,526570000,633760000.0,31.855,38097494000.0,0.0,869118000.0,3771572000.0,72.35,701866000.0
2,DISH,MRT,2020-12-31,2020-12-31,2020-12-31,2021-08-25,-855000.0,38239947000.0,35377788250.0,7022158000.0,31217789000.0,0.438,26.26,-413302000.0,3370092000.0,3370092000.0,10033728000.0,1873936000.0,1.154,1.75,15765554000.0,2085620000.0,13679934000.0,15765554000.0,1330122000.0,714552000.0,0.0,0.0,0.0,2473922000.0,3188474000.0,0.206,3188474000.0,2473922000.0,2460948000.0,3.36,3.02,3.36,13780155000.0,12572673750.0,13780155000.0,29353888114.0,12.0,9.206,2898474000.0,5.523,1.0,5459707000.0,0.352,760126000.0,12974000.0,43790537000.0,40903903000.0,380349000.0,621028000.0,362953000.0,258075000.0,24108654000.0,6084746000.0,18023908000.0,17009739114.0,949674000.0,-1312500000.0,27414000.0,1783789000.0,0.0,1499470000.0,-3861572000.0,42149000.0,3311776000.0,0.0,1762673000.0,1762673000.0,1762673000.0,0.0,111263000.0,0.114,2877092000.0,2582615000.0,395397000.0,0.0,1.234,9.65,9.625,2286604000.0,0.0,32.34,1.098,1.095,1104202000.0,8374975000.0,15493435000.0,15493435000.0,0.0,0.05,0.14,0.06,0.16,64954000.0,1806122000.0,1.0,525965959.0,524761000,584360000.0,29.525,37479821000.0,0.0,698275000.0,3869570000.0,71.423,937412000.0
3,DISH,MRT,2020-09-30,2020-09-30,2020-09-30,2021-08-25,-1583000.0,36100437000.0,34125535250.0,5005471000.0,31094966000.0,0.415,24.149,-429228000.0,1811308000.0,1811308000.0,9159970000.0,1526186000.0,0.767,1.795,14155457000.0,2092638000.0,12062819000.0,14155457000.0,1408370000.0,691582000.0,0.0,0.0,0.0,2031706000.0,2723288000.0,0.192,2723288000.0,2031706000.0,2005295000.0,2.74,2.46,2.74,12691256000.0,12018765250.0,12691256000.0,25796767404.0,13.0,9.473,2922235000.0,5.561,1.0,5016965000.0,0.354,802286000.0,26411000.0,41112171000.0,40051062750.0,516216000.0,1240493000.0,983859000.0,256634000.0,22774975000.0,6530129000.0,16244846000.0,15249609404.0,420762000.0,-1312500000.0,1024824000.0,-199386000.0,0.0,825419000.0,-3756120000.0,-803988000.0,3351463000.0,0.0,1419445000.0,1419445000.0,1419445000.0,0.0,106741000.0,0.1,2901037000.0,2115928000.0,747533000.0,0.0,1.202,10.743,10.595,2339345000.0,0.0,29.03,1.076,1.076,1143500000.0,7642343000.0,14176935000.0,14176935000.0,0.0,0.042,0.118,0.051,0.143,53914000.0,1853037000.0,1.0,525305181.0,525532000,583957000.0,26.976,35298151000.0,0.0,585850000.0,3635500000.0,67.167,-1524658000.0
4,DISH,MRT,2020-06-30,2020-06-30,2020-06-30,2021-08-25,-2664000.0,33497474000.0,33043286000.0,4108574000.0,29388900000.0,0.388,23.192,-496076000.0,2589817000.0,2589817000.0,8252689000.0,1370384000.0,0.711,1.705,13136975000.0,2073410000.0,11063565000.0,13136975000.0,1555701000.0,646680000.0,0.0,0.0,0.0,1735915000.0,2382595000.0,0.186,2382595000.0,1735915000.0,1696699000.0,2.52,2.26,2.52,12159505000.0,11388388750.0,12159505000.0,29494850498.0,17.0,12.379,2530902000.0,4.827,1.0,4561018000.0,0.356,0.0,39216000.0,38264422000.0,39780127500.0,315369000.0,249414000.0,40202000.0,209212000.0,20732122000.0,5780210000.0,14951912000.0,18088676498.0,735447000.0,0.0,1016503000.0,-2460625000.0,0.0,-1497714000.0,-793817000.0,790177000.0,3026978000.0,0.0,1268150000.0,1268150000.0,1268150000.0,0.0,102234000.0,0.099,2787446000.0,1773572000.0,372266000.0,0.0,1.488,14.264,13.694,2385277000.0,0.0,34.51,1.412,1.412,531827000.0,7137744000.0,12813707000.0,12813707000.0,0.0,0.038,0.111,0.044,0.135,25431000.0,1784348000.0,1.0,524157534.0,524292000,582619000.0,24.44,33497474000.0,0.0,428549000.0,2992146000.0,63.891,-1671636000.0
5,DISH,MRT,2020-03-31,2020-03-31,2020-03-31,2021-08-25,198000.0,33673295000.0,32739946500.0,4642289000.0,29031006000.0,0.392,22.288,-557386000.0,2827051000.0,2827051000.0,8449331000.0,1230544000.0,1.002,1.838,14233225000.0,1171741000.0,13061484000.0,14233225000.0,1526750000.0,644258000.0,0.0,0.0,0.0,1549251000.0,2193509000.0,0.171,2193509000.0,1549251000.0,1515879000.0,2.34,2.08,2.34,11659779000.0,10681406750.0,11659779000.0,22236463646.0,14.0,10.137,2248039000.0,4.297,1.0,4388598000.0,0.342,0.0,33372000.0,40448482000.0,40165754750.0,329386000.0,783730000.0,560720000.0,223010000.0,21435715000.0,4630987000.0,16804728000.0,10455716646.0,1302613000.0,0.0,1035618000.0,-1346636000.0,0.0,-344108000.0,-1158704000.0,258025000.0,2805425000.0,0.0,1132850000.0,1132850000.0,1132850000.0,0.0,97694000.0,0.088,2821944000.0,1566654000.0,356555000.0,0.0,0.897,9.23,8.543,2436377000.0,0.0,19.99,0.814,0.815,544106000.0,6685401000.0,12837929000.0,12837929000.0,0.0,0.035,0.106,0.039,0.121,19143000.0,1821268000.0,1.0,523047356.0,523152000,581381000.0,24.54,33673295000.0,0.0,383029000.0,2899549000.0,64.366,11302000.0
6,DISH,MRT,2019-12-31,2019-12-31,2019-12-31,2021-08-25,-18000.0,33230935000.0,32243217000.0,4015100000.0,29215835000.0,0.397,24.11,-581081000.0,2443643000.0,2443643000.0,8570162000.0,1492569000.0,0.893,1.826,14224390000.0,1171366000.0,13053024000.0,14224390000.0,1376502000.0,630577000.0,0.0,0.0,0.0,1874557000.0,2505134000.0,0.196,2505134000.0,1874557000.0,1850870000.0,2.92,2.6,2.92,11564521000.0,10004600000.0,11564521000.0,30312428569.0,16.0,12.1,2081320000.0,4.339,1.0,4237522000.0,0.331,136415000.0,23687000.0,40379176000.0,40250715000.0,322898000.0,637845000.0,416704000.0,221141000.0,21114788000.0,4496091000.0,16618697000.0,17488784569.0,1616396000.0,0.0,1034843000.0,-1358920000.0,0.0,-328169000.0,-717836000.0,770108000.0,2662401000.0,0.0,1399512000.0,1399512000.0,1399512000.0,0.0,93057000.0,0.109,2358646000.0,1878876000.0,280645000.0,0.0,1.512,12.496,12.147,2850512000.0,0.0,35.47,1.365,1.328,588358000.0,6612302000.0,12807684000.0,12807684000.0,0.0,0.043,0.14,0.047,0.146,14262000.0,1728069000.0,1.0,493058488.0,479657000,537964000.0,26.702,33094520000.0,0.0,451358000.0,2870655000.0,68.996,-480991000.0
7,DISH,MRT,2019-09-30,2019-09-30,2019-09-30,2021-08-25,-252000.0,31771440000.0,31582236250.0,2731392000.0,29040048000.0,0.408,21.298,-572535000.0,1403358000.0,1403358000.0,8783848000.0,1436308000.0,0.598,2.072,14227002000.0,1173427000.0,13053575000.0,14227002000.0,1327033000.0,628087000.0,0.0,0.0,0.0,1839626000.0,2467713000.0,0.192,2467713000.0,1839626000.0,1818257000.0,2.87,2.56,2.87,10169750000.0,9262391750.0,10169750000.0,29729985051.0,16.0,12.048,1958201000.0,4.101,1.0,4089800000.0,0.318,0.0,21369000.0,40028430000.0,40174998750.0,314620000.0,411475000.0,191034000.0,220441000.0,21074207000.0,4566654000.0,16507553000.0,16011669051.0,233712000.0,0.0,35712000.0,-1368697000.0,0.0,-1337567000.0,-959457000.0,446289000.0,2530736000.0,0.0,1347188000.0,1347188000.0,1347188000.0,0.0,89120000.0,0.105,2251124000.0,1838676000.0,317690000.0,0.0,1.574,11.885,11.871,2910202000.0,0.0,34.07,1.244,1.264,577797000.0,6222898000.0,12873648000.0,12873648000.0,0.0,0.043,0.145,0.046,0.143,19658000.0,1623037000.0,1.0,469963870.0,477495000,535746000.0,26.961,31771440000.0,0.0,471069000.0,2817260000.0,66.538,-1835262000.0
8,DISH,MRT,2019-06-30,2019-06-30,2019-06-30,2021-08-25,149000.0,32284116000.0,31173728750.0,3917855000.0,28366261000.0,0.42,19.869,-507541000.0,1901064000.0,1901064000.0,8987493000.0,1511749000.0,0.632,2.406,15619380000.0,2416453000.0,13202927000.0,15619380000.0,1128474000.0,649191000.0,0.0,0.0,0.0,1941919000.0,2591110000.0,0.198,2591110000.0,1941919000.0,1921164000.0,3.05,2.72,3.05,9331577000.0,8781165500.0,9331577000.0,32077718416.0,17.0,12.38,2031281000.0,4.325,1.0,4112933000.0,0.314,0.0,20755000.0,39806931000.0,39964722750.0,331138000.0,1063650000.0,831318000.0,232332000.0,22448909000.0,6195501000.0,16253408000.0,18020716416.0,907517000.0,0.0,35667000.0,-76583000.0,0.0,8075000.0,-1639380000.0,-255557000.0,2538822000.0,0.0,1425618000.0,1425618000.0,1425618000.0,0.0,86131000.0,0.109,2180446000.0,1932487000.0,361048000.0,0.0,1.931,12.641,12.593,2574750000.0,0.0,38.41,1.376,1.377,584116000.0,5869594000.0,13100426000.0,13100426000.0,0.0,0.046,0.162,0.049,0.148,41131000.0,1531255000.0,1.0,469167311.0,469655000,527983000.0,27.894,32284116000.0,0.0,495546000.0,2589197000.0,68.74,-2277646000.0
9,DISH,MRT,2019-03-31,2019-03-31,2019-03-31,2021-08-25,-57000.0,31686377000.0,30515202750.0,3592217000.0,28094160000.0,0.437,19.131,-444276000.0,1576672000.0,1576672000.0,9139047000.0,1631469000.0,0.725,2.486,15633674000.0,1316414000.0,14317260000.0,15633674000.0,1098712000.0,672191000.0,0.0,0.0,0.0,2096544000.0,2768735000.0,0.207,2768735000.0,2096544000.0,2078574000.0,3.31,2.95,3.31,8952552000.0,8399193000.0,8952552000.0,29092680189.0,14.0,10.508,2054943000.0,4.391,1.0,4210912000.0,0.315,0.0,17970000.0,40788323000.0,40051774000.0,309251000.0,1046091000.0,816375000.0,229716000.0,22253718000.0,4955056000.0,17298662000.0,14827249189.0,-530418000.0,0.0,16740000.0,-1113322000.0,0.0,-1070693000.0,-1958944000.0,-610123000.0,2499219000.0,0.0,1547292000.0,1547292000.0,1547292000.0,0.0,84177000.0,0.116,2136497000.0,2074415000.0,277367000.0,0.0,1.656,9.583,9.574,2588772000.0,0.0,31.69,1.111,1.111,581685000.0,5552551000.0,13349959000.0,13349959000.0,0.0,0.051,0.184,0.052,0.157,38738000.0,1464306000.0,1.0,467884165.0,467953000,526219000.0,28.528,31686377000.0,0.0,531282000.0,2529065000.0,67.713,-1362839000.0
10,DISH,MRT,2018-12-31,2018-12-31,2018-12-31,2021-08-25,-874000.0,30587012000.0,30132341750.0,3289205000.0,27297807000.0,0.452,18.392,-393938000.0,887346000.0,887346000.0,9324376000.0,1655491000.0,0.689,2.505,15152777000.0,1341993000.0,13810784000.0,15152777000.0,1126244000.0,712024000.0,0.0,0.0,0.0,2123781000.0,2835805000.0,0.208,2835805000.0,2123781000.0,2108775000.0,3.37,3.0,3.37,8595688000.0,7992260500.0,8595688000.0,25605329958.0,12.0,9.029,2123903000.0,4.545,1.0,4296926000.0,0.315,0.0,15006000.0,40076311000.0,39731749500.0,290733000.0,1368060000.0,1181471000.0,186589000.0,21532755000.0,4776132000.0,16756623000.0,11677816958.0,-591977000.0,0.0,19981000.0,-1151256000.0,0.0,-1134545000.0,-1975273000.0,-673680000.0,2517841000.0,0.0,1575091000.0,1575091000.0,1575091000.0,0.0,80400000.0,0.116,2149305000.0,2147621000.0,233753000.0,0.0,1.359,7.414,7.409,1928180000.0,0.0,24.97,0.857,0.857,639855000.0,5212790000.0,13621302000.0,13621302000.0,0.0,0.052,0.197,0.053,0.156,36261000.0,1437281000.0,1.0,467673887.0,467350000,525832000.0,29.146,30587012000.0,0.0,533684000.0,2474907000.0,65.448,-1486927000.0
11,DISH,MRT,2018-09-30,2018-09-30,2018-09-30,2021-08-25,-537000.0,30137410000.0,29929030250.0,3038909000.0,27098501000.0,0.461,17.633,-390495000.0,1229717000.0,1229717000.0,9390364000.0,2699510000.0,0.623,2.602,15157230000.0,1367116000.0,13790114000.0,15157230000.0,1143162000.0,732898000.0,0.0,0.0,0.0,1954044000.0,2686942000.0,0.195,2686942000.0,1954044000.0,1939446000.0,5.62,5.0,5.62,8244845000.0,7577692000.0,8244845000.0,30855022924.0,16.0,11.483,2177663000.0,4.657,1.0,4408037000.0,0.319,0.0,14598000.0,39187326000.0,39629976500.0,304944000.0,812177000.0,635432000.0,176745000.0,21454201000.0,4877597000.0,16576604000.0,16718382924.0,-353146000.0,0.0,20703000.0,-1305195000.0,0.0,-1288897000.0,-1632407000.0,-311704000.0,2568158000.0,0.0,2623494000.0,2623494000.0,2623494000.0,0.0,76016000.0,0.19,2483877000.0,1924160000.0,269515000.0,0.0,2.028,6.373,6.363,1990034000.0,0.0,35.76,1.212,1.212,670826000.0,4875711000.0,13798401000.0,13798401000.0,0.0,0.088,0.346,0.049,0.142,34219000.0,1605061000.0,1.0,467516301.0,467570000,525995000.0,29.511,30137410000.0,0.0,-684048000.0,2329011000.0,64.455,-1838688000.0
12,DISH,MRT,2018-06-30,2018-06-30,2018-06-30,2021-08-25,735000.0,29650012000.0,29774891500.0,2743710000.0,26906302000.0,0.47,16.695,-387527000.0,1007784000.0,1007784000.0,9508702000.0,2562177000.0,0.756,2.745,15144424000.0,34824000.0,15109600000.0,15144424000.0,1174162000.0,766937000.0,0.0,0.0,0.0,1854869000.0,2621806000.0,0.187,2621806000.0,1854869000.0,1841314000.0,5.34,4.75,5.34,7803687000.0,6904433250.0,7803687000.0,29754275505.0,16.0,11.349,2224222000.0,4.758,1.0,4478012000.0,0.32,0.0,13555000.0,40155136000.0,39669208250.0,329507000.0,735846000.0,547004000.0,188842000.0,21423305000.0,3631516000.0,17791789000.0,15708646505.0,-1357847000.0,0.0,23526000.0,-2205019000.0,0.0,-2186247000.0,-1783349000.0,-443344000.0,2611749000.0,0.0,2489135000.0,2489135000.0,2489135000.0,0.0,73042000.0,0.178,2667504000.0,1810508000.0,284767000.0,0.0,2.013,6.311,6.294,2047928000.0,0.0,33.61,1.123,1.123,641888000.0,4443977000.0,13986714000.0,13986714000.0,0.0,0.084,0.361,0.047,0.133,36850000.0,1754649000.0,1.0,467380140.0,467425000,525849000.0,29.923,29650012000.0,0.0,-647821000.0,2217077000.0,63.433,-887806000.0
13,DISH,MRT,2018-03-31,2018-03-31,2018-03-31,2021-08-25,1359000.0,30154933000.0,29841778250.0,3465561000.0,26689372000.0,0.475,15.697,-387417000.0,2115349000.0,2115349000.0,9595997000.0,2160653000.0,0.739,3.062,16160978000.0,1008902000.0,15152076000.0,16160978000.0,1214472000.0,805906000.0,0.0,0.0,0.0,1520798000.0,2326704000.0,0.164,2326704000.0,1520798000.0,1483839000.0,4.49,4.01,4.49,7324822000.0,6262980000.0,7324822000.0,32398220894.0,21.0,13.925,2206874000.0,4.729,1.0,4573504000.0,0.323,0.0,36959000.0,39508225000.0,39354946500.0,347746000.0,351781000.0,163714000.0,188067000.0,22428468000.0,4692337000.0,17736131000.0,17674763894.0,-4675125000.0,0.0,30191000.0,-1174330000.0,0.0,-1146292000.0,-6123124000.0,-75074000.0,2594291000.0,0.0,2090534000.0,2090534000.0,2090534000.0,0.0,70119000.0,0.148,3083553000.0,1489951000.0,331388000.0,0.0,2.413,8.455,8.439,2106931000.0,0.0,37.89,1.247,1.248,601673000.0,4005260000.0,14169501000.0,14169501000.0,0.0,0.07,0.334,0.039,0.107,32227000.0,1836034000.0,1.0,466475690.0,466642000,525309000.0,30.365,30154933000.0,0.0,-606695000.0,2112421000.0,64.621,-1226776000.0
14,DISH,MRT,2017-12-31,2017-12-31,2017-12-31,2021-08-25,882000.0,29773766000.0,29665094750.0,3285023000.0,26488743000.0,0.485,14.886,-431795000.0,1479508000.0,1479508000.0,9673118000.0,2165407000.0,0.68,3.236,16202965000.0,1068524000.0,15134441000.0,16202965000.0,1179561000.0,817564000.0,0.0,0.0,0.0,1646541000.0,2464105000.0,0.171,2464105000.0,1646541000.0,1583369000.0,4.5,4.07,4.5,6937414000.0,5721394000.0,6937414000.0,37046322184.0,22.0,15.034,2347712000.0,5.038,1.0,4718257000.0,0.328,0.0,63172000.0,39669219000.0,38310624000.0,321008000.0,687032000.0,501165000.0,185867000.0,22452470000.0,4828004000.0,17624466000.0,22268566184.0,-3845283000.0,0.0,28574000.0,-122719000.0,0.0,-103237000.0,-6521553000.0,-450482000.0,2779507000.0,0.0,2098689000.0,2098689000.0,2098689000.0,0.0,66718000.0,0.146,3150492000.0,1567765000.0,393305000.0,0.0,3.21,10.611,10.611,2183661000.0,0.0,47.75,1.547,1.546,653948000.0,3635380000.0,14391375000.0,14391375000.0,0.0,0.071,0.367,0.043,0.114,29941000.0,1891315000.0,1.0,466357407.0,466021000,522596000.0,30.881,29773766000.0,0.0,-515320000.0,2019538000.0,63.889,-1542981000.0
15,DISH,MRT,2017-09-30,2017-09-30,2017-09-30,2021-08-25,6174000.0,29520855000.0,29200226250.0,3122551000.0,26398304000.0,0.502,11.908,-468487000.0,1582850000.0,1582850000.0,9734125000.0,1131906000.0,0.63,4.251,16360606000.0,1241187000.0,15119419000.0,16360606000.0,1179847000.0,855678000.0,0.0,0.0,0.0,1913791000.0,2769469000.0,0.189,2769469000.0,1913791000.0,1824665000.0,2.3,2.14,2.3,5551810000.0,5140427750.0,5551810000.0,40159410777.0,21.0,14.501,2421381000.0,5.193,1.0,4926087000.0,0.336,0.0,89126000.0,39344253000.0,37013468250.0,318892000.0,452502000.0,267799000.0,184703000.0,23600811000.0,4954358000.0,18646453000.0,25277275777.0,-3201785000.0,0.0,30610000.0,50340000.0,0.0,85427000.0,-6177080000.0,-93180000.0,2889868000.0,0.0,1068699000.0,1068699000.0,1068699000.0,0.0,63207000.0,0.073,3044714000.0,1881373000.0,374130000.0,0.0,4.553,23.652,23.578,2378811000.0,0.0,54.23,1.724,1.725,703631000.0,2249897000.0,14660212000.0,14660212000.0,0.0,0.037,0.208,0.052,0.131,23126000.0,1872193000.0,1.0,466112406.0,466240000,525246000.0,31.443,29520855000.0,0.0,755966000.0,3062592000.0,63.317,-1831807000.0
16,DISH,MRT,2017-06-30,2017-06-30,2017-06-30,2021-08-25,5632000.0,29917559000.0,28714139750.0,3713032000.0,26204527000.0,0.517,11.24,-506676000.0,2365893000.0,2365893000.0,9742252000.0,1149616000.0,0.629,4.645,17248028000.0,2140980000.0,15107048000.0,17248028000.0,1212025000.0,870352000.0,0.0,0.0,0.0,1955042000.0,2825394000.0,0.19,2825394000.0,1955042000.0,1850577000.0,2.34,2.24,2.34,5237874000.0,4825613250.0,5237874000.0,39693302543.0,20.0,14.049,2249017000.0,4.826,1.0,5101978000.0,0.344,0.0,104465000.0,38898089000.0,35845854500.0,373676000.0,221743000.0,20560000.0,201183000.0,24328991000.0,5901605000.0,18427386000.0,29240437543.0,-984202000.0,0.0,403560000.0,3924471000.0,0.0,3706492000.0,-7446387000.0,26444000.0,2755693000.0,0.0,1089776000.0,1089776000.0,1089776000.0,0.0,59840000.0,0.073,3146994000.0,1954984000.0,328098000.0,0.0,5.583,26.832,26.821,2447945000.0,0.0,62.76,1.97,1.97,737029000.0,1952522000.0,14844230000.0,14844230000.0,0.0,0.038,0.226,0.055,0.132,21155000.0,1959799000.0,1.0,465908820.0,466019000,466935000.0,31.853,29917559000.0,0.0,760801000.0,2851441000.0,64.198,-2188573000.0
17,DISH,MRT,2017-03-31,2017-03-31,2017-03-31,2021-08-25,4884000.0,29448199000.0,27347198750.0,9596631000.0,19851568000.0,0.551,11.084,-567754000.0,6782252000.0,6782252000.0,9766491000.0,1528916000.0,2.1,4.644,17235117000.0,942451000.0,16292666000.0,17235117000.0,1217706000.0,898266000.0,0.0,0.0,0.0,2386659000.0,3284925000.0,0.218,3284925000.0,2386659000.0,2305053000.0,3.16,3.06,3.16,5158478000.0,4396379250.0,5158478000.0,40700480778.0,17.0,12.39,2295224000.0,4.932,1.0,5298698000.0,0.352,0.0,81606000.0,35330935000.0,34015510000.0,421512000.0,225623000.0,20651000.0,204972000.0,23957674000.0,4570129000.0,19387545000.0,29545305778.0,6080931000.0,0.0,397543000.0,5924885000.0,0.0,5675600000.0,-2457647000.0,34878000.0,2862978000.0,0.0,1473763000.0,1473763000.0,1473763000.0,0.0,55153000.0,0.098,2955535000.0,2343163000.0,556319000.0,0.0,5.728,20.048,20.092,2550259000.0,0.0,63.49,1.961,1.961,704246000.0,1912406000.0,15065189000.0,15065189000.0,0.0,0.054,0.335,0.07,0.158,15334000.0,2036121000.0,1.0,465353690.0,465412000,514443000.0,32.37,29448199000.0,0.0,831290000.0,2630735000.0,63.273,5026502000.0
18,DISH,MRT,2016-12-31,2016-12-31,2016-12-31,2021-08-25,781000.0,27914292000.0,25487492500.0,8280387000.0,19633905000.0,0.597,9.926,-614055000.0,5324503000.0,5324503000.0,9758245000.0,1550785000.0,1.803,4.982,16483639000.0,941903000.0,15541736000.0,16483639000.0,1237224000.0,921202000.0,0.0,0.0,0.0,2416898000.0,3338100000.0,0.219,3338100000.0,2416898000.0,2363757000.0,3.22,3.15,3.22,4613549000.0,3887518250.0,4613549000.0,38626911605.0,16.0,11.572,2240192000.0,4.82,1.0,5454057000.0,0.359,0.0,53141000.0,34480596000.0,32609418250.0,422349000.0,151224000.0,35616000.0,115608000.0,22983335000.0,4592832000.0,18390503000.0,26939481605.0,4271107000.0,0.0,394225000.0,3429857000.0,0.0,3153930000.0,-1737070000.0,523582000.0,2854247000.0,0.0,1497939000.0,1497939000.0,1497939000.0,0.0,52846000.0,0.098,3134796000.0,2319261000.0,524704000.0,0.0,5.839,17.984,17.991,2654271000.0,0.0,57.93,1.771,1.77,777908000.0,1536691000.0,15212302000.0,15212302000.0,0.0,0.059,0.385,0.074,0.159,13037000.0,2192446000.0,1.0,465035070.0,464807000,484162000.0,32.728,27914292000.0,0.0,865818000.0,2385525000.0,60.056,3687555000.0
19,DISH,MRT,2016-09-30,2016-09-30,2016-09-30,2021-08-25,657000.0,27576509000.0,24230597000.0,7900988000.0,19675521000.0,0.635,9.233,-599187000.0,4784300000.0,4784300000.0,9828928000.0,1136819000.0,1.721,5.351,16471730000.0,937486000.0,15534244000.0,16471730000.0,1276674000.0,893211000.0,0.0,0.0,0.0,1788761000.0,2681972000.0,0.174,2681972000.0,1788761000.0,1722754000.0,2.29,2.29,2.29,4292552000.0,3421327750.0,4292552000.0,36352723585.0,20.0,13.554,1821361000.0,3.918,1.0,5565884000.0,0.362,0.0,66007000.0,34673798000.0,31595903500.0,479404000.0,583667000.0,176936000.0,406731000.0,22967670000.0,4590141000.0,18377529000.0,25465014585.0,3539915000.0,0.0,400369000.0,3427574000.0,0.0,3131526000.0,-2012159000.0,149945000.0,2420548000.0,0.0,1072433000.0,1072433000.0,1072433000.0,0.0,64386000.0,0.07,3850720000.0,1715164000.0,610931000.0,0.0,5.932,23.745,23.921,2666352000.0,0.0,54.78,1.654,1.654,815873000.0,1009367000.0,15394812000.0,15394812000.0,0.0,0.044,0.313,0.057,0.116,12015000.0,2295302000.0,1.0,464859704.0,464927000,492969000.0,33.112,27576509000.0,0.0,650321000.0,2382554000.0,59.314,3310847000.0
20,DISH,MRT,2016-06-30,2016-06-30,2016-06-30,2021-08-25,2390000.0,24449795000.0,23112209500.0,4913071000.0,19536724000.0,0.665,7.575,-644912000.0,3349364000.0,3349364000.0,9797859000.0,1006454000.0,1.306,5.858,14237073000.0,35513000.0,14201560000.0,14237073000.0,1284436000.0,921410000.0,0.0,0.0,0.0,1736492000.0,2657902000.0,0.173,2657902000.0,1736492000.0,1547360000.0,2.03,2.04,2.03,3520938000.0,3062167750.0,3520938000.0,35893141510.0,21.0,13.504,1956705000.0,4.21,1.0,5563046000.0,0.362,0.0,189132000.0,31576711000.0,30516024500.0,475193000.0,544674000.0,137929000.0,406745000.0,20624993000.0,3760793000.0,16864200000.0,24350974510.0,2655260000.0,0.0,23310000.0,457349000.0,0.0,411849000.0,-358206000.0,253985000.0,2601617000.0,0.0,950460000.0,950460000.0,950460000.0,0.0,55994000.0,0.062,3928824000.0,1634222000.0,575202000.0,0.0,6.916,25.62,25.813,2750804000.0,0.0,52.4,1.585,1.586,861176000.0,701941000.0,15360905000.0,15360905000.0,0.0,0.041,0.31,0.057,0.113,8121000.0,2345207000.0,1.0,464713254.0,464803000,465640000.0,33.048,24449795000.0,0.0,596900000.0,2233378000.0,52.602,1152278000.0
21,DISH,MRT,2016-03-31,2016-03-31,2016-03-31,2021-08-25,19607000.0,22009374000.0,22690432750.0,2557501000.0,19451873000.0,0.676,6.725,-684088000.0,708972000.0,708972000.0,9798514000.0,900718000.0,0.665,5.952,12251139000.0,35199000.0,12215940000.0,12251139000.0,1259742000.0,944711000.0,0.0,0.0,0.0,1720982000.0,2665693000.0,0.174,2665693000.0,1720982000.0,1382509000.0,1.82,1.83,1.82,3123034000.0,2848897750.0,3123034000.0,34176669732.0,20.0,12.821,1811474000.0,3.901,1.0,5530225000.0,0.361,0.0,338473000.0,29706568000.0,30253566250.0,455257000.0,568379000.0,161634000.0,406745000.0,18589035000.0,3844973000.0,14744062000.0,21473902732.0,-340689000.0,0.0,30579000.0,-2190079000.0,0.0,-2197310000.0,-638941000.0,235561000.0,2495562000.0,0.0,850780000.0,850780000.0,850780000.0,0.0,49938000.0,0.056,4002298000.0,1527927000.0,561347000.0,0.0,6.876,25.24,25.418,2845840000.0,0.0,46.26,1.401,1.401,806091000.0,291477000.0,15328739000.0,15328739000.0,0.0,0.037,0.299,0.057,0.112,15967000.0,2395380000.0,1.0,464200232.0,464375000,465219000.0,33.009,22009374000.0,0.0,531729000.0,2137747000.0,47.396,-1287472000.0
22,DISH,MRT,2015-12-31,2015-12-31,2015-12-31,2021-08-25,61981000.0,22886710000.0,22919390500.0,3543243000.0,19343467000.0,0.664,5.937,-734998000.0,1053158000.0,1053158000.0,9748472000.0,842026000.0,0.686,7.223,13755925000.0,1534000000.0,12221925000.0,13755925000.0,1254685000.0,963357000.0,0.0,0.0,0.0,1689625000.0,2652982000.0,0.174,2652982000.0,1689625000.0,1195544000.0,1.73,1.73,1.73,2748787000.0,2640791500.0,2748787000.0,39005022908.0,23.0,14.702,1724125000.0,3.724,1.0,5477021000.0,0.36,0.0,494081000.0,30426537000.0,30420316500.0,390328000.0,967535000.0,557911000.0,409624000.0,19854680000.0,5162940000.0,14691740000.0,26487788908.0,-6051161000.0,0.0,33868000.0,-686847000.0,0.0,-448200000.0,-8062084000.0,1606904000.0,2459123000.0,0.0,802374000.0,802374000.0,802374000.0,0.0,39652000.0,0.053,4048649000.0,1428372000.0,470226000.0,0.0,9.636,33.012,33.052,2924180000.0,0.0,57.18,1.74,1.739,864028000.0,1471084000.0,15225493000.0,15225493000.0,0.0,0.035,0.304,0.056,0.111,19199000.0,2423085000.0,1.0,463235203.0,462995000,464697000.0,32.885,22886710000.0,0.0,393170000.0,2084789000.0,49.432,-1619697000.0
23,DISH,MRT,2015-09-30,2015-09-30,2015-09-30,2021-08-25,72200000.0,23102959000.0,22709098250.0,13625813000.0,9477146000.0,0.659,6.166,-689889000.0,1244381000.0,1244381000.0,9453316000.0,1296109000.0,2.588,6.994,13761615000.0,1533339000.0,12228276000.0,13761615000.0,1302056000.0,1048226000.0,0.0,0.0,0.0,2279069000.0,3327295000.0,0.222,3327295000.0,2279069000.0,1688130000.0,2.77,2.76,2.77,2855912000.0,2456847000.0,2855912000.0,40093818275.0,18.0,12.05,2161599000.0,4.667,1.0,5518621000.0,0.369,0.0,590939000.0,30354282000.0,29127693750.0,408624000.0,778396000.0,368651000.0,409745000.0,19973097000.0,5265911000.0,14707186000.0,27020393275.0,-3506175000.0,0.0,34867000.0,410699000.0,0.0,699636000.0,-7057299000.0,3959567000.0,2851488000.0,0.0,1282317000.0,1282317000.0,1282317000.0,0.0,13792000.0,0.086,3524151000.0,1994470000.0,444984000.0,0.0,9.461,21.072,21.061,3754714000.0,0.0,58.34,1.805,1.805,905141000.0,1596379000.0,14971937000.0,14971937000.0,0.0,0.056,0.522,0.078,0.152,26909000.0,2475925000.0,1.0,463153810.0,463190000,464702000.0,32.324,23102959000.0,25667000.0,405813000.0,2071574000.0,49.878,8359902000.0
24,DISH,MRT,2015-06-30,2015-06-30,2015-06-30,2021-08-25,82165000.0,22762688000.0,22214216250.0,13278283000.0,9484405000.0,0.672,5.763,-811103000.0,694249000.0,694249000.0,9394997000.0,1236534000.0,2.501,7.437,13767674000.0,1532556000.0,12235118000.0,13767674000.0,1226465000.0,1065919000.0,0.0,0.0,0.0,2160438000.0,3226357000.0,0.216,3226357000.0,2160438000.0,1568928000.0,2.67,2.65,2.67,2667858000.0,2128794750.0,2667858000.0,44709127993.0,21.0,13.857,1895028000.0,4.094,1.0,5522726000.0,0.37,0.0,591510000.0,30526878000.0,27608407750.0,466200000.0,815495000.0,401261000.0,414234000.0,19840254000.0,5309235000.0,14531019000.0,31336100993.0,-3433110000.0,0.0,39239000.0,312431000.0,0.0,618224000.0,-6757465000.0,4319022000.0,2706131000.0,0.0,1231357000.0,1231357000.0,1231357000.0,0.0,5177000.0,0.083,3581467000.0,1941259000.0,447141000.0,0.0,11.746,25.448,25.36,3770469000.0,0.0,67.71,2.101,2.101,1018709000.0,1399900000.0,14917723000.0,14917723000.0,0.0,0.055,0.578,0.078,0.145,28332000.0,2515548000.0,1.0,462798715.0,462929000,464635000.0,32.225,22762688000.0,25667000.0,337571000.0,2000991000.0,49.171,7969048000.0
25,DISH,MRT,2015-03-31,2015-03-31,2015-03-31,2021-08-25,79031000.0,22925205000.0,21715718250.0,13413600000.0,9511605000.0,0.68,4.957,-913126000.0,1049897000.0,1049897000.0,9256570000.0,1111337000.0,2.264,8.901,14422924000.0,2182175000.0,12240749000.0,14422924000.0,1201121000.0,1074928000.0,0.0,0.0,0.0,1983234000.0,3058162000.0,0.207,3058162000.0,1983234000.0,1391706000.0,2.43,2.41,2.43,2290609000.0,1818641250.0,2290609000.0,39715072011.0,20.0,12.987,1702697000.0,3.685,1.0,5516847000.0,0.373,0.0,591528000.0,30373569000.0,26175361000.0,484747000.0,763380000.0,349146000.0,414234000.0,20387987000.0,5924663000.0,14463324000.0,32355788011.0,-3118790000.0,0.0,51265000.0,861279000.0,0.0,1191458000.0,-6926071000.0,4289165000.0,2615823000.0,0.0,1120247000.0,1120247000.0,1120247000.0,0.0,-8910000.0,0.076,3654831000.0,1862016000.0,468602000.0,0.0,14.125,28.883,28.831,3786400000.0,0.0,70.06,2.19,2.191,928511000.0,1075477000.0,14773417000.0,14773417000.0,0.0,0.052,0.616,0.076,0.134,31999000.0,2579903000.0,1.0,461829689.0,462090000,464046000.0,31.971,22925205000.0,25667000.0,271459000.0,1938598000.0,49.612,7488937000.0
26,DISH,MRT,2014-12-31,2014-12-31,2014-12-31,2021-08-25,174507000.0,22045541000.0,21122113500.0,12552067000.0,9493474000.0,0.693,4.375,-1001861000.0,7104496000.0,7104496000.0,9113937000.0,928902000.0,3.052,9.931,14427526000.0,681467000.0,13746059000.0,14427526000.0,1167654000.0,1077936000.0,0.0,0.0,0.0,1832742000.0,2910678000.0,0.199,2910678000.0,1832742000.0,1221533000.0,2.05,2.04,2.05,2013009000.0,1528449000.0,2013009000.0,42216569998.0,23.0,14.504,1376263000.0,2.991,1.0,5529450000.0,0.378,0.0,611209000.0,25256046000.0,24918459500.0,493754000.0,2545979000.0,2131745000.0,414234000.0,19991909000.0,4112525000.0,15879384000.0,33596115998.0,2395314000.0,0.0,50934000.0,860671000.0,0.0,980267000.0,-963077000.0,2784646000.0,2378124000.0,0.0,944693000.0,944693000.0,944693000.0,0.0,-15791000.0,0.065,3704999000.0,1824451000.0,416993000.0,0.0,16.69,35.563,35.556,3773539000.0,0.0,72.89,2.294,2.29,951493000.0,723992000.0,14643387000.0,14643387000.0,0.0,0.045,0.618,0.074,0.125,34153000.0,2627063000.0,1.0,460915297.0,460126000,462927000.0,31.825,22045541000.0,0.0,276840000.0,1857044000.0,47.912,8439542000.0
27,DISH,MRT,2014-09-30,2014-09-30,2014-09-30,2021-08-25,166832000.0,21123431000.0,20699835750.0,11413787000.0,9709644000.0,0.7,3.35,-1122907000.0,4750556000.0,4750556000.0,9063306000.0,804135000.0,2.088,12.669,13371010000.0,1581401000.0,11789609000.0,13371010000.0,1222723000.0,1057183000.0,0.0,0.0,0.0,1940340000.0,2997523000.0,0.207,2997523000.0,1940340000.0,1288868000.0,1.79,1.78,1.79,1543703000.0,1269466750.0,1543703000.0,39083290550.0,20.0,13.039,1273915000.0,2.765,1.0,5436902000.0,0.375,0.0,651472000.0,24277138000.0,24788559250.0,528011000.0,5079481000.0,4521549000.0,557932000.0,19557126000.0,5466747000.0,14090379000.0,29749104550.0,-42897000.0,0.0,47266000.0,-683417000.0,0.0,-598807000.0,-1841055000.0,975840000.0,2396822000.0,143000.0,822801000.0,822801000.0,822801000.0,7097000.0,-18666000.0,0.057,3696394000.0,1740508000.0,545476000.0,0.0,19.271,36.156,36.078,3802802000.0,0.0,64.58,2.052,2.052,1027793000.0,314062000.0,14500208000.0,14500208000.0,0.0,0.04,0.648,0.078,0.134,29391000.0,2639211000.0,1.0,460655072.0,460754000,463202000.0,31.471,21123431000.0,190115000.0,466067000.0,1976738000.0,45.845,5947040000.0
28,DISH,MRT,2014-06-30,2014-06-30,2014-06-30,2021-08-25,190129000.0,20768696000.0,20505288000.0,11093667000.0,9675029000.0,0.699,3.104,-1124631000.0,4127359000.0,4127359000.0,8869099000.0,972090000.0,2.09,13.546,13461545000.0,1665979000.0,11795566000.0,13461545000.0,1119456000.0,1040329000.0,0.0,0.0,0.0,2133759000.0,3174088000.0,0.222,3174088000.0,2133759000.0,1436308000.0,2.16,2.15,2.16,1427244000.0,1058807000.0,1427244000.0,39304197240.0,18.0,12.383,1037716000.0,2.257,1.0,5456779000.0,0.381,0.0,697451000.0,24794691000.0,25154284500.0,528336000.0,5342388000.0,4775772000.0,566616000.0,19332765000.0,5308191000.0,14024574000.0,29872399240.0,33537000.0,0.0,69137000.0,-622878000.0,0.0,-530366000.0,-1598549000.0,424842000.0,2162347000.0,105000.0,992190000.0,992190000.0,992190000.0,39431000.0,-20100000.0,0.069,3684386000.0,1772393000.0,500205000.0,0.0,20.93,30.108,30.13,3746741000.0,0.0,65.08,2.085,2.089,972784000.0,168543000.0,14325878000.0,14325878000.0,0.0,0.048,0.937,0.085,0.149,35728000.0,2644057000.0,1.0,459010437.0,459863000,462607000.0,31.152,20768696000.0,230000000.0,444118000.0,1988315000.0,45.163,5785476000.0
29,DISH,MRT,2014-03-31,2014-03-31,2014-03-31,2021-08-25,184397000.0,20550786000.0,20329564250.0,12588779000.0,7962007000.0,0.695,2.465,-1106485000.0,4168687000.0,4168687000.0,8635351000.0,749887000.0,2.715,17.176,13600485000.0,1030253000.0,12570232000.0,13600485000.0,1123289000.0,1073076000.0,0.0,0.0,0.0,1809157000.0,2882233000.0,0.204,2882233000.0,1809157000.0,1049694000.0,1.68,1.67,1.68,1129840000.0,787974750.0,1129840000.0,37464382207.0,21.0,12.998,1133416000.0,2.472,1.0,5488182000.0,0.389,0.0,759463000.0,25345963000.0,25487848750.0,522890000.0,5357991000.0,4792792000.0,565199000.0,19406103000.0,4636621000.0,14769482000.0,28513520207.0,1237845000.0,0.0,71639000.0,1762886000.0,0.0,1848962000.0,-2850946000.0,-833234000.0,2239901000.0,-72000.0,767825000.0,767825000.0,767825000.0,45785000.0,-17938000.0,0.054,4145322000.0,1342860000.0,543813000.0,0.0,25.237,37.135,37.03,3703846000.0,0.0,62.21,2.019,2.019,939813000.0,-44770000.0,14123533000.0,14123533000.0,0.0,0.038,0.974,0.071,0.128,28835000.0,2634671000.0,1.0,458343035.0,458422000,461361000.0,30.809,20550786000.0,178498000.0,281869000.0,1951987000.0,44.829,7952158000.0
30,DISH,MRT,2013-12-31,2013-12-31,2013-12-31,2021-08-25,173872000.0,20356430000.0,19605467500.0,12313446000.0,8042984000.0,0.709,2.143,-1116573000.0,4700022000.0,4700022000.0,8445504000.0,789746000.0,2.705,19.814,13631686000.0,1034893000.0,12596793000.0,13631686000.0,1088875000.0,1054026000.0,0.0,0.0,0.0,1852303000.0,2906329000.0,0.209,2906329000.0,1852303000.0,1107318000.0,1.77,1.76,1.77,977080000.0,577998750.0,977080000.0,35833886731.0,19.0,12.33,1155892000.0,2.535,1.0,5459361000.0,0.393,0.0,744985000.0,24736445000.0,24834015500.0,512707000.0,5285516000.0,5039382000.0,246134000.0,19359425000.0,4551649000.0,14807776000.0,26516015731.0,1103042000.0,0.0,76512000.0,1762131000.0,0.0,1851505000.0,-3021084000.0,-2123711000.0,2272465000.0,156000.0,807492000.0,807492000.0,807492000.0,47343000.0,-17746000.0,0.058,4111182000.0,1348179000.0,636955000.0,0.0,27.138,32.837,32.723,4097711000.0,0.0,57.92,1.907,1.9,957518000.0,-220701000.0,13904865000.0,13904865000.0,0.0,0.041,1.397,0.075,0.133,29730000.0,2619581000.0,1.0,457804139.0,456044000,459166000.0,30.49,20356430000.0,247885000.0,299826000.0,1945690000.0,44.637,7761797000.0
31,DISH,MRT,2013-09-30,2013-09-30,2013-09-30,2021-08-25,205081000.0,20345240000.0,18861262000.0,12338988000.0,8006252000.0,0.682,1.533,-1174531000.0,4793453000.0,4793453000.0,7982501000.0,709939000.0,3.145,27.985,14111324000.0,487039000.0,13624285000.0,14111324000.0,1133908000.0,1009112000.0,0.0,0.022,1.0,1707067000.0,2716179000.0,0.211,2716179000.0,1707067000.0,996282000.0,1.61,1.59,1.61,701064000.0,342945500.0,701064000.0,30629566646.0,18.0,11.277,435618000.0,0.952,1.0,4888176000.0,0.38,0.0,710785000.0,25740039000.0,24092175000.0,580714000.0,5745851000.0,5508737000.0,237114000.0,19619404000.0,3923072000.0,15696332000.0,20554519646.0,1705814000.0,0.0,100046000.0,3707993000.0,-452890000.0,3366665000.0,-3270953000.0,-2717544000.0,1610149000.0,-47000.0,728560000.0,728560000.0,728560000.0,77425000.0,-18621000.0,0.057,3500330000.0,1387846000.0,601541000.0,0.621,29.319,28.213,27.957,4055871000.0,0.0,45.01,1.597,1.599,928851000.0,-508739000.0,12870677000.0,12870677000.0,0.0,0.039,2.124,0.071,0.133,27667000.0,2075167000.0,1.0,456665622.0,457377000,460715000.0,28.14,20345240000.0,234736000.0,267722000.0,1801081000.0,44.482,8415916000.0
32,DISH,MRT,2013-06-30,2013-06-30,2013-06-30,2021-08-25,214533000.0,20065801000.0,17903516250.0,12161891000.0,7903910000.0,0.72,0.755,-1117701000.0,4093822000.0,4093822000.0,7872423000.0,235620000.0,3.031,57.27,14168869000.0,535837000.0,13633032000.0,14168869000.0,1273628000.0,991479000.0,0.0,0.024,1.0,1000609000.0,1992088000.0,0.155,1992088000.0,1000609000.0,335390000.0,0.57,0.56,0.57,343915000.0,194970750.0,343915000.0,28281218914.0,28.0,14.197,777377000.0,1.707,1.0,5016580000.0,0.389,0.0,665219000.0,26128948000.0,22575986250.0,577288000.0,5658493000.0,5433340000.0,225153000.0,19696113000.0,4011900000.0,15684213000.0,19332427914.0,1498128000.0,0.0,82071000.0,4747372000.0,-452890000.0,4390114000.0,-4788129000.0,-3453335000.0,1895078000.0,1065000.0,255191000.0,255191000.0,255191000.0,45091000.0,-19571000.0,0.02,4322157000.0,694423000.0,616101000.0,1.754,56.213,75.757,74.596,3990025000.0,0.0,42.52,1.5,1.503,902227000.0,-823647000.0,12889003000.0,12889003000.0,0.0,0.014,1.309,0.044,0.078,23774000.0,2173255000.0,1.0,454666696.0,455452000,455452000.0,28.299,20065801000.0,191313000.0,80199000.0,1664891000.0,44.057,8149991000.0
33,DISH,MRT,2013-03-31,2013-03-31,2013-03-31,2021-08-25,203689000.0,17654399000.0,16517356750.0,9336561000.0,8317838000.0,0.786,0.64,-1087339000.0,2930842000.0,2930842000.0,7851621000.0,476290000.0,2.411,59.787,11879633000.0,536404000.0,11343229000.0,11879633000.0,1306098000.0,985956000.0,0.0,0.026,1.0,1318481000.0,2304437000.0,0.178,2304437000.0,1318481000.0,758742000.0,1.09,1.08,1.09,289936000.0,151812500.0,289936000.0,25449064524.0,19.0,11.044,752448000.0,1.66,1.0,5123374000.0,0.395,0.0,559739000.0,22730630000.0,20496059750.0,571383000.0,4380558000.0,4164228000.0,216330000.0,17334445000.0,3872560000.0,13461885000.0,17167104524.0,1572174000.0,0.0,99988000.0,4350643000.0,-452890000.0,4006894000.0,-4274713000.0,-3070574000.0,1839787000.0,206000.0,491975000.0,491975000.0,491975000.0,38737000.0,-15685000.0,0.038,3985810000.0,1137564000.0,576926000.0,0.917,59.21,34.894,34.771,4455415000.0,0.0,37.9,1.323,1.324,876460000.0,-812595000.0,12974995000.0,12974995000.0,0.0,0.03,3.241,0.064,0.102,26903000.0,2270828000.0,1.0,452957903.0,453242000,456192000.0,28.627,17654399000.0,119737000.0,266767000.0,1715917000.0,38.951,5464001000.0
34,DISH,MRT,2012-12-31,2012-12-31,2012-12-31,2021-08-25,188803000.0,17379608000.0,15206135000.0,9059153000.0,8320455000.0,0.867,0.082,-945334000.0,3573742000.0,3573742000.0,7818663000.0,625740000.0,2.308,469.471,11887684000.0,537285000.0,11350399000.0,11887684000.0,1187169000.0,964484000.0,0.0,0.027,1.0,1504914000.0,2469398000.0,0.187,2469398000.0,1504914000.0,968678000.0,1.41,1.41,1.41,36867000.0,65137000.0,36867000.0,23735167041.0,16.0,9.612,1066541000.0,2.369,1.0,5362671000.0,0.407,0.0,536236000.0,21769083000.0,18560935000.0,465584000.0,3884331000.0,3631637000.0,252694000.0,17307980000.0,3924467000.0,13383513000.0,16432075041.0,2997032000.0,-40015000.0,94852000.0,4350664000.0,-452890000.0,4002484000.0,-3019214000.0,-1926980000.0,2011875000.0,1887000.0,636687000.0,636687000.0,636687000.0,37179000.0,-10947000.0,0.048,4104313000.0,1258358000.0,511433000.0,0.709,445.712,25.809,25.816,4366629000.0,0.0,36.4,1.247,1.243,860715000.0,-1028193000.0,13181334000.0,13181334000.0,0.0,0.042,9.775,0.081,0.114,39327000.0,2409372000.0,1.0,451430633.0,450264000,452899000.0,29.275,17379608000.0,204375000.0,331991000.0,1674635000.0,38.599,5134686000.0
35,DISH,MRT,2012-09-30,2012-09-30,2012-09-30,2021-08-25,57809000.0,16514257000.0,13728790750.0,8335918000.0,8178339000.0,0.971,0.242,-848171000.0,3087639000.0,3087639000.0,7755414000.0,734829000.0,2.013,149.908,10390731000.0,33932000.0,10356799000.0,10390731000.0,1094198000.0,959531000.0,0.0,0.065,2.0,1610186000.0,2569717000.0,0.193,2569717000.0,1610186000.0,1080432000.0,1.66,1.64,1.66,109165000.0,-49172250.0,109165000.0,20598197263.0,13.0,8.016,1768593000.0,3.921,1.0,5578688000.0,0.418,0.0,529754000.0,19675284000.0,16902262000.0,628817000.0,3561001000.0,3312437000.0,248564000.0,16364673000.0,4142065000.0,12222608000.0,13794421263.0,2042123000.0,-159179000.0,74475000.0,1943954000.0,-893278000.0,1135204000.0,-1711997000.0,-578615000.0,2616764000.0,2152000.0,740235000.0,740235000.0,740235000.0,6796000.0,-5406000.0,0.056,4207945000.0,1370743000.0,480456000.0,1.205,126.363,18.635,18.44,4368488000.0,0.0,30.61,1.035,1.035,821210000.0,-784409000.0,13334102000.0,13334102000.0,0.0,0.054,-15.054,0.095,0.121,42575000.0,2476167000.0,1.0,450650809.0,451042000,451042000.0,29.563,16514257000.0,82023000.0,340197000.0,1623021000.0,36.614,4193853000.0
36,DISH,MRT,2012-06-30,2012-06-30,2012-06-30,2021-08-25,-19063000.0,14521163000.0,12859099000.0,6497028000.0,8024135000.0,1.043,0.38,-777599000.0,2595694000.0,2595694000.0,7683105000.0,1217136000.0,1.848,83.773,9399470000.0,34498000.0,9364972000.0,9399470000.0,1049558000.0,953274000.0,0.0,0.07,2.0,2427997000.0,3381271000.0,0.252,3381271000.0,2427997000.0,1886460000.0,2.73,2.7,2.73,171282000.0,-51025750.0,171282000.0,18993872570.0,8.0,5.617,1885998000.0,4.188,1.0,5730301000.0,0.427,0.0,541537000.0,17809242000.0,16064829250.0,647222000.0,2483981000.0,2243493000.0,240488000.0,14348785000.0,3515697000.0,10833088000.0,12842134570.0,740444000.0,-170317000.0,65950000.0,856757000.0,-893278000.0,38046000.0,-1958757000.0,356270000.0,2663597000.0,-2442000.0,1217795000.0,1217795000.0,1217795000.0,6796000.0,-659000.0,0.091,3461690000.0,2268611000.0,465258000.0,0.733,74.977,10.545,10.458,4347672000.0,0.0,28.55,0.957,0.958,830826000.0,-625948000.0,13413406000.0,13413406000.0,0.0,0.095,-23.866,0.151,0.181,42517000.0,2467772000.0,1.0,449812069.0,450292000,453077000.0,29.788,14521163000.0,44417000.0,668665000.0,1259928000.0,32.248,2981331000.0
37,DISH,MRT,2012-03-31,2012-03-31,2012-03-31,2021-08-25,55430000.0,12409512000.0,12435733750.0,4349477000.0,8060035000.0,1.08,-0.127,-696134000.0,1358668000.0,1358668000.0,7556017000.0,1326378000.0,1.218,-219.587,7510406000.0,35980000.0,7474426000.0,7510406000.0,1064020000.0,891204000.0,0.0,0.061,2.0,2653264000.0,3544468000.0,0.264,3544468000.0,2653264000.0,2077464000.0,2.98,2.95,2.98,-56766000.0,-117421500.0,-56766000.0,21607780100.0,8.0,6.096,1891999000.0,4.23,1.0,5875784000.0,0.437,0.0,575800000.0,14990131000.0,15418840750.0,670008000.0,1589767000.0,1334546000.0,255221000.0,12465095000.0,3571119000.0,8893976000.0,14723109100.0,195146000.0,-1327675000.0,42150000.0,940543000.0,-893278000.0,96915000.0,-2487700000.0,951742000.0,2588133000.0,-2202000.0,1326823000.0,1326823000.0,1326823000.0,6796000.0,-445000.0,0.099,3357743000.0,2518041000.0,523765000.0,0.671,-259.365,11.097,11.05,4313678000.0,0.0,32.93,1.096,1.097,776567000.0,-851680000.0,13431801000.0,13431801000.0,0.0,0.107,-11.3,0.172,0.198,39218000.0,2401526000.0,1.0,447103222.0,447289000,449880000.0,30.029,12409512000.0,73014000.0,750641000.0,1188206000.0,27.744,778358000.0
38,DISH,MRT,2011-12-31,2011-12-31,2011-12-31,2021-08-25,82043000.0,11470231000.0,11903509000.0,3747823000.0,7722408000.0,1.098,-0.944,-760158000.0,609108000.0,609108000.0,7367524000.0,1515578000.0,1.164,-28.283,7493779000.0,35645000.0,7458134000.0,7493779000.0,1068565000.0,912203000.0,0.0,0.07,2.0,2964638000.0,3876841000.0,0.297,3876841000.0,2964638000.0,2406672000.0,3.4,3.39,3.4,-420370000.0,-229252500.0,-420370000.0,20068913944.0,7.0,5.177,1813720000.0,4.072,1.0,5706539000.0,0.436,0.0,557966000.0,15134391000.0,14504248750.0,707151000.0,2973926000.0,1431745000.0,1542181000.0,11889234000.0,3220511000.0,8668723000.0,12706947944.0,-31564000.0,-1372785000.0,39995000.0,940503000.0,-893278000.0,93997000.0,-2695328000.0,815694000.0,2573878000.0,-4111000.0,1515907000.0,1515907000.0,1515907000.0,6796000.0,-329000.0,0.116,2777556000.0,2928983000.0,455408000.0,0.588,-30.228,8.382,8.376,3169891000.0,0.0,28.48,0.972,0.97,794817000.0,-1211990000.0,13074063000.0,13074063000.0,0.0,0.127,-6.612,0.204,0.227,31213000.0,2142496000.0,1.0,446170925.0,445434000,446865000.0,29.351,11470231000.0,73014000.0,890765000.0,974414000.0,25.751,527312000.0
39,DISH,MRT,2011-09-30,2011-09-30,2011-09-30,2021-08-25,44875000.0,13035490000.0,11443989500.0,5423292000.0,7612198000.0,1.19,0.228,-874851000.0,1045516000.0,1045516000.0,7548548000.0,1454997000.0,1.332,127.096,8407482000.0,945886000.0,7461596000.0,8407482000.0,1067213000.0,932890000.0,0.0,0.0,0.0,2879535000.0,3812425000.0,0.28,3812425000.0,2879535000.0,2341670000.0,3.28,3.24,3.28,101751000.0,-407642250.0,101751000.0,17821225097.0,6.0,4.675,1722165000.0,3.86,1.0,6074974000.0,0.446,0.0,537865000.0,16325553000.0,13472430000.0,667490000.0,3833047000.0,2319146000.0,1513901000.0,12932155000.0,4071903000.0,8860252000.0,11175029097.0,331159000.0,-1253621000.0,28065000.0,1856338000.0,0.0,1888699000.0,-4150240000.0,-676703000.0,2597016000.0,-4316000.0,1455081000.0,1455081000.0,1455081000.0,0.0,-84000.0,0.107,3245618000.0,2829356000.0,514455000.0,0.0,109.827,7.68,7.637,3184594000.0,0.0,25.05,0.82,0.82,825417000.0,-631366000.0,13623522000.0,13623522000.0,0.0,0.127,-3.57,0.214,0.211,28656000.0,2516384000.0,1.0,446108946.0,446133000,447731000.0,30.537,13035490000.0,211432000.0,886589000.0,1156434000.0,29.219,1351389000.0
40,DISH,MRT,2011-06-30,2011-06-30,2011-06-30,2021-08-25,177888000.0,12827702000.0,10508337750.0,6412775000.0,6414927000.0,1.259,-0.212,-978684000.0,1855250000.0,1855250000.0,7394193000.0,1380997000.0,1.509,-137.011,8501446000.0,1030492000.0,7470954000.0,8501446000.0,1050387000.0,946603000.0,0.0,0.0,0.0,2708985000.0,3655588000.0,0.276,3655588000.0,2708985000.0,2218102000.0,3.11,3.08,3.11,-94301000.0,-787322500.0,-94301000.0,18983331263.0,7.0,5.193,1303602000.0,2.926,1.0,5834406000.0,0.441,0.0,490883000.0,15225288000.0,12266988500.0,568657000.0,4261468000.0,2737692000.0,1523776000.0,12920307000.0,4248610000.0,8671697000.0,13640508263.0,1546803000.0,-1242483000.0,-66001000.0,1941103000.0,0.0,1879048000.0,-2613735000.0,-329112000.0,2282286000.0,-796000.0,1380946000.0,1380946000.0,1380946000.0,0.0,51000.0,0.104,3175232000.0,2659174000.0,471496000.0,0.0,-144.649,9.878,9.862,3221685000.0,0.0,30.67,1.031,1.033,830906000.0,-950465000.0,13228599000.0,13228599000.0,0.0,0.131,-1.754,0.221,0.205,25072000.0,2340844000.0,1.0,444750840.0,445579000,447297000.0,29.689,12827702000.0,231007000.0,837156000.0,989960000.0,28.789,2164165000.0
41,DISH,MRT,2011-03-31,2011-03-31,2011-03-31,2021-08-25,154861000.0,10280613000.0,9559167000.0,4996755000.0,5283858000.0,1.34,-1.137,-1025801000.0,1163522000.0,1163522000.0,7238042000.0,1303143000.0,1.164,-21.391,6506345000.0,1027622000.0,5478723000.0,6506345000.0,1051632000.0,974000000.0,0.0,0.0,0.0,2530876000.0,3504876000.0,0.274,3504876000.0,2530876000.0,2068867000.0,2.93,2.9,2.93,-504090000.0,-1158935250.0,-504090000.0,16673200913.0,7.0,4.757,1232282000.0,2.779,1.0,5569438000.0,0.435,0.0,462009000.0,11331763000.0,11394716250.0,427699000.0,2806190000.0,2250215000.0,555975000.0,10783085000.0,4291673000.0,6491412000.0,10798936913.0,1063605000.0,-85125000.0,-83175000.0,-28329000.0,0.0,-111166000.0,-1083312000.0,27702000.0,2258083000.0,0.0,1303176000.0,1303176000.0,1303176000.0,0.0,-33000.0,0.102,3102236000.0,2467202000.0,370776000.0,0.0,-21.423,8.287,8.314,3255356000.0,0.0,24.36,0.843,0.843,740833000.0,-1285225000.0,12807480000.0,12807480000.0,0.0,0.136,-1.124,0.222,0.198,24248000.0,2233187000.0,1.0,443306113.0,443360000,448850000.0,28.887,10280613000.0,233645000.0,765691000.0,806856000.0,23.188,705082000.0
42,DISH,MRT,2010-12-31,2010-12-31,2010-12-31,2021-08-25,93357000.0,9632153000.0,9161260250.0,4573393000.0,5058760000.0,1.38,-2.543,-1113219000.0,640672000.0,640672000.0,7170909000.0,984732000.0,1.016,-9.494,6514936000.0,1030895000.0,5484041000.0,6514936000.0,1018336000.0,983965000.0,0.0,0.0,0.0,1996979000.0,2980944000.0,0.236,2980944000.0,1996979000.0,1542202000.0,2.21,2.2,2.21,-1133929000.0,-1495589000.0,-1133929000.0,14511579891.0,7.0,4.868,1026583000.0,2.302,1.0,5469835000.0,0.433,0.0,454777000.0,11007116000.0,11463942500.0,487575000.0,2668659000.0,2299705000.0,368954000.0,10765596000.0,4499301000.0,6266295000.0,8710565891.0,534828000.0,0.0,-100559000.0,-26910000.0,0.0,-127453000.0,-1477521000.0,-261483000.0,2139802000.0,0.0,984729000.0,984729000.0,984729000.0,0.0,3000.0,0.078,3529007000.0,1940828000.0,400764000.0,0.0,-7.682,8.846,8.896,3232348000.0,0.0,19.66,0.689,0.693,786053000.0,-1834619000.0,12640744000.0,12640744000.0,0.0,0.107,-0.658,0.174,0.158,15387000.0,2279337000.0,1.0,443060320.0,445865000,446597000.0,28.351,9632153000.0,216899000.0,557473000.0,567686000.0,21.603,74092000.0
43,DISH,MRT,2010-09-30,2010-09-30,2010-09-30,2021-08-25,61462000.0,9292883000.0,8827057750.0,4323234000.0,4969649000.0,1.404,-3.179,-1145154000.0,714357000.0,714357000.0,7094073000.0,911683000.0,1.204,-7.558,6515371000.0,26170000.0,6489201000.0,6515371000.0,1039423000.0,990012000.0,0.0,0.104,2.0,1866860000.0,2856872000.0,0.23,2856872000.0,1866860000.0,1416105000.0,2.04,2.04,2.04,-1416970000.0,-1735149500.0,-1416970000.0,14799984234.0,8.0,5.18,691602000.0,1.552,1.0,5303074000.0,0.428,0.0,450755000.0,11503787000.0,11561859000.0,522838000.0,2259012000.0,1945194000.0,313818000.0,10709394000.0,3590110000.0,7119284000.0,8601861234.0,558787000.0,0.0,-98850000.0,323673000.0,-894150000.0,-640693000.0,-637276000.0,611432000.0,1836756000.0,0.0,911780000.0,911780000.0,911780000.0,0.0,-97000.0,0.074,3510683000.0,1792391000.0,558348000.0,0.98,-6.071,9.434,9.417,3195564000.0,0.0,19.21,0.694,0.691,799559000.0,-2081504000.0,12397147000.0,12397147000.0,0.0,0.103,-0.525,0.161,0.151,15996000.0,2296811000.0,1.0,447780387.0,445662000,446332000.0,27.817,9292883000.0,147510000.0,504325000.0,403683000.0,20.852,733124000.0
44,DISH,MRT,2010-06-30,2010-06-30,2010-06-30,2021-08-25,802000.0,9031019000.0,8668521750.0,4101505000.0,4929514000.0,1.394,-3.529,-1107736000.0,308447000.0,308447000.0,7017928000.0,747198000.0,1.174,-6.713,6506570000.0,28694000.0,6477876000.0,6506570000.0,1103323000.0,975548000.0,0.0,0.11,2.0,1584033000.0,2559581000.0,0.212,2559581000.0,1584033000.0,1143040000.0,1.67,1.67,1.67,-1580752000.0,-1726389250.0,-1580752000.0,14517927870.0,9.0,5.672,956825000.0,2.136,1.0,5063638000.0,0.419,0.0,440993000.0,11736199000.0,11519516750.0,464912000.0,2601567000.0,2286031000.0,315536000.0,10611326000.0,3492943000.0,7118383000.0,8128359870.0,195586000.0,0.0,-7117000.0,1324643000.0,-894150000.0,423376000.0,-2292351000.0,-1081663000.0,2064561000.0,0.0,747378000.0,747378000.0,747378000.0,0.0,-180000.0,0.062,3531241000.0,1532397000.0,495636000.0,1.198,-5.142,10.876,10.868,3150962000.0,0.0,18.15,0.673,0.673,826793000.0,-2272652000.0,12081566000.0,12081566000.0,0.0,0.086,-0.433,0.138,0.131,14162000.0,2292151000.0,1.0,447843519.0,447986000,448868000.0,26.969,9031019000.0,144114000.0,395662000.0,357709000.0,20.159,608562000.0
45,DISH,MRT,2010-03-31,2010-03-31,2010-03-31,2021-08-25,23605000.0,8688986000.0,8227207000.0,3774997000.0,4913989000.0,1.436,-4.143,-1105386000.0,99917000.0,99917000.0,6886727000.0,553634000.0,1.088,-5.695,6489485000.0,26629000.0,6462856000.0,6489485000.0,1157562000.0,956402000.0,0.0,0.096,2.0,1285318000.0,2241720000.0,0.19,2241720000.0,1285318000.0,867883000.0,1.24,1.24,1.24,-1850705000.0,-1711188500.0,-1850705000.0,15688825318.0,12.0,6.999,913955000.0,2.046,1.0,4929498000.0,0.417,0.0,417435000.0,11608668000.0,10899145750.0,356149000.0,2661199000.0,2347958000.0,313241000.0,10539240000.0,3469886000.0,7069354000.0,9298105318.0,-164019000.0,0.0,-9462000.0,1323623000.0,-894150000.0,420011000.0,-2603371000.0,-1394622000.0,2019341000.0,0.0,553808000.0,553808000.0,553808000.0,0.0,-174000.0,0.047,3660152000.0,1269346000.0,508893000.0,1.613,-5.024,16.789,16.79,3135077000.0,0.0,20.82,0.787,0.787,750963000.0,-2529642000.0,11816225000.0,11816225000.0,0.0,0.067,-0.324,0.118,0.109,15334000.0,2275896000.0,1.0,446594876.0,446732000,447530000.0,26.45,8688986000.0,147091000.0,314075000.0,289240000.0,19.45,305111000.0
46,DISH,MRT,2009-12-31,2009-12-31,2009-12-31,2021-08-25,5614000.0,8295343000.0,7820813250.0,3475952000.0,4819391000.0,1.491,-4.682,-1037190000.0,105844000.0,105844000.0,6800319000.0,635403000.0,1.057,-4.965,6496564000.0,26518000.0,6470046000.0,6496564000.0,1132807000.0,940033000.0,0.0,0.096,2.0,1401399000.0,2341432000.0,0.201,2341432000.0,1401399000.0,1012974000.0,1.42,1.42,1.42,-2092171000.0,-1665244000.0,-2092171000.0,15253660959.0,11.0,6.515,1157353000.0,2.59,1.0,4863832000.0,0.417,0.0,388425000.0,11398782000.0,9351026500.0,295950000.0,2345209000.0,2033492000.0,311717000.0,10387031000.0,3287281000.0,7099750000.0,9281408959.0,7270000.0,0.0,-13176000.0,1325609000.0,-894150000.0,418283000.0,-2605556000.0,-1568025000.0,2194543000.0,0.0,635545000.0,635545000.0,635545000.0,0.0,-142000.0,0.054,3476902000.0,1386930000.0,520278000.0,1.408,-4.436,14.604,14.627,3042262000.0,0.0,20.77,0.796,0.796,779871000.0,-2760589000.0,11664151000.0,11664151000.0,0.0,0.081,-0.382,0.15,0.12,12227000.0,2142173000.0,1.0,446866103.0,446874000,448596000.0,26.102,8295343000.0,139708000.0,377429000.0,312775000.0,18.563,188671000.0
47,DISH,MRT,2009-09-30,2009-09-30,2009-09-30,2021-08-25,-2123000.0,8658739000.0,7361989250.0,4007139000.0,4651600000.0,1.579,-3.093,-1009941000.0,155570000.0,155570000.0,6734198000.0,673181000.0,1.216,-7.265,6127822000.0,52193000.0,6075629000.0,6127822000.0,1198079000.0,930958000.0,0.0,0.0,0.0,1489088000.0,2420046000.0,0.208,2420046000.0,1489088000.0,1130129000.0,1.5,1.5,1.5,-1381929000.0,-1629477750.0,-1381929000.0,13619257451.0,9.0,5.628,1244745000.0,2.786,1.0,4887993000.0,0.421,0.0,358959000.0,11334418000.0,8598637500.0,278118000.0,2788367000.0,2477882000.0,310485000.0,10040111000.0,3296573000.0,6743538000.0,8605462451.0,-816372000.0,0.0,-15745000.0,5470000.0,0.0,-38893000.0,-3032165000.0,-2021891000.0,2254686000.0,0.0,673250000.0,673250000.0,673250000.0,0.0,-69000.0,0.058,3343544000.0,1544449000.0,559776000.0,0.0,-6.227,12.782,12.84,2869236000.0,0.0,19.26,0.74,0.74,819933000.0,-2036138000.0,11622191000.0,11622191000.0,0.0,0.091,-0.413,0.173,0.128,12216000.0,2050033000.0,1.0,446804904.0,446823000,447431000.0,26.011,8658739000.0,101867000.0,456879000.0,280442000.0,19.378,710566000.0
48,DISH,MRT,2009-06-30,2009-06-30,2009-06-30,2021-08-25,-57714000.0,7265760000.0,6991616500.0,2784350000.0,4481410000.0,1.669,-3.402,-1068281000.0,112861000.0,112861000.0,6683535000.0,684583000.0,0.92,-5.78,5126656000.0,47866000.0,5078790000.0,5126656000.0,1203127000.0,948209000.0,0.0,0.0,0.0,1617074000.0,2565283000.0,0.22,2565283000.0,1617074000.0,1255170000.0,1.52,1.52,1.52,-1519949000.0,-1816370000.0,-1519949000.0,8610720296.0,5.0,3.357,1024017000.0,2.292,1.0,4983290000.0,0.427,0.0,361904000.0,9254715000.0,7115366250.0,323104000.0,1447920000.0,1208054000.0,239866000.0,8785709000.0,3024840000.0,5760869000.0,7241279296.0,-637024000.0,0.0,-96920000.0,-1516796000.0,0.0,-1613655000.0,-1115667000.0,-48502000.0,2092298000.0,0.0,684583000.0,684583000.0,684583000.0,0.0,0.0,0.059,3215664000.0,1767626000.0,456266000.0,0.0,-4.764,10.578,10.664,2794368000.0,0.0,16.21,0.621,0.621,846604000.0,-2116700000.0,11666825000.0,11666825000.0,0.0,0.098,-0.377,0.227,0.139,14823000.0,2038143000.0,1.0,446716798.0,446752000,447421000.0,26.115,7265760000.0,110789000.0,570587000.0,289700000.0,16.264,-240490000.0
49,DISH,MRT,2009-03-31,2009-03-31,2009-03-31,2021-08-25,-124211000.0,7063411000.0,7095324750.0,2589105000.0,4474306000.0,1.646,-3.73,-1115293000.0,263936000.0,263936000.0,6569220000.0,957048000.0,0.86,-5.237,1633377000.0,48400000.0,1584977000.0,1633377000.0,1191019000.0,951155000.0,0.0,0.0,0.0,2009967000.0,2961122000.0,0.254,2961122000.0,2009967000.0,1645964000.0,2.13,2.11,2.13,-1666927000.0,-1959323000.0,-1666927000.0,7379975293.0,4.0,2.492,1068530000.0,2.391,1.0,5108894000.0,0.437,4845000.0,364003000.0,5416191000.0,6276078000.0,414833000.0,1108191000.0,904942000.0,203249000.0,8730338000.0,3011816000.0,5718522000.0,4970793293.0,-472546000.0,0.0,-80154000.0,-763114000.0,0.0,-848240000.0,-1808129000.0,17421000.0,2183823000.0,0.0,957048000.0,957048000.0,957048000.0,0.0,0.0,0.082,2983319000.0,2125575000.0,536955000.0,0.0,-2.982,5.194,5.216,2816998000.0,0.0,11.11,0.426,0.425,799346000.0,-2180120000.0,11678114000.0,11678114000.0,0.0,0.135,-0.488,0.32,0.172,14999000.0,2000399000.0,1.0,447416138.0,446874000,448033000.0,26.133,7058566000.0,103920000.0,688916000.0,277614000.0,15.795,-422711000.0
50,DISH,MRT,2008-12-31,2008-12-31,2008-12-31,2021-08-25,-107998000.0,6460047000.0,7045831500.0,2097984000.0,4362063000.0,1.649,-4.343,-1129890000.0,98574000.0,98574000.0,6452594000.0,902947000.0,0.704,-4.314,5007756000.0,38333000.0,4969423000.0,5007756000.0,1054705000.0,1000230000.0,0.0,0.0,0.0,1938684000.0,2938914000.0,0.253,2938914000.0,1938684000.0,1568806000.0,2.01,1.98,2.01,-1949106000.0,-2152032250.0,-1949106000.0,7362414483.0,4.0,2.505,1058454000.0,2.358,1.0,5164593000.0,0.445,0.0,369878000.0,8389226000.0,6018581750.0,426671000.0,702460000.0,460558000.0,241902000.0,8409153000.0,2980003000.0,5429150000.0,4957869483.0,-820968000.0,0.0,-61722000.0,-760000000.0,0.0,-1411841000.0,-1597471000.0,245245000.0,2188344000.0,0.0,902947000.0,902947000.0,902947000.0,0.0,0.0,0.078,3108413000.0,2056180000.0,471845000.0,0.0,-2.544,5.491,5.517,2663289000.0,0.0,11.09,0.427,0.428,820709000.0,-2492804000.0,11617187000.0,11617187000.0,0.0,0.128,-0.42,0.322,0.167,15349000.0,2075776000.0,1.0,447057663.0,448786000,460226000.0,25.886,6460047000.0,235078000.0,665859000.0,235551000.0,14.394,-882019000.0
51,DISH,MRT,2008-09-30,2008-09-30,2008-09-30,2021-08-25,-91445000.0,7177248000.0,7952452000.0,2856836000.0,4320412000.0,1.457,-4.738,-1218754000.0,1076543000.0,1076543000.0,6288264000.0,861398000.0,0.684,-4.37,3481088000.0,1008294000.0,2472794000.0,3481088000.0,1008180000.0,1087469000.0,0.0,0.0,0.0,1865503000.0,2952972000.0,0.255,2952972000.0,1865503000.0,1487752000.0,1.92,1.89,1.92,-2129498000.0,-1504758500.0,-2129498000.0,12086990734.0,6.0,4.093,1326698000.0,2.952,1.0,5298956000.0,0.457,5426000.0,377751000.0,5401333000.0,5944214750.0,394659000.0,636521000.0,460704000.0,175817000.0,9306746000.0,4175034000.0,5131712000.0,9450202734.0,-256694000.0,-319928000.0,-35411000.0,202599000.0,0.0,-414320000.0,-2387826000.0,-93515000.0,2545452000.0,0.0,861398000.0,861398000.0,861398000.0,0.0,0.0,0.074,3360202000.0,1938754000.0,589292000.0,0.0,-4.438,10.971,10.938,2622830000.0,0.0,21.0,0.816,0.815,792905000.0,-2685388000.0,11587220000.0,11587220000.0,0.0,0.108,-0.572,0.314,0.161,18151000.0,2161179000.0,1.0,450009654.0,449425000,460042000.0,25.782,7171822000.0,29701000.0,626354000.0,0.0,15.958,-1318198000.0
52,DISH,MRT,2008-06-30,2008-06-30,2008-06-30,2021-08-25,-38638000.0,7680593000.0,8594630750.0,3948180000.0,3732413000.0,1.332,-4.651,-1232769000.0,1357296000.0,1357296000.0,6059345000.0,969183000.0,0.894,-4.672,3994084000.0,1510832000.0,2483252000.0,3994084000.0,1192040000.0,1185973000.0,0.0,0.0,0.0,1964573000.0,3150546000.0,0.275,3150546000.0,1964573000.0,1592373000.0,2.17,2.13,2.17,-2091761000.0,-857428500.0,-2091761000.0,15405789550.0,8.0,4.89,1536374000.0,3.416,1.0,5385421000.0,0.471,5717000.0,372200000.0,5897562000.0,6564435000.0,335737000.0,864639000.0,541733000.0,322906000.0,9772354000.0,4414102000.0,5358252000.0,13154159550.0,-153556000.0,-319928000.0,46582000.0,721504000.0,0.0,186904000.0,-3109603000.0,-804987000.0,2769143000.0,0.0,969183000.0,969183000.0,969183000.0,0.0,0.0,0.085,3467993000.0,1917428000.0,406755000.0,0.0,-6.289,13.572,13.493,2548587000.0,0.0,29.28,1.149,1.151,741265000.0,-2777284000.0,11444766000.0,11444766000.0,0.0,0.113,-1.13,0.299,0.172,19559000.0,2127864000.0,1.0,449254083.0,449724000,460853000.0,25.448,7674876000.0,135694000.0,623190000.0,43258000.0,17.066,-465922000.0
53,DISH,MRT,2008-03-31,2008-03-31,2008-03-31,2021-08-25,-26408000.0,6865438000.0,9023078750.0,3130322000.0,3735116000.0,1.251,-5.432,-1380509000.0,989678000.0,989678000.0,5941632000.0,857497000.0,0.662,-3.816,3241308000.0,1510070000.0,1731238000.0,3241308000.0,1211745000.0,1281659000.0,0.0,0.0,0.0,1795919000.0,3077578000.0,0.273,3077578000.0,1795919000.0,1420288000.0,1.92,1.9,1.92,-2437764000.0,-277885750.0,-2437764000.0,15332381280.0,9.0,4.982,1637479000.0,3.649,1.0,5348152000.0,0.474,0.0,375631000.0,4386206000.0,7136992000.0,319622000.0,905232000.0,578968000.0,326264000.0,9303202000.0,4730862000.0,4572340000.0,12887495280.0,-55280000.0,-319928000.0,49579000.0,-36356000.0,0.0,-559636000.0,-2513632000.0,-715786000.0,3017988000.0,0.0,857497000.0,857497000.0,857497000.0,0.0,0.0,0.076,3609778000.0,1738374000.0,737708000.0,0.0,-5.287,15.029,14.964,2534973000.0,0.0,28.73,1.142,1.142,948384000.0,-3113169000.0,11289784000.0,11289784000.0,0.0,0.095,-3.086,0.252,0.159,21042000.0,2140780000.0,1.0,448572756.0,448803000,460218000.0,25.155,6865438000.0,94271000.0,562791000.0,0.0,15.297,-1600540000.0
54,DISH,MRT,2007-12-31,2007-12-31,2007-12-31,2021-08-25,46698000.0,10086529000.0,9573222500.0,4245138000.0,5841391000.0,1.158,1.431,-1444522000.0,919542000.0,919542000.0,5778301000.0,756054000.0,1.005,14.76,3625704000.0,1550454000.0,2075250000.0,3625704000.0,1117502000.0,1329410000.0,0.0,0.0,0.0,1655472000.0,2984882000.0,0.269,2984882000.0,1655472000.0,1250153000.0,1.69,1.68,1.69,639989000.0,323936750.0,639989000.0,17909103014.0,11.0,6.0,1172198000.0,2.621,1.0,5312074000.0,0.479,475792000.0,405319000.0,8091758000.0,7967598750.0,306915000.0,2229060000.0,1868654000.0,360406000.0,9446540000.0,4225141000.0,5221399000.0,16881239014.0,-830128000.0,-319928000.0,54674000.0,-1043708000.0,0.0,-976016000.0,-2470832000.0,-611669000.0,2616720000.0,0.0,756054000.0,756054000.0,756054000.0,0.0,0.0,0.068,3738670000.0,1573404000.0,314825000.0,0.0,26.377,22.328,22.32,4058189000.0,0.0,37.72,1.522,1.521,699101000.0,-84456000.0,11090375000.0,11090375000.0,0.0,0.079,2.334,0.208,0.149,23016000.0,2194666000.0,1.0,447540801.0,447302000,456834000.0,24.794,9610737000.0,342813000.0,494099000.0,386493000.0,21.486,19997000.0
55,DISH,MRT,2007-09-30,2007-09-30,2007-09-30,2021-08-25,81648000.0,9745963000.0,9493764250.0,4270234000.0,5475729000.0,1.135,1.028,-1477756000.0,1605841000.0,1605841000.0,5506698000.0,733615000.0,1.567,20.195,2633705000.0,47896000.0,2585809000.0,2633705000.0,1099870000.0,1304582000.0,0.0,0.0,0.0,1610388000.0,2914970000.0,0.27,2914970000.0,1610388000.0,1194187000.0,1.64,1.64,1.64,459822000.0,109093750.0,459822000.0,22514755347.0,14.0,7.724,992107000.0,2.217,1.0,5270271000.0,0.489,167073000.0,416201000.0,7882214000.0,8075553000.0,341406000.0,1363550000.0,1195927000.0,167623000.0,9286141000.0,2724540000.0,6561601000.0,20946336347.0,-508231000.0,0.0,42182000.0,-1041784000.0,0.0,-997666000.0,-1980428000.0,-442353000.0,2469863000.0,0.0,733615000.0,733615000.0,733615000.0,0.0,0.0,0.068,3780181000.0,1490090000.0,351597000.0,0.0,45.553,28.552,28.543,4020705000.0,0.0,46.81,1.944,1.944,700499000.0,-259491000.0,10776969000.0,10776969000.0,0.0,0.077,6.725,0.199,0.149,21047000.0,2197926000.0,1.0,447475675.0,447496000,456543000.0,24.083,9578890000.0,261867000.0,460572000.0,216210000.0,21.406,1545694000.0
56,DISH,MRT,2007-06-30,2007-06-30,2007-06-30,2021-08-25,55111000.0,9394385000.0,9395168000.0,3943907000.0,5450478000.0,1.113,0.506,-1524697000.0,1076876000.0,1076876000.0,5376716000.0,673551000.0,1.518,40.493,2645295000.0,47210000.0,2598085000.0,2645295000.0,1090749000.0,1256883000.0,0.0,0.0,0.0,1499979000.0,2756862000.0,0.264,2756862000.0,1499979000.0,1067234000.0,1.5,1.51,1.5,226410000.0,-97083750.0,226410000.0,20869037505.0,14.0,7.57,794776000.0,1.777,1.0,5081217000.0,0.486,176175000.0,432745000.0,8187790000.0,8574635250.0,289345000.0,1494796000.0,1322682000.0,172114000.0,9167975000.0,2598839000.0,6569136000.0,19376259505.0,-941722000.0,0.0,45832000.0,-1039295000.0,0.0,-990791000.0,-2270404000.0,-679862000.0,2319473000.0,0.0,673551000.0,673551000.0,673551000.0,0.0,0.0,0.064,3705831000.0,1375386000.0,274141000.0,0.0,85.58,28.767,28.913,4017089000.0,0.0,43.37,1.853,1.855,706962000.0,-459171000.0,10457933000.0,10457933000.0,0.0,0.072,-6.938,0.175,0.143,21137000.0,2220086000.0,1.0,446766417.0,447217000,456282000.0,23.384,9218210000.0,387859000.0,393683000.0,217382000.0,20.612,1345068000.0
57,DISH,MRT,2007-03-31,2007-03-31,2007-03-31,2021-08-25,51247000.0,9066013000.0,9322724000.0,3815141000.0,5250872000.0,1.09,-0.068,-1428217000.0,965197000.0,965197000.0,5272699000.0,618131000.0,1.432,-298.5,2457975000.0,38614000.0,2419361000.0,2457975000.0,1119515000.0,1187842000.0,0.0,0.0,0.0,1415939000.0,2603781000.0,0.256,2603781000.0,1415939000.0,967896000.0,1.38,1.39,1.38,-30474000.0,-281562000.0,-30474000.0,24418693519.0,17.0,9.378,725375000.0,1.625,1.0,4891381000.0,0.481,185276000.0,448043000.0,7708633000.0,8938928250.0,311642000.0,1375214000.0,1203215000.0,171999000.0,9096487000.0,2664882000.0,6431605000.0,19374477519.0,-1069551000.0,0.0,28651000.0,-1037954000.0,0.0,-1008227000.0,-2214916000.0,-780107000.0,2153592000.0,0.0,618131000.0,618131000.0,618131000.0,0.0,0.0,0.061,3608008000.0,1283373000.0,352238000.0,0.0,-635.771,31.344,31.471,3830249000.0,0.0,43.43,1.906,1.907,687015000.0,-683370000.0,10164080000.0,10164080000.0,0.0,0.066,-2.195,0.158,0.139,19919000.0,2217820000.0,1.0,446108163.0,446278000,455208000.0,22.775,8880737000.0,526496000.0,349765000.0,245645000.0,19.9,1150259000.0
58,DISH,MRT,2006-12-31,2006-12-31,2006-12-31,2021-08-25,49874000.0,9768696000.0,9289888250.0,4599541000.0,5169155000.0,1.057,-0.493,-1396318000.0,1923105000.0,1923105000.0,5097552000.0,608272000.0,1.281,-45.528,4467321000.0,1038464000.0,3428857000.0,4467321000.0,1095030000.0,1114294000.0,0.0,0.0,0.0,1404570000.0,2518864000.0,0.257,2518864000.0,1404570000.0,946420000.0,1.37,1.37,1.37,-219383000.0,-446542750.0,-219383000.0,20145132142.0,14.0,7.998,882924000.0,1.985,1.0,4720934000.0,0.481,197863000.0,458150000.0,8523575000.0,9369908500.0,237507000.0,1282406000.0,1109465000.0,172941000.0,9988079000.0,3591474000.0,6396605000.0,16923134142.0,1152421000.0,0.0,12280000.0,1017021000.0,0.0,1022147000.0,-2148968000.0,-746368000.0,2279242000.0,0.0,608272000.0,608272000.0,608272000.0,0.0,0.0,0.062,3503563000.0,1217371000.0,283471000.0,0.0,-77.14,27.822,27.759,3765596000.0,0.0,38.03,1.724,1.723,665149000.0,-841010000.0,9818486000.0,9818486000.0,0.0,0.065,-1.362,0.15,0.143,17645000.0,2147850000.0,1.0,444994324.0,444743000,452685000.0,22.077,9570833000.0,548766000.0,338148000.0,192617000.0,21.52,1008067000.0
59,DISH,MRT,2006-09-30,2006-09-30,2006-09-30,2021-08-25,17230000.0,9351578000.0,8700266750.0,4192142000.0,5159436000.0,1.085,-0.82,-1537195000.0,1755287000.0,1755287000.0,5037761000.0,588301000.0,1.68,-26.629,4977285000.0,37878000.0,4939407000.0,4977285000.0,1118174000.0,1050399000.0,0.0,0.0,0.0,1307370000.0,2357769000.0,0.25,2357769000.0,1307370000.0,857560000.0,1.32,1.32,1.32,-364888000.0,-608353000.0,-364888000.0,17685917548.0,14.0,7.501,570894000.0,1.283,1.0,4402544000.0,0.466,199135000.0,449810000.0,9878543000.0,9827295000.0,268125000.0,1230357000.0,1032946000.0,197411000.0,9716466000.0,2495898000.0,7220568000.0,14563113548.0,742765000.0,0.0,-211013000.0,1022491000.0,0.0,806795000.0,-2172119000.0,-627805000.0,2108089000.0,0.0,588301000.0,588301000.0,588301000.0,0.0,0.0,0.062,3245161000.0,1157383000.0,299054000.0,0.0,-39.911,24.755,24.803,3647649000.0,0.0,32.74,1.543,1.543,582877000.0,-931261000.0,9440305000.0,9440305000.0,0.0,0.068,-0.967,0.133,0.138,13455000.0,2105085000.0,1.0,444811043.0,444899000,446396000.0,21.219,9152443000.0,410435000.0,269259000.0,0.0,20.572,1696244000.0
60,DISH,MRT,2006-06-30,2006-06-30,2006-06-30,2021-08-25,21642000.0,9104609000.0,8245676500.0,3963537000.0,5141072000.0,1.103,-1.15,-1487003000.0,1863583000.0,1863583000.0,4821652000.0,657549000.0,1.669,-18.8,4986387000.0,37208000.0,4949179000.0,4986387000.0,1103871000.0,966184000.0,0.0,0.0,0.0,1302209000.0,2268393000.0,0.249,2268393000.0,1302209000.0,871172000.0,1.47,1.47,1.47,-511503000.0,-713424750.0,-511503000.0,16794456371.0,13.0,7.404,568881000.0,1.28,1.0,4271583000.0,0.47,208306000.0,431037000.0,9644962000.0,9370863500.0,250104000.0,961938000.0,855971000.0,105967000.0,9616112000.0,2374145000.0,7241967000.0,13693244371.0,948104000.0,0.0,-233701000.0,1019302000.0,0.0,779795000.0,-1887575000.0,-390296000.0,2055884000.0,0.0,657549000.0,657549000.0,657549000.0,0.0,0.0,0.072,3104126000.0,1167457000.0,250196000.0,0.0,-26.771,20.825,20.959,3585594000.0,0.0,30.81,1.506,1.506,573157000.0,-1070877000.0,9093235000.0,9093235000.0,0.0,0.08,-0.922,0.139,0.143,8068000.0,2049707000.0,1.0,444441557.0,444597000,453126000.0,20.453,8896303000.0,443247000.0,213623000.0,0.0,20.01,1589392000.0
61,DISH,MRT,2006-03-31,2006-03-31,2006-03-31,2021-08-25,18040000.0,8934670000.0,7789897500.0,3823994000.0,5110676000.0,1.12,-1.555,-1507812000.0,1879733000.0,1879733000.0,4624095000.0,1344297000.0,1.603,-13.941,4980945000.0,35745000.0,4945200000.0,4980945000.0,1095846000.0,883063000.0,0.0,0.0,0.0,1307156000.0,2190219000.0,0.251,2190219000.0,1307156000.0,894068000.0,2.98,2.88,2.98,-690397000.0,-828564000.0,-690397000.0,16593187417.0,13.0,7.576,419206000.0,0.944,1.0,4098471000.0,0.47,217479000.0,413088000.0,9432554000.0,8960846750.0,251438000.0,760671000.0,694126000.0,66545000.0,9625067000.0,2385849000.0,7239218000.0,13273555417.0,1033950000.0,0.0,-322728000.0,1012333000.0,0.0,682105000.0,-1575173000.0,-272762000.0,1927018000.0,0.0,1344297000.0,1344297000.0,1344297000.0,0.0,0.0,0.154,2947261000.0,1151210000.0,275685000.0,0.0,-19.226,9.874,10.023,3552935000.0,0.0,29.87,1.522,1.52,520302000.0,-1239656000.0,8722566000.0,8722566000.0,0.0,0.173,-1.622,0.146,0.15,3561000.0,1990855000.0,1.0,444377483.0,443926000,445613000.0,19.649,8717191000.0,524555000.0,-450229000.0,0.0,19.637,1438145000.0
62,DISH,MRT,2005-12-31,2005-12-31,2005-12-31,2021-08-25,4030000.0,7410210000.0,7200974500.0,2397045000.0,5013165000.0,1.173,-1.917,-1530339000.0,615669000.0,615669000.0,4525567000.0,1514540000.0,1.115,-9.551,5935301000.0,36470000.0,5898831000.0,5935301000.0,985416000.0,805573000.0,0.0,0.0,0.0,1380935000.0,2186508000.0,0.259,2186508000.0,1380935000.0,1007091000.0,3.35,3.22,3.35,-866624000.0,-1113419000.0,-866624000.0,15169672978.0,11.0,6.938,243735000.0,0.539,1.0,3921608000.0,0.464,226650000.0,373844000.0,10353121000.0,8426403500.0,221329000.0,632811000.0,565691000.0,67120000.0,8276834000.0,2150071000.0,6126763000.0,12231072978.0,-88891000.0,0.0,-352473000.0,-50150000.0,0.0,-402623000.0,-1460342000.0,-160507000.0,1774074000.0,0.0,1514540000.0,1514540000.0,1514540000.0,0.0,0.0,0.179,2754360000.0,1167248000.0,239788000.0,0.0,-14.113,8.076,8.113,3514539000.0,0.0,27.18,1.448,1.455,478414000.0,-1386937000.0,8447175000.0,8447175000.0,0.0,0.21,-1.36,0.164,0.163,302000.0,1948787000.0,1.0,450002685.0,452118000,484131000.0,18.684,7183560000.0,603222000.0,-507449000.0,0.0,15.889,246974000.0
63,DISH,MRT,2005-09-30,2005-09-30,2005-09-30,2021-08-25,3133000.0,7533217000.0,6855741250.0,2503724000.0,5029493000.0,1.194,-1.738,-1323485000.0,1012522000.0,1012522000.0,4445409000.0,1451993000.0,1.147,-10.594,3951122000.0,45941000.0,3905181000.0,3951122000.0,947558000.0,720136000.0,0.0,0.034,1.0,1330632000.0,2050768000.0,0.251,2050768000.0,1330632000.0,913528000.0,3.2,3.09,3.2,-785175000.0,-1416316000.0,-785175000.0,16400058327.0,12.0,7.997,295392000.0,0.654,1.0,3740647000.0,0.457,235822000.0,417104000.0,8052817000.0,7539180000.0,236322000.0,572895000.0,504986000.0,67909000.0,8318392000.0,2183178000.0,6135214000.0,13352125327.0,60824000.0,0.0,-135126000.0,-46386000.0,-455650000.0,-640321000.0,-917732000.0,88529000.0,1618877000.0,0.0,1451993000.0,1451993000.0,1451993000.0,0.0,0.0,0.177,2622937000.0,1117710000.0,290425000.0,0.312,-17.005,9.196,9.241,3188589000.0,0.0,29.57,1.631,1.632,471011000.0,-1519562000.0,8186056000.0,8186056000.0,0.0,0.212,-1.025,0.176,0.163,0.0,1904630000.0,1.0,451542960.0,451732000,483792000.0,18.121,7297395000.0,639449000.0,-538465000.0,0.0,16.154,320546000.0
64,DISH,MRT,2005-06-30,2005-06-30,2005-06-30,2021-08-25,7431000.0,7281493000.0,6514884750.0,2358087000.0,4923406000.0,1.216,-2.147,-1313617000.0,915479000.0,915479000.0,4394918000.0,1345390000.0,1.129,-8.491,3963412000.0,48700000.0,3914712000.0,3963412000.0,977047000.0,641873000.0,0.0,0.033,1.0,1220014000.0,1861887000.0,0.235,1861887000.0,1220014000.0,804756000.0,2.96,2.85,2.96,-972060000.0,-1647782500.0,-972060000.0,16821801956.0,14.0,9.035,83989000.0,0.185,1.0,3525530000.0,0.445,235394000.0,415258000.0,8004895000.0,6950761750.0,232562000.0,534299000.0,476468000.0,57831000.0,8253553000.0,2089137000.0,6164416000.0,13687645956.0,226622000.0,-2000000.0,-221978000.0,-12438000.0,-455650000.0,-693225000.0,-477759000.0,512435000.0,1397606000.0,0.0,1345390000.0,1345390000.0,1345390000.0,0.0,0.0,0.17,2504780000.0,1020750000.0,254471000.0,0.338,-14.081,10.174,10.189,3095604000.0,0.0,30.16,1.728,1.724,468816000.0,-1728426000.0,7920448000.0,7920448000.0,0.0,0.207,-0.816,0.176,0.154,0.0,1864736000.0,1.0,453834415.0,452795000,484901000.0,17.492,7046099000.0,640277000.0,-540634000.0,0.0,15.561,268950000.0
65,DISH,MRT,2005-03-31,2005-03-31,2005-03-31,2021-08-25,14995000.0,6578978000.0,6203830500.0,2321967000.0,4257011000.0,1.225,-4.016,-1191861000.0,845783000.0,845783000.0,4289412000.0,575179000.0,1.068,-4.595,3979939000.0,52087000.0,3927852000.0,3979939000.0,1063285000.0,574037000.0,0.0,0.034,1.0,1028694000.0,1602731000.0,0.211,1602731000.0,1028694000.0,614059000.0,1.25,1.24,1.25,-1829817000.0,-1839725500.0,-1829817000.0,16424375631.0,16.0,10.248,-10160000.0,-0.022,1.0,3313263000.0,0.436,244293000.0,414635000.0,7294781000.0,6409932250.0,262867000.0,446001000.0,386492000.0,59509000.0,8408795000.0,2174060000.0,6234735000.0,13326047631.0,-191438000.0,-238610000.0,-815544000.0,-4969000.0,-455650000.0,-1279322000.0,-93817000.0,1217580000.0,1181701000.0,0.0,575179000.0,575179000.0,575179000.0,0.0,0.0,0.076,2441890000.0,871373000.0,255664000.0,0.8,-7.283,23.169,23.4,2961406000.0,0.0,29.25,1.753,1.753,669026000.0,-2583953000.0,7602675000.0,7602675000.0,0.0,0.093,-0.313,0.16,0.135,0.0,1869033000.0,1.0,455591372.0,455589000,488049000.0,16.688,6334685000.0,0.0,38880000.0,0.0,13.904,147907000.0
66,DISH,MRT,2004-12-31,2004-12-31,2004-12-31,2021-08-25,53418000.0,6029277000.0,6168435250.0,2113308000.0,3915969000.0,1.161,-4.478,-1007271000.0,704560000.0,704560000.0,4022821000.0,214769000.0,1.02,-3.901,3791561000.0,33735000.0,3757826000.0,3791561000.0,1035100000.0,505561000.0,0.0,0.03,1.0,732110000.0,1237671000.0,0.173,1237671000.0,732110000.0,226378000.0,0.46,0.46,0.46,-2078212000.0,-1648190000.0,-2078212000.0,17690552104.0,24.0,14.293,-5829000.0,-0.013,1.0,3135650000.0,0.438,240186000.0,505732000.0,6804227000.0,6099609250.0,271581000.0,508625000.0,451073000.0,57552000.0,8107489000.0,2071865000.0,6035624000.0,15111525104.0,-586299000.0,-238610000.0,-793017000.0,-1414196000.0,-455650000.0,-2666022000.0,1078281000.0,2170806000.0,1001442000.0,0.0,214769000.0,214769000.0,214769000.0,0.0,0.0,0.03,2432345000.0,703305000.0,247698000.0,2.174,-7.271,70.362,72.283,2640168000.0,0.0,33.25,2.111,2.155,584310000.0,-2901477000.0,7158471000.0,7158471000.0,0.0,0.035,-0.13,0.12,0.102,1180000.0,1926784000.0,1.0,454481958.0,464053000,467598000.0,15.426,5789091000.0,0.0,11609000.0,0.0,12.475,41443000.0
67,DISH,MRT,2004-09-30,2004-09-30,2004-09-30,2021-08-25,41323000.0,6169791000.0,6557370500.0,2547044000.0,3622747000.0,1.027,-3.764,-745656000.0,951698000.0,951698000.0,3735545000.0,147371000.0,0.835,-4.606,3530725000.0,1016767000.0,2513958000.0,3530725000.0,1008987000.0,457856000.0,0.0,0.0,0.0,708023000.0,1165879000.0,0.173,1165879000.0,708023000.0,160657000.0,0.31,0.32,0.31,-1711041000.0,-1386768000.0,-1711041000.0,15951292894.0,23.0,13.682,-67379000.0,-0.148,1.0,2997963000.0,0.445,0.0,547366000.0,5699144000.0,6460134250.0,382062000.0,694578000.0,664068000.0,30510000.0,7880832000.0,3049674000.0,4831158000.0,14137601894.0,43299000.0,-238610000.0,-990186000.0,-115051000.0,0.0,-1117737000.0,482759000.0,1422821000.0,678277000.0,0.0,147371000.0,147371000.0,147371000.0,0.0,0.0,0.022,2351534000.0,646429000.0,278383000.0,0.0,-8.263,95.932,100.387,2179898000.0,0.0,31.12,2.1,2.101,544952000.0,-2515905000.0,6733508000.0,6733508000.0,0.0,0.022,-0.106,0.11,0.105,1869000.0,1895353000.0,1.0,454293120.0,454556000,457803000.0,14.813,6169791000.0,0.0,13286000.0,0.0,13.573,-502630000.0
68,DISH,MRT,2004-06-30,2004-06-30,2004-06-30,2021-08-25,30369000.0,6037276000.0,6666498500.0,2648086000.0,3389190000.0,0.949,-3.718,-513236000.0,688857000.0,688857000.0,3437947000.0,80226000.0,1.318,-4.47,2502548000.0,14230000.0,2488318000.0,2502548000.0,978503000.0,424280000.0,0.0,0.0,0.0,679190000.0,1103470000.0,0.175,1103470000.0,679190000.0,90068000.0,0.16,0.17,0.16,-1739832000.0,-1186404250.0,-1739832000.0,16069233146.0,24.0,14.562,100344000.0,0.214,1.0,2885243000.0,0.456,0.0,589122000.0,5841577000.0,7427412000.0,333885000.0,1059903000.0,1029383000.0,30520000.0,7777108000.0,2009390000.0,5767718000.0,14594848146.0,-463110000.0,-236610000.0,-881950000.0,117488000.0,0.0,-776962000.0,-299728000.0,409842000.0,613580000.0,0.0,80226000.0,80226000.0,80226000.0,0.0,0.0,0.013,2273253000.0,611990000.0,248572000.0,0.0,-8.389,181.922,192.188,1957956000.0,0.0,30.75,2.308,2.276,557610000.0,-2618166000.0,6323190000.0,6323190000.0,0.0,0.012,-0.068,0.091,0.107,2952000.0,1849565000.0,1.0,474629208.0,467933000,471509000.0,13.513,6037276000.0,0.0,9842000.0,0.0,12.902,638696000.0
69,DISH,MRT,2004-03-31,2004-03-31,2004-03-31,2021-08-25,109110000.0,6437397000.0,6715427750.0,3477943000.0,2959454000.0,0.888,-2.221,-398996000.0,1037221000.0,1037221000.0,3147389000.0,123703000.0,1.872,-7.052,2511606000.0,14246000.0,2497360000.0,2511606000.0,748477000.0,400645000.0,0.0,0.0,0.0,735342000.0,1135987000.0,0.191,1135987000.0,735342000.0,131893000.0,0.25,0.25,0.25,-1063675000.0,-983814250.0,-1063675000.0,18334746903.0,25.0,16.14,288492000.0,0.602,1.0,2812655000.0,0.472,0.0,603449000.0,6053489000.0,8151201750.0,243792000.0,1758218000.0,1732965000.0,25253000.0,7501072000.0,1858293000.0,5642779000.0,15687932903.0,-20979000.0,0.0,-189266000.0,125660000.0,0.0,-76106000.0,-632361000.0,-263232000.0,687488000.0,0.0,123703000.0,123703000.0,123703000.0,0.0,0.0,0.021,2161689000.0,650966000.0,373357000.0,0.0,-14.749,126.819,131.0,1880889000.0,0.0,32.75,2.632,2.632,456107000.0,-2703482000.0,5960044000.0,5960044000.0,0.0,0.018,-0.126,0.09,0.123,2735000.0,1761853000.0,1.0,479020852.0,478919000,478919000.0,12.445,6437397000.0,0.0,8190000.0,0.0,13.442,1619650000.0
70,DISH,MRT,2003-12-31,2003-12-31,2003-12-31,2021-08-25,80991000.0,7585018000.0,6608052250.0,4573115000.0,3011903000.0,0.869,-2.137,-321819000.0,1290859000.0,1290859000.0,2985207000.0,224506000.0,1.539,-8.346,4937673000.0,1438346000.0,3499327000.0,4937673000.0,660762000.0,398206000.0,0.0,0.0,0.0,791372000.0,1189578000.0,0.207,1189578000.0,791372000.0,238882000.0,0.46,0.46,0.46,-1032524000.0,-997942250.0,-1032524000.0,21189390785.0,27.0,17.813,253762000.0,0.525,1.0,2754089000.0,0.48,13221000.0,552490000.0,8246327000.0,8797537000.0,155147000.0,2702089000.0,2682115000.0,19974000.0,8617542000.0,2972284000.0,5645258000.0,16471021785.0,-192219000.0,0.0,-169953000.0,1176523000.0,0.0,994070000.0,-1761870000.0,-1410096000.0,575581000.0,0.0,224506000.0,224506000.0,224506000.0,0.0,0.0,0.039,2046541000.0,707548000.0,173637000.0,0.0,-15.952,73.366,73.891,1876459000.0,0.0,33.99,2.87,2.861,451673000.0,-2660596000.0,5739296000.0,5739296000.0,0.0,0.034,-0.225,0.09,0.138,3544000.0,1648335000.0,1.0,484584342.0,483098000,488314000.0,11.88,7571797000.0,0.0,14376000.0,0.0,15.673,1600831000.0
71,DISH,MRT,2003-09-30,2003-09-30,2003-09-30,2021-08-25,45398000.0,6606303000.0,6276944000.0,3716196000.0,2890107000.0,0.884,-1.878,-321420000.0,918292000.0,918292000.0,2824012000.0,-464113000.0,2.116,-8.263,5636661000.0,13975000.0,5622686000.0,5636661000.0,627951000.0,404480000.0,0.0,0.0,0.0,540256000.0,944736000.0,0.17,944736000.0,540256000.0,48319000.0,0.07,0.06,0.07,-909586000.0,-1033816750.0,-909586000.0,22762166064.0,42.0,24.094,-66075000.0,-0.136,1.0,2726722000.0,0.491,0.0,491937000.0,9568255000.0,8619583000.0,148713000.0,2141333000.0,2141333000.0,0.0,7515889000.0,1756417000.0,5759472000.0,18551650064.0,-2520088000.0,0.0,20853000.0,-124786000.0,0.0,-1170414000.0,-1605019000.0,-1272845000.0,255345000.0,0.0,-26680000.0,35180000.0,35180000.0,0.0,-437433000.0,0.006,2050554000.0,676168000.0,338019000.0,0.0,-20.396,527.335,547.286,1914455000.0,-61860000.0,38.31,3.342,3.343,445753000.0,-2692892000.0,5550734000.0,5550734000.0,0.0,0.006,-0.034,0.063,0.097,6577000.0,1639497000.0,1.0,484250850.0,484425000,488720000.0,11.458,6606303000.0,0.0,74999000.0,0.0,13.637,1959779000.0
72,DISH,MRT,2003-06-30,2003-06-30,2003-06-30,2021-08-25,65525000.0,6232993000.0,6633008000.0,3315857000.0,2917136000.0,0.802,-1.923,-348523000.0,1161949000.0,1161949000.0,2712145000.0,-667178000.0,1.943,-7.706,5372465000.0,13501000.0,5358964000.0,5372465000.0,574041000.0,401905000.0,0.0,0.0,0.0,316827000.0,718732000.0,0.135,718732000.0,316827000.0,-158777000.0,-0.35,-0.36,-0.35,-929472000.0,-1054997750.0,-929472000.0,20990361068.0,66.0,29.205,-215376000.0,-0.446,1.0,2609143000.0,0.49,0.0,475604000.0,8736736000.0,8421664750.0,151816000.0,1521280000.0,1521280000.0,0.0,7162465000.0,1706773000.0,5455692000.0,16686683068.0,-1861244000.0,0.0,17923000.0,-380191000.0,0.0,-1429573000.0,-564818000.0,-194775000.0,133147000.0,0.0,-229745000.0,-167885000.0,-167885000.0,0.0,-437433000.0,-0.032,1997591000.0,611552000.0,321503000.0,0.0,-17.953,-99.394,-98.914,1924352000.0,-61860000.0,34.62,3.136,3.145,431133000.0,-2728008000.0,5321288000.0,5321288000.0,0.0,-0.025,0.159,0.038,0.06,9216000.0,1586470000.0,1.0,481995467.0,483372000,488385000.0,11.009,6232993000.0,0.0,70968000.0,0.0,12.895,1609084000.0
73,DISH,MRT,2003-03-31,2003-03-31,2003-03-31,2021-08-25,29993000.0,6007895000.0,7098177250.0,3123005000.0,2884890000.0,0.715,-2.328,-392554000.0,1068172000.0,1068172000.0,2607119000.0,-758970000.0,1.867,-6.363,5371850000.0,13452000.0,5358398000.0,5371850000.0,569337000.0,389587000.0,0.0,0.0,0.0,240729000.0,630316000.0,0.124,630316000.0,240729000.0,-243432000.0,-0.54,-0.55,-0.54,-1120187000.0,-1029547750.0,-1120187000.0,18147183708.0,75.0,28.791,-332637000.0,-0.691,1.0,2468286000.0,0.486,0.0,484161000.0,8638830000.0,8544050500.0,174752000.0,1412826000.0,1412826000.0,0.0,7128082000.0,1672743000.0,5455339000.0,13893180708.0,-1261239000.0,0.0,8990000.0,-379510000.0,0.0,-1437969000.0,116813000.0,529336000.0,59917000.0,0.0,-321537000.0,-259677000.0,-259677000.0,0.0,-437433000.0,-0.051,1933299000.0,534987000.0,278533000.0,0.0,-12.403,-53.502,-53.481,1931546000.0,-61860000.0,28.88,2.737,2.738,425608000.0,-2856801000.0,5075405000.0,5075405000.0,0.0,-0.037,0.252,0.028,0.047,11602000.0,1532110000.0,1.0,481065814.0,481098000,486668000.0,10.55,6007895000.0,0.0,78105000.0,0.0,12.488,1450262000.0
74,DISH,MRT,2002-12-31,2002-12-31,2002-12-31,2021-08-25,6197000.0,6260585000.0,7602920750.0,3213517000.0,3047068000.0,0.634,-2.448,-435819000.0,1483078000.0,1483078000.0,2496506000.0,-852034000.0,1.615,-6.324,4747053000.0,388432000.0,4358621000.0,4747053000.0,531694000.0,372958000.0,0.0,0.0,0.0,141400000.0,514358000.0,0.107,514358000.0,141400000.0,-341503000.0,-0.86,-0.86,-0.86,-1176022000.0,-965133000.0,-1176022000.0,13023813960.0,92.0,25.321,-369075000.0,-0.768,1.0,2324319000.0,0.482,0.0,482903000.0,7534511000.0,8856063000.0,150290000.0,1213889000.0,1203917000.0,9972000.0,7436607000.0,1990049000.0,5446558000.0,10702361960.0,-194811000.0,0.0,9430000.0,-4549000.0,0.0,420832000.0,-682387000.0,-167277000.0,66744000.0,0.0,-414601000.0,-414601000.0,-414601000.0,0.0,-437433000.0,-0.086,1872801000.0,451518000.0,264813000.0,0.0,-9.1,-25.814,-25.884,1974516000.0,0.0,22.26,2.22,2.218,435020000.0,-2885102000.0,4820825000.0,4820825000.0,0.0,-0.055,0.43,0.016,0.029,11279000.0,1488564000.0,1.0,480788947.0,480429000,480429000.0,10.034,6260585000.0,0.0,73098000.0,0.0,13.031,1223468000.0
75,DISH,MRT,2002-09-30,2002-09-30,2002-09-30,2021-08-25,-59564000.0,8030559000.0,7667696000.0,4905220000.0,3125339000.0,0.606,-2.068,-500129000.0,3428487000.0,3428487000.0,2501387000.0,-208966000.0,3.114,-7.615,5749939000.0,14926000.0,5735013000.0,5749939000.0,511511000.0,351432000.0,0.0,0.0,0.0,271717000.0,623149000.0,0.134,623149000.0,271717000.0,-198178000.0,-0.56,-0.57,-0.56,-994310000.0,-865570500.0,-994310000.0,11034939431.0,41.0,17.708,120105000.0,0.25,1.0,2145044000.0,0.462,0.0,469895000.0,8776582000.0,9240786250.0,156409000.0,827140000.0,817737000.0,9403000.0,7572116000.0,1575429000.0,5996687000.0,8316252431.0,2224858000.0,0.0,9625000.0,713873000.0,0.0,2121230000.0,-516606000.0,71061000.0,620234000.0,0.0,-209303000.0,-270826000.0,-270826000.0,0.0,337000.0,-0.058,1719368000.0,425676000.0,280387000.0,0.0,-8.364,-30.707,-30.893,2027198000.0,61523000.0,17.3,1.79,1.79,433335000.0,-2698456000.0,4646431000.0,4646431000.0,0.0,-0.035,0.313,0.029,0.058,6432000.0,1361504000.0,1.0,480708233.0,480721000,480721000.0,9.666,8030559000.0,0.0,11125000.0,0.0,16.705,3329791000.0
76,DISH,MRT,2002-06-30,2002-06-28,2002-06-28,2021-08-25,-27985000.0,8093670000.0,7099769750.0,5003118000.0,3090552000.0,0.626,-1.723,-579766000.0,3017460000.0,3017460000.0,2368017000.0,-37922000.0,3.154,-8.943,5736147000.0,15375000.0,5720772000.0,5736147000.0,498665000.0,326481000.0,0.0,0.0,0.0,421342000.0,747823000.0,0.168,747823000.0,421342000.0,-26383000.0,-0.2,-0.21,-0.2,-827672000.0,-812271750.0,-827672000.0,12322575820.0,29.0,16.478,122310000.0,0.255,1.0,2078071000.0,0.467,0.0,447725000.0,9226279000.0,9081048500.0,153311000.0,1338390000.0,1338390000.0,0.0,7401763000.0,1586078000.0,5815685000.0,8910243820.0,1520651000.0,-50000000.0,11797000.0,712133000.0,0.0,2122483000.0,-1303908000.0,-542988000.0,702076000.0,0.0,-38259000.0,-99783000.0,-99783000.0,0.0,337000.0,-0.022,1672792000.0,405279000.0,336370000.0,0.0,-10.765,-89.296,-92.8,2000932000.0,61524000.0,18.56,2.004,2.005,425392000.0,-2530507000.0,4446088000.0,4446088000.0,0.0,-0.014,0.123,0.046,0.095,9541000.0,1336770000.0,1.0,480077792.0,480405000,544130000.0,9.255,8093670000.0,0.0,11876000.0,0.0,16.848,3417040000.0
77,DISH,MRT,2002-03-31,2002-03-31,2002-03-31,2021-08-25,-19147000.0,8026869000.0,6488014000.0,4977113000.0,3049756000.0,0.654,-1.798,-591767000.0,2323688000.0,2323688000.0,2247442000.0,-80778000.0,3.206,-8.555,5736020000.0,14725000.0,5721295000.0,5736020000.0,488175000.0,301339000.0,0.0,0.0,0.0,338026000.0,639365000.0,0.151,639365000.0,338026000.0,-79485000.0,-0.29,-0.29,-0.29,-862528000.0,-786446250.0,-862528000.0,17627699468.0,52.0,27.571,109875000.0,0.229,1.0,1996234000.0,0.47,0.0,417511000.0,9886880000.0,8751047000.0,178153000.0,2003315000.0,2003315000.0,0.0,7378656000.0,1552321000.0,5826335000.0,13585614468.0,1518358000.0,-50000000.0,10621000.0,1689560000.0,0.0,3098719000.0,-2282003000.0,-1511028000.0,701642000.0,0.0,-81115000.0,-142797000.0,-142797000.0,0.0,337000.0,-0.034,1673470000.0,322764000.0,237785000.0,0.0,-15.751,-95.139,-97.655,1949197000.0,61682000.0,28.32,3.201,3.201,398506000.0,-2567508000.0,4243676000.0,4243676000.0,0.0,-0.022,0.182,0.039,0.08,14383000.0,1357748000.0,1.0,479718025.0,479731000,479731000.0,8.846,8026869000.0,0.0,1630000.0,0.0,16.732,3424792000.0
78,DISH,MRT,2001-12-31,2001-12-31,2001-12-31,2021-08-25,3594000.0,6519686000.0,5604634500.0,3511967000.0,3007719000.0,0.714,-1.63,-637457000.0,1679177000.0,1679177000.0,2103454000.0,-215498000.0,2.36,-9.383,5721262000.0,14782000.0,5706480000.0,5721262000.0,462035000.0,278652000.0,0.0,0.0,0.0,156984000.0,435636000.0,0.109,435636000.0,156984000.0,-214381000.0,-0.45,-0.45,-0.45,-777772000.0,-759443250.0,-777772000.0,16986388573.0,108.0,38.992,-147974000.0,-0.31,1.0,1897684000.0,0.474,0.0,371365000.0,9073404000.0,7921057500.0,190747000.0,1150408000.0,1150408000.0,0.0,7297458000.0,1488367000.0,5809091000.0,13163783573.0,821071000.0,-50000000.0,9929000.0,1685818000.0,0.0,1610707000.0,-1279119000.0,-524199000.0,489483000.0,0.0,-215835000.0,-215835000.0,-215835000.0,0.0,337000.0,-0.054,1685382000.0,212302000.0,254868000.0,0.0,-16.925,-60.99,-61.044,1904012000.0,0.0,27.47,3.29,3.276,424128000.0,-2470501000.0,4001138000.0,4001138000.0,0.0,-0.039,0.284,0.02,0.039,20173000.0,1386557000.0,1.0,479205809.0,477172000,477172000.0,8.385,6519686000.0,0.0,1454000.0,0.0,13.663,2023600000.0
79,DISH,MRT,2001-09-30,2001-09-30,2001-09-30,2021-08-25,-41759000.0,5758854000.0,5133921750.0,2850242000.0,2908612000.0,0.712,-1.631,-638154000.0,1203629000.0,1203629000.0,1866983000.0,-356811000.0,1.974,-8.373,5026234000.0,14101000.0,5012133000.0,5026234000.0,438914000.0,253237000.0,0.0,0.0,0.0,-10409000.0,242828000.0,0.066,242828000.0,-10409000.0,-357335000.0,-0.75,-0.75,-0.75,-781115000.0,-729346000.0,-781115000.0,14676933610.0,-1410.0,60.442,-200767000.0,-0.419,1.0,1789123000.0,0.489,0.0,346926000.0,8137631000.0,7300177500.0,206404000.0,969340000.0,968052000.0,1288000.0,6539969000.0,1443828000.0,5096141000.0,11140311610.0,-38582000.0,-50000000.0,10253000.0,975030000.0,0.0,975600000.0,-1451569000.0,-659854000.0,437387000.0,0.0,-357957000.0,-357346000.0,-357346000.0,0.0,1146000.0,-0.098,1778657000.0,10466000.0,315394000.0,0.0,-14.262,-31.175,-31.027,1833052000.0,-611000.0,23.27,3.047,3.048,396366000.0,-2427630000.0,3656106000.0,3656106000.0,0.0,-0.07,0.49,-0.001,-0.003,34164000.0,1491256000.0,1.0,478741367.0,478931000,478931000.0,7.634,5758854000.0,0.0,622000.0,0.0,12.024,1406414000.0
80,DISH,MRT,2001-06-30,2001-06-30,2001-06-30,2021-08-25,-12063000.0,5646647000.0,4869118250.0,2906736000.0,2739911000.0,0.684,-1.523,-518968000.0,1492560000.0,1492560000.0,1727885000.0,-501955000.0,2.276,-8.795,5029182000.0,15794000.0,5013388000.0,5029182000.0,420402000.0,224877000.0,0.0,0.0,0.0,-188410000.0,36467000.0,0.011,36467000.0,-188410000.0,-502540000.0,-1.06,-1.06,-1.06,-724370000.0,-638359000.0,-724370000.0,18635040639.0,-99.0,511.011,-346085000.0,-0.727,1.0,1603687000.0,0.481,0.0,314130000.0,7906273000.0,6873589250.0,150319000.0,825342000.0,823307000.0,2035000.0,6371017000.0,1276996000.0,5094021000.0,15404161639.0,1006408000.0,0.0,8472000.0,1963552000.0,0.0,1959508000.0,-1125983000.0,-466749000.0,172883000.0,0.0,-503101000.0,-502704000.0,-502704000.0,0.0,1146000.0,-0.151,1750775000.0,-147088000.0,186515000.0,0.0,-21.266,-30.643,-30.585,1716077000.0,-397000.0,32.42,4.624,4.63,379689000.0,-2390679000.0,3331572000.0,3331572000.0,0.0,-0.103,0.787,-0.027,-0.057,38901000.0,1486997000.0,1.0,475143789.0,475768000,475768000.0,7.003,5646647000.0,0.0,561000.0,0.0,11.868,1629740000.0
81,DISH,MRT,2001-03-31,2001-03-31,2001-03-31,2021-08-25,-28562000.0,4493351000.0,4412787000.0,1853139000.0,2640212000.0,0.682,-1.59,-443101000.0,801081000.0,801081000.0,1603940000.0,-628960000.0,1.601,-6.955,4031960000.0,17375000.0,4014585000.0,4031960000.0,405974000.0,203748000.0,0.0,0.0,0.0,-339983000.0,-136235000.0,-0.045,-136235000.0,-339983000.0,-629557000.0,-1.33,-1.33,-1.33,-754516000.0,-530652000.0,-754516000.0,16323794092.0,-48.0,-119.821,-477524000.0,-1.006,1.0,1407489000.0,0.467,0.0,289574000.0,6566922000.0,6226626500.0,149243000.0,496544000.0,493544000.0,3000000.0,5247867000.0,1157308000.0,4090559000.0,13144668092.0,121293000.0,-50045000.0,12059000.0,982584000.0,0.0,982047000.0,-826331000.0,-187891000.0,-34423000.0,0.0,-630106000.0,-629791000.0,-629791000.0,0.0,1146000.0,-0.209,1704721000.0,-297232000.0,120339000.0,0.0,-17.421,-20.871,-20.82,1619556000.0,-315000.0,27.69,4.365,4.364,357800000.0,-2392770000.0,3011429000.0,3011429000.0,0.0,-0.143,1.187,-0.055,-0.113,45212000.0,1456061000.0,1.0,474708129.0,474563000,474563000.0,6.346,4493351000.0,0.0,549000.0,0.0,9.468,695831000.0
82,DISH,MRT,2000-12-31,2000-12-31,2000-12-31,2021-08-25,-60580000.0,4636835000.0,4245667750.0,2060606000.0,2576229000.0,0.64,-1.396,-331401000.0,859818000.0,859818000.0,1493400000.0,-650326000.0,1.685,-8.053,4035944000.0,21132000.0,4014812000.0,4035944000.0,340224000.0,185356000.0,0.0,0.0,0.0,-382927000.0,-197571000.0,-0.073,-197571000.0,-382927000.0,-650917000.0,-1.38,-1.38,-1.38,-657383000.0,-386487750.0,-657383000.0,13569727482.0,-35.0,-68.683,-450078000.0,-0.956,1.0,1221820000.0,0.45,0.0,267990000.0,6589884000.0,5896092000.0,161161000.0,607357000.0,607357000.0,0.0,5294218000.0,1223077000.0,4071141000.0,10770377482.0,-48481000.0,-110045000.0,12732000.0,982332000.0,0.0,982153000.0,-911957000.0,-322100000.0,-118677000.0,0.0,-651472000.0,-651472000.0,-651472000.0,0.0,1146000.0,-0.24,1645886000.0,-424066000.0,226568000.0,0.0,-16.384,-16.532,-16.486,1511303000.0,0.0,22.75,3.967,3.947,384614000.0,-2254666000.0,2715220000.0,2715220000.0,0.0,-0.153,1.686,-0.065,-0.141,51465000.0,1409065000.0,1.0,473423186.0,471023000,471023000.0,5.765,4636835000.0,0.0,555000.0,0.0,9.844,837529000.0
83,DISH,MRT,2000-09-30,2000-09-30,2000-09-30,2021-08-25,-6829000.0,4699640000.0,4061006250.0,2186188000.0,2513452000.0,0.597,-0.882,-212545000.0,1242211000.0,1242211000.0,1362946000.0,-680025000.0,2.048,-12.266,4041561000.0,17145000.0,4024416000.0,4041561000.0,279372000.0,161066000.0,0.0,0.0,0.0,-449359000.0,-288293000.0,-0.119,-288293000.0,-449359000.0,-687088000.0,-1.46,-1.46,-1.46,-417167000.0,-234246500.0,-417167000.0,27499523518.0,-61.0,-95.387,-427980000.0,-0.905,1.0,1061744000.0,0.438,0.0,237729000.0,6431278000.0,5535784250.0,190196000.0,381233000.0,378233000.0,3000000.0,5116807000.0,1067712000.0,4049095000.0,24939844518.0,1123440000.0,-36200000.0,11379000.0,1972410000.0,0.0,1963136000.0,-624261000.0,-274563000.0,-215435000.0,0.0,-687278000.0,-682200000.0,-682200000.0,0.0,7253000.0,-0.281,1533039000.0,-471295000.0,238863000.0,0.0,-59.784,-36.558,-36.13,1413216000.0,-5078000.0,52.75,10.286,10.291,333335000.0,-2053025000.0,2424690000.0,2424690000.0,0.0,-0.168,2.912,-0.081,-0.185,93676000.0,1278297000.0,1.0,472793261.0,473013000,473013000.0,5.126,4699640000.0,0.0,190000.0,0.0,9.936,1118476000.0
84,DISH,MRT,2000-06-30,2000-06-30,2000-06-30,2021-08-25,-676000.0,3821322000.0,3588085500.0,1432628000.0,2388694000.0,0.601,-0.622,-173662000.0,486152000.0,486152000.0,1228288000.0,-662377000.0,1.348,-14.018,3045831000.0,19072000.0,3026759000.0,3045831000.0,258296000.0,144396000.0,0.0,0.0,0.0,-446153000.0,-301757000.0,-0.14,-301757000.0,-446153000.0,-669473000.0,-1.44,-1.44,-1.44,-293542000.0,-102702250.0,-293542000.0,17917354278.0,-40.0,-59.377,-441284000.0,-0.936,1.0,926610000.0,0.43,0.0,223320000.0,5318422000.0,4962014500.0,204044000.0,407470000.0,404470000.0,3000000.0,4114864000.0,1062579000.0,3052285000.0,15548706278.0,208604000.0,-42241000.0,12061000.0,981771000.0,0.0,975746000.0,-499520000.0,-269813000.0,-267622000.0,0.0,-669630000.0,-666279000.0,-666279000.0,0.0,7253000.0,-0.309,1395278000.0,-468668000.0,193543000.0,0.0,-52.969,-23.337,-22.993,1380295000.0,-3351000.0,33.11,7.216,7.245,299284000.0,-1921917000.0,2154898000.0,2154898000.0,0.0,-0.186,6.487,-0.09,-0.207,86372000.0,1164510000.0,1.0,469607559.0,471555000,471555000.0,4.57,3821322000.0,0.0,157000.0,0.0,8.104,370049000.0
85,DISH,MRT,2000-03-31,2000-03-31,2000-03-31,2021-08-25,1463000.0,3824874000.0,3358605500.0,1530487000.0,2294387000.0,0.553,-0.382,-119198000.0,679788000.0,679788000.0,1051745000.0,-605646000.0,1.613,-22.505,3048436000.0,20982000.0,3027454000.0,3048436000.0,237250000.0,128626000.0,0.0,0.0,0.0,-402140000.0,-273514000.0,-0.147,-273514000.0,-402140000.0,-612756000.0,-1.36,-1.36,-1.36,-177859000.0,28508250.0,-177859000.0,39008279724.0,-97.0,-142.619,-287649000.0,-0.618,1.0,807241000.0,0.434,0.0,210616000.0,5244784000.0,4657594000.0,152493000.0,374120000.0,371120000.0,3000000.0,4002733000.0,948738000.0,3053995000.0,36860906724.0,535888000.0,7804000.0,8605000.0,978519000.0,0.0,969277000.0,-264938000.0,-140161000.0,-168451000.0,0.0,-612899000.0,-611193000.0,-611193000.0,0.0,7253000.0,-0.329,1240667000.0,-433426000.0,171481000.0,0.0,-207.248,-60.31,-58.088,1338275000.0,-1706000.0,79.0,19.829,19.793,279735000.0,-1788817000.0,1858986000.0,1858986000.0,0.0,-0.182,-21.439,-0.086,-0.216,74769000.0,1036972000.0,1.0,466593756.0,465768000,465768000.0,3.991,3824874000.0,0.0,143000.0,0.0,8.212,581749000.0
86,DISH,MRT,1999-12-31,1999-12-31,1999-12-31,2021-08-25,0.0,3898189000.0,2835835250.0,1683695000.0,2214494000.0,0.565,-0.116,-91152000.0,905299000.0,905299000.0,898186000.0,-792847000.0,1.877,-81.511,3052672000.0,22067000.0,3030605000.0,3052672000.0,200624000.0,113228000.0,0.0,0.0,0.0,-598333000.0,-485105000.0,-0.303,-485105000.0,-598333000.0,-799946000.0,-1.92,-1.92,-1.92,-48418000.0,-132209250.0,-48418000.0,24150852110.0,-40.0,-49.785,-149665000.0,-0.359,1.0,704655000.0,0.44,0.0,201613000.0,5148653000.0,4141253000.0,123630000.0,351876000.0,348876000.0,3000000.0,3946607000.0,896909000.0,3049698000.0,22214965110.0,798752000.0,67804000.0,7960000.0,1294137000.0,0.0,920091000.0,-62826000.0,-26299000.0,-58513000.0,0.0,-800100000.0,-800100000.0,-800100000.0,0.0,7253000.0,-0.499,1051746000.0,-347091000.0,194046000.0,0.0,-458.816,-27.765,-25.391,1339939000.0,0.0,48.75,13.86,12.667,265685000.0,-1603194000.0,1602841000.0,1602841000.0,0.0,-0.282,6.052,-0.144,-0.373,61060000.0,877458000.0,1.0,455691592.0,416476000,416476000.0,3.849,3898189000.0,0.0,154000.0,0.0,9.36,786786000.0
87,DISH,MRT,1999-09-30,1999-09-30,1999-09-30,2021-08-25,0.0,2807957000.0,2313001000.0,594374000.0,2213583000.0,0.594,0.239,-84983000.0,118771000.0,118771000.0,767983000.0,-686169000.0,0.978,24.759,2054658000.0,21832000.0,2032826000.0,2054658000.0,219222000.0,103525000.0,0.0,0.0,0.0,-522527000.0,-419002000.0,-0.305,-419002000.0,-522527000.0,-721436000.0,-1.855,-1.855,-1.855,109010000.0,-212989750.0,109010000.0,12111022258.0,-23.0,-28.904,-152365000.0,-0.335,1.0,606972000.0,0.441,0.0,198909000.0,4136199000.0,3549161250.0,90421000.0,82906000.0,79978000.0,2928000.0,2698947000.0,607645000.0,2091302000.0,10331775258.0,-89084000.0,-6041000.0,8281000.0,294836000.0,0.0,-61804000.0,40102000.0,135903000.0,-67382000.0,0.0,-721384000.0,-701381000.0,-701381000.0,0.0,35215000.0,-0.51,863230000.0,-256258000.0,145705000.0,0.0,94.778,-14.731,-12.239,1356673000.0,-20003000.0,22.703,7.514,7.519,260747000.0,-1382911000.0,1374955000.0,1374955000.0,0.0,-0.303,3.293,-0.147,-0.38,5983000.0,753722000.0,1.0,455094164.0,455406000,455406000.0,3.019,2807957000.0,0.0,-52000.0,0.0,6.166,-13271000.0
88,DISH,MRT,1999-06-30,1999-06-30,1999-06-30,2021-08-25,0.0,2903402000.0,2064585000.0,704583000.0,2198819000.0,0.573,0.595,-83190000.0,277548000.0,277548000.0,666136000.0,-613739000.0,1.211,11.553,2056795000.0,20901000.0,2035894000.0,2056795000.0,202807000.0,97580000.0,0.0,0.0,0.0,-454188000.0,-356608000.0,-0.302,-356608000.0,-454188000.0,-649105000.0,-1.745,-1.745,-1.745,231300000.0,-303375500.0,231300000.0,8922599318.0,-20.0,-25.021,-47698000.0,-0.123,1.0,516046000.0,0.437,0.0,194917000.0,4100740000.0,3196703250.0,75456000.0,107739000.0,107739000.0,0.0,2672102000.0,581909000.0,2090193000.0,7002706318.0,17977000.0,0.0,6630000.0,295999000.0,0.0,-62023000.0,44508000.0,126185000.0,35492000.0,0.0,-648954000.0,-635918000.0,-635918000.0,0.0,35215000.0,-0.538,708199000.0,-192153000.0,114466000.0,0.0,30.275,-11.012,-10.989,1350120000.0,-13036000.0,19.175,5.924,6.309,221939000.0,-1255638000.0,1182182000.0,1182182000.0,0.0,-0.308,2.096,-0.142,-0.384,1719000.0,606936000.0,1.0,365199808.0,388936000,388936000.0,3.04,2903402000.0,0.0,-151000.0,0.0,7.465,122674000.0
89,DISH,MRT,1999-03-31,1999-03-31,1999-03-31,2021-08-25,0.0,1733793000.0,1804547000.0,648806000.0,1084987000.0,0.597,-2.27,-144326000.0,143900000.0,143900000.0,621928000.0,-583327000.0,1.368,-3.113,2063793000.0,22764000.0,2041029000.0,2063793000.0,184905000.0,90399000.0,0.0,0.0,0.0,-435938000.0,-345539000.0,-0.321,-345539000.0,-435938000.0,-618603000.0,-1.698,-1.698,-1.698,-820729000.0,-409729250.0,-820729000.0,5103871247.0,-12.0,-14.771,-135672000.0,-0.375,1.0,455875000.0,0.423,0.0,182665000.0,3179420000.0,2837844750.0,59170000.0,202129000.0,202129000.0,0.0,2554522000.0,474266000.0,2080256000.0,3699660247.0,-90152000.0,0.0,4185000.0,298855000.0,0.0,-61612000.0,-37194000.0,104115000.0,8654000.0,0.0,-618542000.0,-612298000.0,-612298000.0,0.0,35215000.0,-0.568,613283000.0,-157408000.0,93817000.0,0.0,-4.508,-6.042,-6.009,861363000.0,-6244000.0,10.204,3.433,3.423,212740000.0,-1177626000.0,1077803000.0,1077803000.0,0.0,-0.339,1.494,-0.154,-0.404,0.0,515034000.0,1.0,362578488.0,361528000,361528000.0,2.981,1733793000.0,0.0,-61000.0,0.0,4.796,174540000.0
90,DISH,MRT,1998-12-31,1998-12-31,1998-12-31,2021-08-25,0.0,1806852000.0,1819773750.0,537845000.0,1269007000.0,0.54,-1.032,-161140000.0,106547000.0,106547000.0,585295000.0,-260882000.0,1.249,-5.255,1510758000.0,22679000.0,1488079000.0,1510758000.0,166480000.0,83767000.0,0.0,0.0,0.0,-128524000.0,-44757000.0,-0.046,-44757000.0,-128524000.0,-296053000.0,-0.82,-0.82,-0.82,-371540000.0,-240365750.0,-371540000.0,3452604075.0,-27.0,-77.141,-178030000.0,-0.495,1.0,397371000.0,0.404,0.0,167529000.0,2780286000.0,2706129500.0,76708000.0,295210000.0,217553000.0,77657000.0,1952354000.0,430777000.0,1521577000.0,2180105075.0,-38660000.0,0.0,2830000.0,-16552000.0,0.0,-13722000.0,-8048000.0,156566000.0,-16890000.0,0.0,-296097000.0,-296097000.0,-296097000.0,0.0,35215000.0,-0.301,520262000.0,-122891000.0,90646000.0,0.0,-5.868,-7.363,-7.375,876914000.0,0.0,6.048,2.219,2.215,213233000.0,-733093000.0,982666000.0,982666000.0,0.0,-0.163,1.232,-0.047,-0.131,0.0,417626000.0,1.0,360496912.0,359856000,359856000.0,2.731,1806852000.0,0.0,44000.0,0.0,5.021,107068000.0
91,DISH,MRT,1998-09-30,1998-09-30,1998-09-30,2021-08-25,0.0,1814293000.0,1819472250.0,556366000.0,1257927000.0,0.481,-0.701,-189926000.0,207855000.0,207855000.0,523021000.0,-218587000.0,1.544,-7.317,1480354000.0,21064000.0,1459290000.0,1480354000.0,141393000.0,72309000.0,0.0,0.0,0.0,-78339000.0,-6030000.0,-0.007,-6030000.0,-78339000.0,-226742000.0,-0.711,-0.711,-0.711,-252533000.0,-169721000.0,-252533000.0,2271522680.0,-29.0,-376.704,-165918000.0,-0.461,1.0,351828000.0,0.402,0.0,148403000.0,2726367000.0,2694299250.0,81974000.0,230132000.0,153549000.0,76583000.0,1847810000.0,360425000.0,1487385000.0,1080244680.0,176882000.0,0.0,64947000.0,-16909000.0,0.0,337715000.0,-184841000.0,5975000.0,24008000.0,0.0,-227029000.0,-252155000.0,-252155000.0,0.0,8442000.0,-0.288,452516000.0,-100688000.0,91396000.0,0.0,-4.278,-4.284,-4.219,881170000.0,25126000.0,3.0,1.235,1.235,189893000.0,-610599000.0,874849000.0,874849000.0,0.0,-0.139,1.486,-0.029,-0.09,0.0,335145000.0,1.0,360081560.0,360104000,360104000.0,2.429,1814293000.0,0.0,287000.0,0.0,5.038,195941000.0
92,DISH,MRT,1998-06-30,1998-06-30,1998-06-30,2021-08-25,0.0,1863250000.0,,557526000.0,1305724000.0,,-0.54,-275103000.0,259571000.0,259571000.0,460747000.0,-281773000.0,1.432,-9.506,1450849000.0,20707000.0,1430142000.0,1450849000.0,135231000.0,63371000.0,0.0,0.0,0.0,-153761000.0,-90390000.0,-0.117,-90390000.0,-153761000.0,-289830000.0,-0.889,-0.889,-0.889,-194115000.0,,-194115000.0,2256809653.0,-15.0,-24.967,-246436000.0,-0.686,1.0,308733000.0,0.401,0.0,136069000.0,2665306000.0,,53540000.0,246172000.0,131289000.0,114883000.0,1845165000.0,389222000.0,1455943000.0,1080921653.0,76719000.0,0.0,64917000.0,-15869000.0,0.0,338725000.0,-290673000.0,-10663000.0,28667000.0,0.0,-290215000.0,-306733000.0,-306733000.0,0.0,8442000.0,-0.399,482796000.0,-174063000.0,100677000.0,0.0,-5.568,-3.524,-3.383,990395000.0,16518000.0,3.007,1.405,1.405,95072000.0,-549719000.0,769480000.0,769480000.0,0.0,,,,-0.2,0.0,342203000.0,1.0,359408696.0,359496000,359496000.0,2.14,1863250000.0,0.0,385000.0,0.0,5.183,168304000.0
93,DISH,MRT,1998-03-31,1998-03-31,1998-03-31,2021-08-25,0.0,1794700000.0,,534532000.0,1260168000.0,,-0.4,-215156000.0,234052000.0,234052000.0,372603000.0,-299845000.0,1.681,-12.091,1409940000.0,18185000.0,1391755000.0,1409940000.0,135859000.0,57344000.0,0.0,0.0,0.0,-186269000.0,-128925000.0,-0.207,-128925000.0,-186269000.0,-307989000.0,-0.929,-0.929,-0.929,-143275000.0,,-143275000.0,2223807660.0,-12.0,-17.249,-229973000.0,-0.642,1.0,249730000.0,0.401,0.0,121720000.0,2652559000.0,,34643000.0,315322000.0,154729000.0,160593000.0,1732390000.0,318029000.0,1414361000.0,985908660.0,203600000.0,0.0,64272000.0,348352000.0,0.0,702301000.0,-483884000.0,-262320000.0,-14817000.0,0.0,-308287000.0,-316429000.0,-316429000.0,0.0,8442000.0,-0.508,450570000.0,-200840000.0,63464000.0,0.0,-6.881,-3.116,-2.96,898811000.0,8142000.0,2.75,1.584,1.584,82553000.0,-495325000.0,622333000.0,622333000.0,0.0,,,,-0.299,0.0,288622000.0,1.0,358512240.0,358488000,358488000.0,1.736,1794700000.0,0.0,298000.0,0.0,5.006,216503000.0
94,DISH,MRT,1997-12-31,1997-12-31,1997-12-31,2021-08-25,-19000.0,1805646000.0,1473513000.0,544105000.0,1261541000.0,0.324,-0.265,-232058000.0,145207000.0,145207000.0,279175000.0,-312825000.0,1.752,-19.058,1383106000.0,17885000.0,1365221000.0,1383106000.0,142349000.0,51541000.0,0.0,0.0,0.0,-216929000.0,-165388000.0,-0.346,-165388000.0,-216929000.0,-321121000.0,-0.96,-0.96,-0.96,-88961000.0,-13882000.0,-88961000.0,,,,-232015000.0,-0.692,1.0,198243000.0,0.415,0.0,104192000.0,2732965000.0,2261428500.0,22993000.0,463069000.0,275307000.0,187762000.0,1695443000.0,310580000.0,1384863000.0,750635002.0,105976000.0,0.0,64258000.0,349247000.0,0.0,703182000.0,-597249000.0,-364984000.0,43000.0,0.0,-321267000.0,-321267000.0,-321267000.0,0.0,8442000.0,-0.673,422514000.0,-224271000.0,68510000.0,0.0,-8.438,-2.336,-2.181,874859000.0,0.0,2.094,1.572,1.471,66074000.0,-436996000.0,477418000.0,477418000.0,0.0,-0.218,23.143,-0.096,-0.454,0.0,249238000.0,1.0,358512240.0,335344000,335344000.0,1.424,1805646000.0,0.0,146000.0,0.0,5.384,233525000.0
95,DISH,MRT,1997-09-30,1997-09-30,1997-09-30,2021-08-25,,,,,,,,,,,,,,,,,,,,,,0.0,0.0,,,,,,,,,,,,,,,,,,1.0,,,,,,,,,,,,,,,,,,,,,,,,,,,,,,,,,,,,,,,,3.031,,,,,,,,,,,,,,1.0,,332464000,,,,,,,,
96,DISH,MRT,1997-06-30,1997-06-30,1997-06-30,2021-08-25,,,,,,,,,,,,,,,,,,,,,,0.0,0.0,,,,,,,,,,,,,,,,,,1.0,,,,,,,,,,,,,,,,,,,,,,,,,,,,,,,,,,,,,,,,1.954,,,,,,,,,,,,,,1.0,,332832000,,,,,,,,
97,DISH,MRT,1997-03-31,1997-03-31,1997-03-31,2021-08-25,,,,,,,,,,,,,,,,,,,,,,0.0,0.0,,,,,,,,,,,,,,,,,,1.0,,,,,,,,,,,,,,,,,,,,,,,,,,,,,,,,,,,,,,,,2.562,,,,,,,,,,,,,,1.0,,327376000,,,,,,,,
98,DISH,MRT,1996-12-31,1996-12-31,1996-12-31,2021-08-25,-11000.0,1141380000.0,,235636000.0,905744000.0,,0.189,-277308000.0,39231000.0,39231000.0,161189000.0,-100986000.0,1.188,17.651,886054000.0,11334000.0,874720000.0,886054000.0,111247000.0,27341000.0,0.0,0.0,0.0,-95396000.0,-68055000.0,-0.342,-68055000.0,-95396000.0,-156883000.0,-0.315,-0.315,-0.315,61197000.0,,61197000.0,,,,-304733000.0,-0.939,1.0,37712000.0,0.19,0.0,61487000.0,1789892000.0,,72767000.0,66298000.0,18807000.0,47491000.0,1080183000.0,198311000.0,881872000.0,,17477000.0,0.0,2259000.0,330285000.0,0.0,332544000.0,-287642000.0,-13139000.0,-27425000.0,0.0,-102190000.0,-102190000.0,-102190000.0,0.0,1204000.0,-0.514,147057000.0,-109345000.0,40819000.0,0.0,,,-8.73,590621000.0,0.0,2.75,,4.485,13516000.0,-115729000.0,198901000.0,198901000.0,0.0,,,,-0.48,0.0,103643000.0,1.0,,324384000,324384000.0,0.613,1141380000.0,0.0,-54693000.0,0.0,3.519,37325000.0
99,DISH,MRT,1995-12-31,1995-12-31,1995-12-31,2021-08-25,,,,,,,,-134012000.0,,,115250000.0,-11486000.0,,,,,,,,3114000.0,,0.0,0.0,5550000.0,8664000.0,0.058,8664000.0,5550000.0,-18435000.0,-0.045,-0.045,-0.045,,,,,,,-154340000.0,-0.543,1.0,33270000.0,0.224,,23985000.0,,,,,,,,,,,4248000.0,-16000000.0,62933000.0,-238000.0,0.0,62695000.0,-38119000.0,112893000.0,-20328000.0,0.0,-12690000.0,-12690000.0,-12690000.0,0.0,1204000.0,-0.085,41297000.0,-8027000.0,,0.0,,,-67.361,,0.0,3.031,,5.806,,,148520000.0,148520000.0,0.0,,,,0.037,0.0,38183000.0,1.0,,284496000,284496000.0,0.522,,,-5745000.0,,,
