None,ticker,dimension,calendardate,datekey,reportperiod,lastupdated,accoci,assets,assetsavg,assetsc,assetsnc,assetturnover,bvps,capex,cashneq,cashnequsd,cor,consolinc,currentratio,de,debt,debtc,debtnc,debtusd,deferredrev,depamor,deposits,divyield,dps,ebit,ebitda,ebitdamargin,ebitdausd,ebitusd,ebt,eps,epsdil,epsusd,equity,equityavg,equityusd,ev,evebit,evebitda,fcf,fcfps,fxusd,gp,grossmargin,intangibles,intexp,invcap,invcapavg,inventory,investments,investmentsc,investmentsnc,liabilities,liabilitiesc,liabilitiesnc,marketcap,ncf,ncfbus,ncfcommon,ncfdebt,ncfdiv,ncff,ncfi,ncfinv,ncfo,ncfx,netinc,netinccmn,netinccmnusd,netincdis,netincnci,netmargin,opex,opinc,payables,payoutratio,pb,pe,pe1,ppnenet,prefdivis,price,ps,ps1,receivables,retearn,revenue,revenueusd,rnd,roa,roe,roic,ros,sbcomp,sgna,sharefactor,sharesbas,shareswa,shareswadil,sps,tangibles,taxassets,taxexp,taxliabilities,tbvps,workingcapital
0,CBSS,MRY,2006-12-31,2006-12-31,2006-12-31,2019-04-29,-53932000.0,34199755000.0,33638159250.0,,,0.052,22.088,-84111000.0,762591000.0,762591000.0,0.0,460363000.0,,11.11,7933915000.0,,,7933915000.0,0.0,107338000.0,23045529000.0,0.026,1.56,687417000.0,794755000.0,0.458,794755000.0,687417000.0,687417000.0,3.6,3.53,3.6,2824134000.0,2683957500.0,2824134000.0,15010762781.0,22.0,18.887,529522000.0,4.142,1.0,1736692000.0,1.0,677314000.0,0.0,40693765000.0,40013521250.0,0.0,31101877000.0,,,31375621000.0,,,7744396781.0,-67388000.0,-190071000.0,39588000.0,20308000.0,-199989000.0,1057660000.0,-1738681000.0,-1464499000.0,613633000.0,0.0,460363000.0,460363000.0,460363000.0,0.0,0.0,0.265,1049275000.0,687417000.0,0.0,0.433,2.742,16.822,16.569,589264000.0,0.0,59.65,4.459,4.391,0.0,2380160000.0,1736692000.0,1736692000.0,0.0,0.014,0.172,0.017,0.396,12240000.0,874355000.0,1.0,129830625.0,127857000,130458000.0,13.583,33522441000.0,0.0,227054000.0,0.0,262.187,
1,CBSS,MRY,2005-12-31,2005-12-31,2005-12-31,2019-04-29,-63156000.0,30798232000.0,29808042750.0,,,0.051,18.098,-69755000.0,851949000.0,851949000.0,0.0,401830000.0,,12.774,7866784000.0,,,7866784000.0,0.0,100524000.0,20384115000.0,0.029,1.4,608036000.0,708560000.0,0.469,708560000.0,608036000.0,608036000.0,3.25,3.18,3.25,2236029000.0,2186420500.0,2236029000.0,13930430334.0,23.0,19.66,541769000.0,4.385,1.0,1509839000.0,1.0,316197000.0,0.0,37496870000.0,37230273750.0,0.0,28131918000.0,,,28562203000.0,,,6009113334.0,219877000.0,-16945000.0,-29552000.0,-956088000.0,-208756000.0,2173820000.0,-2565467000.0,-2478767000.0,611524000.0,0.0,401830000.0,401830000.0,401830000.0,0.0,0.0,0.266,901803000.0,608036000.0,0.0,0.431,2.687,14.954,14.846,547195000.0,0.0,48.25,3.98,3.948,0.0,2121310000.0,1509839000.0,1509839000.0,0.0,0.013,0.184,0.016,0.403,5484000.0,763970000.0,1.0,124541209.0,123550000,126423000.0,12.22,30482035000.0,0.0,206206000.0,0.0,246.718,
2,CBSS,MRY,2004-12-31,2004-12-31,2004-12-31,2019-04-29,-23376000.0,28181916000.0,27836187500.0,,,0.051,16.82,-69265000.0,632627000.0,632627000.0,0.0,360185000.0,,12.705,8827546000.0,,,8827546000.0,0.0,104413000.0,17042732000.0,0.026,1.25,539832000.0,644245000.0,0.457,644245000.0,539832000.0,539832000.0,2.95,2.87,2.95,2056345000.0,1971268750.0,2056345000.0,14377730102.0,27.0,22.317,445265000.0,3.642,1.0,1408310000.0,1.0,302619000.0,0.0,36074216000.0,35884856250.0,0.0,25841683000.0,,,26125571000.0,,,5980273102.0,-140813000.0,268000.0,4791000.0,-365426000.0,-118533000.0,875521000.0,-1530864000.0,-1461867000.0,514530000.0,0.0,360185000.0,360185000.0,360185000.0,0.0,0.0,0.256,843342000.0,564968000.0,0.0,0.424,2.908,16.603,16.498,537466000.0,0.0,48.67,4.246,4.225,0.0,1894546000.0,1408310000.0,1408310000.0,0.0,0.013,0.183,0.015,0.383,4432000.0,712804000.0,1.0,122873908.0,122254000,125416000.0,11.52,27879297000.0,0.0,179647000.0,0.0,228.044,
3,CBSS,MRY,2003-12-31,2003-12-31,2003-12-31,2019-04-29,37306000.0,26963113000.0,25766040500.0,,,0.05,15.182,-87849000.0,804657000.0,804657000.0,0.0,328678000.0,,13.247,9177096000.0,,,9177096000.0,0.0,117586000.0,15687632000.0,0.028,1.12,497070000.0,614656000.0,0.475,614656000.0,497070000.0,497070000.0,2.64,2.58,2.64,1892574000.0,1938975250.0,1892574000.0,12874477396.0,26.0,20.946,321842000.0,2.582,1.0,1294953000.0,1.0,293839000.0,0.0,35041713000.0,32977882750.0,0.0,24518691000.0,,,25070539000.0,,,4789970396.0,-8048000.0,-24382000.0,-182019000.0,2646029000.0,-139376000.0,2954119000.0,-3371858000.0,-3259627000.0,409691000.0,0.0,328678000.0,328678000.0,328678000.0,0.0,0.0,0.254,797883000.0,497070000.0,0.0,0.424,2.531,14.573,14.905,527295000.0,0.0,39.35,3.699,3.788,0.0,1689689000.0,1294953000.0,1294953000.0,0.0,0.013,0.17,0.015,0.384,0.0,676407000.0,1.0,121727329.0,124656000,127186000.0,10.388,26669274000.0,0.0,168392000.0,0.0,213.943,
4,CBSS,MRY,2002-12-31,2002-12-31,2002-12-31,2019-04-29,136109000.0,23925589000.0,23511210500.0,,,0.054,15.14,-83587000.0,759362000.0,759362000.0,0.0,344345000.0,,11.387,6534271000.0,,,6534271000.0,0.0,119135000.0,15135387000.0,0.032,1.0,525018000.0,644153000.0,0.504,644153000.0,525018000.0,525018000.0,2.7,2.65,2.7,1931502000.0,1900601500.0,1931502000.0,10379359687.0,20.0,16.113,463735000.0,3.635,1.0,1277447000.0,1.0,283835000.0,0.0,29416663000.0,29565564750.0,0.0,21571221000.0,,,21994087000.0,,,4008568687.0,18549000.0,-5292000.0,-90177000.0,-848272000.0,-128183000.0,328844000.0,-857617000.0,-768738000.0,547322000.0,0.0,344345000.0,344345000.0,344345000.0,0.0,0.0,0.27,752429000.0,525018000.0,0.0,0.37,2.075,11.641,11.581,491884000.0,0.0,31.27,3.138,3.123,0.0,1468517000.0,1277447000.0,1277447000.0,0.0,0.015,0.181,0.018,0.411,0.0,617198000.0,1.0,128192155.0,127575000,129850000.0,10.013,23641754000.0,0.0,180673000.0,0.0,185.317,
5,CBSS,MRY,2001-12-31,2001-12-31,2001-12-31,2019-04-29,69938000.0,23015000000.0,22141162750.0,,,0.05,13.444,-38921000.0,735192000.0,735192000.0,0.0,270397000.0,,12.415,7311559000.0,,,7311559000.0,0.0,99446000.0,13735245000.0,0.033,0.92,410226000.0,509672000.0,0.465,509672000.0,410226000.0,410226000.0,2.13,2.11,2.13,1715641000.0,1680918250.0,1715641000.0,9785975685.0,24.0,19.201,373984000.0,2.931,1.0,1095996000.0,1.0,236624000.0,0.0,29354743000.0,27813061250.0,0.0,20808453000.0,,,21299359000.0,,,3608166685.0,-34824000.0,0.0,-38922000.0,2917477000.0,-117760000.0,1673614000.0,-2121343000.0,-2082422000.0,412905000.0,0.0,270397000.0,270397000.0,270397000.0,0.0,0.0,0.247,685770000.0,410226000.0,0.0,0.432,2.103,13.344,13.286,459901000.0,0.0,28.3,3.292,3.295,0.0,1283601000.0,1095996000.0,1095996000.0,0.0,0.012,0.161,0.015,0.374,0.0,544837000.0,1.0,127497056.0,127617000,129138000.0,8.588,22778376000.0,0.0,139829000.0,0.0,178.49,
6,CBSS,MRY,2000-12-31,2000-12-31,2000-12-31,2019-04-29,-16796000.0,20877160000.0,19422689750.0,,,0.049,11.935,-67888000.0,914711000.0,914711000.0,0.0,241623000.0,,12.826,4360361000.0,,,4360361000.0,0.0,75095000.0,14825377000.0,0.037,0.88,358845000.0,433940000.0,0.453,433940000.0,358845000.0,358845000.0,1.91,1.9,1.91,1510004000.0,1368922250.0,1510004000.0,6345970613.0,18.0,14.624,150241000.0,1.188,1.0,958130000.0,1.0,0.0,0.0,24322810000.0,22590854750.0,0.0,18618185000.0,,,19367156000.0,,,2886962613.0,21691000.0,-189682000.0,3908000.0,137173000.0,-105964000.0,795954000.0,-992392000.0,-734822000.0,218129000.0,0.0,241623000.0,241623000.0,241623000.0,0.0,0.0,0.252,599285000.0,358845000.0,0.0,0.461,1.912,11.948,12.5,468468000.0,0.0,23.875,3.013,3.153,0.0,1129141000.0,958130000.0,958130000.0,0.0,0.012,0.177,0.016,0.375,0.0,471753000.0,1.0,120919900.0,126514000,127261000.0,7.573,20877160000.0,0.0,117222000.0,0.0,165.019,
7,CBSS,MRY,1999-12-31,1999-12-31,1999-12-31,2019-04-29,-93198000.0,18445522000.0,17787722750.0,,,0.05,9.955,-75792000.0,819083000.0,819083000.0,0.0,228968000.0,,14.006,4080249000.0,,,4080249000.0,0.0,66160000.0,13049599000.0,0.036,0.8,345989000.0,412149000.0,0.464,412149000.0,345989000.0,345989000.0,1.84,1.82,1.84,1229225000.0,1202738000.0,1229225000.0,5535098981.0,16.0,13.43,296551000.0,2.402,1.0,888516000.0,1.0,0.0,0.0,21706688000.0,20855520750.0,0.0,16620238000.0,,,17216297000.0,,,2535985981.0,-130726000.0,140790000.0,2513000.0,167793000.0,-98157000.0,477374000.0,-980443000.0,-1045441000.0,372343000.0,0.0,228968000.0,228968000.0,228968000.0,0.0,0.0,0.258,542527000.0,345989000.0,0.0,0.435,2.063,11.076,12.126,405321000.0,0.0,22.313,2.854,3.101,0.0,954307000.0,888516000.0,888516000.0,0.0,0.013,0.19,0.017,0.389,0.0,404925000.0,1.0,113657635.0,123482000,124581000.0,7.196,18445522000.0,0.0,117021000.0,0.0,149.378,
8,CBSS,MRY,1998-12-31,1998-12-31,1998-12-31,2019-04-29,10555000.0,17288908000.0,15401867750.0,,,0.05,10.435,-55661000.0,859329000.0,859329000.0,0.0,187838000.0,,13.454,3941450000.0,,,3941450000.0,0.0,50623000.0,12013446000.0,0.028,0.7,279751000.0,330374000.0,0.426,330374000.0,279751000.0,279751000.0,1.61,1.58,1.61,1196141000.0,1107789750.0,1196141000.0,5301668201.0,19.0,16.047,167750000.0,1.463,1.0,775578000.0,1.0,0.0,0.0,20371029000.0,17660182500.0,0.0,15638797000.0,,,16092767000.0,,,2699828201.0,33265000.0,0.0,6285000.0,1170447000.0,-82176000.0,2236020000.0,-2426166000.0,-2370505000.0,223411000.0,0.0,187838000.0,187838000.0,187838000.0,0.0,0.0,0.242,495827000.0,279751000.0,0.0,0.435,2.257,14.373,15.761,353009000.0,0.0,25.375,3.481,3.75,0.0,885301000.0,775578000.0,775578000.0,0.0,0.012,0.17,0.016,0.361,0.0,364862000.0,1.0,106397171.0,114628000,117079000.0,6.766,17288908000.0,0.0,91913000.0,0.0,150.826,
9,CBSS,MRY,1997-12-31,1997-12-31,1997-12-31,2019-04-29,977000.0,14900748000.0,13666485500.0,,,0.051,9.695,-65758000.0,948554000.0,948554000.0,0.0,166242000.0,,12.952,2785472000.0,,,2785472000.0,0.0,45497000.0,10907162000.0,0.022,0.631,254820000.0,300317000.0,0.43,300317000.0,254820000.0,254820000.0,1.48,1.45,1.48,1068019000.0,958554000.0,1068019000.0,,,,24689000.0,0.224,1.0,697699000.0,1.0,0.0,0.0,16737666000.0,15033611000.0,0.0,13169201000.0,,,13832729000.0,,,2976208496.0,4401000.0,22216000.0,2191000.0,1029951000.0,-64625000.0,922565000.0,-1008611000.0,-965069000.0,90447000.0,0.0,166242000.0,166242000.0,166242000.0,0.0,0.0,0.238,442879000.0,254820000.0,0.0,0.426,2.787,17.903,19.707,330182000.0,0.0,29.167,4.266,4.605,0.0,784046000.0,697699000.0,697699000.0,0.0,0.012,0.173,0.017,0.365,0.0,334745000.0,1.0,102041423.0,110163000,113008000.0,6.333,14900748000.0,0.0,88578000.0,0.0,135.261,
10,CBSS,MRY,1996-12-31,1996-12-31,1996-12-31,2019-04-29,-2890000.0,12432223000.0,,,,,7.796,-38582000.0,818806000.0,818806000.0,0.0,146334000.0,,13.642,1716139000.0,,,1716139000.0,0.0,40143000.0,9783721000.0,0.032,0.569,229071000.0,269214000.0,0.426,269214000.0,229071000.0,229071000.0,1.32,1.293,1.32,849089000.0,,849089000.0,,,,162183000.0,1.489,1.0,631675000.0,1.0,0.0,0.0,13329556000.0,,0.0,11088328000.0,,,11583134000.0,,,,90906000.0,-135045000.0,-44775000.0,-109886000.0,-53377000.0,523441000.0,-633300000.0,-459673000.0,200765000.0,0.0,146334000.0,146334000.0,146334000.0,0.0,0.0,0.232,402604000.0,229071000.0,0.0,0.431,,,13.384,263858000.0,0.0,17.667,,3.046,0.0,698237000.0,631675000.0,631675000.0,0.0,,,,0.363,0.0,293209000.0,1.0,,108907500,111349500.0,5.8,12432223000.0,0.0,82737000.0,0.0,114.154,
11,CBSS,MRY,1995-12-31,1995-12-31,1995-12-31,2019-04-29,,,,,,,,-28581000.0,,,0.0,119750000.0,,,,,,,,33909000.0,,0.034,0.498,185929000.0,219838000.0,0.425,219838000.0,185929000.0,185929000.0,1.227,1.22,1.227,,,,,,,82941000.0,0.848,1.0,517060000.0,1.0,,0.0,,,,,,,,,,,82770000.0,0.0,1216000.0,332359000.0,-42684000.0,962348000.0,-991100000.0,-962519000.0,111522000.0,0.0,119750000.0,119750000.0,119750000.0,0.0,0.0,0.232,331131000.0,185929000.0,,0.406,,,11.953,,0.0,14.667,,2.773,,,517060000.0,517060000.0,0.0,,,,0.36,0.0,217258000.0,,,97774500,98377500.0,5.288,,,66179000.0,,,
0,CBSS,MRQ,2007-06-30,2007-06-30,2007-06-30,2019-04-29,-81062000.0,34882457000.0,,,,,22.674,-26079000.0,762111000.0,762111000.0,0.0,109307000.0,,10.664,7815745000.0,,,7815745000.0,0.0,25635000.0,23658970000.0,0.024,0.43,164638000.0,190273000.0,0.445,190273000.0,164638000.0,164638000.0,0.83,0.82,0.83,2990603000.0,,2990603000.0,15370197554.0,22.0,19.362,74582000.0,0.565,1.0,428040000.0,1.0,688897000.0,0.0,41247194000.0,,0.0,31761154000.0,,,31891854000.0,,,9085332554.0,7501000.0,0.0,44173000.0,844192000.0,-56931000.0,461272000.0,-554432000.0,-528353000.0,100661000.0,0.0,109307000.0,109307000.0,109307000.0,0.0,0.0,0.255,263402000.0,164638000.0,0.0,0.518,3.038,19.771,19.541,586388000.0,0.0,68.98,5.187,5.194,0.0,2486270000.0,428040000.0,428040000.0,0.0,,,,,4252000.0,222261000.0,1.0,131709663.0,131897000,133827000.0,3.245,34193560000.0,0.0,55331000.0,0.0,259.244,
1,CBSS,MRQ,2007-03-31,2007-03-31,2007-03-31,2019-04-29,-38542000.0,34391693000.0,,,,,22.489,-11447000.0,723538000.0,723538000.0,0.0,113136000.0,,10.731,7008403000.0,,,7008403000.0,0.0,26781000.0,24031039000.0,0.023,0.43,171725000.0,198506000.0,0.454,198506000.0,171725000.0,171725000.0,0.87,0.85,0.87,2931774000.0,,2931774000.0,16138416858.0,23.0,20.056,173692000.0,1.332,1.0,437160000.0,1.0,688666000.0,0.0,39987892000.0,,0.0,31356770000.0,,,31459919000.0,,,8967092858.0,-35928000.0,0.0,20917000.0,-922611000.0,-56271000.0,27888000.0,-248955000.0,-237508000.0,185139000.0,0.0,113136000.0,113136000.0,113136000.0,0.0,0.0,0.259,265435000.0,171725000.0,0.0,0.494,3.059,19.26,19.111,582353000.0,0.0,68.8,5.079,5.081,0.0,2434673000.0,437160000.0,437160000.0,0.0,,,,,5481000.0,226856000.0,1.0,130335652.0,130364000,132781000.0,3.353,33703027000.0,0.0,58589000.0,0.0,258.53,
2,CBSS,MRQ,2006-12-31,2006-12-31,2006-12-31,2019-04-29,-53932000.0,34199755000.0,,,,,21.732,-22985000.0,762591000.0,762591000.0,0.0,118316000.0,,11.11,7933915000.0,,,7933915000.0,0.0,28770000.0,23045529000.0,0.026,0.39,171776000.0,200546000.0,0.45,200546000.0,171776000.0,171776000.0,0.91,0.9,0.91,2824134000.0,,2824134000.0,15010762781.0,22.0,18.887,135831000.0,1.045,1.0,445273000.0,1.0,677314000.0,0.0,40693765000.0,,0.0,31101877000.0,,,31375621000.0,,,7744396781.0,46553000.0,0.0,10941000.0,-71320000.0,-50630000.0,125649000.0,-237912000.0,-214927000.0,158816000.0,0.0,118316000.0,118316000.0,118316000.0,0.0,0.0,0.266,273497000.0,171776000.0,0.0,0.429,2.742,16.822,16.569,589264000.0,0.0,59.65,4.459,4.391,0.0,2380160000.0,445273000.0,445273000.0,0.0,,,,,3904000.0,221345000.0,1.0,129830625.0,129954000,132153000.0,3.426,33522441000.0,0.0,53460000.0,0.0,257.956,
3,CBSS,MRQ,2006-09-30,2006-09-30,2006-09-30,2019-04-29,-33729000.0,33957211000.0,,,,,21.298,-21640000.0,744068000.0,744068000.0,0.0,118767000.0,,11.356,8010434000.0,,,8010434000.0,0.0,28875000.0,22822649000.0,0.027,0.39,175642000.0,204517000.0,0.464,204517000.0,175642000.0,175642000.0,0.92,0.9,0.92,2748244000.0,,2748244000.0,14280470966.0,21.0,18.443,141071000.0,1.093,1.0,441200000.0,1.0,675503000.0,0.0,40548074000.0,,0.0,30880111000.0,,,31208967000.0,,,7372723966.0,-65964000.0,0.0,11325000.0,198003000.0,-50401000.0,139162000.0,-367837000.0,-346197000.0,162711000.0,0.0,118767000.0,118767000.0,118767000.0,0.0,0.0,0.269,265558000.0,175642000.0,0.0,0.424,2.683,16.598,16.188,595163000.0,0.0,56.98,4.398,4.386,0.0,2312687000.0,441200000.0,441200000.0,0.0,,,,,2810000.0,223653000.0,1.0,129391435.0,129040000,131799000.0,3.419,33281708000.0,0.0,56875000.0,0.0,257.918,
4,CBSS,MRQ,2006-06-30,2006-06-30,2006-06-30,2019-04-29,-93829000.0,33613492000.0,,,,,20.246,-20712000.0,855319000.0,855319000.0,0.0,115371000.0,,11.901,7763066000.0,,,7763066000.0,0.0,25233000.0,22837259000.0,0.027,0.39,175876000.0,201109000.0,0.455,201109000.0,175876000.0,175876000.0,0.9,0.88,0.9,2605512000.0,,2605512000.0,14040672464.0,22.0,18.854,91638000.0,0.712,1.0,441726000.0,1.0,674801000.0,0.0,39846438000.0,,0.0,30461597000.0,,,31007980000.0,,,7179583464.0,-8130000.0,0.0,7164000.0,71229000.0,-50269000.0,739409000.0,-859889000.0,-839177000.0,112350000.0,0.0,115371000.0,115371000.0,115371000.0,0.0,0.0,0.261,265850000.0,175876000.0,0.0,0.433,2.756,16.848,16.305,592016000.0,0.0,55.6,4.446,4.431,0.0,2244841000.0,441726000.0,441726000.0,0.0,,,,,4348000.0,221793000.0,1.0,129129199.0,128690000,131395000.0,3.432,32938691000.0,0.0,60505000.0,0.0,255.954,
5,CBSS,MRQ,2006-03-31,2006-03-31,2006-03-31,2019-04-29,-72569000.0,32782179000.0,,,,,20.655,-18774000.0,864884000.0,864884000.0,0.0,107909000.0,,11.816,7725973000.0,,,7725973000.0,0.0,24460000.0,22128509000.0,0.028,0.39,164123000.0,188583000.0,0.462,188583000.0,164123000.0,164123000.0,0.87,0.85,0.87,2557940000.0,,2557940000.0,13270035848.0,21.0,18.103,160982000.0,1.3,1.0,408493000.0,1.0,677460000.0,0.0,38965808000.0,,0.0,29656836000.0,,,30224239000.0,,,6255200848.0,-39847000.0,-190071000.0,10158000.0,-177604000.0,-48689000.0,53440000.0,-273043000.0,-64198000.0,179756000.0,0.0,107909000.0,107909000.0,107909000.0,0.0,0.0,0.264,244370000.0,164123000.0,0.0,0.448,2.445,15.009,15.018,588455000.0,0.0,50.61,4.017,4.025,0.0,2180130000.0,408493000.0,408493000.0,0.0,,,,,1178000.0,207564000.0,1.0,123596144.0,123839000,126793000.0,3.299,32104719000.0,0.0,56214000.0,0.0,259.246,
6,CBSS,MRQ,2005-12-31,2005-12-31,2005-12-31,2019-04-29,-63156000.0,30798232000.0,,,,,18.129,-19978000.0,851949000.0,851949000.0,0.0,102138000.0,,12.774,7866784000.0,,,7866784000.0,0.0,24991000.0,20384115000.0,0.029,0.35,155121000.0,180112000.0,0.468,180112000.0,155121000.0,155121000.0,0.83,0.81,0.83,2236029000.0,,2236029000.0,13930430334.0,23.0,19.66,87091000.0,0.706,1.0,385061000.0,1.0,316197000.0,0.0,37496870000.0,,0.0,28131918000.0,,,28562203000.0,,,6009113334.0,30744000.0,-21469000.0,-49812000.0,-845113000.0,-43054000.0,638482000.0,-714807000.0,-673360000.0,107069000.0,0.0,102138000.0,102138000.0,102138000.0,0.0,0.0,0.265,229940000.0,155121000.0,0.0,0.422,2.687,14.954,14.846,547195000.0,0.0,48.25,3.98,3.948,0.0,2121310000.0,385061000.0,385061000.0,0.0,,,,,2005000.0,194510000.0,1.0,124541209.0,123343000,126231000.0,3.122,30482035000.0,0.0,52983000.0,0.0,247.132,
7,CBSS,MRQ,2005-09-30,2005-09-30,2005-09-30,2019-04-29,-52445000.0,30133835000.0,,,,,18.028,-8295000.0,811037000.0,811037000.0,0.0,100720000.0,,12.485,8720243000.0,,,8720243000.0,0.0,22883000.0,18834226000.0,0.03,0.35,152016000.0,174899000.0,0.461,174899000.0,152016000.0,152016000.0,0.81,0.8,0.81,2234577000.0,,2234577000.0,13811985251.0,23.0,20.056,211791000.0,1.709,1.0,379412000.0,1.0,316240000.0,0.0,37726801000.0,,0.0,27531665000.0,,,27899258000.0,,,5699124251.0,94636000.0,0.0,8648000.0,-80557000.0,-43436000.0,501956000.0,-627406000.0,-619111000.0,220086000.0,0.0,100720000.0,100720000.0,100720000.0,0.0,0.0,0.265,227396000.0,152016000.0,0.0,0.432,2.55,14.542,14.412,542613000.0,0.0,45.83,3.859,3.847,0.0,2062796000.0,379412000.0,379412000.0,0.0,,,,,1767000.0,192122000.0,1.0,124353573.0,123947000,126877000.0,3.061,29817595000.0,0.0,51296000.0,0.0,240.567,
8,CBSS,MRQ,2005-06-30,2005-06-30,2005-06-30,2019-04-29,-32109000.0,29501424000.0,,,,,17.693,-26341000.0,721249000.0,721249000.0,0.0,105988000.0,,12.488,8816406000.0,,,8816406000.0,0.0,27919000.0,18217066000.0,0.029,0.35,161506000.0,189425000.0,0.493,189425000.0,161506000.0,161506000.0,0.86,0.83,0.86,2187213000.0,,2187213000.0,13525873810.0,23.0,19.522,101820000.0,0.824,1.0,384101000.0,1.0,316221000.0,0.0,37280360000.0,,0.0,26984440000.0,,,27314211000.0,,,5576922810.0,-151833000.0,0.0,7520000.0,-6240000.0,-43301000.0,530966000.0,-810960000.0,-784619000.0,128161000.0,0.0,105988000.0,105988000.0,105988000.0,0.0,0.0,0.276,222595000.0,161506000.0,0.0,0.407,2.55,14.303,14.196,548328000.0,0.0,45.0,3.771,3.762,0.0,2005717000.0,384101000.0,384101000.0,0.0,,,,,755000.0,187842000.0,1.0,123931618.0,123617000,126212000.0,3.107,29185203000.0,0.0,55518000.0,0.0,236.094,
9,CBSS,MRQ,2005-03-31,2005-03-31,2005-03-31,2019-04-29,-60468000.0,28798680000.0,,,,,16.935,-15141000.0,861850000.0,861850000.0,0.0,92984000.0,,12.793,8796116000.0,,,8796116000.0,0.0,24731000.0,17644139000.0,0.028,0.35,139393000.0,164124000.0,0.454,164124000.0,139393000.0,139393000.0,0.75,0.74,0.75,2087863000.0,,2087863000.0,13825961284.0,25.0,21.415,141067000.0,1.144,1.0,361265000.0,1.0,315882000.0,0.0,36417064000.0,,0.0,26192831000.0,,,26710817000.0,,,5609841284.0,246330000.0,4524000.0,4092000.0,-24178000.0,-78965000.0,502416000.0,-412294000.0,-401677000.0,156208000.0,0.0,92984000.0,92984000.0,92984000.0,0.0,0.0,0.257,221872000.0,139393000.0,0.0,0.467,2.687,15.431,15.286,537450000.0,0.0,45.4,3.94,3.931,0.0,1943294000.0,361265000.0,361265000.0,0.0,,,,,957000.0,189496000.0,1.0,123564786.0,123286000,126388000.0,2.93,28482798000.0,0.0,46409000.0,0.0,231.03,
10,CBSS,MRQ,2004-12-31,2004-12-31,2004-12-31,2019-04-29,-23376000.0,28181916000.0,,,,,16.779,-22355000.0,632627000.0,632627000.0,0.0,92229000.0,,12.705,8827546000.0,,,8827546000.0,0.0,22932000.0,17042732000.0,0.026,0.313,137281000.0,160213000.0,0.455,160213000.0,137281000.0,137281000.0,0.76,0.73,0.76,2056345000.0,,2056345000.0,14377730102.0,27.0,22.317,90977000.0,0.742,1.0,351930000.0,1.0,302619000.0,0.0,36074216000.0,,0.0,25841683000.0,,,26125571000.0,,,5980273102.0,-49854000.0,268000.0,13822000.0,-214110000.0,-2619000.0,346305000.0,-509491000.0,-487404000.0,113332000.0,0.0,92229000.0,92229000.0,92229000.0,0.0,0.0,0.262,214649000.0,137281000.0,0.0,0.412,2.908,16.603,16.498,537466000.0,0.0,48.67,4.246,4.225,0.0,1894546000.0,351930000.0,351930000.0,0.0,,,,,4432000.0,180405000.0,1.0,122873908.0,122557000,126010000.0,2.872,27879297000.0,0.0,45052000.0,0.0,227.48,
11,CBSS,MRQ,2004-09-30,2004-09-30,2004-09-30,2019-04-29,-4031000.0,27781158000.0,,,,,16.234,-11419000.0,678036000.0,678036000.0,0.0,98713000.0,,12.99,9075493000.0,,,9075493000.0,0.0,30153000.0,16492147000.0,0.028,0.313,148954000.0,179107000.0,0.47,179107000.0,148954000.0,148954000.0,0.8,0.79,0.8,1985738000.0,,1985738000.0,14100231525.0,28.0,22.532,144505000.0,1.181,1.0,381455000.0,1.0,298839000.0,0.0,35879776000.0,,0.0,25382481000.0,,,25795420000.0,,,5374534525.0,-50149000.0,0.0,4194000.0,-428868000.0,-38085000.0,-258653000.0,52580000.0,63999000.0,155924000.0,0.0,98713000.0,98713000.0,98713000.0,0.0,0.0,0.259,207365000.0,174090000.0,0.0,0.391,2.707,15.764,15.706,530583000.0,0.0,43.82,3.925,3.914,0.0,1823752000.0,381455000.0,381455000.0,0.0,,,,,0.0,175141000.0,1.0,122650263.0,122320000,125557000.0,3.119,27482319000.0,0.0,50241000.0,0.0,224.676,
12,CBSS,MRQ,2004-06-30,2004-06-30,2004-06-30,2019-04-29,-13107000.0,27901092000.0,,,,,15.694,-18870000.0,741700000.0,741700000.0,0.0,79617000.0,,13.564,9467397000.0,,,9467397000.0,0.0,24291000.0,16284821000.0,0.028,0.313,117878000.0,142169000.0,0.432,142169000.0,117878000.0,117878000.0,0.66,0.63,0.66,1915802000.0,,1915802000.0,13340284829.0,27.0,22.066,100646000.0,0.824,1.0,329059000.0,1.0,298839000.0,0.0,36327950000.0,,0.0,25424197000.0,,,25985290000.0,,,5264528829.0,1392000.0,0.0,-382000.0,710705000.0,-39505000.0,436716000.0,-554840000.0,-535970000.0,119516000.0,0.0,79617000.0,79617000.0,79617000.0,0.0,0.0,0.242,211181000.0,117878000.0,0.0,0.474,2.748,16.012,15.985,533207000.0,0.0,43.0,3.983,3.971,0.0,1768822000.0,329059000.0,329059000.0,0.0,,,,,0.0,176956000.0,1.0,122430903.0,122074000,124947000.0,2.696,27602253000.0,0.0,38261000.0,0.0,226.111,
13,CBSS,MRQ,2004-03-31,2004-03-31,2004-03-31,2019-04-29,52074000.0,27480584000.0,,,,,15.788,-16621000.0,704760000.0,704760000.0,0.0,89626000.0,,13.259,8780516000.0,,,8780516000.0,0.0,27037000.0,16524445000.0,0.028,0.313,135719000.0,162756000.0,0.471,162756000.0,135719000.0,135719000.0,0.73,0.72,0.73,1927190000.0,,1927190000.0,13472404513.0,27.0,21.521,109137000.0,0.894,1.0,345866000.0,1.0,298857000.0,0.0,35257483000.0,,0.0,25061621000.0,,,25553394000.0,,,5067086513.0,-42202000.0,0.0,-12843000.0,-433153000.0,-38324000.0,351153000.0,-519113000.0,-502492000.0,125758000.0,0.0,89626000.0,89626000.0,89626000.0,0.0,0.0,0.259,210147000.0,135719000.0,0.0,0.429,2.629,15.071,15.246,530297000.0,0.0,41.47,3.838,3.834,0.0,1715704000.0,345866000.0,345866000.0,0.0,,,,,0.0,180302000.0,1.0,122186798.0,122064000,125146000.0,2.833,27181727000.0,0.0,46093000.0,0.0,222.684,
14,CBSS,MRQ,2003-12-31,2003-12-31,2003-12-31,2019-04-29,37306000.0,26963113000.0,,,,,15.512,-18251000.0,804657000.0,804657000.0,0.0,72988000.0,,13.247,9177096000.0,,,9177096000.0,0.0,32252000.0,15687632000.0,0.028,0.28,109498000.0,141750000.0,0.453,141750000.0,109498000.0,109498000.0,0.6,0.58,0.6,1892574000.0,,1892574000.0,12874477396.0,26.0,20.946,66563000.0,0.546,1.0,313071000.0,1.0,293839000.0,0.0,35041713000.0,,0.0,24518691000.0,,,25070539000.0,,,4789970396.0,-52398000.0,0.0,-78671000.0,273278000.0,-33977000.0,733797000.0,-871009000.0,-852758000.0,84814000.0,0.0,72988000.0,72988000.0,72988000.0,0.0,0.0,0.233,203573000.0,109498000.0,0.0,0.467,2.531,14.573,14.905,527295000.0,0.0,39.35,3.699,3.788,0.0,1689689000.0,313071000.0,313071000.0,0.0,,,,,0.0,167681000.0,1.0,121727329.0,122010000,124786000.0,2.566,26669274000.0,0.0,36510000.0,0.0,218.583,
15,CBSS,MRQ,2003-09-30,2003-09-30,2003-09-30,2019-04-29,52615000.0,26156918000.0,,,,,15.323,-22669000.0,811532000.0,811532000.0,0.0,86557000.0,,12.671,8896039000.0,,,8896039000.0,0.0,26642000.0,15115345000.0,0.031,0.28,131236000.0,157878000.0,0.473,157878000.0,131236000.0,131236000.0,0.7,0.68,0.7,1913340000.0,,1913340000.0,11917554272.0,21.0,17.719,118115000.0,0.946,1.0,333916000.0,1.0,296115000.0,0.0,33945310000.0,,0.0,23680946000.0,,,24243578000.0,,,4361007272.0,103441000.0,275000.0,-65950000.0,668443000.0,-35009000.0,549277000.0,-586620000.0,-564226000.0,140784000.0,0.0,86557000.0,86557000.0,86557000.0,0.0,0.0,0.259,202680000.0,131236000.0,0.0,0.4,2.279,11.936,11.966,522520000.0,0.0,34.7,3.24,3.22,0.0,1617616000.0,333916000.0,333916000.0,0.0,,,,,0.0,172579000.0,1.0,125677443.0,124869000,127566000.0,2.674,25860803000.0,0.0,44679000.0,0.0,207.103,
16,CBSS,MRQ,2003-06-30,2003-06-30,2003-06-30,2019-04-29,104865000.0,25623226000.0,,,,,15.688,-26605000.0,690092000.0,690092000.0,0.0,87048000.0,,11.978,8246639000.0,,,8246639000.0,0.0,31730000.0,15136833000.0,0.031,0.28,131896000.0,163626000.0,0.5,163626000.0,131896000.0,131896000.0,0.69,0.68,0.69,1974416000.0,,1974416000.0,10416987477.0,19.0,15.68,51256000.0,0.407,1.0,327393000.0,1.0,292843000.0,0.0,32886930000.0,,0.0,23251572000.0,,,23648810000.0,,,4407226477.0,8791000.0,-26028000.0,-40694000.0,1409337000.0,-35241000.0,1301157000.0,-1370227000.0,-1317594000.0,77861000.0,0.0,87048000.0,87048000.0,87048000.0,0.0,0.0,0.266,195497000.0,131896000.0,0.0,0.406,2.232,12.283,12.316,513159000.0,0.0,34.73,3.33,3.303,0.0,1566295000.0,327393000.0,327393000.0,0.0,,,,,0.0,168343000.0,1.0,126899697.0,125858000,128602000.0,2.601,25330383000.0,0.0,44848000.0,0.0,201.262,
17,CBSS,MRQ,2003-03-31,2003-03-31,2003-03-31,2019-04-29,118406000.0,24320905000.0,,,,,15.691,-20324000.0,812769000.0,812769000.0,0.0,82085000.0,,11.311,6822530000.0,,,6822530000.0,0.0,26962000.0,15240322000.0,0.033,0.28,124440000.0,151402000.0,0.472,151402000.0,124440000.0,124440000.0,0.65,0.64,0.65,1975571000.0,,1975571000.0,9720208314.0,18.0,14.978,85908000.0,0.682,1.0,320573000.0,1.0,293088000.0,0.0,30037578000.0,,0.0,21890569000.0,,,22345334000.0,,,3945299314.0,-67882000.0,1371000.0,3296000.0,294971000.0,-35149000.0,369888000.0,-544002000.0,-525049000.0,106232000.0,0.0,82085000.0,82085000.0,82085000.0,0.0,0.0,0.256,196133000.0,124440000.0,0.0,0.431,1.997,11.265,11.371,500313000.0,0.0,31.27,3.036,3.029,0.0,1514940000.0,320573000.0,320573000.0,0.0,,,,,0.0,167804000.0,1.0,126168830.0,125901000,128083000.0,2.546,24027817000.0,0.0,42355000.0,0.0,190.847,
18,CBSS,MRQ,2002-12-31,2002-12-31,2002-12-31,2019-04-29,136109000.0,23925589000.0,,,,,15.163,-19895000.0,759362000.0,759362000.0,0.0,109675000.0,,11.387,6534271000.0,,,6534271000.0,0.0,30412000.0,15135387000.0,0.032,0.25,169280000.0,199692000.0,0.549,199692000.0,169280000.0,169280000.0,0.86,0.85,0.86,1931502000.0,,1931502000.0,10379359687.0,20.0,16.113,211964000.0,1.664,1.0,363912000.0,1.0,283835000.0,0.0,29416663000.0,,0.0,21571221000.0,,,21994087000.0,,,4008568687.0,-8677000.0,-275000.0,-91690000.0,-634668000.0,-32071000.0,48918000.0,-289454000.0,-269284000.0,231859000.0,0.0,109675000.0,109675000.0,109675000.0,0.0,0.0,0.301,194632000.0,169280000.0,0.0,0.291,2.075,11.641,11.581,491884000.0,0.0,31.27,3.138,3.123,0.0,1468517000.0,363912000.0,363912000.0,0.0,,,,,0.0,163242000.0,1.0,128192155.0,127383000,129454000.0,2.857,23641754000.0,0.0,59605000.0,0.0,185.596,
19,CBSS,MRQ,2002-09-30,2002-09-30,2002-09-30,2019-04-29,150926000.0,23734212000.0,,,,,15.42,-19483000.0,788155000.0,788155000.0,0.0,80009000.0,,10.977,7158946000.0,,,7158946000.0,0.0,27745000.0,14328776000.0,0.033,0.25,121874000.0,149619000.0,0.48,149619000.0,121874000.0,121874000.0,0.62,0.61,0.62,1981672000.0,,1981672000.0,9957453961.0,21.0,17.112,82155000.0,0.639,1.0,311423000.0,1.0,0.0,0.0,30105003000.0,,0.0,21294491000.0,,,21752540000.0,,,3797720961.0,18767000.0,-6429000.0,-7610000.0,170061000.0,-32208000.0,54093000.0,-136964000.0,-111052000.0,101638000.0,0.0,80009000.0,80009000.0,80009000.0,0.0,0.0,0.257,189549000.0,121874000.0,0.0,0.403,1.916,12.378,12.237,484918000.0,0.0,29.49,3.161,3.155,0.0,1419412000.0,311423000.0,311423000.0,0.0,,,,,0.0,155872000.0,1.0,128779958.0,128516000,130872000.0,2.423,23734212000.0,0.0,41865000.0,0.0,184.679,
20,CBSS,MRQ,2002-06-30,2002-06-30,2002-06-30,2019-04-29,141307000.0,23515104000.0,,,,,14.965,-25143000.0,786511000.0,786511000.0,0.0,78453000.0,,11.331,6946244000.0,,,6946244000.0,0.0,29888000.0,14401355000.0,0.029,0.25,118366000.0,148254000.0,0.488,148254000.0,118366000.0,118366000.0,0.62,0.6,0.62,1907022000.0,,1907022000.0,10483504954.0,24.0,18.666,110348000.0,0.866,1.0,303690000.0,1.0,0.0,0.0,29674837000.0,,0.0,21202186000.0,,,21608082000.0,,,4287685954.0,126803000.0,188000.0,430000.0,117805000.0,-32027000.0,406706000.0,-415394000.0,-390439000.0,135491000.0,0.0,78453000.0,78453000.0,78453000.0,0.0,0.0,0.258,185324000.0,118366000.0,0.0,0.403,2.248,14.509,14.483,478180000.0,0.0,33.6,3.683,3.678,0.0,1372091000.0,303690000.0,303690000.0,0.0,,,,,0.0,149768000.0,1.0,127609701.0,127429000,130210000.0,2.383,23515104000.0,0.0,39913000.0,0.0,184.535,
21,CBSS,MRQ,2002-03-31,2002-03-31,2002-03-31,2019-04-29,77257000.0,22869937000.0,,,,,14.038,-19066000.0,605391000.0,605391000.0,0.0,76208000.0,,11.832,6801210000.0,,,6801210000.0,0.0,31090000.0,14078094000.0,0.03,0.25,115498000.0,146588000.0,0.491,146588000.0,115498000.0,115498000.0,0.6,0.59,0.6,1782210000.0,,1782210000.0,10499057815.0,24.0,19.492,59268000.0,0.467,1.0,298422000.0,1.0,0.0,0.0,29065756000.0,,0.0,20818744000.0,,,21087727000.0,,,3922690815.0,-118344000.0,1224000.0,8693000.0,-501470000.0,-31877000.0,-180873000.0,-15805000.0,2037000.0,78334000.0,0.0,76208000.0,76208000.0,76208000.0,0.0,0.0,0.255,182924000.0,115498000.0,0.0,0.417,2.201,13.81,13.843,466874000.0,0.0,30.87,3.469,3.466,0.0,1326772000.0,298422000.0,298422000.0,0.0,,,,,0.0,148316000.0,1.0,127071293.0,126956000,129155000.0,2.351,22869937000.0,0.0,39290000.0,0.0,180.141,
22,CBSS,MRQ,2001-12-31,2001-12-31,2001-12-31,2019-04-29,69938000.0,23015000000.0,,,,,13.505,-13161000.0,735192000.0,735192000.0,0.0,72152000.0,,12.415,7311559000.0,,,7311559000.0,0.0,29129000.0,13735245000.0,0.033,0.23,108300000.0,137429000.0,0.478,137429000.0,108300000.0,108300000.0,0.57,0.56,0.57,1715641000.0,,1715641000.0,9785975685.0,24.0,19.201,96892000.0,0.763,1.0,287800000.0,1.0,236624000.0,0.0,29354743000.0,,0.0,20808453000.0,,,21299359000.0,,,3608166685.0,89664000.0,0.0,-38362000.0,513086000.0,-29212000.0,789497000.0,-809886000.0,-796725000.0,110053000.0,0.0,72152000.0,72152000.0,72152000.0,0.0,0.0,0.251,179500000.0,108300000.0,0.0,0.404,2.103,13.344,13.286,459901000.0,0.0,28.3,3.292,3.295,0.0,1283601000.0,287800000.0,287800000.0,0.0,,,,,0.0,155975000.0,1.0,127497056.0,127038000,128679000.0,2.265,22778376000.0,0.0,36148000.0,0.0,179.304,
23,CBSS,MRQ,2001-09-30,2001-09-30,2001-09-30,2019-04-29,120365000.0,22311614000.0,,,,,13.757,374000.0,632538000.0,632538000.0,0.0,68710000.0,,11.672,6810347000.0,,,6810347000.0,0.0,25737000.0,13393075000.0,0.035,0.23,103642000.0,129379000.0,0.472,129379000.0,103642000.0,103642000.0,0.53,0.53,0.53,1760745000.0,,1760745000.0,8788038305.0,23.0,18.81,116340000.0,0.909,1.0,274148000.0,1.0,0.0,0.0,28489423000.0,,0.0,20131493000.0,,,20550869000.0,,,3336318305.0,-32113000.0,0.0,-3539000.0,666181000.0,-29565000.0,325883000.0,-473962000.0,-474336000.0,115966000.0,0.0,68710000.0,68710000.0,68710000.0,0.0,0.0,0.251,170506000.0,103642000.0,0.0,0.434,1.895,13.205,13.08,459212000.0,0.0,26.03,3.193,3.188,0.0,1240644000.0,274148000.0,274148000.0,0.0,,,,,0.0,132814000.0,1.0,128172044.0,127991000,129962000.0,2.142,22311614000.0,0.0,34932000.0,0.0,174.322,
24,CBSS,MRQ,2001-06-30,2001-06-30,2001-06-30,2019-04-29,37154000.0,21710944000.0,,,,,12.843,-11340000.0,673046000.0,673046000.0,0.0,66972000.0,,12.231,6124766000.0,,,6124766000.0,0.0,22753000.0,13700794000.0,0.034,0.23,102472000.0,125225000.0,0.463,125225000.0,102472000.0,102472000.0,0.53,0.52,0.53,1640930000.0,,1640930000.0,8111442129.0,22.0,17.741,42179000.0,0.33,1.0,270315000.0,1.0,0.0,0.0,27162664000.0,,0.0,19614350000.0,,,20070014000.0,,,3393120129.0,45023000.0,0.0,1427000.0,762075000.0,-29466000.0,159676000.0,-168172000.0,-156832000.0,53519000.0,0.0,66972000.0,66972000.0,66972000.0,0.0,0.0,0.248,167843000.0,102472000.0,0.0,0.434,2.068,13.58,13.452,470363000.0,0.0,26.5,3.332,3.325,0.0,1201475000.0,270315000.0,270315000.0,0.0,,,,,0.0,130315000.0,1.0,128042269.0,127768000,129323000.0,2.116,21710944000.0,0.0,35500000.0,0.0,169.925,
25,CBSS,MRQ,2001-03-31,2001-03-31,2001-03-31,2019-04-29,42189000.0,21527093000.0,,,,,12.582,-14794000.0,652554000.0,652554000.0,0.0,62563000.0,,12.401,5370876000.0,,,5370876000.0,0.0,21827000.0,14275370000.0,0.042,0.23,95812000.0,117639000.0,0.446,117639000.0,95812000.0,95812000.0,0.5,0.5,0.5,1606357000.0,,1606357000.0,6184544695.0,17.0,13.873,118573000.0,0.929,1.0,263733000.0,1.0,0.0,0.0,26245415000.0,,0.0,18498828000.0,,,19920736000.0,,,2731903695.0,-137398000.0,0.0,1552000.0,976135000.0,-29517000.0,398558000.0,-669323000.0,-654529000.0,133367000.0,0.0,62563000.0,62563000.0,62563000.0,0.0,0.0,0.237,167921000.0,95812000.0,0.0,0.46,1.701,11.112,11.018,471098000.0,0.0,21.375,2.752,2.749,0.0,1163996000.0,263733000.0,263733000.0,0.0,,,,,0.0,121793000.0,1.0,127808360.0,127666000,128901000.0,2.066,21527093000.0,0.0,33249000.0,0.0,168.62,
26,CBSS,MRQ,2000-12-31,2000-12-31,2000-12-31,2019-04-29,-16796000.0,20877160000.0,,,,,11.845,-11261000.0,914711000.0,914711000.0,0.0,54415000.0,,12.826,4360361000.0,,,4360361000.0,0.0,21396000.0,14825377000.0,0.037,0.22,73572000.0,94968000.0,0.401,94968000.0,73572000.0,73572000.0,0.43,0.43,0.43,1510004000.0,,1510004000.0,6345970613.0,18.0,14.624,-82731000.0,-0.649,1.0,236784000.0,1.0,0.0,0.0,24322810000.0,,0.0,18618185000.0,,,19367156000.0,,,2886962613.0,57467000.0,-4336000.0,593000.0,107819000.0,-26597000.0,386820000.0,-257883000.0,-242286000.0,-71470000.0,0.0,54415000.0,54415000.0,54415000.0,0.0,0.0,0.23,163212000.0,73572000.0,0.0,0.512,1.912,11.948,12.5,468468000.0,0.0,23.875,3.013,3.153,0.0,1129141000.0,236784000.0,236784000.0,0.0,,,,,0.0,150921000.0,1.0,120919900.0,127480000,128197000.0,1.857,20877160000.0,0.0,19157000.0,0.0,163.768,
27,CBSS,MRQ,2000-09-30,2000-09-30,2000-09-30,2019-04-29,-72660000.0,19409329000.0,,,,,10.903,-20405000.0,729547000.0,729547000.0,0.0,65908000.0,,12.968,4188555000.0,,,4188555000.0,0.0,19291000.0,13691029000.0,0.044,0.22,100103000.0,119394000.0,0.482,119394000.0,100103000.0,100103000.0,0.51,0.51,0.51,1389547000.0,,1389547000.0,5264123175.0,14.0,11.589,68138000.0,0.535,1.0,247461000.0,1.0,0.0,0.0,22868337000.0,,0.0,17548912000.0,,,18019782000.0,,,2357536175.0,-105870000.0,-142321000.0,1195000.0,393512000.0,-26500000.0,157579000.0,-351992000.0,-189266000.0,88543000.0,0.0,65908000.0,65908000.0,65908000.0,0.0,0.0,0.266,147358000.0,100103000.0,0.0,0.431,1.697,9.509,10.317,457262000.0,0.0,19.5,2.426,2.557,0.0,1073967000.0,247461000.0,247461000.0,0.0,,,,,0.0,108543000.0,1.0,120899291.0,127445000,128205000.0,1.942,19409329000.0,0.0,34195000.0,0.0,152.296,
28,CBSS,MRQ,2000-06-30,2000-06-30,2000-06-30,2019-04-29,-99790000.0,18937492000.0,,,,,10.4,-19045000.0,846781000.0,846781000.0,0.0,62961000.0,,13.292,3753368000.0,,,3753368000.0,0.0,17676000.0,13712944000.0,0.049,0.22,96129000.0,113805000.0,0.465,113805000.0,96129000.0,96129000.0,0.5,0.49,0.5,1325040000.0,,1325040000.0,4919946486.0,14.0,11.295,68699000.0,0.539,1.0,244661000.0,1.0,0.0,0.0,21844079000.0,,0.0,16994666000.0,,,17612452000.0,,,2058531486.0,58887000.0,-43025000.0,1687000.0,29811000.0,-26641000.0,214559000.0,-243416000.0,-181346000.0,87744000.0,0.0,62961000.0,62961000.0,62961000.0,0.0,0.0,0.257,148532000.0,96129000.0,0.0,0.44,1.554,8.607,9.124,433856000.0,0.0,17.063,2.185,2.307,0.0,1037561000.0,244661000.0,244661000.0,0.0,,,,,0.0,107740000.0,1.0,120646534.0,127410000,128238000.0,1.92,18937492000.0,0.0,33168000.0,0.0,148.634,
29,CBSS,MRQ,2000-03-31,2000-03-31,2000-03-31,2019-04-29,-102730000.0,18466778000.0,,,,,10.113,-17177000.0,769954000.0,769954000.0,0.0,58339000.0,,13.76,3631369000.0,,,3631369000.0,0.0,16732000.0,13480723000.0,0.041,0.22,89041000.0,105773000.0,0.461,105773000.0,89041000.0,89041000.0,0.47,0.47,0.47,1251098000.0,,1251098000.0,5628995667.0,16.0,13.355,96135000.0,0.777,1.0,229224000.0,1.0,0.0,0.0,21328193000.0,,0.0,16680101000.0,,,17215680000.0,,,2334624667.0,11207000.0,0.0,433000.0,-393969000.0,-26226000.0,36996000.0,-139101000.0,-121924000.0,113312000.0,0.0,58339000.0,58339000.0,58339000.0,0.0,0.0,0.255,140183000.0,89041000.0,0.0,0.468,1.866,10.066,10.777,413799000.0,0.0,19.938,2.566,2.711,0.0,984186000.0,229224000.0,229224000.0,0.0,,,,,0.0,104549000.0,1.0,117097162.0,123712000,124257000.0,1.853,18466778000.0,0.0,30702000.0,0.0,149.272,
30,CBSS,MRQ,1999-12-31,1999-12-31,1999-12-31,2019-04-29,-93198000.0,18445522000.0,,,,,8.536,-24121000.0,819083000.0,819083000.0,0.0,60717000.0,,14.006,4080249000.0,,,4080249000.0,0.0,21917000.0,13049599000.0,0.036,0.2,93347000.0,115264000.0,0.46,115264000.0,93347000.0,93347000.0,0.41,0.41,0.41,1229225000.0,,1229225000.0,5535098981.0,16.0,13.43,67697000.0,0.47,1.0,250591000.0,1.0,0.0,0.0,21706688000.0,,0.0,16620238000.0,,,17216297000.0,,,2535985981.0,144496000.0,-68874000.0,926000.0,488844000.0,-24391000.0,527753000.0,-475075000.0,-382080000.0,91818000.0,0.0,60717000.0,60717000.0,60717000.0,0.0,0.0,0.242,157244000.0,93347000.0,0.0,0.488,2.063,11.076,12.126,405321000.0,0.0,22.313,2.854,3.101,0.0,954307000.0,250591000.0,250591000.0,0.0,,,,,0.0,116249000.0,1.0,113657635.0,143999000,144984000.0,1.74,18445522000.0,0.0,32630000.0,0.0,128.095,
31,CBSS,MRQ,1999-09-30,1999-09-30,1999-09-30,2019-04-29,-64085000.0,17681373000.0,,,,,10.304,-16411000.0,612930000.0,612930000.0,0.0,57160000.0,,13.702,3612043000.0,,,3612043000.0,0.0,15589000.0,12744515000.0,0.031,0.2,85143000.0,100732000.0,0.463,100732000.0,85143000.0,85143000.0,0.49,0.48,0.49,1202669000.0,,1202669000.0,6010587125.0,19.0,15.89,109212000.0,0.936,1.0,217721000.0,1.0,0.0,0.0,20680486000.0,,0.0,16157489000.0,,,16478704000.0,,,2840744125.0,-91830000.0,0.0,796000.0,-244339000.0,-24018000.0,-116805000.0,-100648000.0,-84237000.0,125623000.0,0.0,57160000.0,57160000.0,57160000.0,0.0,0.0,0.263,132578000.0,85143000.0,0.0,0.408,2.362,13.24,14.045,383619000.0,0.0,25.0,3.363,3.455,0.0,901231000.0,217721000.0,217721000.0,0.0,,,,,0.0,98990000.0,1.0,113629765.0,116722000,117919000.0,1.865,17681373000.0,0.0,27983000.0,0.0,151.483,
32,CBSS,MRQ,1999-06-30,1999-06-30,1999-06-30,2019-04-29,-52776000.0,17731328000.0,,,,,10.109,-22011000.0,693912000.0,693912000.0,0.0,55712000.0,,14.038,3863755000.0,,,3863755000.0,0.0,15446000.0,12610602000.0,0.028,0.2,84261000.0,99707000.0,0.47,99707000.0,84261000.0,84261000.0,0.48,0.47,0.48,1179094000.0,,1179094000.0,5930665490.0,19.0,16.35,11899000.0,0.102,1.0,212187000.0,1.0,0.0,0.0,20901171000.0,,0.0,16136689000.0,,,16552234000.0,,,3089595490.0,-161330000.0,209664000.0,402000.0,172243000.0,-26652000.0,231080000.0,-426320000.0,-613973000.0,33910000.0,0.0,55712000.0,55712000.0,55712000.0,0.0,0.0,0.263,127926000.0,84261000.0,0.0,0.417,2.62,15.014,15.843,376104000.0,0.0,27.25,3.759,3.867,0.0,869279000.0,212187000.0,212187000.0,0.0,,,,,0.0,94418000.0,1.0,113379651.0,116643000,117916000.0,1.819,17731328000.0,0.0,28549000.0,0.0,152.014,
33,CBSS,MRQ,1999-03-31,1999-03-31,1999-03-31,2019-04-29,215000.0,17292668000.0,,,,,10.295,-13249000.0,849614000.0,849614000.0,0.0,55379000.0,,13.411,3690684000.0,,,3690684000.0,0.0,13208000.0,12140644000.0,0.032,0.2,83238000.0,96446000.0,0.464,96446000.0,83238000.0,83238000.0,0.46,0.46,0.46,1199964000.0,,1199964000.0,5689781973.0,19.0,16.439,107743000.0,0.924,1.0,208017000.0,1.0,0.0,0.0,20133738000.0,,0.0,15639592000.0,,,16092704000.0,,,2607731973.0,-22062000.0,0.0,389000.0,-248955000.0,-23096000.0,-164654000.0,21600000.0,34849000.0,120992000.0,0.0,55379000.0,55379000.0,55379000.0,0.0,0.0,0.266,124779000.0,83238000.0,0.0,0.435,2.173,13.196,13.855,357126000.0,0.0,23.0,3.261,3.353,0.0,838668000.0,208017000.0,208017000.0,0.0,,,,,0.0,95268000.0,1.0,113379651.0,116562000,117506000.0,1.785,17292668000.0,0.0,27859000.0,0.0,148.356,
34,CBSS,MRQ,1998-12-31,1998-12-31,1998-12-31,2019-04-29,10555000.0,17288908000.0,,,,,9.482,-9793000.0,859329000.0,859329000.0,0.0,46312000.0,,13.454,3941450000.0,,,3941450000.0,0.0,15230000.0,12013446000.0,0.028,0.175,66151000.0,81381000.0,0.394,81381000.0,66151000.0,66151000.0,0.35,0.35,0.35,1196141000.0,,1196141000.0,5301668201.0,19.0,16.047,22611000.0,0.179,1.0,206716000.0,1.0,0.0,0.0,20371029000.0,,0.0,15638797000.0,,,16092767000.0,,,2699828201.0,278995000.0,0.0,3868000.0,749046000.0,-26771000.0,1464268000.0,-1217677000.0,-1207884000.0,32404000.0,0.0,46312000.0,46312000.0,46312000.0,0.0,0.0,0.224,140565000.0,66151000.0,0.0,0.5,2.257,14.373,15.761,353009000.0,0.0,25.375,3.481,3.75,0.0,885301000.0,206716000.0,206716000.0,0.0,,,,,0.0,98245000.0,1.0,106397171.0,126145000,126934000.0,1.639,17288908000.0,0.0,19839000.0,0.0,137.056,
35,CBSS,MRQ,1998-09-30,1998-09-30,1998-09-30,2019-04-29,20446000.0,15165397000.0,,,,,10.134,-16675000.0,569367000.0,569367000.0,0.0,48382000.0,,12.487,3171207000.0,,,3171207000.0,0.0,12433000.0,10643338000.0,0.031,0.175,72771000.0,85204000.0,0.437,85204000.0,72771000.0,72771000.0,0.43,0.42,0.43,1124406000.0,,1124406000.0,4113915807.0,15.0,12.472,58823000.0,0.53,1.0,194943000.0,1.0,0.0,0.0,17767237000.0,,0.0,13828104000.0,,,14040991000.0,,,2315724807.0,-131144000.0,0.0,-1176000.0,545890000.0,-18612000.0,428625000.0,-635267000.0,-618592000.0,75498000.0,0.0,48382000.0,48382000.0,48382000.0,0.0,0.0,0.248,122172000.0,72771000.0,0.0,0.407,2.06,12.4,13.81,334722000.0,0.0,22.0,3.011,3.174,0.0,848268000.0,194943000.0,194943000.0,0.0,,,,,0.0,92031000.0,1.0,105260219.0,110956000,113765000.0,1.757,15165397000.0,0.0,24389000.0,0.0,136.679,
36,CBSS,MRQ,1998-06-30,1998-06-30,1998-06-30,2019-04-29,6361000.0,14648267000.0,,,,,9.673,-14813000.0,811838000.0,811838000.0,0.0,47539000.0,,12.661,2610029000.0,,,2610029000.0,0.0,11239000.0,10652247000.0,0.022,0.175,71853000.0,83092000.0,0.437,83092000.0,71853000.0,71853000.0,0.42,0.42,0.42,1072233000.0,,1072233000.0,4714338690.0,17.0,14.783,80709000.0,0.728,1.0,189960000.0,1.0,0.0,0.0,16446458000.0,,0.0,13081830000.0,,,13576034000.0,,,3163231690.0,-70557000.0,0.0,1500000.0,27423000.0,-18419000.0,154456000.0,-320535000.0,-305722000.0,95522000.0,0.0,47539000.0,47539000.0,47539000.0,0.0,0.0,0.25,118107000.0,71853000.0,0.0,0.417,2.95,17.567,19.321,325505000.0,0.0,30.083,4.264,4.496,0.0,818563000.0,189960000.0,189960000.0,0.0,,,,,0.0,88546000.0,1.0,105148988.0,110850000,114023000.0,1.714,14648267000.0,0.0,24314000.0,0.0,132.145,
37,CBSS,MRQ,1998-03-31,1998-03-31,1998-03-31,2019-04-29,1602000.0,14504899000.0,,,,,9.392,-14380000.0,1046476000.0,1046476000.0,0.0,45605000.0,,12.969,2597583000.0,,,2597583000.0,0.0,11721000.0,10493112000.0,0.019,0.175,68976000.0,80697000.0,0.439,80697000.0,68976000.0,68976000.0,0.41,0.39,0.41,1038379000.0,,1038379000.0,5392046654.0,21.0,17.466,5607000.0,0.051,1.0,183959000.0,1.0,0.0,0.0,16056006000.0,,0.0,12690161000.0,,,13466520000.0,,,3418387654.0,-44029000.0,0.0,2093000.0,-151912000.0,-18374000.0,188671000.0,-252687000.0,-238307000.0,19987000.0,0.0,45605000.0,45605000.0,45605000.0,0.0,0.0,0.248,114983000.0,68976000.0,0.0,0.427,3.292,19.823,21.996,317682000.0,0.0,33.5,4.755,5.152,0.0,792940000.0,183959000.0,183959000.0,0.0,,,,,0.0,86040000.0,1.0,102041423.0,110557000,113872000.0,1.664,14504899000.0,0.0,23371000.0,0.0,131.198,
38,CBSS,MRQ,1997-12-31,1997-12-31,1997-12-31,2019-04-29,977000.0,14900748000.0,,,,,8.555,-16157000.0,948554000.0,948554000.0,0.0,45230000.0,,12.952,2785472000.0,,,2785472000.0,0.0,12522000.0,10907162000.0,0.022,0.158,68345000.0,80867000.0,0.404,80867000.0,68345000.0,68345000.0,0.333,0.31,0.333,1068019000.0,,1068019000.0,,,,141129000.0,1.13,1.0,200241000.0,1.0,0.0,0.0,16737666000.0,,0.0,13169201000.0,,,13832729000.0,,,2976208496.0,175541000.0,0.0,-629000.0,436145000.0,-18685000.0,555058000.0,-536803000.0,-520646000.0,157286000.0,0.0,45230000.0,45230000.0,45230000.0,0.0,0.0,0.226,131896000.0,68345000.0,0.0,0.474,2.787,17.903,19.707,330182000.0,0.0,29.167,4.266,4.605,0.0,784046000.0,200241000.0,200241000.0,0.0,,,,,0.0,96845000.0,1.0,102041423.0,124846500,132721000.0,1.604,14900748000.0,0.0,23115000.0,0.0,119.353,
39,CBSS,MRQ,1997-09-30,1997-09-30,1997-09-30,2019-04-29,,,,,,,,-13062000.0,,,0.0,41692000.0,,,,,,,,11531000.0,,0.024,0.158,62706000.0,74237000.0,0.443,74237000.0,62706000.0,62706000.0,0.393,0.393,0.393,,,,,,,-148308000.0,-1.407,1.0,167630000.0,1.0,,0.0,,,,,,,,,,,62681000.0,0.0,2313000.0,228021000.0,-15604000.0,226148000.0,-28221000.0,-15159000.0,-135246000.0,0.0,41692000.0,41692000.0,41692000.0,0.0,0.0,0.249,104924000.0,62706000.0,,0.402,,,,,0.0,25.917,,,,,167630000.0,167630000.0,0.0,,,,,0.0,81230000.0,1.0,,105400500,106803000.0,1.59,,,21014000.0,,,
40,CBSS,MRQ,1997-06-30,1997-06-30,1997-06-30,2019-04-29,,,,,,,,-17126000.0,,,0.0,39917000.0,,,,,,,,10766000.0,,0.027,0.158,62142000.0,72908000.0,0.436,72908000.0,62142000.0,62142000.0,0.387,0.38,0.387,,,,,,,-5061000.0,-0.049,1.0,167101000.0,1.0,,0.0,,,,,,,,,,,-9959000.0,0.0,-186000.0,148159000.0,-15212000.0,233009000.0,-255033000.0,-237907000.0,12065000.0,0.0,39917000.0,39917000.0,39917000.0,0.0,0.0,0.239,104959000.0,62142000.0,,0.408,,,,,0.0,22.417,,,,,167101000.0,167101000.0,0.0,,,,,0.0,78415000.0,1.0,,104157000,105406500.0,1.604,,,22225000.0,,,
41,CBSS,MRQ,1997-03-31,1997-03-31,1997-03-31,2019-04-29,,,,,,,,-19413000.0,,,0.0,38259000.0,,,,,,,,10678000.0,,0.03,0.158,60106000.0,70784000.0,0.445,70784000.0,60106000.0,60106000.0,0.367,0.367,0.367,,,,,,,36929000.0,0.355,1.0,159190000.0,1.0,,0.0,,,,,,,,,,,-223862000.0,22216000.0,693000.0,217626000.0,-15124000.0,-91650000.0,-188554000.0,-191357000.0,56342000.0,0.0,38259000.0,38259000.0,38259000.0,0.0,0.0,0.24,99084000.0,60106000.0,,0.431,,,,,0.0,19.778,,,,,159190000.0,159190000.0,0.0,,,,,0.0,76805000.0,1.0,,104062500,105181500.0,1.53,,,21847000.0,,,
42,CBSS,MRQ,1996-12-31,1996-12-31,1996-12-31,2019-04-29,-2890000.0,12432223000.0,,,,,7.796,,818806000.0,818806000.0,,,,13.642,1716139000.0,,,1716139000.0,0.0,,9783721000.0,0.032,0.142,,,,,,,,,,849089000.0,,849089000.0,,,,,,1.0,,,0.0,,13329556000.0,,0.0,11088328000.0,,,11583134000.0,,,,,,,,,,,,,,,,,,,,,,0.0,,,,13.384,263858000.0,,17.667,,3.046,0.0,698237000.0,,,,,,,,,,1.0,,108907500,,,12432223000.0,0.0,,0.0,114.154,
0,CBSS,MRT,2007-06-30,2007-06-30,2007-06-30,2019-04-29,-81062000.0,34882457000.0,34357779000.0,,,0.051,22.674,-82151000.0,762111000.0,762111000.0,0.0,459526000.0,,10.664,7815745000.0,,,7815745000.0,0.0,110061000.0,23658970000.0,0.024,1.64,683781000.0,793842000.0,0.453,793842000.0,683781000.0,683781000.0,3.53,3.47,3.53,2990603000.0,2873688750.0,2990603000.0,15370197554.0,22.0,19.362,525176000.0,3.982,1.0,1751673000.0,1.0,688897000.0,0.0,41247194000.0,40619231250.0,0.0,31761154000.0,,,31891854000.0,,,9085332554.0,-47838000.0,0.0,87356000.0,48264000.0,-214233000.0,753971000.0,-1409136000.0,-1326985000.0,607327000.0,0.0,459526000.0,459526000.0,459526000.0,0.0,0.0,0.262,1067892000.0,683781000.0,0.0,0.465,3.038,19.771,19.541,586388000.0,0.0,68.98,5.187,5.194,0.0,2486270000.0,1751673000.0,1751673000.0,0.0,0.013,0.16,0.017,0.39,16447000.0,894115000.0,1.0,131709663.0,131897000,133827000.0,13.281,34193560000.0,0.0,224255000.0,0.0,259.244,
1,CBSS,MRT,2007-03-31,2007-03-31,2007-03-31,2019-04-29,-38542000.0,34391693000.0,34040537750.0,,,0.052,22.489,-76784000.0,723538000.0,723538000.0,0.0,465590000.0,,10.731,7008403000.0,,,7008403000.0,0.0,109659000.0,24031039000.0,0.023,1.6,695019000.0,804678000.0,0.456,804678000.0,695019000.0,695019000.0,3.6,3.53,3.6,2931774000.0,2777416000.0,2931774000.0,16138416858.0,23.0,20.056,542232000.0,4.159,1.0,1765359000.0,1.0,688666000.0,0.0,39987892000.0,40269042250.0,0.0,31356770000.0,,,31459919000.0,,,8967092858.0,-63469000.0,0.0,50347000.0,-724699000.0,-207571000.0,1032108000.0,-1714593000.0,-1637809000.0,619016000.0,0.0,465590000.0,465590000.0,465590000.0,0.0,0.0,0.264,1070340000.0,695019000.0,0.0,0.444,3.059,19.26,19.111,582353000.0,0.0,68.8,5.079,5.081,0.0,2434673000.0,1765359000.0,1765359000.0,0.0,0.014,0.168,0.017,0.394,16543000.0,893647000.0,1.0,130335652.0,130364000,132781000.0,13.542,33703027000.0,0.0,229429000.0,0.0,258.53,
2,CBSS,MRT,2006-12-31,2006-12-31,2006-12-31,2019-04-29,-53932000.0,34199755000.0,33638159250.0,,,0.052,22.088,-84111000.0,762591000.0,762591000.0,0.0,460363000.0,,11.11,7933915000.0,,,7933915000.0,0.0,107338000.0,23045529000.0,0.026,1.56,687417000.0,794755000.0,0.458,794755000.0,687417000.0,687417000.0,3.6,3.53,3.6,2824134000.0,2683957500.0,2824134000.0,15010762781.0,22.0,18.887,529522000.0,4.142,1.0,1736692000.0,1.0,677314000.0,0.0,40693765000.0,40013521250.0,0.0,31101877000.0,,,31375621000.0,,,7744396781.0,-67388000.0,-190071000.0,39588000.0,20308000.0,-199989000.0,1057660000.0,-1738681000.0,-1464499000.0,613633000.0,0.0,460363000.0,460363000.0,460363000.0,0.0,0.0,0.265,1049275000.0,687417000.0,0.0,0.433,2.742,16.822,16.569,589264000.0,0.0,59.65,4.459,4.391,0.0,2380160000.0,1736692000.0,1736692000.0,0.0,0.014,0.172,0.017,0.396,12240000.0,874355000.0,1.0,129830625.0,127857000,130458000.0,13.583,33522441000.0,0.0,227054000.0,0.0,262.187,
3,CBSS,MRT,2006-09-30,2006-09-30,2006-09-30,2019-04-29,-33729000.0,33957211000.0,32787778500.0,,,0.051,21.298,-81104000.0,744068000.0,744068000.0,0.0,444185000.0,,11.356,8010434000.0,,,8010434000.0,0.0,103559000.0,22822649000.0,0.027,1.52,670762000.0,774321000.0,0.462,774321000.0,670762000.0,670762000.0,3.52,3.44,3.52,2748244000.0,2536931250.0,2748244000.0,14280470966.0,21.0,18.443,480782000.0,3.726,1.0,1676480000.0,1.0,675503000.0,0.0,40548074000.0,39214297500.0,0.0,30880111000.0,,,31208967000.0,,,7372723966.0,-83197000.0,-211540000.0,-21165000.0,-753485000.0,-192413000.0,1570493000.0,-2215576000.0,-1922932000.0,561886000.0,0.0,444185000.0,444185000.0,444185000.0,0.0,0.0,0.265,1005718000.0,670762000.0,0.0,0.432,2.683,16.598,16.188,595163000.0,0.0,56.98,4.398,4.386,0.0,2312687000.0,1676480000.0,1676480000.0,0.0,0.014,0.175,0.017,0.4,10341000.0,847520000.0,1.0,129391435.0,129040000,131799000.0,12.992,33281708000.0,0.0,226577000.0,0.0,257.918,
4,CBSS,MRT,2006-06-30,2006-06-30,2006-06-30,2019-04-29,-93829000.0,33613492000.0,31831934500.0,,,0.051,20.246,-67759000.0,855319000.0,855319000.0,0.0,426138000.0,,11.901,7763066000.0,,,7763066000.0,0.0,97567000.0,22837259000.0,0.027,1.48,647136000.0,744703000.0,0.461,744703000.0,647136000.0,647136000.0,3.41,3.34,3.41,2605512000.0,2408514500.0,2605512000.0,14040672464.0,22.0,18.854,551502000.0,4.286,1.0,1614692000.0,1.0,674801000.0,0.0,39846438000.0,38508979250.0,0.0,30461597000.0,,,31007980000.0,,,7179583464.0,77403000.0,-211540000.0,-23842000.0,-1032045000.0,-185448000.0,1933287000.0,-2475145000.0,-2195846000.0,619261000.0,0.0,426138000.0,426138000.0,426138000.0,0.0,0.0,0.264,967556000.0,647136000.0,0.0,0.434,2.756,16.848,16.305,592016000.0,0.0,55.6,4.446,4.431,0.0,2244841000.0,1614692000.0,1614692000.0,0.0,0.013,0.177,0.017,0.401,9298000.0,815989000.0,1.0,129129199.0,128690000,131395000.0,12.547,32938691000.0,0.0,220998000.0,0.0,255.954,
5,CBSS,MRT,2006-03-31,2006-03-31,2006-03-31,2019-04-29,-72569000.0,32782179000.0,30803917500.0,,,0.051,20.655,-73388000.0,864884000.0,864884000.0,0.0,416755000.0,,11.816,7725973000.0,,,7725973000.0,0.0,100253000.0,22128509000.0,0.028,1.44,632766000.0,733019000.0,0.471,733019000.0,632766000.0,632766000.0,3.37,3.29,3.37,2557940000.0,2303939750.0,2557940000.0,13270035848.0,21.0,18.103,561684000.0,4.536,1.0,1557067000.0,1.0,677460000.0,0.0,38965808000.0,37867459750.0,0.0,29656836000.0,,,30224239000.0,,,6255200848.0,-66300000.0,-211540000.0,-23486000.0,-1109514000.0,-178480000.0,1724844000.0,-2426216000.0,-2141288000.0,635072000.0,0.0,416755000.0,416755000.0,416755000.0,0.0,0.0,0.268,924301000.0,632766000.0,0.0,0.427,2.445,15.009,15.018,588455000.0,0.0,50.61,4.017,4.025,0.0,2180130000.0,1557067000.0,1557067000.0,0.0,0.014,0.181,0.017,0.406,5705000.0,782038000.0,1.0,123596144.0,123839000,126793000.0,12.573,32104719000.0,0.0,216011000.0,0.0,259.246,
6,CBSS,MRT,2005-12-31,2005-12-31,2005-12-31,2019-04-29,-63156000.0,30798232000.0,29808042750.0,,,0.051,18.098,-69755000.0,851949000.0,851949000.0,0.0,401830000.0,,12.774,7866784000.0,,,7866784000.0,0.0,100524000.0,20384115000.0,0.029,1.4,608036000.0,708560000.0,0.469,708560000.0,608036000.0,608036000.0,3.25,3.18,3.25,2236029000.0,2186420500.0,2236029000.0,13930430334.0,23.0,19.66,541769000.0,4.385,1.0,1509839000.0,1.0,316197000.0,0.0,37496870000.0,37230273750.0,0.0,28131918000.0,,,28562203000.0,,,6009113334.0,219877000.0,-16945000.0,-29552000.0,-956088000.0,-208756000.0,2173820000.0,-2565467000.0,-2478767000.0,611524000.0,0.0,401830000.0,401830000.0,401830000.0,0.0,0.0,0.266,901803000.0,608036000.0,0.0,0.431,2.687,14.954,14.846,547195000.0,0.0,48.25,3.98,3.948,0.0,2121310000.0,1509839000.0,1509839000.0,0.0,0.013,0.184,0.016,0.403,5484000.0,763970000.0,1.0,124541209.0,123550000,126423000.0,12.22,30482035000.0,0.0,206206000.0,0.0,246.718,
7,CBSS,MRT,2005-09-30,2005-09-30,2005-09-30,2019-04-29,-52445000.0,30133835000.0,29153963750.0,,,0.051,18.028,-72132000.0,811037000.0,811037000.0,0.0,391921000.0,,12.485,8720243000.0,,,8720243000.0,0.0,98465000.0,18834226000.0,0.03,1.362,590196000.0,688661000.0,0.466,688661000.0,590196000.0,590196000.0,3.18,3.1,3.18,2234577000.0,2141499500.0,2234577000.0,13811985251.0,23.0,20.056,545655000.0,4.402,1.0,1476708000.0,1.0,316240000.0,0.0,37726801000.0,36874610250.0,0.0,27531665000.0,,,27899258000.0,,,5699124251.0,139279000.0,4792000.0,34082000.0,-325085000.0,-168321000.0,1881643000.0,-2360151000.0,-2292811000.0,617787000.0,0.0,391921000.0,391921000.0,391921000.0,0.0,0.0,0.265,886512000.0,590196000.0,0.0,0.428,2.55,14.542,14.412,542613000.0,0.0,45.83,3.859,3.847,0.0,2062796000.0,1476708000.0,1476708000.0,0.0,0.013,0.183,0.016,0.4,7911000.0,749865000.0,1.0,124353573.0,123947000,126877000.0,11.914,29817595000.0,0.0,198275000.0,0.0,240.567,
8,CBSS,MRT,2005-06-30,2005-06-30,2005-06-30,2019-04-29,-32109000.0,29501424000.0,28565794500.0,,,0.052,17.693,-75256000.0,721249000.0,721249000.0,0.0,389914000.0,,12.488,8816406000.0,,,8816406000.0,0.0,105735000.0,18217066000.0,0.029,1.325,587134000.0,692869000.0,0.469,692869000.0,587134000.0,587134000.0,3.17,3.09,3.17,2187213000.0,2079289750.0,2187213000.0,13525873810.0,23.0,19.522,478369000.0,3.87,1.0,1478751000.0,1.0,316221000.0,0.0,37280360000.0,36412854000.0,0.0,26984440000.0,,,27314211000.0,,,5576922810.0,-5506000.0,4792000.0,29628000.0,-673396000.0,-162970000.0,1121034000.0,-1680165000.0,-1609701000.0,553625000.0,0.0,389914000.0,389914000.0,389914000.0,0.0,0.0,0.264,866481000.0,612270000.0,0.0,0.418,2.55,14.303,14.196,548328000.0,0.0,45.0,3.771,3.762,0.0,2005717000.0,1478751000.0,1478751000.0,0.0,0.014,0.188,0.016,0.397,6144000.0,732884000.0,1.0,123931618.0,123617000,126212000.0,11.962,29185203000.0,0.0,197220000.0,0.0,236.094,
9,CBSS,MRT,2005-03-31,2005-03-31,2005-03-31,2019-04-29,-60468000.0,28798680000.0,28165711500.0,,,0.051,16.935,-67785000.0,861850000.0,861850000.0,0.0,363543000.0,,12.793,8796116000.0,,,8796116000.0,0.0,102107000.0,17644139000.0,0.028,1.288,543506000.0,645613000.0,0.453,645613000.0,543506000.0,543506000.0,2.97,2.89,2.97,2087863000.0,2011437000.0,2087863000.0,13825961284.0,25.0,21.415,477195000.0,3.871,1.0,1423709000.0,1.0,315882000.0,0.0,36417064000.0,36174751500.0,0.0,26192831000.0,,,26710817000.0,,,5609841284.0,147719000.0,4792000.0,21726000.0,43549000.0,-159174000.0,1026784000.0,-1424045000.0,-1361052000.0,544980000.0,0.0,363543000.0,363543000.0,363543000.0,0.0,0.0,0.255,855067000.0,568642000.0,0.0,0.434,2.687,15.431,15.286,537450000.0,0.0,45.4,3.94,3.931,0.0,1943294000.0,1423709000.0,1423709000.0,0.0,0.013,0.181,0.015,0.382,5389000.0,721998000.0,1.0,123564786.0,123286000,126388000.0,11.548,28482798000.0,0.0,179963000.0,0.0,231.03,
10,CBSS,MRT,2004-12-31,2004-12-31,2004-12-31,2019-04-29,-23376000.0,28181916000.0,27836187500.0,,,0.051,16.82,-69265000.0,632627000.0,632627000.0,0.0,360185000.0,,12.705,8827546000.0,,,8827546000.0,0.0,104413000.0,17042732000.0,0.026,1.25,539832000.0,644245000.0,0.457,644245000.0,539832000.0,539832000.0,2.95,2.87,2.95,2056345000.0,1971268750.0,2056345000.0,14377730102.0,27.0,22.317,445265000.0,3.642,1.0,1408310000.0,1.0,302619000.0,0.0,36074216000.0,35884856250.0,0.0,25841683000.0,,,26125571000.0,,,5980273102.0,-140813000.0,268000.0,4791000.0,-365426000.0,-118533000.0,875521000.0,-1530864000.0,-1461867000.0,514530000.0,0.0,360185000.0,360185000.0,360185000.0,0.0,0.0,0.256,843342000.0,564968000.0,0.0,0.424,2.908,16.603,16.498,537466000.0,0.0,48.67,4.246,4.225,0.0,1894546000.0,1408310000.0,1408310000.0,0.0,0.013,0.183,0.015,0.383,4432000.0,712804000.0,1.0,122873908.0,122254000,125416000.0,11.52,27879297000.0,0.0,179647000.0,0.0,228.044,
11,CBSS,MRT,2004-09-30,2004-09-30,2004-09-30,2019-04-29,-4031000.0,27781158000.0,27531486750.0,,,0.05,16.234,-65161000.0,678036000.0,678036000.0,0.0,340944000.0,,12.99,9075493000.0,,,9075493000.0,0.0,113733000.0,16492147000.0,0.028,1.218,512049000.0,625782000.0,0.457,625782000.0,512049000.0,512049000.0,2.79,2.72,2.79,1985738000.0,1930326000.0,1985738000.0,14100231525.0,28.0,22.532,420851000.0,3.441,1.0,1369451000.0,1.0,298839000.0,0.0,35879776000.0,35626730500.0,0.0,25382481000.0,,,25795420000.0,,,5374534525.0,-143357000.0,0.0,-87702000.0,121962000.0,-149891000.0,1263013000.0,-1892382000.0,-1827221000.0,486012000.0,0.0,340944000.0,340944000.0,340944000.0,0.0,0.0,0.249,832266000.0,537185000.0,0.0,0.437,2.707,15.764,15.706,530583000.0,0.0,43.82,3.925,3.914,0.0,1823752000.0,1369451000.0,1369451000.0,0.0,0.012,0.177,0.014,0.374,0.0,700080000.0,1.0,122650263.0,122320000,125557000.0,11.196,27482319000.0,0.0,171105000.0,0.0,224.676,
12,CBSS,MRT,2004-06-30,2004-06-30,2004-06-30,2019-04-29,-13107000.0,27901092000.0,27125426750.0,,,0.049,15.694,-76411000.0,741700000.0,741700000.0,0.0,328788000.0,,13.564,9467397000.0,,,9467397000.0,0.0,110222000.0,16284821000.0,0.028,1.185,494331000.0,604553000.0,0.457,604553000.0,494331000.0,494331000.0,2.69,2.61,2.69,1915802000.0,1912226500.0,1915802000.0,13340284829.0,27.0,22.066,394461000.0,3.231,1.0,1321912000.0,1.0,298839000.0,0.0,36327950000.0,35143114000.0,0.0,25424197000.0,,,25985290000.0,,,5264528829.0,10233000.0,275000.0,-157846000.0,1219273000.0,-146815000.0,2070943000.0,-2531582000.0,-2455446000.0,470872000.0,0.0,328788000.0,328788000.0,328788000.0,0.0,0.0,0.249,827581000.0,494331000.0,0.0,0.441,2.748,16.012,15.985,533207000.0,0.0,43.0,3.983,3.971,0.0,1768822000.0,1321912000.0,1321912000.0,0.0,0.012,0.172,0.014,0.374,0.0,697518000.0,1.0,122430903.0,122074000,124947000.0,10.829,27602253000.0,0.0,165543000.0,0.0,226.111,
13,CBSS,MRT,2004-03-31,2004-03-31,2004-03-31,2019-04-29,52074000.0,27480584000.0,26555960250.0,,,0.05,15.788,-84146000.0,704760000.0,704760000.0,0.0,336219000.0,,13.259,8780516000.0,,,8780516000.0,0.0,117661000.0,16524445000.0,0.028,1.153,508349000.0,626010000.0,0.474,626010000.0,508349000.0,508349000.0,2.72,2.66,2.72,1927190000.0,1926880000.0,1927190000.0,13472404513.0,27.0,21.521,345071000.0,2.827,1.0,1320246000.0,1.0,298857000.0,0.0,35257483000.0,34282859000.0,0.0,25061621000.0,,,25553394000.0,,,5067086513.0,17632000.0,-25753000.0,-198158000.0,1917905000.0,-142551000.0,2935384000.0,-3346969000.0,-3237070000.0,429217000.0,0.0,336219000.0,336219000.0,336219000.0,0.0,0.0,0.255,811897000.0,508349000.0,0.0,0.424,2.629,15.071,15.246,530297000.0,0.0,41.47,3.838,3.834,0.0,1715704000.0,1320246000.0,1320246000.0,0.0,0.013,0.174,0.015,0.385,0.0,688905000.0,1.0,122186798.0,122064000,125146000.0,10.816,27181727000.0,0.0,172130000.0,0.0,222.684,
14,CBSS,MRT,2003-12-31,2003-12-31,2003-12-31,2019-04-29,37306000.0,26963113000.0,25766040500.0,,,0.05,15.182,-87849000.0,804657000.0,804657000.0,0.0,328678000.0,,13.247,9177096000.0,,,9177096000.0,0.0,117586000.0,15687632000.0,0.028,1.12,497070000.0,614656000.0,0.475,614656000.0,497070000.0,497070000.0,2.64,2.58,2.64,1892574000.0,1938975250.0,1892574000.0,12874477396.0,26.0,20.946,321842000.0,2.582,1.0,1294953000.0,1.0,293839000.0,0.0,35041713000.0,32977882750.0,0.0,24518691000.0,,,25070539000.0,,,4789970396.0,-8048000.0,-24382000.0,-182019000.0,2646029000.0,-139376000.0,2954119000.0,-3371858000.0,-3259627000.0,409691000.0,0.0,328678000.0,328678000.0,328678000.0,0.0,0.0,0.254,797883000.0,497070000.0,0.0,0.424,2.531,14.573,14.905,527295000.0,0.0,39.35,3.699,3.788,0.0,1689689000.0,1294953000.0,1294953000.0,0.0,0.013,0.17,0.015,0.384,0.0,676407000.0,1.0,121727329.0,124656000,127186000.0,10.388,26669274000.0,0.0,168392000.0,0.0,213.943,
15,CBSS,MRT,2003-09-30,2003-09-30,2003-09-30,2019-04-29,52615000.0,26156918000.0,25006659500.0,,,0.054,15.323,-89493000.0,811532000.0,811532000.0,0.0,365365000.0,,12.671,8896039000.0,,,8896039000.0,0.0,115746000.0,15115345000.0,0.031,1.09,556852000.0,672598000.0,0.5,672598000.0,556852000.0,556852000.0,2.9,2.85,2.9,1913340000.0,1948707250.0,1913340000.0,11917554272.0,21.0,17.719,467243000.0,3.742,1.0,1345794000.0,1.0,296115000.0,0.0,33945310000.0,31571620250.0,0.0,23680946000.0,,,24243578000.0,,,4361007272.0,35673000.0,-24657000.0,-195038000.0,1738083000.0,-137470000.0,2269240000.0,-2790303000.0,-2676153000.0,556736000.0,0.0,365365000.0,365365000.0,365365000.0,0.0,0.0,0.271,788942000.0,556852000.0,0.0,0.376,2.279,11.936,11.966,522520000.0,0.0,34.7,3.24,3.22,0.0,1617616000.0,1345794000.0,1345794000.0,0.0,0.015,0.187,0.018,0.414,0.0,671968000.0,1.0,125677443.0,124869000,127566000.0,10.778,25860803000.0,0.0,191487000.0,0.0,207.103,
16,CBSS,MRT,2003-06-30,2003-06-30,2003-06-30,2019-04-29,104865000.0,25623226000.0,24400983000.0,,,0.054,15.688,-86307000.0,690092000.0,690092000.0,0.0,358817000.0,,11.978,8246639000.0,,,8246639000.0,0.0,116849000.0,15136833000.0,0.031,1.06,547490000.0,664339000.0,0.502,664339000.0,547490000.0,547490000.0,2.82,2.78,2.82,1974416000.0,1965790250.0,1974416000.0,10416987477.0,19.0,15.68,431283000.0,3.427,1.0,1323301000.0,1.0,292843000.0,0.0,32886930000.0,30611543500.0,0.0,23251572000.0,,,23648810000.0,,,4407226477.0,-49001000.0,-31361000.0,-136698000.0,1239701000.0,-134669000.0,1774056000.0,-2340647000.0,-2222979000.0,517590000.0,0.0,358817000.0,358817000.0,358817000.0,0.0,0.0,0.271,775811000.0,547490000.0,0.0,0.376,2.232,12.283,12.316,513159000.0,0.0,34.73,3.33,3.303,0.0,1566295000.0,1323301000.0,1323301000.0,0.0,0.015,0.183,0.018,0.414,0.0,655261000.0,1.0,126899697.0,125858000,128602000.0,10.514,25330383000.0,0.0,188673000.0,0.0,201.262,
17,CBSS,MRT,2003-03-31,2003-03-31,2003-03-31,2019-04-29,118406000.0,24320905000.0,23873952500.0,,,0.054,15.691,-84845000.0,812769000.0,812769000.0,0.0,350222000.0,,11.311,6822530000.0,,,6822530000.0,0.0,115007000.0,15240322000.0,0.033,1.03,533960000.0,648967000.0,0.499,648967000.0,533960000.0,533960000.0,2.75,2.7,2.75,1975571000.0,1948941750.0,1975571000.0,9720208314.0,18.0,14.978,490375000.0,3.895,1.0,1299598000.0,1.0,293088000.0,0.0,30037578000.0,29808520250.0,0.0,21890569000.0,,,22345334000.0,,,3945299314.0,69011000.0,-5145000.0,-95574000.0,-51831000.0,-131455000.0,879605000.0,-1385814000.0,-1295824000.0,575220000.0,0.0,350222000.0,350222000.0,350222000.0,0.0,0.0,0.269,765638000.0,533960000.0,0.0,0.375,1.997,11.265,11.371,500313000.0,0.0,31.27,3.036,3.029,0.0,1514940000.0,1299598000.0,1299598000.0,0.0,0.015,0.18,0.018,0.411,0.0,636686000.0,1.0,126168830.0,125901000,128083000.0,10.322,24027817000.0,0.0,183738000.0,0.0,190.847,
18,CBSS,MRT,2002-12-31,2002-12-31,2002-12-31,2019-04-29,136109000.0,23925589000.0,23511210500.0,,,0.054,15.14,-83587000.0,759362000.0,759362000.0,0.0,344345000.0,,11.387,6534271000.0,,,6534271000.0,0.0,119135000.0,15135387000.0,0.032,1.0,525018000.0,644153000.0,0.504,644153000.0,525018000.0,525018000.0,2.7,2.65,2.7,1931502000.0,1900601500.0,1931502000.0,10379359687.0,20.0,16.113,463735000.0,3.635,1.0,1277447000.0,1.0,283835000.0,0.0,29416663000.0,29565564750.0,0.0,21571221000.0,,,21994087000.0,,,4008568687.0,18549000.0,-5292000.0,-90177000.0,-848272000.0,-128183000.0,328844000.0,-857617000.0,-768738000.0,547322000.0,0.0,344345000.0,344345000.0,344345000.0,0.0,0.0,0.27,752429000.0,525018000.0,0.0,0.37,2.075,11.641,11.581,491884000.0,0.0,31.27,3.138,3.123,0.0,1468517000.0,1277447000.0,1277447000.0,0.0,0.015,0.181,0.018,0.411,0.0,617198000.0,1.0,128192155.0,127575000,129850000.0,10.013,23641754000.0,0.0,180673000.0,0.0,185.317,
19,CBSS,MRT,2002-09-30,2002-09-30,2002-09-30,2019-04-29,150926000.0,23734212000.0,23283563250.0,,,0.052,15.42,-76853000.0,788155000.0,788155000.0,0.0,306822000.0,,10.977,7158946000.0,,,7158946000.0,0.0,117852000.0,14328776000.0,0.033,0.98,464038000.0,581890000.0,0.484,581890000.0,464038000.0,464038000.0,2.41,2.36,2.41,1981672000.0,1846636250.0,1981672000.0,9957453961.0,21.0,17.112,348663000.0,2.713,1.0,1201335000.0,1.0,0.0,0.0,30105003000.0,29550084750.0,0.0,21294491000.0,,,21752540000.0,,,3797720961.0,116890000.0,-5017000.0,-36849000.0,299482000.0,-125324000.0,1069423000.0,-1378049000.0,-1296179000.0,425516000.0,0.0,306822000.0,306822000.0,306822000.0,0.0,0.0,0.255,737297000.0,464038000.0,0.0,0.407,1.916,12.378,12.237,484918000.0,0.0,29.49,3.161,3.155,0.0,1419412000.0,1201335000.0,1201335000.0,0.0,0.013,0.166,0.016,0.386,0.0,609931000.0,1.0,128779958.0,128516000,130872000.0,9.348,23734212000.0,0.0,157216000.0,0.0,184.679,
20,CBSS,MRT,2002-06-30,2002-06-30,2002-06-30,2019-04-29,141307000.0,23515104000.0,22927913750.0,,,0.051,14.965,-56996000.0,786511000.0,786511000.0,0.0,295523000.0,,11.331,6946244000.0,,,6946244000.0,0.0,115844000.0,14401355000.0,0.029,0.96,445806000.0,561650000.0,0.482,561650000.0,445806000.0,445806000.0,2.32,2.28,2.32,1907022000.0,1791404500.0,1907022000.0,10483504954.0,24.0,18.666,382848000.0,3.004,1.0,1164060000.0,1.0,0.0,0.0,29674837000.0,29146189750.0,0.0,21202186000.0,,,21608082000.0,,,4287685954.0,66010000.0,1412000.0,-32778000.0,795602000.0,-122681000.0,1341213000.0,-1715047000.0,-1659463000.0,439844000.0,0.0,295523000.0,295523000.0,295523000.0,0.0,0.0,0.254,718254000.0,445806000.0,0.0,0.414,2.248,14.509,14.483,478180000.0,0.0,33.6,3.683,3.678,0.0,1372091000.0,1164060000.0,1164060000.0,0.0,0.013,0.165,0.015,0.383,0.0,586873000.0,1.0,127609701.0,127429000,130210000.0,9.135,23515104000.0,0.0,150283000.0,0.0,184.535,
21,CBSS,MRT,2002-03-31,2002-03-31,2002-03-31,2019-04-29,77257000.0,22869937000.0,22476873750.0,,,0.05,14.038,-43193000.0,605391000.0,605391000.0,0.0,284042000.0,,11.832,6801210000.0,,,6801210000.0,0.0,108709000.0,14078094000.0,0.03,0.94,429912000.0,538621000.0,0.476,538621000.0,429912000.0,429912000.0,2.23,2.2,2.23,1782210000.0,1724881500.0,1782210000.0,10499057815.0,24.0,19.492,314679000.0,2.479,1.0,1130685000.0,1.0,0.0,0.0,29065756000.0,28518146500.0,0.0,20818744000.0,,,21087727000.0,,,3922690815.0,-15770000.0,1224000.0,-31781000.0,1439872000.0,-120120000.0,1094183000.0,-1467825000.0,-1425856000.0,357872000.0,0.0,284042000.0,284042000.0,284042000.0,0.0,0.0,0.251,700773000.0,429912000.0,0.0,0.422,2.201,13.81,13.843,466874000.0,0.0,30.87,3.469,3.466,0.0,1326772000.0,1130685000.0,1130685000.0,0.0,0.013,0.165,0.015,0.38,0.0,567420000.0,1.0,127071293.0,126956000,129155000.0,8.906,22869937000.0,0.0,145870000.0,0.0,180.141,
22,CBSS,MRT,2001-12-31,2001-12-31,2001-12-31,2019-04-29,69938000.0,23015000000.0,22141162750.0,,,0.05,13.444,-38921000.0,735192000.0,735192000.0,0.0,270397000.0,,12.415,7311559000.0,,,7311559000.0,0.0,99446000.0,13735245000.0,0.033,0.92,410226000.0,509672000.0,0.465,509672000.0,410226000.0,410226000.0,2.13,2.11,2.13,1715641000.0,1680918250.0,1715641000.0,9785975685.0,24.0,19.201,373984000.0,2.931,1.0,1095996000.0,1.0,236624000.0,0.0,29354743000.0,27813061250.0,0.0,20808453000.0,,,21299359000.0,,,3608166685.0,-34824000.0,0.0,-38922000.0,2917477000.0,-117760000.0,1673614000.0,-2121343000.0,-2082422000.0,412905000.0,0.0,270397000.0,270397000.0,270397000.0,0.0,0.0,0.247,685770000.0,410226000.0,0.0,0.432,2.103,13.344,13.286,459901000.0,0.0,28.3,3.292,3.295,0.0,1283601000.0,1095996000.0,1095996000.0,0.0,0.012,0.161,0.015,0.374,0.0,544837000.0,1.0,127497056.0,127617000,129138000.0,8.588,22778376000.0,0.0,139829000.0,0.0,178.49,
23,CBSS,MRT,2001-09-30,2001-09-30,2001-09-30,2019-04-29,120365000.0,22311614000.0,21606702750.0,,,0.048,13.757,-37021000.0,632538000.0,632538000.0,0.0,252660000.0,,11.672,6810347000.0,,,6810347000.0,0.0,91713000.0,13393075000.0,0.035,0.91,375498000.0,467211000.0,0.447,467211000.0,375498000.0,375498000.0,1.99,1.98,1.99,1760745000.0,1629509000.0,1760745000.0,8788038305.0,23.0,18.81,194361000.0,1.519,1.0,1044980000.0,1.0,0.0,0.0,28489423000.0,26555078000.0,0.0,20131493000.0,,,20550869000.0,,,3336318305.0,-67021000.0,-4336000.0,33000.0,2512210000.0,-115145000.0,1270937000.0,-1569340000.0,-1527983000.0,231382000.0,0.0,252660000.0,252660000.0,252660000.0,0.0,0.0,0.242,669482000.0,375498000.0,0.0,0.457,1.895,13.205,13.08,459212000.0,0.0,26.03,3.193,3.188,0.0,1240644000.0,1044980000.0,1044980000.0,0.0,0.012,0.155,0.014,0.359,0.0,535843000.0,1.0,128172044.0,127991000,129962000.0,8.164,22311614000.0,0.0,122838000.0,0.0,174.322,
24,CBSS,MRT,2001-06-30,2001-06-30,2001-06-30,2019-04-29,37154000.0,21710944000.0,20881131500.0,,,0.049,12.843,-57800000.0,673046000.0,673046000.0,0.0,249858000.0,,12.231,6124766000.0,,,6124766000.0,0.0,85267000.0,13700794000.0,0.034,0.9,371959000.0,457226000.0,0.449,457226000.0,371959000.0,371959000.0,1.97,1.96,1.97,1640930000.0,1536709500.0,1640930000.0,8111442129.0,22.0,17.741,146159000.0,1.144,1.0,1018293000.0,1.0,0.0,0.0,27162664000.0,25149806500.0,0.0,19614350000.0,,,20070014000.0,,,3393120129.0,-140778000.0,-146657000.0,4767000.0,2239541000.0,-112080000.0,1102633000.0,-1447370000.0,-1242913000.0,203959000.0,0.0,249858000.0,249858000.0,249858000.0,0.0,0.0,0.245,646334000.0,371959000.0,0.0,0.457,2.068,13.58,13.452,470363000.0,0.0,26.5,3.332,3.325,0.0,1201475000.0,1018293000.0,1018293000.0,0.0,0.012,0.163,0.015,0.365,0.0,511572000.0,1.0,128042269.0,127768000,129323000.0,7.97,21710944000.0,0.0,122101000.0,0.0,169.925,
25,CBSS,MRT,2001-03-31,2001-03-31,2001-03-31,2019-04-29,42189000.0,21527093000.0,20187768500.0,,,0.049,12.582,-65505000.0,652554000.0,652554000.0,0.0,245847000.0,,12.401,5370876000.0,,,5370876000.0,0.0,80190000.0,14275370000.0,0.042,0.89,365616000.0,445806000.0,0.449,445806000.0,365616000.0,365616000.0,1.94,1.93,1.94,1606357000.0,1457737000.0,1606357000.0,6184544695.0,17.0,13.873,172679000.0,1.353,1.0,992639000.0,1.0,0.0,0.0,26245415000.0,23820160250.0,0.0,18498828000.0,,,19920736000.0,,,2731903695.0,-126914000.0,-189682000.0,5027000.0,1507277000.0,-109255000.0,1157516000.0,-1522614000.0,-1267427000.0,238184000.0,0.0,245847000.0,245847000.0,245847000.0,0.0,0.0,0.248,627023000.0,365616000.0,0.0,0.459,1.701,11.112,11.018,471098000.0,0.0,21.375,2.752,2.749,0.0,1163996000.0,992639000.0,992639000.0,0.0,0.012,0.169,0.015,0.368,0.0,488997000.0,1.0,127808360.0,127666000,128901000.0,7.775,21527093000.0,0.0,119769000.0,0.0,168.62,
26,CBSS,MRT,2000-12-31,2000-12-31,2000-12-31,2019-04-29,-16796000.0,20877160000.0,19422689750.0,,,0.049,11.935,-67888000.0,914711000.0,914711000.0,0.0,241623000.0,,12.826,4360361000.0,,,4360361000.0,0.0,75095000.0,14825377000.0,0.037,0.88,358845000.0,433940000.0,0.453,433940000.0,358845000.0,358845000.0,1.91,1.9,1.91,1510004000.0,1368922250.0,1510004000.0,6345970613.0,18.0,14.624,150241000.0,1.188,1.0,958130000.0,1.0,0.0,0.0,24322810000.0,22590854750.0,0.0,18618185000.0,,,19367156000.0,,,2886962613.0,21691000.0,-189682000.0,3908000.0,137173000.0,-105964000.0,795954000.0,-992392000.0,-734822000.0,218129000.0,0.0,241623000.0,241623000.0,241623000.0,0.0,0.0,0.252,599285000.0,358845000.0,0.0,0.461,1.912,11.948,12.5,468468000.0,0.0,23.875,3.013,3.153,0.0,1129141000.0,958130000.0,958130000.0,0.0,0.012,0.177,0.016,0.375,0.0,471753000.0,1.0,120919900.0,126514000,127261000.0,7.573,20877160000.0,0.0,117222000.0,0.0,165.019,
27,CBSS,MRT,2000-09-30,2000-09-30,2000-09-30,2019-04-29,-72660000.0,19409329000.0,18814780250.0,,,0.052,10.903,-80748000.0,729547000.0,729547000.0,0.0,247925000.0,,12.968,4188555000.0,,,4188555000.0,0.0,75616000.0,13691029000.0,0.044,0.86,378620000.0,454236000.0,0.467,454236000.0,378620000.0,378620000.0,1.89,1.88,1.89,1389547000.0,1298727500.0,1389547000.0,5264123175.0,14.0,11.589,300669000.0,2.359,1.0,971937000.0,1.0,0.0,0.0,22868337000.0,21936824250.0,0.0,17548912000.0,,,18019782000.0,,,2357536175.0,108720000.0,-254220000.0,4241000.0,518198000.0,-103758000.0,936887000.0,-1209584000.0,-874616000.0,381417000.0,0.0,247925000.0,247925000.0,247925000.0,0.0,0.0,0.255,593317000.0,378620000.0,0.0,0.455,1.697,9.509,10.317,457262000.0,0.0,19.5,2.426,2.557,0.0,1073967000.0,971937000.0,971937000.0,0.0,0.013,0.191,0.017,0.39,0.0,437081000.0,1.0,120899291.0,127445000,128205000.0,7.626,19409329000.0,0.0,130695000.0,0.0,152.296,
28,CBSS,MRT,2000-06-30,2000-06-30,2000-06-30,2019-04-29,-99790000.0,18937492000.0,18382791250.0,,,0.051,10.4,-76754000.0,846781000.0,846781000.0,0.0,239177000.0,,13.292,3753368000.0,,,3753368000.0,0.0,71914000.0,13712944000.0,0.049,0.84,363660000.0,435574000.0,0.462,435574000.0,363660000.0,363660000.0,1.87,1.85,1.87,1325040000.0,1252008000.0,1325040000.0,4919946486.0,14.0,11.295,341743000.0,2.682,1.0,942197000.0,1.0,0.0,0.0,21844079000.0,21389861500.0,0.0,16994666000.0,,,17612452000.0,,,2058531486.0,122760000.0,-111899000.0,3842000.0,-119653000.0,-101276000.0,662503000.0,-958240000.0,-769587000.0,418497000.0,0.0,239177000.0,239177000.0,239177000.0,0.0,0.0,0.254,578537000.0,363660000.0,0.0,0.449,1.554,8.607,9.124,433856000.0,0.0,17.063,2.185,2.307,0.0,1037561000.0,942197000.0,942197000.0,0.0,0.013,0.191,0.017,0.386,0.0,427528000.0,1.0,120646534.0,127410000,128238000.0,7.395,18937492000.0,0.0,124483000.0,0.0,148.634,
29,CBSS,MRT,2000-03-31,2000-03-31,2000-03-31,2019-04-29,-102730000.0,18466778000.0,18081250250.0,,,0.05,10.113,-79720000.0,769954000.0,769954000.0,0.0,231928000.0,,13.76,3631369000.0,,,3631369000.0,0.0,69684000.0,13480723000.0,0.041,0.82,351792000.0,421476000.0,0.463,421476000.0,351792000.0,351792000.0,1.85,1.83,1.85,1251098000.0,1215521500.0,1251098000.0,5628995667.0,16.0,13.355,284943000.0,2.303,1.0,909723000.0,1.0,0.0,0.0,21328193000.0,21154134500.0,0.0,16680101000.0,,,17215680000.0,,,2334624667.0,-97457000.0,140790000.0,2557000.0,22779000.0,-101287000.0,679024000.0,-1141144000.0,-1202214000.0,364663000.0,0.0,231928000.0,231928000.0,231928000.0,0.0,0.0,0.255,557931000.0,351792000.0,0.0,0.443,1.866,10.066,10.777,413799000.0,0.0,19.938,2.566,2.711,0.0,984186000.0,909723000.0,909723000.0,0.0,0.013,0.191,0.017,0.387,0.0,414206000.0,1.0,117097162.0,123712000,124257000.0,7.354,18466778000.0,0.0,119864000.0,0.0,149.272,
30,CBSS,MRT,1999-12-31,1999-12-31,1999-12-31,2019-04-29,-93198000.0,18445522000.0,17787722750.0,,,0.05,9.955,-75792000.0,819083000.0,819083000.0,0.0,228968000.0,,14.006,4080249000.0,,,4080249000.0,0.0,66160000.0,13049599000.0,0.036,0.8,345989000.0,412149000.0,0.464,412149000.0,345989000.0,345989000.0,1.84,1.82,1.84,1229225000.0,1202738000.0,1229225000.0,5535098981.0,16.0,13.43,296551000.0,2.402,1.0,888516000.0,1.0,0.0,0.0,21706688000.0,20855520750.0,0.0,16620238000.0,,,17216297000.0,,,2535985981.0,-130726000.0,140790000.0,2513000.0,167793000.0,-98157000.0,477374000.0,-980443000.0,-1045441000.0,372343000.0,0.0,228968000.0,228968000.0,228968000.0,0.0,0.0,0.258,542527000.0,345989000.0,0.0,0.435,2.063,11.076,12.126,405321000.0,0.0,22.313,2.854,3.101,0.0,954307000.0,888516000.0,888516000.0,0.0,0.013,0.19,0.017,0.389,0.0,404925000.0,1.0,113657635.0,123482000,124581000.0,7.196,18445522000.0,0.0,117021000.0,0.0,149.378,
31,CBSS,MRT,1999-09-30,1999-09-30,1999-09-30,2019-04-29,-64085000.0,17681373000.0,17498569250.0,,,0.048,10.304,-61464000.0,612930000.0,612930000.0,0.0,214563000.0,,13.702,3612043000.0,,,3612043000.0,0.0,59473000.0,12744515000.0,0.031,0.775,318793000.0,378266000.0,0.448,378266000.0,318793000.0,318793000.0,1.78,1.76,1.78,1202669000.0,1194467000.0,1202669000.0,6010587125.0,19.0,15.89,251465000.0,2.154,1.0,844641000.0,1.0,0.0,0.0,20680486000.0,20521606000.0,0.0,16157489000.0,,,16478704000.0,,,2840744125.0,3773000.0,209664000.0,5455000.0,427995000.0,-100537000.0,1413889000.0,-1723045000.0,-1871245000.0,312929000.0,0.0,214563000.0,214563000.0,214563000.0,0.0,0.0,0.254,525848000.0,318793000.0,0.0,0.435,2.362,13.24,14.045,383619000.0,0.0,25.0,3.363,3.455,0.0,901231000.0,844641000.0,844641000.0,0.0,0.012,0.18,0.016,0.377,0.0,386921000.0,1.0,113629765.0,116722000,117919000.0,7.236,17681373000.0,0.0,104230000.0,0.0,151.483,
32,CBSS,MRT,1999-06-30,1999-06-30,1999-06-30,2019-04-29,-52776000.0,17731328000.0,16869575250.0,,,0.049,10.109,-61728000.0,693912000.0,693912000.0,0.0,205785000.0,,14.038,3863755000.0,,,3863755000.0,0.0,56317000.0,12610602000.0,0.028,0.75,306421000.0,362738000.0,0.441,362738000.0,306421000.0,306421000.0,1.72,1.7,1.72,1179094000.0,1174901250.0,1179094000.0,5930665490.0,19.0,16.35,201076000.0,1.724,1.0,821863000.0,1.0,0.0,0.0,20901171000.0,19793293750.0,0.0,16136689000.0,,,16552234000.0,,,3089595490.0,-35541000.0,209664000.0,3483000.0,1218224000.0,-95131000.0,1959319000.0,-2257664000.0,-2405600000.0,262804000.0,0.0,205785000.0,205785000.0,205785000.0,0.0,0.0,0.25,515442000.0,306421000.0,0.0,0.436,2.62,15.014,15.843,376104000.0,0.0,27.25,3.759,3.867,0.0,869279000.0,821863000.0,821863000.0,0.0,0.012,0.175,0.015,0.373,0.0,379962000.0,1.0,113379651.0,116643000,117916000.0,7.046,17731328000.0,0.0,100636000.0,0.0,152.014,
33,CBSS,MRT,1999-03-31,1999-03-31,1999-03-31,2019-04-29,215000.0,17292668000.0,16098810000.0,,,0.05,10.295,-54530000.0,849614000.0,849614000.0,0.0,197612000.0,,13.411,3690684000.0,,,3690684000.0,0.0,52110000.0,12140644000.0,0.032,0.725,294013000.0,346123000.0,0.433,346123000.0,294013000.0,294013000.0,1.66,1.65,1.66,1199964000.0,1148186000.0,1199964000.0,5689781973.0,19.0,16.439,269886000.0,2.315,1.0,799636000.0,1.0,0.0,0.0,20133738000.0,18679615500.0,0.0,15639592000.0,,,16092704000.0,,,2607731973.0,55232000.0,0.0,4581000.0,1073404000.0,-86898000.0,1882695000.0,-2151879000.0,-2097349000.0,324416000.0,0.0,197612000.0,197612000.0,197612000.0,0.0,0.0,0.247,505623000.0,294013000.0,0.0,0.437,2.173,13.196,13.855,357126000.0,0.0,23.0,3.261,3.353,0.0,838668000.0,799636000.0,799636000.0,0.0,0.012,0.172,0.016,0.368,0.0,374090000.0,1.0,113379651.0,116562000,117506000.0,6.86,17292668000.0,0.0,96401000.0,0.0,148.356,
34,CBSS,MRT,1998-12-31,1998-12-31,1998-12-31,2019-04-29,10555000.0,17288908000.0,15401867750.0,,,0.05,10.435,-55661000.0,859329000.0,859329000.0,0.0,187838000.0,,13.454,3941450000.0,,,3941450000.0,0.0,50623000.0,12013446000.0,0.028,0.7,279751000.0,330374000.0,0.426,330374000.0,279751000.0,279751000.0,1.61,1.58,1.61,1196141000.0,1107789750.0,1196141000.0,5301668201.0,19.0,16.047,167750000.0,1.463,1.0,775578000.0,1.0,0.0,0.0,20371029000.0,17660182500.0,0.0,15638797000.0,,,16092767000.0,,,2699828201.0,33265000.0,0.0,6285000.0,1170447000.0,-82176000.0,2236020000.0,-2426166000.0,-2370505000.0,223411000.0,0.0,187838000.0,187838000.0,187838000.0,0.0,0.0,0.242,495827000.0,279751000.0,0.0,0.435,2.257,14.373,15.761,353009000.0,0.0,25.375,3.481,3.75,0.0,885301000.0,775578000.0,775578000.0,0.0,0.012,0.17,0.016,0.361,0.0,364862000.0,1.0,106397171.0,114628000,117079000.0,6.766,17288908000.0,0.0,91913000.0,0.0,150.826,
35,CBSS,MRT,1998-09-30,1998-09-30,1998-09-30,2019-04-29,20446000.0,15165397000.0,14804827750.0,,,0.052,10.134,-62025000.0,569367000.0,569367000.0,0.0,186756000.0,,12.487,3171207000.0,,,3171207000.0,0.0,47915000.0,10643338000.0,0.031,0.683,281945000.0,329860000.0,0.429,329860000.0,281945000.0,281945000.0,1.593,1.54,1.593,1124406000.0,1075759250.0,1124406000.0,4113915807.0,15.0,12.472,286268000.0,2.58,1.0,769103000.0,1.0,0.0,0.0,17767237000.0,16751841750.0,0.0,13828104000.0,,,14040991000.0,,,2315724807.0,-70189000.0,0.0,1788000.0,857546000.0,-74090000.0,1326810000.0,-1745292000.0,-1683267000.0,348293000.0,0.0,186756000.0,186756000.0,186756000.0,0.0,0.0,0.243,487158000.0,281945000.0,0.0,0.429,2.06,12.4,13.81,334722000.0,0.0,22.0,3.011,3.174,0.0,848268000.0,769103000.0,769103000.0,0.0,0.013,0.174,0.017,0.367,0.0,363462000.0,1.0,105260219.0,110956000,113765000.0,6.932,15165397000.0,0.0,95189000.0,0.0,136.679,
36,CBSS,MRT,1998-06-30,1998-06-30,1998-06-30,2019-04-29,6361000.0,14648267000.0,,,,,9.673,-58412000.0,811838000.0,811838000.0,0.0,180066000.0,,12.661,2610029000.0,,,2610029000.0,0.0,47013000.0,10652247000.0,0.022,0.666,271880000.0,318893000.0,0.43,318893000.0,271880000.0,271880000.0,1.557,1.513,1.557,1072233000.0,,1072233000.0,4714338690.0,17.0,14.783,79137000.0,0.714,1.0,741790000.0,1.0,0.0,0.0,16446458000.0,,0.0,13081830000.0,,,13576034000.0,,,3163231690.0,123636000.0,0.0,5277000.0,539677000.0,-71082000.0,1124333000.0,-1138246000.0,-1079834000.0,137549000.0,0.0,180066000.0,180066000.0,180066000.0,0.0,0.0,0.243,469910000.0,271880000.0,0.0,0.428,2.95,17.567,19.321,325505000.0,0.0,30.083,4.264,4.496,0.0,818563000.0,741790000.0,741790000.0,0.0,,,,0.367,0.0,352661000.0,1.0,105148988.0,110850000,114023000.0,6.692,14648267000.0,0.0,91814000.0,0.0,132.145,
37,CBSS,MRT,1998-03-31,1998-03-31,1998-03-31,2019-04-29,1602000.0,14504899000.0,,,,,9.392,-60725000.0,1046476000.0,1046476000.0,0.0,172444000.0,,12.969,2597583000.0,,,2597583000.0,0.0,46540000.0,10493112000.0,0.019,0.648,262169000.0,308709000.0,0.429,308709000.0,262169000.0,262169000.0,1.523,1.473,1.523,1038379000.0,,1038379000.0,5392046654.0,21.0,17.466,-6633000.0,-0.06,1.0,718931000.0,1.0,0.0,0.0,16056006000.0,,0.0,12690161000.0,,,13466520000.0,,,3418387654.0,184234000.0,0.0,3591000.0,660413000.0,-67875000.0,1202886000.0,-1072744000.0,-1012019000.0,54092000.0,0.0,172444000.0,172444000.0,172444000.0,0.0,0.0,0.24,456762000.0,262169000.0,0.0,0.425,3.292,19.823,21.996,317682000.0,0.0,33.5,4.755,5.152,0.0,792940000.0,718931000.0,718931000.0,0.0,,,,0.365,0.0,342530000.0,1.0,102041423.0,110557000,113872000.0,6.503,14504899000.0,0.0,89725000.0,0.0,131.198,
38,CBSS,MRT,1997-12-31,1997-12-31,1997-12-31,2019-04-29,977000.0,14900748000.0,13666485500.0,,,0.051,9.695,-65758000.0,948554000.0,948554000.0,0.0,166242000.0,,12.952,2785472000.0,,,2785472000.0,0.0,45497000.0,10907162000.0,0.022,0.631,254820000.0,300317000.0,0.43,300317000.0,254820000.0,254820000.0,1.48,1.45,1.48,1068019000.0,958554000.0,1068019000.0,,,,24689000.0,0.224,1.0,697699000.0,1.0,0.0,0.0,16737666000.0,15033611000.0,0.0,13169201000.0,,,13832729000.0,,,2976208496.0,4401000.0,22216000.0,2191000.0,1029951000.0,-64625000.0,922565000.0,-1008611000.0,-965069000.0,90447000.0,0.0,166242000.0,166242000.0,166242000.0,0.0,0.0,0.238,442879000.0,254820000.0,0.0,0.426,2.787,17.903,19.707,330182000.0,0.0,29.167,4.266,4.605,0.0,784046000.0,697699000.0,697699000.0,0.0,0.012,0.173,0.017,0.365,0.0,334745000.0,1.0,102041423.0,110163000,113008000.0,6.333,14900748000.0,0.0,88578000.0,0.0,135.261,
39,CBSS,MRT,1997-09-30,1997-09-30,1997-09-30,2019-04-29,,,,,,,,,,,,,,,,,,,,,,0.024,0.616,,,,,,,,,,,,,,,,,,1.0,,,,,,,,,,,,,,,,,,,,,,,,,,,,,,,,,,,,,,,,25.917,,,,,,,,,,,,,,1.0,,105400500,,,,,,,,
40,CBSS,MRT,1997-06-30,1997-06-30,1997-06-30,2019-04-29,,,,,,,,,,,,,,,,,,,,,,0.027,0.6,,,,,,,,,,,,,,,,,,1.0,,,,,,,,,,,,,,,,,,,,,,,,,,,,,,,,,,,,,,,,22.417,,,,,,,,,,,,,,1.0,,104157000,,,,,,,,
41,CBSS,MRT,1997-03-31,1997-03-31,1997-03-31,2019-04-29,,,,,,,,,,,,,,,,,,,,,,0.03,0.584,,,,,,,,,,,,,,,,,,1.0,,,,,,,,,,,,,,,,,,,,,,,,,,,,,,,,,,,,,,,,19.778,,,,,,,,,,,,,,1.0,,104062500,,,,,,,,
42,CBSS,MRT,1996-12-31,1996-12-31,1996-12-31,2019-04-29,-2890000.0,12432223000.0,,,,,7.796,-38582000.0,818806000.0,818806000.0,0.0,146334000.0,,13.642,1716139000.0,,,1716139000.0,0.0,40143000.0,9783721000.0,0.032,0.569,229071000.0,269214000.0,0.426,269214000.0,229071000.0,229071000.0,1.32,1.293,1.32,849089000.0,,849089000.0,,,,162183000.0,1.489,1.0,631675000.0,1.0,0.0,0.0,13329556000.0,,0.0,11088328000.0,,,11583134000.0,,,,90906000.0,-135045000.0,-44775000.0,-109886000.0,-53377000.0,523441000.0,-633300000.0,-459673000.0,200765000.0,0.0,146334000.0,146334000.0,146334000.0,0.0,0.0,0.232,402604000.0,229071000.0,0.0,0.431,,,13.384,263858000.0,0.0,17.667,,3.046,0.0,698237000.0,631675000.0,631675000.0,0.0,,,,0.363,0.0,293209000.0,1.0,,108907500,111349500.0,5.8,12432223000.0,0.0,82737000.0,0.0,114.154,
43,CBSS,MRT,1995-12-31,1995-12-31,1995-12-31,2019-04-29,,,,,,,,-28581000.0,,,0.0,119750000.0,,,,,,,,33909000.0,,0.034,0.498,185929000.0,219838000.0,0.425,219838000.0,185929000.0,185929000.0,1.227,1.22,1.227,,,,,,,82941000.0,0.848,1.0,517060000.0,1.0,,0.0,,,,,,,,,,,82770000.0,0.0,1216000.0,332359000.0,-42684000.0,962348000.0,-991100000.0,-962519000.0,111522000.0,0.0,119750000.0,119750000.0,119750000.0,0.0,0.0,0.232,331131000.0,185929000.0,,0.406,,,11.953,,0.0,14.667,,2.773,,,517060000.0,517060000.0,0.0,,,,0.36,0.0,217258000.0,,,97774500,98377500.0,5.288,,,66179000.0,,,
