None,ticker,dimension,calendardate,datekey,reportperiod,lastupdated,accoci,assets,assetsavg,assetsc,assetsnc,assetturnover,bvps,capex,cashneq,cashnequsd,cor,consolinc,currentratio,de,debt,debtc,debtnc,debtusd,deferredrev,depamor,deposits,divyield,dps,ebit,ebitda,ebitdamargin,ebitdausd,ebitusd,ebt,eps,epsdil,epsusd,equity,equityavg,equityusd,ev,evebit,evebitda,fcf,fcfps,fxusd,gp,grossmargin,intangibles,intexp,invcap,invcapavg,inventory,investments,investmentsc,investmentsnc,liabilities,liabilitiesc,liabilitiesnc,marketcap,ncf,ncfbus,ncfcommon,ncfdebt,ncfdiv,ncff,ncfi,ncfinv,ncfo,ncfx,netinc,netinccmn,netinccmnusd,netincdis,netincnci,netmargin,opex,opinc,payables,payoutratio,pb,pe,pe1,ppnenet,prefdivis,price,ps,ps1,receivables,retearn,revenue,revenueusd,rnd,roa,roe,roic,ros,sbcomp,sgna,sharefactor,sharesbas,shareswa,shareswadil,sps,tangibles,taxassets,taxexp,taxliabilities,tbvps,workingcapital
0,CBSS,ARY,2006-12-31,2007-02-27,2006-12-31,2019-04-29,-53932000,34199755000,33638159250.0,,,0.052,22.088,-84111000.0,762591000,762591000,0.0,460363000.0,,11.11,7933915000,,,7933915000,0,107338000.0,23045529000,0.023,1.56,687417000.0,794755000.0,0.458,794755000.0,687417000.0,687417000.0,3.6,3.53,3.6,2824134000,2683957500.0,2824134000,16120169866,23.0,20.283,529522000.0,4.142,1.0,1736692000.0,1.0,677314000,0.0,40693765000,40013521250.0,0,31101877000,,,31375621000,,,8948845866,-67388000.0,-190071000.0,39588000.0,20308000.0,-199989000.0,1057660000.0,-1738681000.0,-1464499000.0,613633000.0,0.0,460363000.0,460363000.0,460363000.0,0.0,0.0,0.265,1049275000.0,687417000.0,0,0.433,3.169,19.439,19.072,589264000,0.0,68.66,5.153,5.055,0,2380160000,1736692000.0,1736692000.0,0.0,0.014,0.172,0.017,0.396,12240000.0,874355000.0,1.0,130335652,127857000,130458000.0,13.583,33522441000,0,227054000.0,0,262.187,
1,CBSS,ARY,2005-12-31,2006-02-24,2005-12-31,2019-04-29,-63156000,30798232000,29806917500.0,,,0.051,18.098,-69755000.0,851949000,851949000,0.0,401830000.0,,12.774,7866784000,,,7866784000,0,106008000.0,20384115000,0.028,1.4,608036000.0,714044000.0,0.473,714044000.0,608036000.0,608036000.0,3.25,3.18,3.25,2236029000,2181744750.0,2236029000,13278687578,22.0,18.596,541769000.0,4.385,1.0,1509839000.0,1.0,316197000,0.0,37496870000,37240273500.0,0,28131918000,,,28562203000,,,6263852578,219877000.0,-16945000.0,-29552000.0,-956088000.0,-208756000.0,2173820000.0,-2565467000.0,-2478767000.0,611524000.0,0.0,401830000.0,401830000.0,401830000.0,0.0,0.0,0.266,901803000.0,608036000.0,0,0.431,2.801,15.588,15.594,547195000,0.0,50.68,4.149,4.147,0,2121310000,1509839000.0,1509839000.0,0.0,0.013,0.184,0.016,0.403,0.0,763970000.0,1.0,123596144,123550000,126423000.0,12.22,30482035000,0,206206000.0,0,246.718,
2,CBSS,ARY,2004-12-31,2005-02-28,2004-12-31,2019-04-29,-23376000,28184628000,27836865500.0,,,0.051,16.73,-69265000.0,632627000,632627000,0.0,369784000.0,,12.781,8848747000,,,8848747000,0,106243000.0,17039151000,0.028,0.938,555282000.0,661525000.0,0.465,661525000.0,555282000.0,555282000.0,3.02,2.95,3.02,2045253000,1968495750.0,2045253000,13827196932,25.0,20.902,444764000.0,3.638,1.0,1423760000.0,1.0,302619000,0.0,36098129000,35890834500.0,0,25824022000,,,26139375000,,,5611076932,-140813000.0,268000.0,4791000.0,-365426000.0,-118533000.0,876022000.0,-1530864000.0,-1461867000.0,514029000.0,0.0,369784000.0,369784000.0,369784000.0,0.0,0.0,0.26,843342000.0,580418000.0,0,0.414,2.743,15.174,15.036,537466000,0.0,45.41,3.941,3.899,0,1883454000,1423760000.0,1423760000.0,0.0,0.013,0.188,0.015,0.39,0.0,712804000.0,1.0,123564786,122254000,125416000.0,11.646,27882009000,0,185498000.0,0,228.066,
3,CBSS,ARY,2003-12-31,2004-03-12,2003-12-31,2019-04-29,37306000,26963113000,25766040500.0,,,0.051,15.016,-87849000.0,804657000,804657000,0.0,341868000.0,,13.404,9209975000,,,9209975000,0,114562000.0,15687823000,0.028,1.433,518150000.0,632712000.0,0.481,632712000.0,518150000.0,518150000.0,2.74,2.69,2.74,1871883000,1933802500.0,1871883000,13480957589,26.0,21.307,320946000.0,2.575,1.0,1316033000.0,1.0,293839000,0.0,35074592000,32986102500.0,0,24491496000,,,25091230000,,,5075639589,-8048000.0,-24382000.0,-182019000.0,2646029000.0,-139376000.0,2955015000.0,-3371858000.0,-3259627000.0,408795000.0,0.0,341868000.0,341868000.0,341868000.0,0.0,0.0,0.26,797883000.0,518150000.0,0,0.421,2.712,14.847,15.161,527295000,0.0,41.54,3.857,3.935,0,1668998000,1316033000.0,1316033000.0,0.0,0.013,0.177,0.016,0.394,0.0,676407000.0,1.0,122186798,124656000,127186000.0,10.557,26669274000,0,176282000.0,0,213.943,
4,CBSS,ARY,2002-12-31,2003-03-11,2002-12-31,2019-04-29,136109000,23884709000,23500990500.0,,,0.052,15.14,-83587000.0,759362000,759362000,0.0,314399000.0,,11.366,6534271000,,,6534271000,0,116687000.0,15135387000,0.033,1.0,477158000.0,593845000.0,0.483,593845000.0,477158000.0,477158000.0,2.46,2.42,2.46,1931502000,1900601500.0,1931502000,9591516108,20.0,16.152,453894000.0,3.558,1.0,1229587000.0,1.0,283835000,0.0,29375783000,29555344750.0,0,21530341000,,,21953207000,,,3816607108,18549000.0,-5292000.0,-90177000.0,-840397000.0,-128183000.0,338685000.0,-857617000.0,-768738000.0,537481000.0,0.0,314399000.0,314399000.0,314399000.0,0.0,0.0,0.256,752429000.0,477158000.0,0,0.407,1.976,12.139,12.297,491884000,0.0,30.25,3.104,3.139,0,1468517000,1229587000.0,1229587000.0,0.0,0.013,0.165,0.016,0.388,0.0,617198000.0,1.0,126168830,127575000,129850000.0,9.638,23600874000,0,162759000.0,0,184.996,
5,CBSS,ARY,2001-12-31,2002-03-11,2001-12-31,2019-04-29,69938000,23015000000,22141162750.0,,,0.05,13.444,-38921000.0,735192000,735192000,0.0,270397000.0,,12.415,7311559000,,,7311559000,0,99446000.0,13735245000,0.029,0.69,410226000.0,509672000.0,0.465,509672000.0,410226000.0,410226000.0,2.13,2.11,2.13,1715641000,1680918250.0,1715641000,10566405600,26.0,20.732,373984000.0,2.931,1.0,1095996000.0,1.0,0,0.0,29591367000,27872217250.0,0,20808453000,,,21299359000,,,3990038600,-34824000.0,0.0,-38922000.0,2917477000.0,-117760000.0,1673614000.0,-2121343000.0,-2082422000.0,412905000.0,0.0,270397000.0,270397000.0,270397000.0,0.0,0.0,0.247,685770000.0,410226000.0,0,0.432,2.326,14.756,14.742,459901000,0.0,31.4,3.641,3.656,0,1283601000,1095996000.0,1095996000.0,0.0,0.012,0.161,0.015,0.374,0.0,505801000.0,1.0,127071293,127617000,129138000.0,8.588,23015000000,0,139829000.0,0,180.344,
6,CBSS,ARY,2000-12-31,2001-03-16,2000-12-31,2019-04-29,-17120000,19992242000,19201460250.0,,,0.048,12.367,-67515000.0,844752000,844752000,0.0,240591000.0,,12.504,4297393000,,,4297393000,0,69629000.0,14033244000,0.043,0.89,356576000.0,426205000.0,0.46,426205000.0,356576000.0,356576000.0,2.01,2.0,2.01,1480462000,1361536750.0,1480462000,6112652493,17.0,14.342,143928000.0,1.202,1.0,926165000.0,1.0,0,0.0,23444883000,22371373000.0,0,17824757000,,,18511780000,,,2660011493,19341000.0,-189682000.0,1762000.0,154159000.0,-105964000.0,622453000.0,-814555000.0,-557358000.0,211443000.0,0.0,240591000.0,240591000.0,240591000.0,0.0,0.0,0.26,569589000.0,356576000.0,0,0.443,1.797,11.056,10.354,457637000,0.0,20.813,2.872,2.69,0,1108126000,926165000.0,926165000.0,0.0,0.013,0.177,0.016,0.385,0.0,421496000.0,1.0,127808360,119707000,120454000.0,7.737,19992242000,0,115985000.0,0,167.01,
7,CBSS,ARY,1999-12-31,2000-03-23,1999-12-31,2019-04-29,-92768000,18150752000,17714030250.0,,,0.048,10.554,-71110000.0,767689000,767689000,0.0,217045000.0,,14.174,4062060000,,,4062060000,0,63866000.0,12808918000,0.042,0.82,331239000.0,395105000.0,0.465,395105000.0,331239000.0,331239000.0,1.9,1.88,1.9,1196204000,1194482750.0,1196204000,5599721377,17.0,14.173,320619000.0,2.829,1.0,849155000.0,1.0,0,0.0,21445123000,20790129500.0,0,16390705000,,,16954548000,,,2305350377,-146993000.0,140790000.0,2722000.0,113199000.0,-92494000.0,136698000.0,-675420000.0,-745100000.0,391729000.0,0.0,217045000.0,217045000.0,217045000.0,0.0,0.0,0.256,517916000.0,331239000.0,0,0.432,1.927,10.622,10.362,400842000,0.0,19.688,2.715,2.628,0,933455000,849155000.0,849155000.0,0.0,0.012,0.182,0.016,0.39,0.0,388187000.0,1.0,117097162,113342000,114441000.0,7.492,18150752000,0,114194000.0,0,160.141,
8,CBSS,ARY,1998-12-31,1999-03-23,1998-12-31,2019-04-29,10555000,17288908000,15401867750.0,,,0.05,10.747,-54033000.0,859400000,859400000,0.0,180880000.0,,13.454,3941450000,,,3941450000,0,50110000.0,12013446000,0.029,0.725,272425000.0,322535000.0,0.422,322535000.0,272425000.0,272425000.0,1.6,1.567,1.6,1196141000,1107789750.0,1196141000,5878748436,22.0,18.227,127362000.0,1.144,1.0,763442000.0,1.0,0,0.0,20370958000,17660164750.0,0,15634079000,,,16092767000,,,2796698436,37692000.0,0.0,3133000.0,1155886000.0,-78234000.0,2194748000.0,-2338451000.0,-2284418000.0,181395000.0,0.0,180880000.0,180880000.0,180880000.0,0.0,0.0,0.237,491017000.0,272425000.0,0,0.453,2.338,15.462,15.417,353009000,0.0,24.667,3.663,3.596,0,885301000,763442000.0,763442000.0,0.0,0.012,0.163,0.015,0.357,0.0,359794000.0,1.0,113379651,111295500,113745000.0,6.86,17288908000,0,91545000.0,0,155.342,
9,CBSS,ARY,1997-12-31,1998-03-23,1997-12-31,2019-04-29,543000,13459555000,,,,,9.743,-57753000.0,763159000,763159000,0.0,155563000.0,,13.02,2736818000,,,2736818000,0,42218000.0,9632545000,0.019,0.648,238493000.0,280711000.0,0.443,280711000.0,238493000.0,238493000.0,1.58,1.56,1.58,960008000,,960008000,5545108788,23.0,19.754,-12280000.0,-0.125,1.0,634220000.0,1.0,0,0.0,15433214000,,0,11973193000,,,12499547000,,,3571449788,-19587000.0,22216000.0,2191000.0,1020587000.0,-61558000.0,793530000.0,-858590000.0,-823053000.0,45473000.0,0.0,155563000.0,155563000.0,155563000.0,0.0,0.0,0.245,395727000.0,238493000.0,0,0.41,3.72,22.958,22.152,296557000,0.0,35.0,5.631,5.438,0,747297000,634220000.0,634220000.0,0.0,,,,0.376,0.0,270668000.0,1.0,102041423,98535000,99771000.0,6.436,13459555000,0,82930000.0,0,136.597,
0,CBSS,ARQ,2007-06-30,2007-08-07,2007-06-30,2019-04-29,-81062000,34882457000,,,,,22.674,-26079000.0,762111000,762111000,0.0,109307000.0,,10.664,7815745000,,,7815745000,0,25635000.0,23658970000,0.024,0.43,164638000.0,190273000.0,0.445,190273000.0,164638000.0,164638000.0,0.83,0.82,0.83,2990603000,,2990603000,16350533432,24.0,20.597,74582000.0,0.565,1.0,428040000.0,1.0,688897000,0.0,41247194000,,0,31761154000,,,31891854000,,,9296899432,7501000.0,0.0,44173000.0,844192000.0,-56931000.0,461272000.0,-554432000.0,-528353000.0,100661000.0,0.0,109307000.0,109307000.0,109307000.0,0.0,0.0,0.255,263402000.0,164638000.0,0,0.518,3.109,20.231,19.714,586388000,0.0,69.59,5.307,5.24,0,2486270000,428040000.0,428040000.0,0.0,,,,,4252000.0,222261000.0,1.0,133595336,131897000,133827000.0,3.245,34193560000,0,55331000.0,0,259.244,
1,CBSS,ARQ,2007-03-31,2007-05-07,2007-03-31,2019-04-29,-38542000,34391693000,,,,,22.489,-11447000.0,723538000,723538000,0.0,113136000.0,,10.731,7008403000,,,7008403000,0,26781000.0,24031039000,0.023,0.43,171725000.0,198506000.0,0.454,198506000.0,171725000.0,171725000.0,0.87,0.85,0.87,2931774000,,2931774000,15384685617,22.0,19.119,173692000.0,1.332,1.0,437160000.0,1.0,688666000,0.0,39987892000,,0,31356770000,,,31459919000,,,9099820617,-35928000.0,0.0,20917000.0,-922611000.0,-56271000.0,27888000.0,-248955000.0,-237508000.0,185139000.0,0.0,113136000.0,113136000.0,113136000.0,0.0,0.0,0.259,265435000.0,171725000.0,0,0.494,3.104,19.545,19.192,582353000,0.0,69.09,5.155,5.102,0,2434673000,437160000.0,437160000.0,0.0,,,,,5481000.0,226856000.0,1.0,131709663,130364000,132781000.0,3.353,33703027000,0,58589000.0,0,258.53,
2,CBSS,ARQ,2006-12-31,2007-02-27,2006-12-31,2019-04-29,-53932000,34199755000,,,,,21.732,-22985000.0,762591000,762591000,0.0,118316000.0,,11.11,7933915000,,,7933915000,0,28770000.0,23045529000,0.023,0.39,171776000.0,200546000.0,0.45,200546000.0,171776000.0,171776000.0,0.91,0.9,0.91,2824134000,,2824134000,16120169866,23.0,20.283,135831000.0,1.045,1.0,445273000.0,1.0,677314000,0.0,40693765000,,0,31101877000,,,31375621000,,,8948845866,46553000.0,0.0,10941000.0,-71320000.0,-50630000.0,125649000.0,-237912000.0,-214927000.0,158816000.0,0.0,118316000.0,118316000.0,118316000.0,0.0,0.0,0.266,273497000.0,171776000.0,0,0.429,3.169,19.439,19.072,589264000,0.0,68.66,5.153,5.055,0,2380160000,445273000.0,445273000.0,0.0,,,,,3904000.0,221345000.0,1.0,130335652,129954000,132153000.0,3.426,33522441000,0,53460000.0,0,257.956,
3,CBSS,ARQ,2006-09-30,2006-11-07,2006-09-30,2019-04-29,-33729000,33957211000,,,,,21.298,-21640000.0,744068000,744068000,0.0,118767000.0,,11.356,8010434000,,,8010434000,0,28875000.0,22822649000,0.027,0.39,175642000.0,204517000.0,0.464,204517000.0,175642000.0,175642000.0,0.92,0.9,0.92,2748244000,,2748244000,14527792856,22.0,18.714,141071000.0,1.093,1.0,441200000.0,1.0,675503000,0.0,40548074000,,0,30880111000,,,31208967000,,,7261426856,-65964000.0,0.0,11325000.0,198003000.0,-50401000.0,139162000.0,-367837000.0,-346197000.0,162711000.0,0.0,118767000.0,118767000.0,118767000.0,0.0,0.0,0.269,265558000.0,175642000.0,0,0.424,2.642,16.348,15.889,595163000,0.0,55.93,4.331,4.305,0,2312687000,441200000.0,441200000.0,0.0,,,,,2810000.0,223653000.0,1.0,129830625,129040000,131799000.0,3.419,33281708000,0,56875000.0,0,257.918,
4,CBSS,ARQ,2006-06-30,2006-08-08,2006-06-30,2019-04-29,-93829000,33613492000,,,,,20.246,-20712000.0,855319000,855319000,0.0,115371000.0,,11.901,7763066000,,,7763066000,0,25233000.0,22837259000,0.025,0.39,175876000.0,201109000.0,0.455,201109000.0,175876000.0,175876000.0,0.9,0.88,0.9,2605512000,,2605512000,14519845121,22.0,19.23,91638000.0,0.712,1.0,441726000.0,1.0,674801000,0.0,39846438000,,0,30461597000,,,31007980000,,,7612098121,-8130000.0,0.0,7164000.0,71229000.0,-50269000.0,739409000.0,-859889000.0,-839177000.0,112350000.0,0.0,115371000.0,115371000.0,115371000.0,0.0,0.0,0.261,265850000.0,175876000.0,0,0.433,2.922,17.683,17.052,592016000,0.0,58.83,4.694,4.669,0,2244841000,441726000.0,441726000.0,0.0,,,,,4348000.0,221793000.0,1.0,129391435,128690000,131395000.0,3.432,32938691000,0,60505000.0,0,255.954,
5,CBSS,ARQ,2006-03-31,2006-05-08,2006-03-31,2019-04-29,-72569000,32782179000,,,,,20.655,-18774000.0,864884000,864884000,0.0,107909000.0,,11.816,7725973000,,,7725973000,0,24460000.0,22128509000,0.026,0.39,164123000.0,188583000.0,0.462,188583000.0,164123000.0,164123000.0,0.87,0.85,0.87,2557940000,,2557940000,14003224997,22.0,18.976,160982000.0,1.3,1.0,408493000.0,1.0,677460000,0.0,38965808000,,0,29656836000,,,30224239000,,,7142135997,-39847000.0,-190071000.0,10158000.0,-177604000.0,-48689000.0,53440000.0,-273043000.0,-64198000.0,179756000.0,0.0,107909000.0,107909000.0,107909000.0,0.0,0.0,0.264,244370000.0,164123000.0,0,0.448,2.792,17.105,16.364,588455000,0.0,55.31,4.583,4.395,0,2180130000,408493000.0,408493000.0,0.0,,,,,1178000.0,207564000.0,1.0,129129199,123839000,126793000.0,3.299,32104719000,0,56214000.0,0,259.246,
6,CBSS,ARQ,2005-12-31,2006-02-24,2005-12-31,2019-04-29,-63156000,30798232000,,,,,18.129,-19978000.0,851949000,851949000,0.0,102138000.0,,12.774,7866784000,,,7866784000,0,26996000.0,20384115000,0.028,0.35,155121000.0,182117000.0,0.473,182117000.0,155121000.0,155121000.0,0.83,0.81,0.83,2236029000,,2236029000,13278687578,22.0,18.596,87091000.0,0.706,1.0,385061000.0,1.0,316197000,0.0,37496870000,,0,28131918000,,,28562203000,,,6263852578,30744000.0,-21469000.0,-49812000.0,-845113000.0,-43054000.0,638482000.0,-714807000.0,-673360000.0,107069000.0,0.0,102138000.0,102138000.0,102138000.0,0.0,0.0,0.265,229940000.0,155121000.0,0,0.422,2.801,15.588,15.594,547195000,0.0,50.68,4.149,4.147,0,2121310000,385061000.0,385061000.0,0.0,,,,,0.0,194510000.0,1.0,123596144,123343000,126231000.0,3.122,30482035000,0,52983000.0,0,247.132,
7,CBSS,ARQ,2005-09-30,2006-01-11,2005-09-30,2019-04-29,-52445000,30133835000,,,,,18.028,-8295000.0,811037000,811037000,0.0,100720000.0,,12.485,8720243000,,,8720243000,0,24650000.0,18834226000,0.028,0.35,152016000.0,176666000.0,0.466,176666000.0,152016000.0,152016000.0,0.81,0.8,0.81,2234577000,,2234577000,14040369719,23.0,19.643,211791000.0,1.709,1.0,379412000.0,1.0,316240000,0.0,37726801000,,0,27531665000,,,27899258000,,,6131163719,94636000.0,0.0,8648000.0,-80557000.0,-43436000.0,501956000.0,-627406000.0,-619111000.0,220086000.0,0.0,100720000.0,100720000.0,100720000.0,0.0,0.0,0.265,227396000.0,152016000.0,0,0.432,2.744,15.159,15.009,542613000,0.0,49.23,4.096,4.076,0,2062796000,379412000.0,379412000.0,0.0,,,,,0.0,192122000.0,1.0,124541209,123947000,126877000.0,3.061,29817595000,0,51296000.0,0,240.567,
8,CBSS,ARQ,2005-09-30,2005-11-04,2005-09-30,2019-04-29,-52445000,30131280000,,,,,17.992,-8295000.0,811037000,811037000,0.0,105051000.0,,12.511,8732354000,,,8732354000,0,24257000.0,18829156000,0.028,0.35,158994000.0,183251000.0,0.474,183251000.0,158994000.0,158994000.0,0.85,0.83,0.85,2230051000,,2230051000,13917976213,23.0,19.472,211791000.0,1.709,1.0,386390000.0,1.0,316240000,0.0,37736357000,,0,27521916000,,,27901229000,,,5996659213,94636000.0,0.0,8648000.0,-80557000.0,-43436000.0,501956000.0,-627406000.0,-619111000.0,220086000.0,0.0,105051000.0,105051000.0,105051000.0,0.0,0.0,0.272,227396000.0,158994000.0,0,0.412,2.689,14.827,14.68,542613000,0.0,48.15,4.006,3.987,0,2058270000,386390000.0,386390000.0,0.0,,,,,0.0,192122000.0,1.0,124541209,123947000,126877000.0,3.117,29815040000,0,53943000.0,0,240.547,
9,CBSS,ARQ,2005-06-30,2005-08-05,2005-06-30,2019-04-29,-32109000,29502927000,,,,,17.622,-26341000.0,721249000,721249000,0.0,102451000.0,,12.544,8834110000,,,8834110000,0,28197000.0,18213381000,0.028,0.35,155808000.0,184005000.0,0.486,184005000.0,155808000.0,155808000.0,0.83,0.81,0.83,2178356000,,2178356000,13981106110,24.0,19.923,101820000.0,0.824,1.0,378403000.0,1.0,316221000,0.0,37299567000,,0,26969518000,,,27324571000,,,5868245110,-151833000.0,0.0,7520000.0,-6240000.0,-43301000.0,530966000.0,-810960000.0,-784619000.0,128161000.0,0.0,102451000.0,102451000.0,102451000.0,0.0,0.0,0.271,222595000.0,155808000.0,0,0.422,2.694,14.932,14.793,548328000,0.0,47.19,3.955,3.932,0,1996860000,378403000.0,378403000.0,0.0,,,,,0.0,187842000.0,1.0,124353573,123617000,126212000.0,3.061,29186706000,0,53357000.0,0,236.106,
10,CBSS,ARQ,2005-03-31,2005-05-06,2005-03-31,2019-04-29,-60468000,28795231000,,,,,16.892,-15141000.0,861850000,861850000,0.0,98756000.0,,12.827,8810801000,,,8810801000,0,25147000.0,17637774000,0.029,0.35,148692000.0,173839000.0,0.469,173839000.0,148692000.0,148692000.0,0.8,0.78,0.8,2082543000,,2082543000,13411856721,23.0,19.76,141067000.0,1.144,1.0,370564000.0,1.0,315882000,0.0,36428300000,,0,26181295000,,,26712688000,,,5462905721,246330000.0,4524000.0,4092000.0,-24178000.0,-78965000.0,502416000.0,-412294000.0,-401677000.0,156208000.0,0.0,98756000.0,98756000.0,98756000.0,0.0,0.0,0.267,221872000.0,148692000.0,0,0.438,2.623,14.29,14.174,537450000,0.0,44.08,3.757,3.738,0,1937974000,370564000.0,370564000.0,0.0,,,,,0.0,189496000.0,1.0,123931618,123286000,126388000.0,3.006,28479349000,0,49936000.0,0,231.002,
11,CBSS,ARQ,2004-12-31,2005-02-28,2004-12-31,2019-04-29,-23376000,28184628000,,,,,16.688,-22355000.0,632627000,632627000,0.0,98190000.0,,12.781,8848747000,,,8848747000,0,26803000.0,17039151000,0.028,0.313,146876000.0,173679000.0,0.48,173679000.0,146876000.0,146876000.0,0.8,0.78,0.8,2045253000,,2045253000,13827196932,25.0,20.902,90880000.0,0.742,1.0,361525000.0,1.0,302619000,0.0,36098129000,,0,25824022000,,,26139375000,,,5611076932,-49854000.0,268000.0,13822000.0,-214110000.0,-2619000.0,346402000.0,-509491000.0,-487404000.0,113235000.0,0.0,98190000.0,98190000.0,98190000.0,0.0,0.0,0.272,214649000.0,146876000.0,0,0.391,2.743,15.174,15.036,537466000,0.0,45.41,3.941,3.899,0,1883454000,361525000.0,361525000.0,0.0,,,,,0.0,180405000.0,1.0,123564786,122557000,126010000.0,2.95,27882009000,0,48686000.0,0,227.502,
12,CBSS,ARQ,2004-09-30,2004-11-04,2004-09-30,2019-04-29,-4031000,27781158000,,,,,16.234,-11419000.0,678036000,678036000,0.0,93602000.0,,12.99,9075493000,,,9075493000,0,29499000.0,16492147000,0.026,0.313,140727000.0,170226000.0,0.456,170226000.0,140727000.0,140727000.0,0.76,0.75,0.76,1985738000,,1985738000,14211850327,26.0,21.944,144505000.0,1.181,1.0,373228000.0,1.0,298839000,0.0,35879776000,,0,25382481000,,,25795420000,,,5814393327,-50149000.0,0.0,4194000.0,-428868000.0,-38085000.0,-258653000.0,52580000.0,63999000.0,155924000.0,0.0,93602000.0,93602000.0,93602000.0,0.0,0.0,0.251,207365000.0,165863000.0,0,0.412,2.928,16.252,16.205,530583000,0.0,47.32,4.164,4.145,0,1823752000,373228000.0,373228000.0,0.0,,,,,0.0,175141000.0,1.0,122873908,122320000,125557000.0,3.051,27482319000,0,47125000.0,0,224.676,
13,CBSS,ARQ,2004-06-30,2004-08-06,2004-06-30,2019-04-29,-13107000,27901092000,,,,,15.694,-18870000.0,741700000,741700000,0.0,91745000.0,,13.564,9467397000,,,9467397000,0,23591000.0,16284821000,0.028,0.313,137399000.0,160990000.0,0.462,160990000.0,137399000.0,137399000.0,0.75,0.73,0.75,1915802000,,1915802000,13997205304,26.0,22.032,105220000.0,0.862,1.0,348580000.0,1.0,298839000,0.0,36327950000,,0,25424197000,,,25985290000,,,5271508304,1392000.0,0.0,-5360000.0,710705000.0,-39505000.0,432142000.0,-554840000.0,-535970000.0,124090000.0,0.0,91745000.0,91745000.0,91745000.0,0.0,0.0,0.263,211181000.0,137399000.0,0,0.417,2.752,15.03,15.028,533207000,0.0,42.98,3.884,3.866,0,1768822000,348580000.0,348580000.0,0.0,,,,,0.0,176956000.0,1.0,122650263,122074000,124947000.0,2.855,27602253000,0,45654000.0,0,226.111,
14,CBSS,ARQ,2004-03-31,2004-05-07,2004-03-31,2019-04-29,52074000,27480584000,,,,,15.788,-16621000.0,704760000,704760000,0.0,86247000.0,,13.259,8780516000,,,8780516000,0,26350000.0,16524445000,0.03,0.313,130280000.0,156630000.0,0.46,156630000.0,130280000.0,130280000.0,0.71,0.69,0.71,1927190000,,1927190000,12829747964,24.0,20.111,104159000.0,0.853,1.0,340427000.0,1.0,298857000,0.0,35257483000,,0,25061621000,,,25553394000,,,4753991963,-42202000.0,0.0,-7865000.0,-433153000.0,-38324000.0,356131000.0,-519113000.0,-502492000.0,120780000.0,0.0,86247000.0,86247000.0,86247000.0,0.0,0.0,0.253,210147000.0,130280000.0,0,0.441,2.467,13.739,13.868,530297000,0.0,38.83,3.559,3.548,0,1715704000,340427000.0,340427000.0,0.0,,,,,0.0,180302000.0,1.0,122430903,122064000,125146000.0,2.789,27181727000,0,44033000.0,0,222.684,
15,CBSS,ARQ,2003-12-31,2004-03-12,2003-12-31,2019-04-29,37306000,26963113000,,,,,15.342,-18251000.0,804657000,804657000,0.0,86178000.0,,13.404,9209975000,,,9209975000,0,29228000.0,15687823000,0.028,0.593,130578000.0,159806000.0,0.478,159806000.0,130578000.0,130578000.0,0.7,0.69,0.7,1871883000,,1871883000,13480957589,26.0,21.307,65667000.0,0.538,1.0,334151000.0,1.0,293839000,0.0,35074592000,,0,24491496000,,,25091230000,,,5075639589,-52398000.0,0.0,-78671000.0,273278000.0,-33977000.0,734693000.0,-871009000.0,-852758000.0,83918000.0,0.0,86178000.0,86178000.0,86178000.0,0.0,0.0,0.258,203573000.0,130578000.0,0,0.847,2.712,14.847,15.161,527295000,0.0,41.54,3.857,3.935,0,1668998000,334151000.0,334151000.0,0.0,,,,,0.0,167681000.0,1.0,122186798,122010000,124786000.0,2.739,26669274000,0,44400000.0,0,218.583,
16,CBSS,ARQ,2003-09-30,2003-11-13,2003-09-30,2019-04-29,52615000,26156918000,,,,,15.323,-22669000.0,811532000,811532000,0.0,86557000.0,,12.671,8896039000,,,8896039000,0,26642000.0,15115345000,0.028,0.28,131236000.0,157878000.0,0.473,157878000.0,131236000.0,131236000.0,0.7,0.68,0.7,1913340000,,1913340000,12855609660,25.0,20.659,118115000.0,0.946,1.0,333916000.0,1.0,296115000,0.0,33945310000,,0,23680946000,,,24243578000,,,4771102660,103441000.0,275000.0,-65950000.0,668443000.0,-35009000.0,549277000.0,-586620000.0,-564226000.0,140784000.0,0.0,86557000.0,86557000.0,86557000.0,0.0,0.0,0.259,202680000.0,131236000.0,0,0.4,2.494,14.175,14.68,522520000,0.0,39.195,3.676,3.771,0,1617616000,333916000.0,333916000.0,0.0,,,,,0.0,172579000.0,1.0,121727329,124869000,127566000.0,2.674,25860803000,0,44679000.0,0,207.103,
17,CBSS,ARQ,2003-06-30,2003-08-14,2003-06-30,2019-04-29,104865000,25623226000,,,,,15.688,-26605000.0,690092000,690092000,0.0,87048000.0,,11.978,8246639000,,,8246639000,0,31730000.0,15136833000,0.031,0.28,131896000.0,163626000.0,0.5,163626000.0,131896000.0,131896000.0,0.69,0.68,0.69,1974416000,,1974416000,11810728446,24.0,19.235,51256000.0,0.407,1.0,327393000.0,1.0,292843000,0.0,32886930000,,0,23251572000,,,23648810000,,,4254181446,8791000.0,-26028000.0,-40694000.0,1409337000.0,-35241000.0,1301157000.0,-1370227000.0,-1317594000.0,77861000.0,0.0,87048000.0,87048000.0,87048000.0,0.0,0.0,0.266,195497000.0,131896000.0,0,0.406,2.155,12.905,13.069,513159000,0.0,33.85,3.335,3.34,0,1566295000,327393000.0,327393000.0,0.0,,,,,0.0,168343000.0,1.0,125677443,125858000,128602000.0,2.601,25330383000,0,44848000.0,0,201.262,
18,CBSS,ARQ,2003-03-31,2003-05-08,2003-03-31,2019-04-29,118406000,24320905000,,,,,15.691,-20324000.0,812769000,812769000,0.0,82085000.0,,11.311,6822530000,,,6822530000,0,26962000.0,15240322000,0.03,0.28,124440000.0,151402000.0,0.472,151402000.0,124440000.0,124440000.0,0.65,0.64,0.65,1975571000,,1975571000,10340847659,21.0,17.274,85908000.0,0.682,1.0,320573000.0,1.0,293088000,0.0,30037578000,,0,21890569000,,,22345334000,,,4331086659,-67882000.0,1371000.0,3296000.0,294971000.0,-35149000.0,369888000.0,-544002000.0,-525049000.0,106232000.0,0.0,82085000.0,82085000.0,82085000.0,0.0,0.0,0.256,196133000.0,124440000.0,0,0.431,2.192,13.506,13.598,500313000,0.0,34.13,3.46,3.433,0,1514940000,320573000.0,320573000.0,0.0,,,,,0.0,167804000.0,1.0,126899697,125901000,128083000.0,2.546,24027817000,0,42355000.0,0,190.847,
19,CBSS,ARQ,2002-12-31,2003-03-11,2002-12-31,2019-04-29,136109000,23884709000,,,,,15.163,-19895000.0,759362000,759362000,0.0,80903000.0,,11.366,6534271000,,,6534271000,0,26089000.0,15135387000,0.033,0.25,123295000.0,149384000.0,0.473,149384000.0,123295000.0,123295000.0,0.63,0.62,0.63,1931502000,,1931502000,9591516108,20.0,16.152,202123000.0,1.587,1.0,316052000.0,1.0,283835000,0.0,29375783000,,0,21530341000,,,21953207000,,,3816607108,-8677000.0,-275000.0,-91690000.0,-626793000.0,-32071000.0,58759000.0,-289454000.0,-269284000.0,222018000.0,0.0,80903000.0,80903000.0,80903000.0,0.0,0.0,0.256,192757000.0,123295000.0,0,0.397,1.976,12.139,12.297,491884000,0.0,30.25,3.104,3.139,0,1468517000,316052000.0,316052000.0,0.0,,,,,0.0,180021000.0,1.0,126168830,127383000,129454000.0,2.481,23600874000,0,42392000.0,0,185.275,
20,CBSS,ARQ,2002-09-30,2002-11-08,2002-09-30,2019-04-29,150926000,23734212000,,,,,15.42,-19483000.0,788155000,788155000,0.0,79618000.0,,10.977,7158946000,,,7158946000,0,28370000.0,14328776000,0.032,0.25,121249000.0,149619000.0,0.48,149619000.0,121249000.0,121249000.0,0.62,0.61,0.62,1981672000,,1981672000,10325518982,22.0,17.7,82155000.0,0.639,1.0,311423000.0,1.0,0,0.0,30105003000,,0,21294491000,,,21752540000,,,3954727982,18767000.0,-6429000.0,-7610000.0,170061000.0,-32208000.0,54093000.0,-136964000.0,-111052000.0,101638000.0,0.0,79618000.0,79618000.0,79618000.0,0.0,0.0,0.256,190174000.0,121249000.0,0,0.403,1.996,12.939,12.854,484918000,0.0,30.85,3.292,3.3,0,1419412000,311423000.0,311423000.0,0.0,,,,,0.0,149802000.0,1.0,128192155,128516000,130872000.0,2.423,23734212000,0,41631000.0,0,184.679,
21,CBSS,ARQ,2002-06-30,2002-08-12,2002-06-30,2019-04-29,141307000,23515104000,,,,,14.965,-25143000.0,786511000,786511000,0.0,78061000.0,,11.331,6946244000,,,6946244000,0,30483000.0,14401355000,0.03,0.25,117741000.0,148224000.0,0.488,148224000.0,117741000.0,117741000.0,0.61,0.6,0.61,1907022000,,1907022000,10348945034,23.0,18.426,110348000.0,0.866,1.0,303690000.0,1.0,0,0.0,29674837000,,0,21202186000,,,21608082000,,,4189212034,126803000.0,188000.0,430000.0,117805000.0,-32027000.0,406706000.0,-415394000.0,-390439000.0,135491000.0,0.0,78061000.0,78061000.0,78061000.0,0.0,0.0,0.257,185949000.0,117741000.0,0,0.41,2.197,14.213,14.082,478180000,0.0,32.53,3.599,3.561,0,1372091000,303690000.0,303690000.0,0.0,,,,,0.0,144220000.0,1.0,128779958,127429000,130210000.0,2.383,23515104000,0,39680000.0,0,184.535,
22,CBSS,ARQ,2002-03-31,2002-05-15,2002-03-31,2019-04-29,77257000,22869937000,,,,,14.038,-19066000.0,605391000,605391000,0.0,75817000.0,,11.832,6801210000,,,6801210000,0,31745000.0,14078094000,0.026,0.25,114873000.0,146618000.0,0.491,146618000.0,114873000.0,114873000.0,0.6,0.59,0.6,1782210000,,1782210000,10773178975,25.0,20.0,59268000.0,0.467,1.0,298422000.0,1.0,0,0.0,29065756000,,0,20818744000,,,21087727000,,,4577359975,-118344000.0,1224000.0,8693000.0,-501470000.0,-31877000.0,-180873000.0,-15805000.0,2037000.0,78334000.0,0.0,75817000.0,75817000.0,75817000.0,0.0,0.0,0.254,183549000.0,114873000.0,0,0.417,2.568,16.137,16.085,466874000,0.0,35.87,4.048,4.028,0,1326772000,298422000.0,298422000.0,0.0,,,,,0.0,135756000.0,1.0,127609701,126956000,129155000.0,2.351,22869937000,0,39056000.0,0,180.141,
23,CBSS,ARQ,2001-12-31,2002-03-11,2001-12-31,2019-04-29,69938000,23015000000,,,,,13.505,-13161000.0,735192000,735192000,0.0,72152000.0,,12.415,7311559000,,,7311559000,0,30601000.0,13735245000,0.029,0.23,108300000.0,138901000.0,0.483,138901000.0,108300000.0,108300000.0,0.57,0.56,0.57,1715641000,,1715641000,10566405600,26.0,20.732,96892000.0,0.763,1.0,287800000.0,1.0,0,0.0,29591367000,,0,20808453000,,,21299359000,,,3990038600,89664000.0,0.0,-9318000.0,484042000.0,-29212000.0,789497000.0,-809886000.0,-796725000.0,110053000.0,0.0,72152000.0,72152000.0,72152000.0,0.0,0.0,0.251,179500000.0,108300000.0,0,0.404,2.326,14.756,14.742,459901000,0.0,31.4,3.641,3.656,0,1283601000,287800000.0,287800000.0,0.0,,,,,0.0,131990000.0,1.0,127071293,127038000,128679000.0,2.265,23015000000,0,36148000.0,0,181.166,
24,CBSS,ARQ,2001-09-30,2001-11-14,2001-09-30,2019-04-29,120365000,22311614000,,,,,13.757,374000.0,632538000,632538000,0.0,68710000.0,,11.672,6810347000,,,6810347000,0,24265000.0,13393075000,0.035,0.23,103642000.0,127907000.0,0.467,127907000.0,103642000.0,103642000.0,0.53,0.53,0.53,1760745000,,1760745000,9518231867,25.0,20.221,116340000.0,0.909,1.0,274148000.0,1.0,0,0.0,28489423000,,0,20131493000,,,20550869000,,,3340422867,-32113000.0,0.0,-3539000.0,666181000.0,-29565000.0,325883000.0,-473962000.0,-474336000.0,115966000.0,0.0,68710000.0,68710000.0,68710000.0,0.0,0.0,0.251,170506000.0,103642000.0,0,0.434,1.897,12.896,12.718,459212000,0.0,26.2,3.204,3.217,0,1240644000,274148000.0,274148000.0,0.0,,,,,0.0,127721000.0,1.0,127497056,127991000,129962000.0,2.142,22311614000,0,34932000.0,0,174.322,
25,CBSS,ARQ,2001-06-30,2001-08-14,2001-06-30,2019-04-29,37154000,21710944000,,,,,12.843,-11340000.0,673046000,673046000,0.0,66972000.0,,12.231,6124766000,,,6124766000,0,22766000.0,13700794000,0.032,0.23,102472000.0,125238000.0,0.463,125238000.0,102472000.0,102472000.0,0.53,0.52,0.53,1640930000,,1640930000,9113595297,24.0,19.884,42179000.0,0.33,1.0,270315000.0,1.0,0,0.0,27162664000,,0,19614350000,,,20070014000,,,3661875297,45023000.0,0.0,-27617000.0,791119000.0,-29466000.0,159676000.0,-168172000.0,-156832000.0,53519000.0,0.0,66972000.0,66972000.0,66972000.0,0.0,0.0,0.248,167843000.0,102472000.0,0,0.434,2.232,14.455,13.869,470363000,0.0,28.57,3.644,3.632,0,1201475000,270315000.0,270315000.0,0.0,,,,,0.0,124297000.0,1.0,128172044,127768000,129323000.0,2.116,21710944000,0,35500000.0,0,169.925,
26,CBSS,ARQ,2001-03-31,2001-05-15,2001-03-31,2019-04-29,42189000,21527093000,,,,,12.582,-14794000.0,652554000,652554000,0.0,62563000.0,,12.401,5370876000,,,5370876000,0,21814000.0,14275370000,0.038,0.0,95815000.0,117629000.0,0.445,117629000.0,95815000.0,95815000.0,0.5,0.5,0.5,1606357000,,1606357000,7702987290,21.0,17.422,118573000.0,0.929,1.0,264094000.0,1.0,0,0.0,26245415000,,0,18498828000,,,19920736000,,,2984665290,-137398000.0,0.0,1552000.0,976135000.0,-29517000.0,398558000.0,-669323000.0,-654529000.0,133367000.0,0.0,62563000.0,62563000.0,62563000.0,0.0,0.0,0.237,168279000.0,95815000.0,0,0.0,1.858,12.082,11.483,471098000,0.0,23.31,3.077,3.068,0,1163996000,264094000.0,264094000.0,0.0,,,,,0.0,122023000.0,1.0,128042269,127666000,128901000.0,2.069,21527093000,0,33252000.0,0,168.62,
27,CBSS,ARQ,2000-12-31,2001-03-16,2000-12-31,2019-04-29,-17120000,19992242000,,,,,12.269,-11535000.0,844752000,844752000,0.0,60779000.0,,12.504,4297393000,,,4297393000,0,17068000.0,14033244000,0.043,0.23,82871000.0,99939000.0,0.427,99939000.0,82871000.0,82871000.0,0.5,0.5,0.5,1480462000,,1480462000,6112652493,17.0,14.342,-82316000.0,-0.682,1.0,233965000.0,1.0,0,0.0,23444883000,,0,17824757000,,,18511780000,,,2660011493,46915000.0,-4336000.0,591000.0,112546000.0,-26596000.0,428284000.0,-310588000.0,-294717000.0,-70781000.0,0.0,60779000.0,60779000.0,60779000.0,0.0,0.0,0.26,151094000.0,82871000.0,0,0.46,1.797,11.056,10.354,457637000,0.0,20.813,2.872,2.69,0,1108126000,233965000.0,233965000.0,0.0,,,,,0.0,113885000.0,1.0,127808360,120670000,121390000.0,1.939,19992242000,0,22092000.0,0,165.677,
28,CBSS,ARQ,2000-09-30,2000-11-14,2000-09-30,2019-04-29,-72660000,19409329000,,,,,11.518,-20580000.0,729547000,729547000,0.0,63009000.0,,12.968,4188555000,,,4188555000,0,19987000.0,13691029000,0.048,0.22,95551000.0,115538000.0,0.488,115538000.0,95551000.0,95551000.0,0.53,0.52,0.53,1389547000,,1389547000,5628008706,16.0,13.054,67974000.0,0.563,1.0,236658000.0,1.0,0,0.0,22868337000,,0,17548912000,,,18019782000,,,2169000706,-95875000.0,-142321000.0,336000.0,391932000.0,-26500000.0,104561000.0,-288990000.0,-126089000.0,88554000.0,0.0,63009000.0,63009000.0,63009000.0,0.0,0.0,0.266,141107000.0,95551000.0,0,0.415,1.561,9.224,8.969,457262000,0.0,17.938,2.375,2.37,0,1073967000,236658000.0,236658000.0,0.0,,,,,0.0,103762000.0,1.0,120919900,120639000,121398000.0,1.962,19409329000,0,32542000.0,0,160.888,
29,CBSS,ARQ,2000-06-30,2000-08-14,2000-06-30,2019-04-29,-99790000,18937492000,,,,,10.987,-19118000.0,846781000,846781000,0.0,60681000.0,,13.292,3753368000,,,3753368000,0,16462000.0,13712944000,0.043,0.22,92562000.0,109024000.0,0.464,109024000.0,92562000.0,92562000.0,0.5,0.5,0.5,1325040000,,1325040000,5249010763,15.0,12.643,64858000.0,0.538,1.0,235174000.0,1.0,0,0.0,21844079000,,0,16994666000,,,17612452000,,,2342423763,67165000.0,-43025000.0,401000.0,98644000.0,-26641000.0,132826000.0,-149637000.0,-87494000.0,83976000.0,0.0,60681000.0,60681000.0,60681000.0,0.0,0.0,0.258,142612000.0,92562000.0,0,0.44,1.768,10.312,9.936,433856000,0.0,19.375,2.629,2.622,0,1037561000,235174000.0,235174000.0,0.0,,,,,0.0,103357000.0,1.0,120899291,120604000,121432000.0,1.95,18937492000,0,31881000.0,0,157.022,
30,CBSS,ARQ,2000-03-31,2000-05-15,2000-03-31,2019-04-29,-102730000,18466778000,,,,,10.702,-16282000.0,769954000,769954000,0.0,56122000.0,,13.76,3631369000,,,3631369000,0,16112000.0,13480723000,0.042,0.22,85592000.0,101704000.0,0.462,101704000.0,85592000.0,85592000.0,0.48,0.48,0.48,1251098000,,1251098000,5221562821,16.0,12.959,93412000.0,0.799,1.0,220368000.0,1.0,0,0.0,21328193000,,0,16680101000,,,17215680000,,,2360147821,1136000.0,0.0,434000.0,-448963000.0,-26227000.0,-43218000.0,-65340000.0,-49058000.0,109694000.0,0.0,56122000.0,56122000.0,56122000.0,0.0,0.0,0.255,134776000.0,85592000.0,0,0.458,1.886,10.72,10.189,413799000,0.0,19.563,2.729,2.645,0,984186000,220368000.0,220368000.0,0.0,,,,,0.0,100492000.0,1.0,120646534,116905000,117450000.0,1.885,18466778000,0,29470000.0,0,157.964,
31,CBSS,ARQ,1999-12-31,2000-03-23,1999-12-31,2019-04-29,-92768000,18150752000,,,,,10.545,-20062000.0,767689000,767689000,0.0,55329000.0,,14.174,4062060000,,,4062060000,0,19680000.0,12808918000,0.042,0.22,85191000.0,104871000.0,0.474,104871000.0,85191000.0,85191000.0,0.49,0.48,0.49,1196204000,,1196204000,5599721377,17.0,14.173,62437000.0,0.55,1.0,221032000.0,1.0,0,0.0,21445123000,,0,16390705000,,,16954548000,,,2305350377,128869000.0,-68874000.0,1188000.0,443569000.0,-24345000.0,201555000.0,-155185000.0,-66249000.0,82499000.0,0.0,55329000.0,55329000.0,55329000.0,0.0,0.0,0.25,135841000.0,85191000.0,0,0.449,1.927,10.622,10.362,400842000,0.0,19.688,2.715,2.628,0,933455000,221032000.0,221032000.0,0.0,,,,,0.0,102825000.0,1.0,117097162,113441000,114423000.0,1.948,18150752000,0,29862000.0,0,160.002,
32,CBSS,ARQ,1999-09-30,1999-11-15,1999-09-30,2019-04-29,-64085000,17681373000,,,,,10.607,-16276000.0,612930000,612930000,0.0,55021000.0,,13.702,3612043000,,,3612043000,0,16531000.0,12744515000,0.028,0.2,83039000.0,99570000.0,0.464,99570000.0,83039000.0,83039000.0,0.48,0.48,0.48,1202669000,,1202669000,6103387156,19.0,16.393,120217000.0,1.06,1.0,214459000.0,1.0,0,0.0,20680486000,,0,16157489000,,,16478704000,,,3104274156,-92426000.0,0.0,743000.0,-252626000.0,-22729000.0,-139543000.0,-89376000.0,-73100000.0,136493000.0,0.0,55021000.0,55021000.0,55021000.0,0.0,0.0,0.257,131420000.0,83039000.0,0,0.417,2.581,15.055,15.852,383619000,0.0,27.313,3.648,3.639,0,901231000,214459000.0,214459000.0,0.0,,,,,0.0,97853000.0,1.0,113657635,113388000,114586000.0,1.891,17681373000,0,28018000.0,0,155.937,
33,CBSS,ARQ,1999-06-30,1999-08-11,1999-06-30,2019-04-29,-52776000,17731328000,,,,,10.406,-22133000.0,693912000,693912000,0.0,53696000.0,,14.038,3863755000,,,3863755000,0,14621000.0,12610602000,0.028,0.2,82165000.0,96786000.0,0.463,96786000.0,82165000.0,82165000.0,0.47,0.47,0.47,1179094000,,1179094000,6173929912,21.0,17.202,21038000.0,0.186,1.0,208861000.0,1.0,0,0.0,20901171000,,0,16136689000,,,16552234000,,,3004086912,-159079000.0,209664000.0,401000.0,173046000.0,-22713000.0,238133000.0,-440383000.0,-627914000.0,43171000.0,0.0,53696000.0,53696000.0,53696000.0,0.0,0.0,0.257,126696000.0,82165000.0,0,0.426,2.548,15.145,15.643,376104000,0.0,26.438,3.657,3.647,0,869279000,208861000.0,208861000.0,0.0,,,,,0.0,93163000.0,1.0,113629765,113309000,114583000.0,1.843,17731328000,0,28469000.0,0,156.486,
34,CBSS,ARQ,1999-03-31,1999-05-17,1999-03-31,2019-04-29,215000,17292668000,,,,,10.598,-12639000.0,849614000,849614000,0.0,52999000.0,,13.411,3690684000,,,3690684000,0,13034000.0,12140644000,0.024,0.2,80844000.0,93878000.0,0.458,93878000.0,80844000.0,80844000.0,0.46,0.45,0.46,1199964000,,1199964000,6231830188,22.0,18.429,116927000.0,1.033,1.0,204803000.0,1.0,0,0.0,20133738000,,0,15639592000,,,16092704000,,,3390760188,-24357000.0,0.0,390000.0,-250790000.0,-22707000.0,-163447000.0,9524000.0,22163000.0,129566000.0,0.0,52999000.0,52999000.0,52999000.0,0.0,0.0,0.259,123959000.0,80844000.0,0,0.435,2.826,17.913,18.236,357126000,0.0,29.906,4.287,4.281,0,838668000,204803000.0,204803000.0,0.0,,,,,0.0,94346000.0,1.0,113379651,113229000,114173000.0,1.809,17292668000,0,27845000.0,0,152.723,
35,CBSS,ARQ,1998-12-31,1999-03-23,1998-12-31,2019-04-29,10555000,17288908000,,,,,9.393,-11928000.0,859400000,859400000,0.0,44474000.0,,13.454,3941450000,,,3941450000,0,14842000.0,12013446000,0.029,0.2,67231000.0,82073000.0,0.368,82073000.0,67231000.0,67231000.0,0.313,0.293,0.313,1196141000,,1196141000,5878748436,22.0,18.227,-87131000.0,-0.684,1.0,222847000.0,1.0,0,0.0,20370958000,,0,15634079000,,,16092767000,,,2796698436,264605000.0,0.0,716000.0,734220000.0,-22829000.0,1456649000.0,-1116841000.0,-1104913000.0,-75203000.0,0.0,44474000.0,44474000.0,44474000.0,0.0,0.0,0.2,155616000.0,67231000.0,0,0.639,2.338,15.462,15.417,353009000,0.0,24.667,3.663,3.596,0,885301000,222847000.0,222847000.0,0.0,,,,,0.0,103546000.0,1.0,113379651,127347000,132874500.0,1.75,17288908000,0,22757000.0,0,135.762,
36,CBSS,ARQ,1998-09-30,1998-11-16,1998-09-30,2019-04-29,20446000,15165397000,,,,,10.598,-14759000.0,569367000,569367000,0.0,47183000.0,,12.487,3171207000,,,3171207000,0,15342000.0,10643338000,0.026,0.175,70833000.0,86175000.0,0.466,86175000.0,70833000.0,70833000.0,0.447,0.44,0.447,1124406000,,1124406000,5377032509,,,-49988000.0,-0.471,1.0,184881000.0,1.0,0,0.0,17767237000,,0,13828104000,,,14040991000,,,2775192509,-121274000.0,0.0,-1176000.0,561155000.0,-18612000.0,435230000.0,-521275000.0,-506516000.0,-35229000.0,0.0,47183000.0,47183000.0,47183000.0,0.0,0.0,0.255,114048000.0,70833000.0,0,0.391,2.468,,,334722000,0.0,26.083,,,0,848268000,184881000.0,184881000.0,0.0,,,,,0.0,88088000.0,1.0,106397171,106098000,107253000.0,1.743,15165397000,0,23650000.0,0,142.938,
37,CBSS,ARQ,1998-06-30,1998-08-14,1998-06-30,2019-04-29,6361000,14648267000,,,,,10.219,-14230000.0,811838000,811838000,0.0,44633000.0,,12.661,2610029000,,,2610029000,0,8370000.0,10652247000,0.026,0.175,67657000.0,76027000.0,0.426,76027000.0,67657000.0,67657000.0,0.42,0.42,0.42,1072233000,,1072233000,4491097906,,,5917000.0,0.056,1.0,178451000.0,1.0,0,0.0,16446458000,,0,13081830000,,,13576034000,,,2692906906,-58628000.0,0.0,1500000.0,12423000.0,-18419000.0,155473000.0,-234248000.0,-220018000.0,20147000.0,0.0,44633000.0,44633000.0,44633000.0,0.0,0.0,0.25,110794000.0,67657000.0,0,0.417,2.511,,,325505000,0.0,25.583,,,0,818563000,178451000.0,178451000.0,0.0,,,,,0.0,84103000.0,1.0,105260219,104922000,106405500.0,1.701,14648267000,0,23024000.0,0,139.611,
38,CBSS,ARQ,1998-03-31,1998-05-15,1998-03-31,2019-04-29,1602000,14504899000,,,,,9.921,-13116000.0,1046476000,1046476000,0.0,42949000.0,,12.969,2597583000,,,2597583000,0,11556000.0,10493112000,0.021,0.175,65063000.0,76619000.0,0.441,76619000.0,65063000.0,65063000.0,0.413,0.407,0.413,1038379000,,1038379000,4766913184,,,258564000.0,2.47,1.0,173543000.0,1.0,0,0.0,16056006000,,0,12690161000,,,13466520000,,,3215806184,-47011000.0,0.0,2093000.0,-151912000.0,-18374000.0,147396000.0,-466087000.0,-452971000.0,271680000.0,0.0,42949000.0,42949000.0,42949000.0,0.0,0.0,0.247,108480000.0,65063000.0,0,0.424,3.097,,,317682000,0.0,30.583,,,0,792940000,173543000.0,173543000.0,0.0,,,,,0.0,82472000.0,1.0,105148988,104668500,106255500.0,1.658,14504899000,0,22114000.0,0,138.579,
39,CBSS,ARQ,1997-12-31,1998-03-23,1997-12-31,2019-04-29,543000,13459555000,,,,,9.743,,763159000,763159000,,,,13.02,2736818000,,,2736818000,0,,9632545000,0.019,0.175,,,,,,,,,,960008000,,960008000,5545108788,23.0,19.754,,,1.0,,,0,,15433214000,,0,11973193000,,,12499547000,,,3571449788,,,,,,,,,,,,,,,,,,,0,,3.72,22.958,22.152,296557000,,35.0,5.631,5.438,0,747297000,,,,,,,,,,1.0,102041423,98535000,,,13459555000,0,,0,136.597,
0,CBSS,ART,2007-06-30,2007-08-07,2007-06-30,2019-04-29,-81062000,34882457000,34357779000.0,,,0.051,22.674,-82151000.0,762111000,762111000,0.0,459526000.0,,10.664,7815745000,,,7815745000,0,110061000.0,23658970000,0.024,1.64,683781000.0,793842000.0,0.453,793842000.0,683781000.0,683781000.0,3.53,3.47,3.53,2990603000,2873688750.0,2990603000,16350533432,24.0,20.597,525176000.0,3.982,1.0,1751673000.0,1.0,688897000,0.0,41247194000,40619231250.0,0,31761154000,,,31891854000,,,9296899432,-47838000.0,0.0,87356000.0,48264000.0,-214233000.0,753971000.0,-1409136000.0,-1326985000.0,607327000.0,0.0,459526000.0,459526000.0,459526000.0,0.0,0.0,0.262,1067892000.0,683781000.0,0,0.465,3.109,20.231,19.714,586388000,0.0,69.59,5.307,5.24,0,2486270000,1751673000.0,1751673000.0,0.0,0.013,0.16,0.017,0.39,16447000.0,894115000.0,1.0,133595336,131897000,133827000.0,13.281,34193560000,0,224255000.0,0,259.244,
1,CBSS,ART,2007-03-31,2007-05-07,2007-03-31,2019-04-29,-38542000,34391693000,34040537750.0,,,0.052,22.489,-76784000.0,723538000,723538000,0.0,465590000.0,,10.731,7008403000,,,7008403000,0,109659000.0,24031039000,0.023,1.6,695019000.0,804678000.0,0.456,804678000.0,695019000.0,695019000.0,3.6,3.53,3.6,2931774000,2777416000.0,2931774000,15384685617,22.0,19.119,542232000.0,4.159,1.0,1765359000.0,1.0,688666000,0.0,39987892000,40269042250.0,0,31356770000,,,31459919000,,,9099820617,-63469000.0,0.0,50347000.0,-724699000.0,-207571000.0,1032108000.0,-1714593000.0,-1637809000.0,619016000.0,0.0,465590000.0,465590000.0,465590000.0,0.0,0.0,0.264,1070340000.0,695019000.0,0,0.444,3.104,19.545,19.192,582353000,0.0,69.09,5.155,5.102,0,2434673000,1765359000.0,1765359000.0,0.0,0.014,0.168,0.017,0.394,16543000.0,893647000.0,1.0,131709663,130364000,132781000.0,13.542,33703027000,0,229429000.0,0,258.53,
2,CBSS,ART,2006-12-31,2007-02-27,2006-12-31,2019-04-29,-53932000,34199755000,33638159250.0,,,0.052,22.088,-84111000.0,762591000,762591000,0.0,460363000.0,,11.11,7933915000,,,7933915000,0,107338000.0,23045529000,0.023,1.56,687417000.0,794755000.0,0.458,794755000.0,687417000.0,687417000.0,3.6,3.53,3.6,2824134000,2683957500.0,2824134000,16120169866,23.0,20.283,529522000.0,4.142,1.0,1736692000.0,1.0,677314000,0.0,40693765000,40013521250.0,0,31101877000,,,31375621000,,,8948845866,-67388000.0,-190071000.0,39588000.0,20308000.0,-199989000.0,1057660000.0,-1738681000.0,-1464499000.0,613633000.0,0.0,460363000.0,460363000.0,460363000.0,0.0,0.0,0.265,1049275000.0,687417000.0,0,0.433,3.169,19.439,19.072,589264000,0.0,68.66,5.153,5.055,0,2380160000,1736692000.0,1736692000.0,0.0,0.014,0.172,0.017,0.396,12240000.0,874355000.0,1.0,130335652,127857000,130458000.0,13.583,33522441000,0,227054000.0,0,262.187,
3,CBSS,ART,2006-09-30,2006-11-07,2006-09-30,2019-04-29,-33729000,33957211000,32787778500.0,,,0.051,21.298,-81104000.0,744068000,744068000,0.0,444185000.0,,11.356,8010434000,,,8010434000,0,105564000.0,22822649000,0.027,1.52,670762000.0,776326000.0,0.463,776326000.0,670762000.0,670762000.0,3.52,3.44,3.52,2748244000,2536931250.0,2748244000,14527792856,22.0,18.714,480782000.0,3.726,1.0,1676480000.0,1.0,675503000,0.0,40548074000,39214297500.0,0,30880111000,,,31208967000,,,7261426856,-83197000.0,-211540000.0,-21165000.0,-753485000.0,-192413000.0,1570493000.0,-2215576000.0,-1922932000.0,561886000.0,0.0,444185000.0,444185000.0,444185000.0,0.0,0.0,0.265,1005718000.0,670762000.0,0,0.432,2.642,16.348,15.889,595163000,0.0,55.93,4.331,4.305,0,2312687000,1676480000.0,1676480000.0,0.0,0.014,0.175,0.017,0.4,8336000.0,847520000.0,1.0,129830625,129040000,131799000.0,12.992,33281708000,0,226577000.0,0,257.918,
4,CBSS,ART,2006-06-30,2006-08-08,2006-06-30,2019-04-29,-93829000,33613492000,31831295750.0,,,0.051,20.246,-67759000.0,855319000,855319000,0.0,430469000.0,,11.901,7763066000,,,7763066000,0,100946000.0,22837259000,0.025,1.48,654114000.0,755060000.0,0.466,755060000.0,654114000.0,654114000.0,3.45,3.37,3.45,2605512000,2407383000.0,2605512000,14519845121,22.0,19.23,551502000.0,4.286,1.0,1621670000.0,1.0,674801000,0.0,39846438000,38511368250.0,0,30461597000,,,31007980000,,,7612098121,77403000.0,-211540000.0,-23842000.0,-1032045000.0,-185448000.0,1933287000.0,-2475145000.0,-2195846000.0,619261000.0,0.0,430469000.0,430469000.0,430469000.0,0.0,0.0,0.265,967556000.0,654114000.0,0,0.429,2.922,17.683,17.052,592016000,0.0,58.83,4.694,4.669,0,2244841000,1621670000.0,1621670000.0,0.0,0.014,0.179,0.017,0.403,5526000.0,815989000.0,1.0,129391435,128690000,131395000.0,12.601,32938691000,0,223645000.0,0,255.954,
5,CBSS,ART,2006-03-31,2006-05-08,2006-03-31,2019-04-29,-72569000,32782179000,30803654500.0,,,0.051,20.655,-73388000.0,864884000,864884000,0.0,417549000.0,,11.816,7725973000,,,7725973000,0,103910000.0,22128509000,0.026,1.44,634046000.0,737956000.0,0.474,737956000.0,634046000.0,634046000.0,3.38,3.3,3.38,2557940000,2300594000.0,2557940000,14003224997,22.0,18.976,561684000.0,4.536,1.0,1558347000.0,1.0,677460000,0.0,38965808000,37874650500.0,0,29656836000,,,30224239000,,,7142135997,-66300000.0,-211540000.0,-23486000.0,-1109514000.0,-178480000.0,1724844000.0,-2426216000.0,-2141288000.0,635072000.0,0.0,417549000.0,417549000.0,417549000.0,0.0,0.0,0.268,924301000.0,634046000.0,0,0.426,2.792,17.105,16.364,588455000,0.0,55.31,4.583,4.395,0,2180130000,1558347000.0,1558347000.0,0.0,0.014,0.181,0.017,0.407,1178000.0,782038000.0,1.0,129129199,123839000,126793000.0,12.584,32104719000,0,216497000.0,0,259.246,
6,CBSS,ART,2005-12-31,2006-02-24,2005-12-31,2019-04-29,-63156000,30798232000,29806917500.0,,,0.051,18.098,-69755000.0,851949000,851949000,0.0,401830000.0,,12.774,7866784000,,,7866784000,0,106008000.0,20384115000,0.028,1.4,608036000.0,714044000.0,0.473,714044000.0,608036000.0,608036000.0,3.25,3.18,3.25,2236029000,2181744750.0,2236029000,13278687578,22.0,18.596,541769000.0,4.385,1.0,1509839000.0,1.0,316197000,0.0,37496870000,37240273500.0,0,28131918000,,,28562203000,,,6263852578,219877000.0,-16945000.0,-29552000.0,-956088000.0,-208756000.0,2173820000.0,-2565467000.0,-2478767000.0,611524000.0,0.0,401830000.0,401830000.0,401830000.0,0.0,0.0,0.266,901803000.0,608036000.0,0,0.431,2.801,15.588,15.594,547195000,0.0,50.68,4.149,4.147,0,2121310000,1509839000.0,1509839000.0,0.0,0.013,0.184,0.016,0.403,0.0,763970000.0,1.0,123596144,123550000,126423000.0,12.22,30482035000,0,206206000.0,0,246.718,
7,CBSS,ART,2005-09-30,2006-01-11,2005-09-30,2019-04-29,-52445000,30133835000,29153516500.0,,,0.051,18.028,-72132000.0,811037000,811037000,0.0,404448000.0,,12.485,8720243000,,,8720243000,0,104404000.0,18834226000,0.028,1.4,610370000.0,714774000.0,0.478,714774000.0,610370000.0,610370000.0,3.28,3.2,3.28,2234577000,2134050750.0,2234577000,14040369719,23.0,19.643,545558000.0,4.402,1.0,1496882000.0,1.0,316240000,0.0,37726801000,36890588250.0,0,27531665000,,,27899258000,,,6131163719,139279000.0,4792000.0,34082000.0,-325085000.0,-168321000.0,1881740000.0,-2360151000.0,-2292811000.0,617690000.0,0.0,404448000.0,404448000.0,404448000.0,0.0,0.0,0.27,886512000.0,610370000.0,0,0.427,2.744,15.159,15.009,542613000,0.0,49.23,4.096,4.076,0,2062796000,1496882000.0,1496882000.0,0.0,0.014,0.19,0.017,0.408,0.0,749865000.0,1.0,124541209,123947000,126877000.0,12.077,29817595000,0,205922000.0,0,240.567,
8,CBSS,ART,2005-09-30,2005-11-04,2005-09-30,2019-04-29,-52445000,30131280000,29153516500.0,,,0.051,17.992,-72132000.0,811037000,811037000,0.0,404448000.0,,12.511,8732354000,,,8732354000,0,104404000.0,18829156000,0.028,1.362,610370000.0,714774000.0,0.478,714774000.0,610370000.0,610370000.0,3.28,3.2,3.28,2230051000,2134050750.0,2230051000,13917976213,23.0,19.472,545558000.0,4.402,1.0,1496882000.0,1.0,316240000,0.0,37736357000,36890588250.0,0,27521916000,,,27901229000,,,5996659213,139279000.0,4792000.0,34082000.0,-325085000.0,-168321000.0,1881740000.0,-2360151000.0,-2292811000.0,617690000.0,0.0,404448000.0,404448000.0,404448000.0,0.0,0.0,0.27,886512000.0,610370000.0,0,0.415,2.689,14.827,14.68,542613000,0.0,48.15,4.006,3.987,0,2058270000,1496882000.0,1496882000.0,0.0,0.014,0.19,0.017,0.408,0.0,749865000.0,1.0,124541209,123947000,126877000.0,12.077,29815040000,0,205922000.0,0,240.547,
9,CBSS,ART,2005-06-30,2005-08-05,2005-06-30,2019-04-29,-32109000,29502927000,28565986000.0,,,0.052,17.622,-75256000.0,721249000,721249000,0.0,392999000.0,,12.544,8834110000,,,8834110000,0,109646000.0,18213381000,0.028,1.325,592103000.0,701749000.0,0.473,701749000.0,592103000.0,592103000.0,3.19,3.12,3.19,2178356000,2072972500.0,2178356000,13981106110,24.0,19.923,478272000.0,3.869,1.0,1483720000.0,1.0,316221000,0.0,37299567000,36426443000.0,0,26969518000,,,27324571000,,,5868245110,-5506000.0,4792000.0,29628000.0,-673396000.0,-162970000.0,1121131000.0,-1680165000.0,-1609701000.0,553528000.0,0.0,392999000.0,392999000.0,392999000.0,0.0,0.0,0.265,866481000.0,617239000.0,0,0.415,2.694,14.932,14.793,548328000,0.0,47.19,3.955,3.932,0,1996860000,1483720000.0,1483720000.0,0.0,0.014,0.19,0.016,0.399,0.0,732884000.0,1.0,124353573,123617000,126212000.0,12.003,29186706000,0,199104000.0,0,236.106,
10,CBSS,ART,2005-03-31,2005-05-06,2005-03-31,2019-04-29,-60468000,28795231000,28165527250.0,,,0.052,16.892,-67785000.0,861850000,861850000,0.0,382293000.0,,12.827,8810801000,,,8810801000,0,105040000.0,17637774000,0.029,1.288,573694000.0,678734000.0,0.467,678734000.0,573694000.0,573694000.0,3.11,3.04,3.11,2082543000,2007334000.0,2082543000,13411856721,23.0,19.76,481672000.0,3.907,1.0,1453897000.0,1.0,315882000,0.0,36428300000,36183538750.0,0,26181295000,,,26712688000,,,5462905721,147719000.0,4792000.0,16748000.0,43549000.0,-159174000.0,1022307000.0,-1424045000.0,-1361052000.0,549457000.0,0.0,382293000.0,382293000.0,382293000.0,0.0,0.0,0.263,855067000.0,598830000.0,0,0.414,2.623,14.29,14.174,537450000,0.0,44.08,3.757,3.738,0,1937974000,1453897000.0,1453897000.0,0.0,0.014,0.19,0.016,0.395,0.0,721998000.0,1.0,123931618,123286000,126388000.0,11.793,28479349000,0,191401000.0,0,231.002,
11,CBSS,ART,2004-12-31,2005-02-28,2004-12-31,2019-04-29,-23376000,28184628000,27836865500.0,,,0.051,16.73,-69265000.0,632627000,632627000,0.0,369784000.0,,12.781,8848747000,,,8848747000,0,106243000.0,17039151000,0.028,1.25,555282000.0,661525000.0,0.465,661525000.0,555282000.0,555282000.0,3.02,2.95,3.02,2045253000,1968495750.0,2045253000,13827196932,25.0,20.902,444764000.0,3.638,1.0,1423760000.0,1.0,302619000,0.0,36098129000,35890834500.0,0,25824022000,,,26139375000,,,5611076932,-140813000.0,268000.0,4791000.0,-365426000.0,-118533000.0,876022000.0,-1530864000.0,-1461867000.0,514029000.0,0.0,369784000.0,369784000.0,369784000.0,0.0,0.0,0.26,843342000.0,580418000.0,0,0.414,2.743,15.174,15.036,537466000,0.0,45.41,3.941,3.899,0,1883454000,1423760000.0,1423760000.0,0.0,0.013,0.188,0.015,0.39,0.0,712804000.0,1.0,123564786,122254000,125416000.0,11.646,27882009000,0,185498000.0,0,228.066,
12,CBSS,ART,2004-09-30,2004-11-04,2004-09-30,2019-04-29,-4031000,27781158000,27531486750.0,,,0.051,16.234,-65161000.0,678036000,678036000,0.0,357772000.0,,12.99,9075493000,,,9075493000,0,108668000.0,16492147000,0.026,1.218,538984000.0,647652000.0,0.464,647652000.0,538984000.0,538984000.0,2.92,2.86,2.92,1985738000,1925153250.0,1985738000,14211850327,26.0,21.944,419551000.0,3.43,1.0,1396386000.0,1.0,298839000,0.0,35879776000,35634950250.0,0,25382481000,,,25795420000,,,5814393327,-143357000.0,0.0,-87702000.0,121962000.0,-149891000.0,1264313000.0,-1892382000.0,-1827221000.0,484712000.0,0.0,357772000.0,357772000.0,357772000.0,0.0,0.0,0.256,832266000.0,564120000.0,0,0.417,2.928,16.252,16.205,530583000,0.0,47.32,4.164,4.145,0,1823752000,1396386000.0,1396386000.0,0.0,0.013,0.186,0.015,0.386,0.0,700080000.0,1.0,122873908,122320000,125557000.0,11.416,27482319000,0,181212000.0,0,224.676,
13,CBSS,ART,2004-06-30,2004-08-06,2004-06-30,2019-04-29,-13107000,27901092000,27125426750.0,,,0.05,15.694,-76411000.0,741700000,741700000,0.0,350727000.0,,13.564,9467397000,,,9467397000,0,105811000.0,16284821000,0.028,1.185,529493000.0,635304000.0,0.468,635304000.0,529493000.0,529493000.0,2.86,2.79,2.86,1915802000,1907053750.0,1915802000,13997205304,26.0,22.032,393161000.0,3.221,1.0,1357074000.0,1.0,298839000,0.0,36327950000,35151333750.0,0,25424197000,,,25985290000,,,5271508304,10233000.0,275000.0,-157846000.0,1219273000.0,-146815000.0,2072243000.0,-2531582000.0,-2455446000.0,469572000.0,0.0,350727000.0,350727000.0,350727000.0,0.0,0.0,0.258,827581000.0,529493000.0,0,0.414,2.752,15.03,15.028,533207000,0.0,42.98,3.884,3.866,0,1768822000,1357074000.0,1357074000.0,0.0,0.013,0.184,0.015,0.39,0.0,697518000.0,1.0,122650263,122074000,124947000.0,11.117,27602253000,0,178766000.0,0,226.111,
14,CBSS,ART,2004-03-31,2004-05-07,2004-03-31,2019-04-29,52074000,27480584000,26555960250.0,,,0.05,15.788,-84146000.0,704760000,704760000,0.0,346030000.0,,13.259,8780516000,,,8780516000,0,113950000.0,16524445000,0.03,1.153,523990000.0,637940000.0,0.478,637940000.0,523990000.0,523990000.0,2.8,2.74,2.8,1927190000,1921707250.0,1927190000,12829747964,24.0,20.111,339197000.0,2.779,1.0,1335887000.0,1.0,298857000,0.0,35257483000,34291078750.0,0,25061621000,,,25553394000,,,4753991963,17632000.0,-25753000.0,-193180000.0,1917905000.0,-142551000.0,2941258000.0,-3346969000.0,-3237070000.0,423343000.0,0.0,346030000.0,346030000.0,346030000.0,0.0,0.0,0.259,811897000.0,523990000.0,0,0.412,2.467,13.739,13.868,530297000,0.0,38.83,3.559,3.548,0,1715704000,1335887000.0,1335887000.0,0.0,0.013,0.18,0.015,0.392,0.0,688905000.0,1.0,122430903,122064000,125146000.0,10.944,27181727000,0,177960000.0,0,222.684,
15,CBSS,ART,2003-12-31,2004-03-12,2003-12-31,2019-04-29,37306000,26963113000,25766040500.0,,,0.051,15.016,-87849000.0,804657000,804657000,0.0,341868000.0,,13.404,9209975000,,,9209975000,0,114562000.0,15687823000,0.028,1.153,518150000.0,632712000.0,0.481,632712000.0,518150000.0,518150000.0,2.74,2.69,2.74,1871883000,1933802500.0,1871883000,13480957589,26.0,21.307,320946000.0,2.575,1.0,1316033000.0,1.0,293839000,0.0,35074592000,32986102500.0,0,24491496000,,,25091230000,,,5075639589,-8048000.0,-24382000.0,-182019000.0,2646029000.0,-139376000.0,2955015000.0,-3371858000.0,-3259627000.0,408795000.0,0.0,341868000.0,341868000.0,341868000.0,0.0,0.0,0.26,797883000.0,518150000.0,0,0.421,2.712,14.847,15.161,527295000,0.0,41.54,3.857,3.935,0,1668998000,1316033000.0,1316033000.0,0.0,0.013,0.177,0.016,0.394,0.0,676407000.0,1.0,122186798,124656000,127186000.0,10.557,26669274000,0,176282000.0,0,213.943,
16,CBSS,ART,2003-09-30,2003-11-13,2003-09-30,2019-04-29,52615000,26156918000,24996439500.0,,,0.052,15.323,-89493000.0,811532000,811532000,0.0,336593000.0,,12.671,8896039000,,,8896039000,0,111423000.0,15115345000,0.028,1.09,510867000.0,622290000.0,0.479,622290000.0,510867000.0,510867000.0,2.67,2.62,2.67,1913340000,1948707250.0,1913340000,12855609660,25.0,20.659,457402000.0,3.663,1.0,1297934000.0,1.0,296115000,0.0,33945310000,31561400250.0,0,23680946000,,,24243578000,,,4771102660,35673000.0,-24657000.0,-195038000.0,1745958000.0,-137470000.0,2279081000.0,-2790303000.0,-2676153000.0,546895000.0,0.0,336593000.0,336593000.0,336593000.0,0.0,0.0,0.259,787067000.0,510867000.0,0,0.408,2.494,14.175,14.68,522520000,0.0,39.195,3.676,3.771,0,1617616000,1297934000.0,1297934000.0,0.0,0.013,0.173,0.016,0.394,0.0,688747000.0,1.0,121727329,124869000,127566000.0,10.394,25860803000,0,174274000.0,0,207.103,
17,CBSS,ART,2003-06-30,2003-08-14,2003-06-30,2019-04-29,104865000,25623226000,24390763000.0,,,0.052,15.688,-86307000.0,690092000,690092000,0.0,329654000.0,,11.978,8246639000,,,8246639000,0,113151000.0,15136833000,0.031,1.06,500880000.0,614031000.0,0.481,614031000.0,500880000.0,500880000.0,2.59,2.55,2.59,1974416000,1965790250.0,1974416000,11810728446,24.0,19.235,421442000.0,3.349,1.0,1275441000.0,1.0,292843000,0.0,32886930000,30601323500.0,0,23251572000,,,23648810000,,,4254181446,-49001000.0,-31361000.0,-136698000.0,1247576000.0,-134669000.0,1783897000.0,-2340647000.0,-2222979000.0,507749000.0,0.0,329654000.0,329654000.0,329654000.0,0.0,0.0,0.258,774561000.0,500880000.0,0,0.409,2.155,12.905,13.069,513159000,0.0,33.85,3.335,3.34,0,1566295000,1275441000.0,1275441000.0,0.0,0.014,0.168,0.016,0.393,0.0,665970000.0,1.0,125677443,125858000,128602000.0,10.134,25330383000,0,171226000.0,0,201.262,
18,CBSS,ART,2003-03-31,2003-05-08,2003-03-31,2019-04-29,118406000,24320905000,23863732500.0,,,0.052,15.691,-84845000.0,812769000,812769000,0.0,320667000.0,,11.311,6822530000,,,6822530000,0,111904000.0,15240322000,0.03,1.03,486725000.0,598629000.0,0.478,598629000.0,486725000.0,486725000.0,2.51,2.47,2.51,1975571000,1948941750.0,1975571000,10340847659,21.0,17.274,480534000.0,3.817,1.0,1251738000.0,1.0,293088000,0.0,30037578000,29798300250.0,0,21890569000,,,22345334000,,,4331086659,69011000.0,-5145000.0,-95574000.0,-43956000.0,-131455000.0,889446000.0,-1385814000.0,-1295824000.0,565379000.0,0.0,320667000.0,320667000.0,320667000.0,0.0,0.0,0.256,765013000.0,486725000.0,0,0.41,2.192,13.506,13.598,500313000,0.0,34.13,3.46,3.433,0,1514940000,1251738000.0,1251738000.0,0.0,0.013,0.165,0.016,0.389,0.0,641847000.0,1.0,126899697,125901000,128083000.0,9.942,24027817000,0,166058000.0,0,190.847,
19,CBSS,ART,2002-12-31,2003-03-11,2002-12-31,2019-04-29,136109000,23884709000,23500990500.0,,,0.052,15.14,-83587000.0,759362000,759362000,0.0,314399000.0,,11.366,6534271000,,,6534271000,0,116687000.0,15135387000,0.033,1.0,477158000.0,593845000.0,0.483,593845000.0,477158000.0,477158000.0,2.46,2.42,2.46,1931502000,1900601500.0,1931502000,9591516108,20.0,16.152,453894000.0,3.558,1.0,1229587000.0,1.0,283835000,0.0,29375783000,29555344750.0,0,21530341000,,,21953207000,,,3816607108,18549000.0,-5292000.0,-90177000.0,-840397000.0,-128183000.0,338685000.0,-857617000.0,-768738000.0,537481000.0,0.0,314399000.0,314399000.0,314399000.0,0.0,0.0,0.256,752429000.0,477158000.0,0,0.407,1.976,12.139,12.297,491884000,0.0,30.25,3.104,3.139,0,1468517000,1229587000.0,1229587000.0,0.0,0.013,0.165,0.016,0.388,0.0,617198000.0,1.0,126168830,127575000,129850000.0,9.638,23600874000,0,162759000.0,0,184.996,
20,CBSS,ART,2002-09-30,2002-11-08,2002-09-30,2019-04-29,150926000,23734212000,23283563250.0,,,0.052,15.42,-76853000.0,788155000,788155000,0.0,305648000.0,,10.977,7158946000,,,7158946000,0,121199000.0,14328776000,0.032,0.98,462163000.0,583362000.0,0.486,583362000.0,462163000.0,462163000.0,2.4,2.36,2.4,1981672000,1846636250.0,1981672000,10325518982,22.0,17.7,348663000.0,2.713,1.0,1201335000.0,1.0,0,0.0,30105003000,29609240750.0,0,21294491000,,,21752540000,,,3954727982,116890000.0,-5017000.0,-7805000.0,270438000.0,-125324000.0,1069423000.0,-1378049000.0,-1296179000.0,425516000.0,0.0,305648000.0,305648000.0,305648000.0,0.0,0.0,0.254,739172000.0,462163000.0,0,0.408,1.996,12.939,12.854,484918000,0.0,30.85,3.292,3.3,0,1419412000,1201335000.0,1201335000.0,0.0,0.013,0.166,0.016,0.385,0.0,561768000.0,1.0,128192155,128516000,130872000.0,9.348,23734212000,0,156515000.0,0,184.679,
21,CBSS,ART,2002-06-30,2002-08-12,2002-06-30,2019-04-29,141307000,23515104000,22927913750.0,,,0.051,14.965,-56996000.0,786511000,786511000,0.0,294740000.0,,11.331,6946244000,,,6946244000,0,117094000.0,14401355000,0.03,0.96,444556000.0,561650000.0,0.482,561650000.0,444556000.0,444556000.0,2.31,2.28,2.31,1907022000,1791404500.0,1907022000,10348945034,23.0,18.426,382848000.0,3.004,1.0,1164060000.0,1.0,0,0.0,29674837000,29205345750.0,0,21202186000,,,21608082000,,,4189212034,66010000.0,1412000.0,-3734000.0,766558000.0,-122681000.0,1341213000.0,-1715047000.0,-1659463000.0,439844000.0,0.0,294740000.0,294740000.0,294740000.0,0.0,0.0,0.253,719504000.0,444556000.0,0,0.416,2.197,14.213,14.082,478180000,0.0,32.53,3.599,3.561,0,1372091000,1164060000.0,1164060000.0,0.0,0.013,0.165,0.015,0.382,0.0,539687000.0,1.0,128779958,127429000,130210000.0,9.135,23515104000,0,149816000.0,0,184.535,
22,CBSS,ART,2002-03-31,2002-05-15,2002-03-31,2019-04-29,77257000,22869937000,22476873750.0,,,0.05,14.038,-43193000.0,605391000,605391000,0.0,283651000.0,,11.832,6801210000,,,6801210000,0,109377000.0,14078094000,0.026,0.94,429287000.0,538664000.0,0.476,538664000.0,429287000.0,429287000.0,2.23,2.2,2.23,1782210000,1724881500.0,1782210000,10773178975,25.0,20.0,314679000.0,2.479,1.0,1130685000.0,1.0,0,0.0,29065756000,28577302500.0,0,20818744000,,,21087727000,,,4577359975,-15770000.0,1224000.0,-31781000.0,1439872000.0,-120120000.0,1094183000.0,-1467825000.0,-1425856000.0,357872000.0,0.0,283651000.0,283651000.0,283651000.0,0.0,0.0,0.251,701398000.0,429287000.0,0,0.422,2.568,16.137,16.085,466874000,0.0,35.87,4.048,4.028,0,1326772000,1130685000.0,1130685000.0,0.0,0.013,0.164,0.015,0.38,0.0,519764000.0,1.0,127609701,126956000,129155000.0,8.906,22869937000,0,145636000.0,0,180.141,
23,CBSS,ART,2001-12-31,2002-03-11,2001-12-31,2019-04-29,69938000,23015000000,22141162750.0,,,0.05,13.444,-38921000.0,735192000,735192000,0.0,270397000.0,,12.415,7311559000,,,7311559000,0,99446000.0,13735245000,0.029,0.92,410226000.0,509672000.0,0.465,509672000.0,410226000.0,410226000.0,2.13,2.11,2.13,1715641000,1680918250.0,1715641000,10566405600,26.0,20.732,373984000.0,2.931,1.0,1095996000.0,1.0,0,0.0,29591367000,27872217250.0,0,20808453000,,,21299359000,,,3990038600,-34824000.0,0.0,-38922000.0,2917477000.0,-117760000.0,1673614000.0,-2121343000.0,-2082422000.0,412905000.0,0.0,270397000.0,270397000.0,270397000.0,0.0,0.0,0.247,685770000.0,410226000.0,0,0.432,2.326,14.756,14.742,459901000,0.0,31.4,3.641,3.656,0,1283601000,1095996000.0,1095996000.0,0.0,0.012,0.161,0.015,0.374,0.0,505801000.0,1.0,127071293,127617000,129138000.0,8.588,23015000000,0,139829000.0,0,180.344,
24,CBSS,ART,2001-09-30,2001-11-14,2001-09-30,2019-04-29,120365000,22311614000,21385473250.0,,,0.049,13.757,-37295000.0,632538000,632538000,0.0,259024000.0,,11.672,6810347000,,,6810347000,0,85913000.0,13393075000,0.035,0.91,384800000.0,470713000.0,0.452,470713000.0,384800000.0,384800000.0,2.06,2.05,2.06,1760745000,1622123500.0,1760745000,9518231867,25.0,20.221,194776000.0,1.522,1.0,1042522000.0,1.0,0,0.0,28489423000,26335596250.0,0,20131493000,,,20550869000,,,3340422867,-77573000.0,-4336000.0,-29013000.0,2545981000.0,-115144000.0,1312401000.0,-1622045000.0,-1580414000.0,232071000.0,0.0,259024000.0,259024000.0,259024000.0,0.0,0.0,0.248,657722000.0,384800000.0,0,0.442,1.897,12.896,12.718,459212000,0.0,26.2,3.204,3.217,0,1240644000,1042522000.0,1042522000.0,0.0,0.012,0.16,0.015,0.369,0.0,487926000.0,1.0,127497056,127991000,129962000.0,8.145,22311614000,0,125776000.0,0,174.322,
25,CBSS,ART,2001-06-30,2001-08-14,2001-06-30,2019-04-29,37154000,21710944000,20659902000.0,,,0.049,12.843,-58249000.0,673046000,673046000,0.0,253323000.0,,12.231,6124766000,,,6124766000,0,81635000.0,13700794000,0.032,0.9,376709000.0,458344000.0,0.456,458344000.0,376709000.0,376709000.0,2.06,2.04,2.06,1640930000,1529324000.0,1640930000,9113595297,24.0,19.884,146410000.0,1.146,1.0,1005032000.0,1.0,0,0.0,27162664000,24930324750.0,0,19614350000,,,20070014000,,,3661875297,-141335000.0,-146657000.0,-25138000.0,2271732000.0,-112079000.0,1091079000.0,-1437073000.0,-1232167000.0,204659000.0,0.0,253323000.0,253323000.0,253323000.0,0.0,0.0,0.252,628323000.0,376709000.0,0,0.437,2.232,14.455,13.869,470363000,0.0,28.57,3.644,3.632,0,1201475000,1005032000.0,1005032000.0,0.0,0.012,0.166,0.015,0.375,0.0,463967000.0,1.0,128172044,127768000,129323000.0,7.866,21710944000,0,123386000.0,0,169.925,
26,CBSS,ART,2001-03-31,2001-05-15,2001-03-31,2019-04-29,42189000,21527093000,19966539000.0,,,0.049,12.582,-66027000.0,652554000,652554000,0.0,247032000.0,,12.401,5370876000,,,5370876000,0,75331000.0,14275370000,0.038,0.89,366799000.0,442130000.0,0.456,442130000.0,366799000.0,366799000.0,2.03,2.02,2.03,1606357000,1450351500.0,1606357000,7702987290,21.0,17.422,169089000.0,1.324,1.0,969891000.0,1.0,0,0.0,26245415000,23600678500.0,0,18498828000,,,19920736000,,,2984665290,-119193000.0,-189682000.0,2880000.0,1579257000.0,-109254000.0,1064229000.0,-1418538000.0,-1162829000.0,235116000.0,0.0,247032000.0,247032000.0,247032000.0,0.0,0.0,0.255,603092000.0,366799000.0,0,0.438,1.858,12.082,11.483,471098000,0.0,23.31,3.077,3.068,0,1163996000,969891000.0,969891000.0,0.0,0.012,0.17,0.016,0.378,0.0,443027000.0,1.0,128042269,127666000,128901000.0,7.597,21527093000,0,119767000.0,0,168.62,
27,CBSS,ART,2000-12-31,2001-03-16,2000-12-31,2019-04-29,-17120000,19992242000,19201460250.0,,,0.048,12.367,-67515000.0,844752000,844752000,0.0,240591000.0,,12.504,4297393000,,,4297393000,0,69629000.0,14033244000,0.043,0.89,356576000.0,426205000.0,0.46,426205000.0,356576000.0,356576000.0,2.01,2.0,2.01,1480462000,1361536750.0,1480462000,6112652493,17.0,14.342,143928000.0,1.202,1.0,926165000.0,1.0,0,0.0,23444883000,22371373000.0,0,17824757000,,,18511780000,,,2660011493,19341000.0,-189682000.0,1762000.0,154159000.0,-105964000.0,622453000.0,-814555000.0,-557358000.0,211443000.0,0.0,240591000.0,240591000.0,240591000.0,0.0,0.0,0.26,569589000.0,356576000.0,0,0.443,1.797,11.056,10.354,457637000,0.0,20.813,2.872,2.69,0,1108126000,926165000.0,926165000.0,0.0,0.013,0.177,0.016,0.385,0.0,421496000.0,1.0,127808360,119707000,120454000.0,7.737,19992242000,0,115985000.0,0,167.01,
28,CBSS,ART,2000-09-30,2000-11-14,2000-09-30,2019-04-29,-72660000,19409329000,18741087750.0,,,0.049,11.518,-76042000.0,729547000,729547000,0.0,235141000.0,,12.968,4188555000,,,4188555000,0,72241000.0,13691029000,0.048,0.86,358896000.0,431137000.0,0.472,431137000.0,358896000.0,358896000.0,2.0,1.98,2.0,1389547000,1290472250.0,1389547000,5628008706,16.0,13.054,288681000.0,2.393,1.0,913232000.0,1.0,0,0.0,22868337000,21871433000.0,0,17548912000,,,18019782000,,,2169000706,101295000.0,-254220000.0,2359000.0,485182000.0,-103713000.0,395724000.0,-659152000.0,-328890000.0,364723000.0,0.0,235141000.0,235141000.0,235141000.0,0.0,0.0,0.257,554336000.0,358896000.0,0,0.43,1.561,9.224,8.969,457262000,0.0,17.938,2.375,2.37,0,1073967000,913232000.0,913232000.0,0.0,0.013,0.182,0.016,0.393,0.0,410436000.0,1.0,120919900,120639000,121398000.0,7.57,19409329000,0,123755000.0,0,160.888,
29,CBSS,ART,2000-06-30,2000-08-14,2000-06-30,2019-04-29,-99790000,18937492000,18309098750.0,,,0.049,10.987,-71738000.0,846781000,846781000,0.0,227153000.0,,13.292,3753368000,,,3753368000,0,68785000.0,13712944000,0.043,0.84,346384000.0,415169000.0,0.466,415169000.0,346384000.0,346384000.0,1.95,1.94,1.95,1325040000,1243752750.0,1325040000,5249010763,15.0,12.643,340924000.0,2.827,1.0,891033000.0,1.0,0,0.0,21844079000,21324470250.0,0,16994666000,,,17612452000,,,2342423763,104744000.0,-111899000.0,2766000.0,-159376000.0,-99942000.0,151620000.0,-459538000.0,-275901000.0,412662000.0,0.0,227153000.0,227153000.0,227153000.0,0.0,0.0,0.255,544649000.0,346384000.0,0,0.431,1.768,10.312,9.936,433856000,0.0,19.375,2.629,2.622,0,1037561000,891033000.0,891033000.0,0.0,0.012,0.183,0.016,0.389,0.0,404527000.0,1.0,120899291,120604000,121432000.0,7.388,18937492000,0,119231000.0,0,157.022,
30,CBSS,ART,2000-03-31,2000-05-15,2000-03-31,2019-04-29,-102730000,18466778000,18007557750.0,,,0.048,10.702,-74753000.0,769954000,769954000,0.0,220168000.0,,13.76,3631369000,,,3631369000,0,66944000.0,13480723000,0.042,0.82,335987000.0,402931000.0,0.466,402931000.0,335987000.0,335987000.0,1.92,1.91,1.92,1251098000,1207266250.0,1251098000,5221562821,16.0,12.959,297104000.0,2.541,1.0,864720000.0,1.0,0,0.0,21328193000,21088743250.0,0,16680101000,,,17215680000,,,2360147821,-121500000.0,140790000.0,2766000.0,-84974000.0,-96014000.0,256927000.0,-750284000.0,-816321000.0,371857000.0,0.0,220168000.0,220168000.0,220168000.0,0.0,0.0,0.255,528733000.0,335987000.0,0,0.427,1.886,10.72,10.189,413799000,0.0,19.563,2.729,2.645,0,984186000,864720000.0,864720000.0,0.0,0.012,0.182,0.016,0.389,0.0,394333000.0,1.0,120646534,116905000,117450000.0,7.397,18466778000,0,115819000.0,0,157.964,
31,CBSS,ART,1999-12-31,2000-03-23,1999-12-31,2019-04-29,-92768000,18150752000,17714030250.0,,,0.048,10.554,-71110000.0,767689000,767689000,0.0,217045000.0,,14.174,4062060000,,,4062060000,0,63866000.0,12808918000,0.042,0.82,331239000.0,395105000.0,0.465,395105000.0,331239000.0,331239000.0,1.9,1.88,1.9,1196204000,1194482750.0,1196204000,5599721377,17.0,14.173,320619000.0,2.829,1.0,849155000.0,1.0,0,0.0,21445123000,20790129500.0,0,16390705000,,,16954548000,,,2305350377,-146993000.0,140790000.0,2722000.0,113199000.0,-92494000.0,136698000.0,-675420000.0,-745100000.0,391729000.0,0.0,217045000.0,217045000.0,217045000.0,0.0,0.0,0.256,517916000.0,331239000.0,0,0.432,1.927,10.622,10.362,400842000,0.0,19.688,2.715,2.628,0,933455000,849155000.0,849155000.0,0.0,0.012,0.182,0.016,0.39,0.0,388187000.0,1.0,117097162,113342000,114441000.0,7.492,18150752000,0,114194000.0,0,160.141,
32,CBSS,ART,1999-09-30,1999-11-15,1999-09-30,2019-04-29,-64085000,17681373000,17498569250.0,,,0.049,10.607,-62976000.0,612930000,612930000,0.0,206190000.0,,13.702,3612043000,,,3612043000,0,59028000.0,12744515000,0.028,0.775,313279000.0,372307000.0,0.438,372307000.0,313279000.0,313279000.0,1.723,1.693,1.723,1202669000,1194467000.0,1202669000,6103387156,19.0,16.393,171051000.0,1.509,1.0,850970000.0,1.0,0,0.0,20680486000,20521588250.0,0,16157489000,,,16478704000,,,3104274156,-11257000.0,209664000.0,2250000.0,403850000.0,-90978000.0,1391792000.0,-1637076000.0,-1783764000.0,234027000.0,0.0,206190000.0,206190000.0,206190000.0,0.0,0.0,0.242,537691000.0,313279000.0,0,0.45,2.581,15.055,15.852,383619000,0.0,27.313,3.648,3.639,0,901231000,850970000.0,850970000.0,0.0,0.012,0.173,0.015,0.368,0.0,388908000.0,1.0,113657635,113388000,114586000.0,7.505,17681373000,0,107089000.0,0,155.937,
33,CBSS,ART,1999-06-30,1999-08-11,1999-06-30,2019-04-29,-52776000,17731328000,16869575250.0,,,0.049,10.406,-61459000.0,693912000,693912000,0.0,198352000.0,,14.038,3863755000,,,3863755000,0,57839000.0,12610602000,0.028,0.75,301073000.0,358912000.0,0.437,358912000.0,301073000.0,301073000.0,1.69,1.653,1.69,1179094000,1174901250.0,1179094000,6173929912,21.0,17.202,846000.0,0.007,1.0,821392000.0,1.0,0,0.0,20901171000,19793276000.0,0,16136689000,,,16552234000,,,3004086912,-40105000.0,209664000.0,331000.0,1217631000.0,-86861000.0,1966565000.0,-2068975000.0,-2217180000.0,62305000.0,0.0,198352000.0,198352000.0,198352000.0,0.0,0.0,0.241,520319000.0,301073000.0,0,0.444,2.548,15.145,15.643,376104000,0.0,26.438,3.657,3.647,0,869279000,821392000.0,821392000.0,0.0,0.012,0.169,0.015,0.367,0.0,379143000.0,1.0,113629765,113309000,114583000.0,7.249,17731328000,0,102721000.0,0,156.486,
34,CBSS,ART,1999-03-31,1999-05-17,1999-03-31,2019-04-29,215000,17292668000,16098810000.0,,,0.049,10.598,-53556000.0,849614000,849614000,0.0,189289000.0,,13.411,3690684000,,,3690684000,0,51588000.0,12140644000,0.024,0.725,286565000.0,338153000.0,0.428,338153000.0,286565000.0,286565000.0,1.64,1.603,1.64,1199964000,1148186000.0,1199964000,6231830188,22.0,18.429,-14275000.0,-0.126,1.0,790982000.0,1.0,0,0.0,20133738000,18679597750.0,0,15639592000,,,16092704000,,,3390760188,60346000.0,0.0,1430000.0,1057008000.0,-82567000.0,1883905000.0,-1862840000.0,-1809284000.0,39281000.0,0.0,189289000.0,189289000.0,189289000.0,0.0,0.0,0.239,504417000.0,286565000.0,0,0.442,2.826,17.913,18.236,357126000,0.0,29.906,4.287,4.281,0,838668000,790982000.0,790982000.0,0.0,0.012,0.165,0.015,0.362,0.0,370083000.0,1.0,113379651,113229000,114173000.0,6.986,17292668000,0,97276000.0,0,152.723,
35,CBSS,ART,1998-12-31,1999-03-23,1998-12-31,2019-04-29,10555000,17288908000,15401867750.0,,,0.05,10.747,-54033000.0,859400000,859400000,0.0,180880000.0,,13.454,3941450000,,,3941450000,0,50110000.0,12013446000,0.029,0.725,272425000.0,322535000.0,0.422,322535000.0,272425000.0,272425000.0,1.6,1.567,1.6,1196141000,1107789750.0,1196141000,5878748436,22.0,18.227,127362000.0,1.144,1.0,763442000.0,1.0,0,0.0,20370958000,17660164750.0,0,15634079000,,,16092767000,,,2796698436,37692000.0,0.0,3133000.0,1155886000.0,-78234000.0,2194748000.0,-2338451000.0,-2284418000.0,181395000.0,0.0,180880000.0,180880000.0,180880000.0,0.0,0.0,0.237,491017000.0,272425000.0,0,0.453,2.338,15.462,15.417,353009000,0.0,24.667,3.663,3.596,0,885301000,763442000.0,763442000.0,0.0,0.012,0.163,0.015,0.357,0.0,359794000.0,1.0,113379651,111295500,113745000.0,6.86,17288908000,0,91545000.0,0,155.342,
36,CBSS,ART,1998-09-30,1998-11-16,1998-09-30,2019-04-29,20446000,15165397000,14444529500.0,,,,10.598,,569367000,569367000,,,,12.487,3171207000,,,3171207000,0,,10643338000,0.026,0.683,,,,,,,,,,1124406000,1048756500.0,1124406000,5377032509,,,,,1.0,,,0,,17767237000,16425728750.0,0,13828104000,,,14040991000,,,2775192509,,,,,,,,,,,,,,,,,,,0,,2.468,,,334722000,,26.083,,,0,848268000,,,,,,,,,,1.0,106397171,106098000,,,15165397000,0,,0,142.938,
37,CBSS,ART,1998-06-30,1998-08-14,1998-06-30,2019-04-29,6361000,14648267000,,,,,10.219,,811838000,811838000,,,,12.661,2610029000,,,2610029000,0,,10652247000,0.026,0.666,,,,,,,,,,1072233000,,1072233000,4491097906,,,,,1.0,,,0,,16446458000,,0,13081830000,,,13576034000,,,2692906906,,,,,,,,,,,,,,,,,,,0,,2.511,,,325505000,,25.583,,,0,818563000,,,,,,,,,,1.0,105260219,104922000,,,14648267000,0,,0,139.611,
38,CBSS,ART,1998-03-31,1998-05-15,1998-03-31,2019-04-29,1602000,14504899000,,,,,9.921,,1046476000,1046476000,,,,12.969,2597583000,,,2597583000,0,,10493112000,0.021,0.648,,,,,,,,,,1038379000,,1038379000,4766913184,,,,,1.0,,,0,,16056006000,,0,12690161000,,,13466520000,,,3215806184,,,,,,,,,,,,,,,,,,,0,,3.097,,,317682000,,30.583,,,0,792940000,,,,,,,,,,1.0,105148988,104668500,,,14504899000,0,,0,138.579,
39,CBSS,ART,1997-12-31,1998-03-23,1997-12-31,2019-04-29,543000,13459555000,,,,,9.743,-57753000.0,763159000,763159000,0.0,155563000.0,,13.02,2736818000,,,2736818000,0,42218000.0,9632545000,0.019,0.648,238493000.0,280711000.0,0.443,280711000.0,238493000.0,238493000.0,1.58,1.56,1.58,960008000,,960008000,5545108788,23.0,19.754,-12280000.0,-0.125,1.0,634220000.0,1.0,0,0.0,15433214000,,0,11973193000,,,12499547000,,,3571449788,-19587000.0,22216000.0,2191000.0,1020587000.0,-61558000.0,793530000.0,-858590000.0,-823053000.0,45473000.0,0.0,155563000.0,155563000.0,155563000.0,0.0,0.0,0.245,395727000.0,238493000.0,0,0.41,3.72,22.958,22.152,296557000,0.0,35.0,5.631,5.438,0,747297000,634220000.0,634220000.0,0.0,,,,0.376,0.0,270668000.0,1.0,102041423,98535000,99771000.0,6.436,13459555000,0,82930000.0,0,136.597,
