None,ticker,dimension,calendardate,datekey,reportperiod,lastupdated,accoci,assets,assetsavg,assetsc,assetsnc,assetturnover,bvps,capex,cashneq,cashnequsd,cor,consolinc,currentratio,de,debt,debtc,debtnc,debtusd,deferredrev,depamor,deposits,divyield,dps,ebit,ebitda,ebitdamargin,ebitdausd,ebitusd,ebt,eps,epsdil,epsusd,equity,equityavg,equityusd,ev,evebit,evebitda,fcf,fcfps,fxusd,gp,grossmargin,intangibles,intexp,invcap,invcapavg,inventory,investments,investmentsc,investmentsnc,liabilities,liabilitiesc,liabilitiesnc,marketcap,ncf,ncfbus,ncfcommon,ncfdebt,ncfdiv,ncff,ncfi,ncfinv,ncfo,ncfx,netinc,netinccmn,netinccmnusd,netincdis,netincnci,netmargin,opex,opinc,payables,payoutratio,pb,pe,pe1,ppnenet,prefdivis,price,ps,ps1,receivables,retearn,revenue,revenueusd,rnd,roa,roe,roic,ros,sbcomp,sgna,sharefactor,sharesbas,shareswa,shareswadil,sps,tangibles,taxassets,taxexp,taxliabilities,tbvps,workingcapital
0,S2,ARY,2019-12-31,2019-05-29,2019-03-31,2021-06-30,-392000000,84601000000,86326250000.0,12891000000,71710000000,0.389,6.426,-12567000000.0,6982000000,6982000000,17927000000.0,-1943000000.0,1.064,2.243,39923000000,4557000000,35366000000,39923000000,0,9391000000.0,0,0.0,0.0,585000000.0,9976000000.0,0.297,9976000000.0,585000000.0,-1978000000.0,-0.48,-0.48,-0.48,26072000000,27659000000.0,26072000000,60758491680,104.0,6.09,-2138000000.0,-0.527,1.0,15673000000.0,0.466,49391000000,2563000000.0,56036000000,57993000000.0,999000000,67000000,67000000,0,58474000000,12115000000,46359000000,27817491680,404000000.0,0.0,291000000.0,-457000000.0,0.0,-483000000.0,-9542000000.0,2255000000.0,10429000000.0,0.0,-1943000000.0,-1943000000.0,-1943000000.0,0.0,0.0,-0.058,14627000000.0,1046000000.0,3961000000,0.0,1.067,-14.317,-14.167,21201000000,0.0,6.8,0.828,0.821,3554000000,-1883000000,33600000000.0,33600000000.0,0.0,-0.023,-0.07,0.01,0.017,132000000.0,7774000000.0,1.0,4090807600,4057000000,4057000000.0,8.282,35210000000,0,-35000000.0,7556000000,8.679,776000000
1,S2,ARY,2018-12-31,2018-05-24,2018-03-31,2021-06-30,-313000000,85459000000,83167000000.0,14253000000,71206000000,0.39,6.591,-10895000000.0,6610000000,6610000000,17195000000.0,7377000000.0,1.32,2.24,40892000000,3429000000,37463000000,40892000000,0,8580000000.0,0,0.0,0.0,2680000000.0,11260000000.0,0.347,11260000000.0,2680000000.0,315000000.0,1.85,1.81,1.85,26356000000,22656500000.0,26356000000,54981208776,21.0,4.883,-833000000.0,-0.208,1.0,15211000000.0,0.469,50360000000,2365000000.0,58581000000,55913500000.0,1003000000,2354000000,2354000000,0,59040000000,10800000000,48240000000,20699208776,3717000000.0,0.0,0.0,11000000.0,0.0,-210000000.0,-6135000000.0,4230000000.0,10062000000.0,0.0,7389000000.0,7389000000.0,7389000000.0,0.0,-12000000.0,0.228,12955000000.0,2256000000.0,3409000000,0.0,0.785,2.801,2.789,19925000000,0.0,5.16,0.639,0.637,3711000000,-1255000000,32406000000.0,32406000000.0,0.0,0.089,0.326,0.048,0.083,182000000.0,8087000000.0,1.0,4011474569,3999000000,4078000000.0,8.104,35099000000,0,-7074000000.0,7294000000,8.777,3453000000
2,S2,ARY,2017-12-31,2017-05-26,2017-03-31,2021-06-30,-404000000,85123000000,81910250000.0,14117000000,71006000000,0.407,4.724,-3958000000.0,2870000000,2870000000,14938000000.0,-1206000000.0,1.133,3.526,40914000000,5036000000,35878000000,40914000000,0,8150000000.0,0,0.0,0.0,1724000000.0,9874000000.0,0.296,9874000000.0,1724000000.0,-771000000.0,-0.3,-0.3,-0.3,18808000000,19182250000.0,18808000000,71568068460,42.0,7.248,210000000.0,0.053,1.0,18409000000.0,0.552,50484000000,2495000000.0,60225000000,52550000000.0,1064000000,5444000000,5444000000,0,66315000000,12458000000,53857000000,33524068460,229000000.0,0.0,0.0,5549000000.0,0.0,5286000000.0,-9225000000.0,-5444000000.0,4168000000.0,0.0,-1206000000.0,-1206000000.0,-1206000000.0,0.0,0.0,-0.036,16210000000.0,2199000000.0,3281000000,0.0,1.782,-27.798,-28.0,19209000000,0.0,8.4,1.005,1.003,4138000000,-8584000000,33347000000.0,33347000000.0,0.0,-0.015,-0.063,0.033,0.052,93000000.0,7994000000.0,1.0,3990960531,3981000000,3981000000.0,8.377,34639000000,0,435000000.0,14416000000,8.701,1659000000
3,S2,ARY,2016-12-31,2016-05-17,2016-03-31,2021-06-30,-439000000,78975000000,80204000000.0,6833000000,72142000000,0.401,4.984,-7070000000.0,2641000000,2641000000,15234000000.0,-1995000000.0,0.571,2.992,33958000000,4690000000,29268000000,33958000000,0,7088000000.0,0,0.0,0.0,328000000.0,7416000000.0,0.23,7416000000.0,328000000.0,-1854000000.0,-0.5,-0.5,-0.5,19783000000,20749500000.0,19783000000,45307565100,138.0,6.109,-3173000000.0,-0.799,1.0,16946000000.0,0.527,51117000000,2182000000.0,47212000000,49992500000.0,1173000000,0,0,0,59192000000,11963000000,47229000000,13990565100,-1369000000.0,0.0,10000000.0,-144000000.0,0.0,469000000.0,-5735000000.0,1302000000.0,3897000000.0,0.0,-1995000000.0,-1995000000.0,-1995000000.0,0.0,0.0,-0.062,15976000000.0,970000000.0,2899000000,0.0,0.707,-7.013,-7.04,20297000000,0.0,3.52,0.435,0.434,1099000000,-7378000000,32180000000.0,32180000000.0,0.0,-0.025,-0.096,0.007,0.01,75000000.0,8479000000.0,1.0,3974592358,3969000000,3969000000.0,8.108,27858000000,0,141000000.0,13959000000,7.019,-5130000000
4,S2,ARY,2015-12-31,2015-05-26,2015-03-31,2021-06-30,-408000000,83030000000,83799250000.0,9777000000,73253000000,0.412,5.492,-6167000000.0,4010000000,4010000000,18969000000.0,-3345000000.0,0.894,2.825,33831000000,1300000000,32531000000,33831000000,0,5349000000.0,0,0.0,0.0,-1868000000.0,3481000000.0,0.101,3481000000.0,-1868000000.0,-3919000000.0,-0.85,-0.85,-0.85,21710000000,23456500000.0,21710000000,48585930010,-26.0,13.957,-3717000000.0,-0.94,1.0,15563000000.0,0.451,52455000000,2051000000.0,49456000000,48042000000.0,1359000000,166000000,166000000,0,61320000000,10940000000,50380000000,18764930010,-960000000.0,0.0,35000000.0,1356000000.0,0.0,1304000000.0,-4714000000.0,1054000000.0,2450000000.0,0.0,-3345000000.0,-3345000000.0,-3345000000.0,0.0,0.0,-0.097,17349000000.0,-1786000000.0,4347000000,0.0,0.864,-5.61,-5.565,19721000000,0.0,4.73,0.543,0.541,2290000000,-5383000000,34532000000.0,34532000000.0,0.0,-0.04,-0.143,-0.039,-0.054,86000000.0,9563000000.0,1.0,3967215647,3953000000,3953000000.0,8.736,30575000000,62000000,-574000000.0,13898000000,7.735,-1163000000
5,S2,ARY,2013-12-31,2014-02-24,2013-12-31,2021-06-30,102000000,86095000000,68797500000.0,13058000000,73037000000,0.246,7.362,-3993000000.0,6364000000,6364000000,9777000000.0,-1860000000.0,1.224,2.365,33011000000,994000000,32017000000,33011000000,0,2934000000.0,0,0.0,0.0,-897000000.0,2037000000.0,0.121,2037000000.0,-897000000.0,-1815000000.0,-0.54,-0.54,-0.54,25584000000,15880250000.0,25584000000,59708384927,-67.0,29.312,-4054000000.0,-1.167,1.0,7114000000.0,0.421,56272000000,918000000.0,45801000000,41269500000.0,1205000000,1248000000,1105000000,143000000,60511000000,10669000000,49842000000,33061384927,6359000000.0,-14112000000.0,18567000000.0,6122000000.0,0.0,24528000000.0,-18108000000.0,-4000000.0,-61000000.0,0.0,-1860000000.0,-1860000000.0,-1860000000.0,0.0,0.0,-0.11,8084000000.0,-970000000.0,3312000000,0.0,1.292,-17.775,-15.556,16164000000,0.0,8.4,1.957,1.728,3570000000,-1887000000,16891000000.0,16891000000.0,0.0,-0.027,-0.117,-0.022,-0.053,98000000.0,4841000000.0,1.0,3935879158,3475000000,3475000000.0,4.861,29823000000,186000000,45000000.0,14227000000,8.582,2389000000
6,S2,ARY,2012-12-31,2013-02-28,2012-12-31,2021-06-30,-1133000000,51570000000,50045750000.0,13759000000,37811000000,0.706,2.361,-4459000000.0,6351000000,6351000000,20841000000.0,-4326000000.0,1.55,6.277,24341000000,379000000,23962000000,24341000000,0,6543000000.0,0,0.0,0.0,-2744000000.0,3799000000.0,0.107,3799000000.0,-2744000000.0,-4172000000.0,-1.44,-1.44,-1.44,7087000000,8851000000.0,7087000000,35452461598,-13.0,9.332,-1460000000.0,-0.486,1.0,14504000000.0,0.41,22371000000,1428000000.0,38315000000,36041750000.0,1200000000,2902000000,1849000000,1053000000,44483000000,8874000000,35609000000,17462461598,904000000.0,-228000000.0,29000000.0,4385000000.0,0.0,4280000000.0,-6375000000.0,-1699000000.0,2999000000.0,0.0,-4326000000.0,-4326000000.0,-4326000000.0,0.0,0.0,-0.122,16606000000.0,-2102000000.0,3487000000,0.0,2.464,-4.037,-4.028,13607000000,0.0,5.8,0.494,0.493,3658000000,-44815000000,35345000000.0,35345000000.0,0.0,-0.086,-0.489,-0.076,-0.078,82000000.0,9765000000.0,1.0,3010769241,3002000000,3002000000.0,11.774,29199000000,1000000,154000000.0,7047000000,9.727,4885000000
7,S2,ARY,2011-12-31,2012-02-27,2011-12-31,2021-06-30,-792000000,49383000000,48940250000.0,10337000000,39046000000,0.688,3.815,-3388000000.0,5447000000,5447000000,19015000000.0,-2890000000.0,1.591,3.322,20274000000,8000000,20266000000,20274000000,0,4858000000.0,0,0.0,0.0,-1625000000.0,3233000000.0,0.096,3233000000.0,-1625000000.0,-2636000000.0,-0.96,-0.96,-0.96,11427000000,12983500000.0,11427000000,22470335394,-14.0,6.95,303000000.0,0.101,1.0,14664000000.0,0.435,22428000000,1011000000.0,35283000000,33371500000.0,913000000,2146000000,150000000,1996000000,37956000000,6499000000,31457000000,7643335394,274000000.0,-331000000.0,18000000.0,94000000.0,0.0,26000000.0,-3443000000.0,150000000.0,3691000000.0,0.0,-2890000000.0,-2890000000.0,-2890000000.0,0.0,0.0,-0.086,14556000000.0,108000000.0,2495000000,0.0,0.669,-2.645,-2.656,14009000000,0.0,2.55,0.227,0.227,3206000000,-40489000000,33679000000.0,33679000000.0,0.0,-0.059,-0.223,-0.049,-0.048,73000000.0,9592000000.0,1.0,2997386429,2995000000,2995000000.0,11.245,26955000000,130000000,254000000.0,6986000000,9.0,3838000000
8,S2,ARY,2010-12-31,2011-02-24,2010-12-31,2021-06-30,-502000000,51654000000,52859000000.0,9880000000,41774000000,0.616,4.868,-2394000000.0,5173000000,5173000000,17492000000.0,-3465000000.0,1.252,2.551,20191000000,1656000000,18535000000,20191000000,0,6248000000.0,0,0.0,0.0,-1835000000.0,4413000000.0,0.136,4413000000.0,-1835000000.0,-3299000000.0,-1.16,-1.16,-1.16,14546000000,15974000000.0,14546000000,27756755404,-15.0,6.29,2421000000.0,0.81,1.0,15071000000.0,0.463,22704000000,1464000000.0,36077000000,38016750000.0,670000000,3689000000,300000000,3389000000,37108000000,7891000000,29217000000,12738755404,1354000000.0,-58000000.0,8000000.0,-862000000.0,0.0,-905000000.0,-2556000000.0,-195000000.0,4815000000.0,0.0,-3465000000.0,-3465000000.0,-3465000000.0,0.0,0.0,-0.106,15819000000.0,-748000000.0,2662000000,0.0,0.876,-3.676,-3.672,15214000000,0.0,4.26,0.391,0.391,3036000000,-37582000000,32563000000.0,32563000000.0,0.0,-0.066,-0.217,-0.048,-0.056,70000000.0,9438000000.0,1.0,2990318170,2988000000,2988000000.0,10.898,28950000000,185000000,166000000.0,6802000000,9.689,1989000000
9,S2,ARY,2009-12-31,2010-02-26,2009-12-31,2021-06-30,-352000000,55424000000,56045500000.0,8593000000,46831000000,0.576,6.27,-2194000000.0,3819000000,3819000000,16435000000.0,-2436000000.0,1.266,2.063,21061000000,768000000,20293000000,21061000000,0,7416000000.0,0,0.0,0.0,-2044000000.0,5372000000.0,0.167,5372000000.0,-2044000000.0,-3494000000.0,-0.84,-0.84,-0.84,18095000000,18521500000.0,18095000000,27156565783,-13.0,5.055,2697000000.0,0.935,1.0,15825000000.0,0.491,23462000000,1450000000.0,42419000000,43420000000.0,628000000,4729000000,105000000,4624000000,37329000000,6785000000,30544000000,9914565783,128000000.0,-1678000000.0,4000000.0,-923000000.0,0.0,-919000000.0,-3844000000.0,-77000000.0,4891000000.0,0.0,-2436000000.0,-2436000000.0,-2436000000.0,0.0,0.0,-0.076,17316000000.0,-1491000000.0,2267000000,0.0,0.548,-4.07,-3.964,18280000000,0.0,3.33,0.307,0.298,2996000000,-33779000000,32260000000.0,32260000000.0,0.0,-0.043,-0.132,-0.047,-0.063,79000000.0,9453000000.0,1.0,2977347082,2886000000,2886000000.0,11.178,31962000000,295000000,-1058000000.0,6693000000,11.075,1808000000
10,S2,ARY,2008-12-31,2009-02-27,2008-12-31,2021-06-30,-524000000,58252000000,62095250000.0,8344000000,49908000000,0.574,6.869,-4608000000.0,3691000000,3691000000,16746000000.0,-2796000000.0,1.328,1.971,21610000000,618000000,20992000000,21610000000,0,8396000000.0,0,0.0,0.0,-2698000000.0,5698000000.0,0.16,5698000000.0,-2698000000.0,-4060000000.0,-0.98,-0.98,-0.98,19605000000,20985250000.0,19605000000,27344730833,-10.0,4.799,1571000000.0,0.55,1.0,18889000000.0,0.53,22886000000,1362000000.0,47004000000,47146000000.0,528000000,4092000000,28000000,4064000000,38647000000,6281000000,32366000000,9425730833,1445000000.0,213000000.0,57000000.0,-541000000.0,0.0,-484000000.0,-4250000000.0,157000000.0,6179000000.0,0.0,-2796000000.0,-2796000000.0,-2796000000.0,0.0,0.0,-0.078,21531000000.0,-2642000000.0,2138000000,0.0,0.481,-3.371,-3.357,22373000000,0.0,3.29,0.265,0.263,3361000000,-31148000000,35635000000.0,35635000000.0,0.0,-0.045,-0.133,-0.057,-0.076,267000000.0,11355000000.0,1.0,2864963779,2854000000,2854000000.0,12.486,35366000000,93000000,-1264000000.0,7196000000,12.392,2063000000
11,S2,ARY,2007-12-31,2008-02-29,2007-12-31,2021-06-30,-111000000,64109000000,87004750000.0,8661000000,55448000000,0.461,7.671,-7124000000.0,2246000000,2246000000,17191000000.0,-29580000000.0,0.951,1.914,22130000000,1661000000,20469000000,22130000000,0,9023000000.0,0,0.017,0.12,-28512000000.0,-19489000000.0,-0.485,-19489000000.0,-28512000000.0,-29945000000.0,-10.31,-10.31,-10.31,21999000000,44343500000.0,21999000000,40139994456,-1.0,-2.06,2121000000.0,0.74,1.0,22955000000.0,0.572,28096000000,1433000000.0,46793000000,47465000000.0,938000000,359000000,194000000,165000000,42110000000,9104000000,33006000000,20255994456,200000000.0,-287000000.0,-1489000000.0,-893000000.0,-286000000.0,-2668000000.0,-6377000000.0,142000000.0,9245000000.0,0.0,-29580000000.0,-29580000000.0,-29580000000.0,0.0,0.0,-0.737,51865000000.0,-28910000000.0,3481000000,-0.012,0.921,-0.685,-0.69,26496000000,0.0,7.11,0.505,0.508,4196000000,-28324000000,40146000000.0,40146000000.0,0.0,-0.34,-0.667,-0.601,-0.71,265000000.0,12673000000.0,1.0,2848944368,2868000000,2868000000.0,13.998,36013000000,447000000,-365000000.0,8689000000,12.557,-443000000
12,S2,ARY,2006-12-31,2007-03-01,2006-12-31,2021-06-30,-148000000,97161000000,98584500000.0,10304000000,86857000000,0.416,18.011,-7536000000.0,2046000000,2046000000,16567000000.0,1329000000.0,1.052,0.829,22154000000,1143000000,21011000000,22154000000,0,9592000000.0,0,0.005,0.08,3350000000.0,12942000000.0,0.315,12942000000.0,3350000000.0,1817000000.0,0.45,0.45,0.45,53131000000,53143250000.0,53131000000,78013231307,23.0,6.028,3422000000.0,1.16,1.0,24461000000.0,0.596,60057000000,1533000000.0,47414000000,48285500000.0,1176000000,268000000,15000000,253000000,44030000000,9798000000,34232000000,57905231307,-6857000000.0,-4213000000.0,-1238000000.0,-970000000.0,-296000000.0,-6423000000.0,-11392000000.0,1130000000.0,10958000000.0,0.0,1329000000.0,1327000000.0,1327000000.0,-334000000.0,0.0,0.032,21977000000.0,2484000000.0,3463000000,0.222,1.09,43.636,44.333,25868000000,2000000.0,19.95,1.411,1.434,4595000000,1638000000,41028000000.0,41028000000.0,0.0,0.013,0.025,0.069,0.082,338000000.0,12178000000.0,1.0,2902517860,2950000000,2972000000.0,13.908,37104000000,923000000,488000000.0,10095000000,12.578,506000000
13,S2,ARY,2005-12-31,2006-03-31,2005-12-31,2021-06-30,-726000000,102580000000,71690250000.0,19092000000,83488000000,0.484,25.547,-4409000000.0,8902000000,8902000000,14384000000.0,1785000000.0,1.359,0.97,25679000000,5047000000,20632000000,25679000000,0,6269000000.0,0,0.007,0.17,4241000000.0,10510000000.0,0.303,10510000000.0,4241000000.0,2890000000.0,0.87,0.87,0.87,51937000000,32966750000.0,51937000000,92479863732,22.0,8.799,6269000000.0,3.084,1.0,20296000000.0,0.585,49334000000,1351000000.0,55973000000,47960500000.0,950000000,4132000000,1763000000,2369000000,50396000000,14050000000,36346000000,75702863732,4726000000.0,-21000000.0,432000000.0,-1170000000.0,-525000000.0,-1228000000.0,-4724000000.0,-13000000.0,10678000000.0,0.0,1785000000.0,1778000000.0,1778000000.0,0.0,0.0,0.051,16470000000.0,3826000000.0,3827000000,0.195,1.458,42.578,29.701,31133000000,7000000.0,25.84,2.183,1.515,4827000000,681000000,34680000000.0,34680000000.0,0.0,0.025,0.054,0.088,0.122,0.0,10076000000.0,1.0,2929677389,2033000000,2054000000.0,17.059,53246000000,1811000000,1105000000.0,11687000000,26.191,5042000000
14,S2,ARY,2005-12-31,2006-03-07,2005-12-31,2021-06-30,-726000000,102580000000,71690250000.0,19092000000,83488000000,0.484,25.547,-4409000000.0,8902000000,8902000000,14384000000.0,1785000000.0,1.359,0.97,25679000000,5047000000,20632000000,25679000000,0,6269000000.0,0,0.011,0.28,4241000000.0,10510000000.0,0.303,10510000000.0,4241000000.0,2890000000.0,0.87,0.87,0.87,51937000000,32966750000.0,51937000000,89667373438,21.0,8.532,6269000000.0,3.084,1.0,20296000000.0,0.585,49334000000,1351000000.0,55973000000,47960500000.0,950000000,4132000000,1763000000,2369000000,50396000000,14050000000,36346000000,72890373438,4726000000.0,-21000000.0,432000000.0,-1170000000.0,-525000000.0,-1228000000.0,-4724000000.0,-13000000.0,10678000000.0,0.0,1785000000.0,1778000000.0,1778000000.0,0.0,0.0,0.051,16470000000.0,3826000000.0,3827000000,0.322,1.403,40.996,28.598,31133000000,7000000.0,24.88,2.102,1.459,4827000000,681000000,34680000000.0,34680000000.0,0.0,0.025,0.054,0.088,0.122,0.0,10076000000.0,1.0,2929677389,2033000000,2054000000.0,17.059,53246000000,1811000000,1105000000.0,11687000000,26.191,5042000000
15,S2,ARY,2004-12-31,2005-04-29,2004-12-31,2021-06-30,-716000000,41321000000,41399250000.0,9975000000,31346000000,0.663,9.367,-3980000000.0,4556000000,4556000000,12656000000.0,-1012000000.0,1.445,2.056,17204000000,1288000000,15916000000,17204000000,644000000,4720000000.0,0,0.021,0.46,-355000000.0,4365000000.0,0.159,4365000000.0,-355000000.0,-1603000000.0,-0.71,-0.71,-0.71,13521000000,13407250000.0,13521000000,45548461419,-128.0,10.435,2645000000.0,1.832,1.0,14772000000.0,0.539,7836000000,1248000000.0,39231000000,40406250000.0,651000000,0,0,0,27800000000,6902000000,20898000000,32900461419,2132000000.0,77000000.0,1874000000.0,-1884000000.0,-670000000.0,-680000000.0,-3813000000.0,125000000.0,6625000000.0,0.0,-1012000000.0,-1028000000.0,-1028000000.0,0.0,0.0,-0.037,15075000000.0,-303000000.0,2261000000,-0.648,2.433,-32.004,-31.352,22628000000,16000000.0,22.26,1.2,1.171,3107000000,-586000000,27428000000.0,27428000000.0,0.0,-0.025,-0.077,-0.009,-0.013,0.0,6624000000.0,1.0,1478008150,1443400000,1443400000.0,19.002,33485000000,1049000000,-591000000.0,2580000000,23.199,3073000000
16,S2,ARY,2004-12-31,2005-03-11,2004-12-31,2021-06-30,-716000000,41321000000,41399250000.0,9975000000,31346000000,0.663,9.367,-3980000000.0,4556000000,4556000000,12656000000.0,-1012000000.0,1.445,2.056,17204000000,1288000000,15916000000,17204000000,644000000,4720000000.0,0,0.02,0.46,-355000000.0,4365000000.0,0.159,4365000000.0,-355000000.0,-1603000000.0,-0.71,-0.71,-0.71,13521000000,13407250000.0,13521000000,46937789080,-132.0,10.753,2645000000.0,1.832,1.0,14772000000.0,0.539,7836000000,1248000000.0,39231000000,40406250000.0,651000000,0,0,0,27800000000,6902000000,20898000000,34289789080,2132000000.0,77000000.0,1874000000.0,-1884000000.0,-670000000.0,-680000000.0,-3813000000.0,125000000.0,6625000000.0,0.0,-1012000000.0,-1028000000.0,-1028000000.0,0.0,0.0,-0.037,15075000000.0,-303000000.0,2261000000,-0.648,2.536,-33.356,-32.676,22628000000,16000000.0,23.2,1.25,1.221,3107000000,-586000000,27428000000.0,27428000000.0,0.0,-0.025,-0.077,-0.009,-0.013,0.0,6624000000.0,1.0,1478008150,1443400000,1443400000.0,19.002,33485000000,1049000000,-591000000.0,2580000000,23.199,3073000000
17,S2,ARY,2003-12-31,2004-03-09,2003-12-31,2021-06-30,-721000000,42850000000,43788750000.0,6611000000,36239000000,0.598,12.117,-3824000000.0,2424000000,2424000000,11658000000.0,1215000000.0,1.021,2.24,17435000000,594000000,16841000000,17435000000,572000000,5005000000.0,0,0.023,0.44,2333000000.0,7338000000.0,0.28,7338000000.0,2333000000.0,959000000.0,,,,13224000000,13561500000.0,13224000000,35451613616,15.0,4.831,2718000000.0,2.491,1.0,14539000000.0,0.555,7815000000,1374000000.0,43570000000,44472750000.0,582000000,0,0,0,29626000000,6476000000,23150000000,20440613616,1389000000.0,101000000.0,12000000.0,-2908000000.0,-457000000.0,-3329000000.0,-4057000000.0,-334000000.0,6542000000.0,0.0,1215000000.0,1208000000.0,1208000000.0,-1324000000.0,0.0,0.046,13678000000.0,861000000.0,2197000000,,1.546,16.921,,27276000000,7000000.0,18.73,0.78,0.78,2876000000,1017000000,26197000000.0,26197000000.0,0.0,0.028,0.089,0.052,0.089,0.0,6722000000.0,1.0,1091330145,1091330145,,24.005,35035000000,26000000,-256000000.0,2196000000,32.103,135000000
18,S2,ARY,2002-12-31,2003-03-07,2002-12-31,2021-06-30,-701000000,45293000000,46118500000.0,6078000000,39215000000,0.578,13.205,-4849000000.0,1035000000,1035000000,12031000000.0,630000000.0,0.778,2.684,20292000000,1887000000,18405000000,20292000000,510000000,4912000000.0,0,0.037,0.55,1997000000.0,6909000000.0,0.259,6909000000.0,1997000000.0,591000000.0,,,,12294000000,12660000000.0,12294000000,30336207056,15.0,4.391,1357000000.0,1.458,1.0,14603000000.0,0.548,9045000000,1406000000.0,47697000000,49662000000.0,682000000,73000000,0,73000000,32999000000,7808000000,25191000000,11079207056,722000000.0,138000000.0,3000000.0,-642000000.0,-454000000.0,-1043000000.0,-4595000000.0,116000000.0,6206000000.0,0.0,630000000.0,623000000.0,623000000.0,-159000000.0,0.0,0.023,12503000000.0,2100000000.0,2151000000,,0.901,17.784,,28745000000,7000000.0,11.9,0.416,0.416,2951000000,252000000,26634000000.0,26634000000.0,0.0,0.014,0.049,0.04,0.075,0.0,7202000000.0,1.0,931025803,931025803,,28.607,36248000000,806000000,-39000000.0,2383000000,38.933,-1730000000
19,S2,ARY,2001-12-31,2002-03-05,2001-12-31,2021-06-30,14000000,45793000000,44773500000.0,5562000000,40231000000,0.582,13.523,-9046000000.0,313000000,313000000,12995000000.0,-1401000000.0,0.486,2.63,20902000000,4401000000,16501000000,20902000000,731000000,4599000000.0,0,0.03,0.44,-844000000.0,3755000000.0,0.144,3755000000.0,-844000000.0,-2025000000.0,,,,12616000000,13409500000.0,12616000000,34293345261,-41.0,9.133,-4355000000.0,-4.668,1.0,13076000000.0,0.502,9062000000,1181000000.0,45884000000,45993000000.0,690000000,288000000,0,288000000,33177000000,11436000000,21741000000,13704345261,74000000.0,301000000.0,611000000.0,2263000000.0,-451000000.0,4161000000.0,-8778000000.0,-66000000.0,4691000000.0,0.0,-1401000000.0,-1408000000.0,-1408000000.0,0.0,0.0,-0.054,13738000000.0,-662000000.0,2113000000,,1.086,-9.733,,28977000000,7000000.0,14.69,0.526,0.526,3806000000,-261000000,26071000000.0,26071000000.0,0.0,-0.031,-0.105,-0.018,-0.032,0.0,7325000000.0,1.0,932903013,932903013,,27.946,36731000000,0,-624000000.0,2021000000,39.373,-5874000000
20,S2,ARY,2001-12-31,2002-03-04,2001-12-31,2021-06-30,14000000,45793000000,44773500000.0,5562000000,40231000000,0.582,13.523,-9046000000.0,313000000,313000000,12995000000.0,-1401000000.0,0.486,2.63,20902000000,4401000000,16501000000,20902000000,731000000,4599000000.0,0,0.029,0.33,-844000000.0,3755000000.0,0.144,3755000000.0,-844000000.0,-2025000000.0,,,,12616000000,13409500000.0,12616000000,34638519376,-41.0,9.225,-4355000000.0,-4.668,1.0,13076000000.0,0.502,9062000000,1181000000.0,45884000000,45993000000.0,690000000,288000000,0,288000000,33177000000,11436000000,21741000000,14049519376,74000000.0,301000000.0,611000000.0,2263000000.0,-451000000.0,4161000000.0,-8778000000.0,-66000000.0,4691000000.0,0.0,-1401000000.0,-1408000000.0,-1408000000.0,0.0,0.0,-0.054,13738000000.0,-662000000.0,2113000000,,1.114,-9.978,,28977000000,7000000.0,15.06,0.539,0.539,3806000000,-261000000,26071000000.0,26071000000.0,0.0,-0.031,-0.105,-0.018,-0.032,0.0,7325000000.0,1.0,932903013,932903013,,27.946,36731000000,0,-624000000.0,2021000000,39.373,-5874000000
21,S2,ARY,2000-12-31,2001-03-13,2000-12-31,2021-06-30,21000000,42601000000,40553250000.0,5973000000,36628000000,0.582,15.851,-7152000000.0,239000000,239000000,11620000000.0,93000000.0,0.75,2.051,18719000000,1205000000,17514000000,18719000000,607000000,4144000000.0,0,0.021,0.44,2835000000.0,6979000000.0,0.296,6979000000.0,2835000000.0,1845000000.0,2.24,2.21,2.24,13963000000,14236000000.0,13963000000,37428833107,13.0,5.363,-2837000000.0,-3.221,1.0,11993000000.0,0.508,8938000000,990000000.0,44175000000,41777500000.0,949000000,673000000,0,673000000,28638000000,7968000000,20670000000,18948833107,119000000.0,772000000.0,220000000.0,2257000000.0,-448000000.0,2211000000.0,-6407000000.0,0.0,4315000000.0,0.0,1971000000.0,1971000000.0,1971000000.0,-675000000.0,-1878000000.0,0.083,11488000000.0,505000000.0,2285000000,0.196,1.357,9.614,9.554,25316000000,0.0,21.4,0.802,0.798,4028000000,1578000000,23613000000.0,23613000000.0,0.0,0.049,0.138,0.068,0.12,0.0,6919000000.0,1.0,885459491,880900000,892400000.0,26.806,33663000000,0,-126000000.0,1800000000,38.214,-1995000000
22,S2,ARY,1999-12-31,2000-03-24,1999-12-31,2021-06-30,81000000,39250000000,36763525000.0,5580000000,33670000000,0.542,15.856,-6114000000.0,120000000,120000000,10606000000.0,-935000000.0,0.817,1.895,16772000000,1087000000,15685000000,16772000000,323000000,3652000000.0,0,0.006,0.33,-402000000.0,3250000000.0,0.163,3250000000.0,-402000000.0,-1262000000.0,0.14,0.14,0.14,13560000000,13596200000.0,13560000000,68558889585,-171.0,21.095,-4162000000.0,-4.867,1.0,9322000000.0,0.468,9567000000,860000000.0,39503000000,36036500000.0,777000000,916000000,317000000,599000000,25690000000,6832000000,18858000000,51906889585,-485000000.0,-510000000.0,774000000.0,3972000000.0,-441000000.0,4720000000.0,-7157000000.0,0.0,1952000000.0,0.0,-935000000.0,-935000000.0,-935000000.0,130000000.0,0.0,-0.047,9629000000.0,-307000000.0,1462000000,2.357,3.828,-55.515,423.214,21969000000,0.0,59.25,2.605,2.543,3408000000,1961000000,19928000000.0,19928000000.0,0.0,-0.025,-0.069,-0.011,-0.02,0.0,5977000000.0,1.0,876065647,855200000,869000000.0,23.302,29683000000,411000000,-327000000.0,1921000000,34.709,-1252000000
23,S2,ARY,1998-12-31,1999-03-05,1998-12-31,2021-06-30,103600000,33231100000,23058100000.0,4387900000,28843200000,0.743,14.448,-4001100000.0,605200000,605200000,8787200000.0,414500000.0,0.806,1.67,12189300000,246900000,11942400000,12189300000,229300000,2036000000.0,0,0.013,0.575,1534600000.0,3570600000.0,0.208,3570600000.0,1534600000.0,806400000.0,0.99,0.975,0.99,12448300000,10032500000.0,12448300000,49333412008,32.0,13.817,254300000.0,0.295,1.0,8347100000.0,0.487,7693000000,728200000.0,31681100000,23657250000.0,477100000,1134200000,0,1134200000,20782800000,5441100000,15341700000,37749312008,503500000.0,-446400000.0,-315200000.0,1391200000.0,-430300000.0,733500000.0,-4485400000.0,0.0,4255400000.0,0.0,414500000.0,412800000.0,412800000.0,0.0,0.0,0.024,8156700000.0,190400000.0,1654900000,0.581,3.032,91.447,44.162,18983000000,1700000.0,43.72,2.203,2.198,2808900000,3650900000,17134300000.0,17134300000.0,179100000.0,0.018,0.041,0.065,0.09,0.0,5272800000.0,1.0,863433486,861600000,877200000.0,19.887,25538100000,0,391900000.0,2270200000,29.64,-1053200000
24,S2,ARY,1997-12-31,1998-03-05,1997-12-31,2021-06-30,0,18184800000,,3772600000,14412200000,,10.49,-2570300000.0,101700000,101700000,7451000000.0,952500000.0,1.226,1.015,3879600000,131000000,3748600000,3879600000,202900000,1726300000.0,0,0.0,0.0,1770200000.0,3496500000.0,0.235,3496500000.0,1770200000.0,1583000000.0,1.105,1.09,1.105,9025200000,,9025200000,26509045858,15.0,7.582,808700000.0,0.94,1.0,7422900000.0,0.499,0,187200000.0,18885900000,,352000000,1730500000,0,1730500000,9159600000,3076800000,6082800000,22731145858,-1048900000.0,-1466800000.0,-144500000.0,531500000.0,-430000000.0,71600000.0,-4499500000.0,0.0,3379000000.0,0.0,952500000.0,951500000.0,951500000.0,0.0,0.0,0.064,4971500000.0,2451400000.0,1100100000,0.0,2.519,23.89,29.919,11494100000,1000000.0,33.06,1.528,1.912,2960200000,3693100000,14873900000.0,14873900000.0,0.0,,,,0.119,0.0,3245200000.0,1.0,687572470,860400000,873000000.0,17.287,18184800000,0,630500000.0,1287200000,21.135,695800000
0,S2,ARQ,2019-12-31,2020-01-27,2019-12-31,2021-06-30,-453000000,86902000000,,9455000000,77447000000,,6.268,-3217000000.0,3179000000,3179000000,4576000000.0,-121000000.0,0.758,2.374,44670000000,5740000000,38930000000,44670000000,0,2556000000.0,0,0.0,0.0,61000000.0,2617000000.0,0.324,2617000000.0,61000000.0,-528000000.0,-0.03,-0.03,-0.03,25755000000,,25755000000,60526934535,-73.0,7.082,-1262000000.0,-0.307,1.0,3504000000.0,0.434,48816000000,589000000.0,67106000000,,1117000000,62000000,62000000,0,61147000000,12471000000,48676000000,19035934535,-1079000000.0,0.0,4000000.0,5000000.0,0.0,-23000000.0,-3011000000.0,-1000000.0,1955000000.0,0.0,-120000000.0,-120000000.0,-120000000.0,0.0,-1000000.0,-0.015,3590000000.0,-86000000.0,3396000000,0.0,0.739,-7.106,-6.91,27540000000,0.0,4.63,0.586,0.586,3873000000,-2226000000,8080000000.0,8080000000.0,0.0,,,,,27000000.0,2045000000.0,1.0,4111432945,4109000000,4109000000.0,1.966,38086000000,0,-408000000.0,7038000000,9.269,-3016000000
1,S2,ARQ,2019-09-30,2019-11-12,2019-09-30,2021-06-30,-418000000,87928000000,,10206000000,77722000000,,6.308,-2902000000.0,4262000000,4262000000,4430000000.0,-279000000.0,0.782,2.4,44871000000,5936000000,38935000000,44871000000,0,2227000000.0,0,0.0,0.0,256000000.0,2483000000.0,0.319,2483000000.0,256000000.0,-338000000.0,-0.07,-0.07,-0.07,25850000000,,25850000000,64716244597,-171.0,7.342,-336000000.0,-0.082,1.0,3365000000.0,0.432,49204000000,594000000.0,66281000000,,963000000,61000000,61000000,0,62031000000,13052000000,48979000000,24107244597,-606000000.0,0.0,-16000000.0,-604000000.0,0.0,-620000000.0,-2552000000.0,-61000000.0,2566000000.0,0.0,-274000000.0,-274000000.0,-274000000.0,0.0,-5000000.0,-0.035,3107000000.0,258000000.0,3918000000,0.0,0.933,-8.929,-8.761,27447000000,0.0,5.87,0.731,0.729,3723000000,-2106000000,7795000000.0,7795000000.0,0.0,,,,,28000000.0,1936000000.0,1.0,4106855979,4098000000,4098000000.0,1.902,38724000000,0,-64000000.0,7489000000,9.449,-2846000000
2,S2,ARQ,2019-06-30,2019-08-08,2019-06-30,2021-06-30,-414000000,88546000000,,10589000000,77957000000,,6.39,-2714000000.0,4869000000,4869000000,4305000000.0,-114000000.0,0.938,2.388,45555000000,4569000000,40986000000,45555000000,0,2267000000.0,0,0.0,0.0,486000000.0,2753000000.0,0.338,2753000000.0,486000000.0,-133000000.0,-0.03,-0.03,-0.03,26116000000,,26116000000,68722340710,326.0,7.204,-470000000.0,-0.115,1.0,3837000000.0,0.471,49228000000,619000000.0,68715000000,,726000000,0,0,0,62378000000,11289000000,51089000000,28036340710,-2111000000.0,0.0,-17000000.0,-1858000000.0,0.0,-1887000000.0,-2468000000.0,67000000.0,2244000000.0,0.0,-111000000.0,-111000000.0,-111000000.0,0.0,-3000000.0,-0.014,3145000000.0,692000000.0,3672000000,0.0,1.074,-12.572,-12.455,27610000000,0.0,6.85,0.834,0.833,3558000000,-1832000000,8142000000.0,8142000000.0,0.0,,,,,35000000.0,1907000000.0,1.0,4092896454,4087000000,4087000000.0,1.992,39318000000,0,-22000000.0,7563000000,9.62,-700000000
3,S2,ARQ,2019-03-31,2019-05-29,2019-03-31,2021-06-30,-392000000,84601000000,,12891000000,71710000000,,6.393,-2869000000.0,6982000000,6982000000,4476000000.0,-2178000000.0,1.064,2.243,39923000000,4557000000,35366000000,39923000000,0,2330000000.0,0,0.0,0.0,-1636000000.0,694000000.0,0.082,694000000.0,-1636000000.0,-2265000000.0,-0.54,-0.54,-0.54,26072000000,,26072000000,60758491680,104.0,6.09,-22000000.0,-0.005,1.0,3965000000.0,0.47,49391000000,629000000.0,56036000000,,999000000,67000000,67000000,0,58474000000,12115000000,46359000000,27817491680,778000000.0,0.0,10000000.0,64000000.0,0.0,43000000.0,-2112000000.0,565000000.0,2847000000.0,0.0,-2174000000.0,-2174000000.0,-2174000000.0,0.0,-4000000.0,-0.258,5289000000.0,-1324000000.0,3961000000,0.0,1.067,-14.317,-14.167,21201000000,0.0,6.8,0.828,0.821,3554000000,-1883000000,8441000000.0,8441000000.0,0.0,,,,,31000000.0,2043000000.0,1.0,4090807600,4078000000,3898000000.0,2.07,35210000000,0,-91000000.0,7556000000,8.634,776000000
4,S2,ARQ,2018-12-31,2019-01-31,2018-12-31,2021-06-30,-333000000,86404000000,,12396000000,74008000000,,6.932,-3706000000.0,6191000000,6191000000,4701000000.0,-145000000.0,1.159,2.054,39884000000,3596000000,36288000000,39884000000,0,2370000000.0,0,0.0,0.0,515000000.0,2885000000.0,0.335,2885000000.0,515000000.0,-149000000.0,-0.03,-0.03,-0.03,28270000000,,28270000000,59147936607,24.0,5.024,-1481000000.0,-0.363,1.0,3900000000.0,0.453,51458000000,664000000.0,57939000000,,919000000,632000000,632000000,0,58075000000,10700000000,47375000000,25454936607,512000000.0,0.0,5000000.0,-537000000.0,0.0,-570000000.0,-1143000000.0,2299000000.0,2225000000.0,0.0,-141000000.0,-141000000.0,-141000000.0,0.0,-4000000.0,-0.016,3236000000.0,664000000.0,3637000000,0.0,0.9,84.85,78.0,21422000000,0.0,6.24,0.766,0.765,3455000000,291000000,8601000000.0,8601000000.0,0.0,,,,,33000000.0,2003000000.0,1.0,4079316764,4078000000,4078000000.0,2.109,34946000000,0,-8000000.0,7684000000,8.569,1696000000
5,S2,ARQ,2018-09-30,2018-11-07,2018-09-30,2021-06-30,-308000000,87851000000,,14447000000,73404000000,,6.994,-2984000000.0,5726000000,5726000000,4543000000.0,207000000.0,1.118,2.091,40675000000,5346000000,35329000000,40675000000,0,2361000000.0,0,0.0,0.0,846000000.0,3207000000.0,0.38,3207000000.0,846000000.0,213000000.0,0.05,0.05,0.05,28401000000,,28401000000,60963940239,23.0,5.187,-57000000.0,-0.014,1.0,3890000000.0,0.461,51425000000,633000000.0,58449000000,,859000000,3186000000,3186000000,0,59387000000,12926000000,46461000000,26014940239,1348000000.0,0.0,276000000.0,61000000.0,0.0,339000000.0,-1918000000.0,875000000.0,2927000000.0,0.0,196000000.0,196000000.0,196000000.0,0.0,11000000.0,0.023,3066000000.0,824000000.0,4210000000,0.0,0.916,3.422,3.358,20816000000,0.0,6.38,0.791,0.788,3555000000,432000000,8433000000.0,8433000000.0,0.0,,,,,28000000.0,1861000000.0,1.0,4077576840,4061000000,4124000000.0,2.077,36426000000,0,17000000.0,7704000000,8.97,1521000000
6,S2,ARQ,2018-06-30,2018-08-07,2018-06-30,2021-06-30,-317000000,86449000000,,13395000000,73054000000,,6.956,-3008000000.0,4378000000,4378000000,4207000000.0,173000000.0,1.15,2.097,40617000000,4846000000,35771000000,40617000000,0,2330000000.0,0,0.0,0.0,860000000.0,3190000000.0,0.393,3190000000.0,860000000.0,223000000.0,0.04,0.04,0.04,27893000000,,27893000000,61178423384,25.0,5.421,-578000000.0,-0.144,1.0,3918000000.0,0.482,51493000000,637000000.0,59548000000,,622000000,4008000000,4008000000,0,58504000000,11647000000,46857000000,24939423384,-2234000000.0,0.0,0.0,-45000000.0,0.0,-295000000.0,-4369000000.0,-1484000000.0,2430000000.0,0.0,176000000.0,176000000.0,176000000.0,0.0,-3000000.0,0.022,3061000000.0,857000000.0,3143000000,0.0,0.894,3.389,3.332,20538000000,0.0,6.13,0.77,0.759,3492000000,236000000,8125000000.0,8125000000.0,0.0,,,,,40000000.0,1867000000.0,1.0,4068421433,4010000000,4061000000.0,2.026,34956000000,0,47000000.0,7704000000,8.717,1748000000
7,S2,ARQ,2018-03-31,2018-05-24,2018-03-31,2021-06-30,-313000000,85459000000,,14253000000,71206000000,,6.586,-6517000000.0,6610000000,6610000000,7433000000.0,63000000.0,1.32,2.24,40892000000,3429000000,37463000000,40892000000,0,2259000000.0,0,0.0,0.0,233000000.0,2492000000.0,0.308,2492000000.0,233000000.0,-343000000.0,0.02,0.02,0.02,26356000000,,26356000000,54981208776,21.0,4.883,-860000000.0,-0.215,1.0,650000000.0,0.08,50360000000,576000000.0,58581000000,,1003000000,2354000000,2354000000,0,59040000000,10800000000,48240000000,20699208776,2147000000.0,0.0,0.0,4097000000.0,0.0,3901000000.0,-7411000000.0,-1041000000.0,5657000000.0,0.0,69000000.0,69000000.0,69000000.0,0.0,-6000000.0,0.009,562000000.0,88000000.0,3409000000,0.0,0.785,2.801,2.789,19925000000,0.0,5.16,0.639,0.637,3711000000,-1255000000,8083000000.0,8083000000.0,0.0,,,,,45000000.0,2028000000.0,1.0,4011474569,4002000000,4072000000.0,2.02,35099000000,0,-412000000.0,7294000000,8.77,3453000000
8,S2,ARQ,2017-12-31,2018-02-06,2017-12-31,2021-06-30,-366000000,81419000000,,10165000000,71254000000,,6.557,-1451000000.0,4440000000,4440000000,3406000000.0,7156000000.0,0.918,2.101,36861000000,4036000000,32825000000,36861000000,0,2173000000.0,0,0.0,0.0,691000000.0,2864000000.0,0.348,2864000000.0,691000000.0,110000000.0,1.79,1.76,1.79,26235000000,,26235000000,52836536008,18.0,4.645,-285000000.0,-0.071,1.0,4833000000.0,0.587,50475000000,581000000.0,52294000000,,1009000000,173000000,173000000,0,55114000000,11071000000,44043000000,20415536008,-362000000.0,0.0,0.0,-1685000000.0,0.0,-1680000000.0,152000000.0,1437000000.0,1166000000.0,0.0,7162000000.0,7162000000.0,7162000000.0,0.0,-6000000.0,0.869,4294000000.0,539000000.0,3176000000,0.0,0.778,2.901,2.898,19712000000,0.0,5.1,0.621,0.621,3917000000,-1264000000,8239000000.0,8239000000.0,0.0,,,,,50000000.0,2108000000.0,1.0,4003046276,4001000000,4061000000.0,2.059,30944000000,0,-7052000000.0,7709000000,7.734,-906000000
9,S2,ARQ,2017-09-30,2017-11-02,2017-09-30,2021-06-30,-392000000,82466000000,,11935000000,70531000000,,4.757,-1296000000.0,4802000000,4802000000,3102000000.0,-48000000.0,1.095,3.336,38378000000,4142000000,34236000000,38378000000,0,2094000000.0,0,0.0,0.0,645000000.0,2739000000.0,0.346,2739000000.0,645000000.0,50000000.0,-0.01,-0.01,-0.01,19020000000,,19020000000,59298222234,24.0,5.463,663000000.0,0.166,1.0,4825000000.0,0.609,50498000000,595000000.0,54647000000,,751000000,1610000000,1610000000,0,63446000000,10897000000,52549000000,25722222234,2324000000.0,0.0,0.0,-1182000000.0,0.0,-1197000000.0,1562000000.0,2739000000.0,1959000000.0,0.0,-48000000.0,-48000000.0,-48000000.0,0.0,0.0,-0.006,4107000000.0,718000000.0,2947000000,0.0,1.352,-42.586,-42.867,18901000000,0.0,6.43,0.775,0.775,4118000000,-8426000000,7927000000.0,7927000000.0,0.0,,,,,46000000.0,2013000000.0,1.0,4000345604,3998000000,3998000000.0,1.983,31968000000,0,98000000.0,14780000000,7.996,1038000000
10,S2,ARQ,2017-06-30,2017-08-03,2017-06-30,2021-06-30,-408000000,83324000000,,12496000000,70828000000,,4.762,-1631000000.0,2478000000,2478000000,3254000000.0,206000000.0,1.08,3.382,39584000000,5125000000,34459000000,39584000000,0,2054000000.0,0,0.0,0.0,1111000000.0,3165000000.0,0.388,3165000000.0,1111000000.0,498000000.0,0.05,0.05,0.05,19015000000,,19015000000,71239384236,29.0,6.656,-351000000.0,-0.088,1.0,4903000000.0,0.601,50727000000,613000000.0,58132000000,,979000000,4349000000,4349000000,0,64309000000,11571000000,52738000000,34133384236,-392000000.0,0.0,0.0,-1219000000.0,0.0,-1234000000.0,-438000000.0,1095000000.0,1280000000.0,0.0,206000000.0,206000000.0,206000000.0,0.0,0.0,0.025,3992000000.0,911000000.0,2616000000,0.0,1.795,-48.902,-47.444,18866000000,0.0,8.54,1.019,1.018,4089000000,-8378000000,8157000000.0,8157000000.0,0.0,,,,,41000000.0,1938000000.0,1.0,3996883400,3993000000,4076000000.0,2.043,32597000000,0,292000000.0,14701000000,8.164,925000000
11,S2,ARQ,2017-03-31,2017-05-26,2017-03-31,2021-06-30,-404000000,85123000000,,14117000000,71006000000,,4.717,-961000000.0,2870000000,2870000000,3716000000.0,-283000000.0,1.133,3.526,40914000000,5036000000,35878000000,40914000000,0,2110000000.0,0,0.0,0.0,497000000.0,2607000000.0,0.305,2607000000.0,497000000.0,-134000000.0,-0.07,-0.07,-0.07,18808000000,,18808000000,71568068460,42.0,7.248,307000000.0,0.077,1.0,4823000000.0,0.565,50484000000,631000000.0,60225000000,,1064000000,5444000000,5444000000,0,66315000000,12458000000,53857000000,33524068460,-837000000.0,0.0,0.0,1985000000.0,0.0,1926000000.0,-4031000000.0,-3095000000.0,1268000000.0,0.0,-283000000.0,-283000000.0,-283000000.0,0.0,0.0,-0.033,4148000000.0,675000000.0,3281000000,0.0,1.782,-27.798,-28.0,19209000000,0.0,8.4,1.005,1.003,4138000000,-8584000000,8539000000.0,8539000000.0,0.0,,,,,36000000.0,2002000000.0,1.0,3990960531,3987000000,3987000000.0,2.142,34639000000,0,149000000.0,14416000000,8.688,1659000000
12,S2,ARQ,2016-12-31,2017-02-06,2016-12-31,2021-06-30,-437000000,81295000000,,10572000000,70723000000,,4.769,-1259000000.0,3707000000,3707000000,3910000000.0,-479000000.0,0.775,3.28,37313000000,6554000000,30759000000,37313000000,0,2092000000.0,0,0.0,0.0,251000000.0,2343000000.0,0.274,2343000000.0,251000000.0,-368000000.0,-0.12,-0.12,-0.12,18996000000,,18996000000,66938717031,54.0,7.298,-609000000.0,-0.153,1.0,4639000000.0,0.543,50717000000,619000000.0,50547000000,,1296000000,2349000000,2349000000,0,62299000000,13637000000,48662000000,33332717031,-299000000.0,0.0,0.0,953000000.0,0.0,887000000.0,-1836000000.0,-699000000.0,650000000.0,0.0,-479000000.0,-479000000.0,-479000000.0,0.0,0.0,-0.056,4191000000.0,448000000.0,2894000000,0.0,1.755,-22.568,-22.0,19333000000,0.0,8.36,1.014,1.013,1236000000,-8301000000,8549000000.0,8549000000.0,0.0,,,,,28000000.0,2080000000.0,1.0,3987167109,3983000000,3983000000.0,2.146,30578000000,0,111000000.0,14238000000,7.677,-3065000000
13,S2,ARQ,2016-09-30,2016-11-01,2016-09-30,2021-06-30,-432000000,80828000000,,9856000000,70972000000,,4.881,-845000000.0,4006000000,4006000000,3794000000.0,-142000000.0,0.707,3.161,36555000000,7014000000,29541000000,36555000000,0,1981000000.0,0,0.0,0.0,607000000.0,2588000000.0,0.314,2588000000.0,607000000.0,-23000000.0,-0.04,-0.04,-0.04,19423000000,,19423000000,57113457452,72.0,6.718,863000000.0,0.217,1.0,4453000000.0,0.54,50977000000,630000000.0,48452000000,,981000000,1650000000,1650000000,0,61405000000,13948000000,47457000000,24564457452,226000000.0,0.0,0.0,-350000000.0,0.0,-319000000.0,-1163000000.0,-346000000.0,1708000000.0,0.0,-142000000.0,-142000000.0,-142000000.0,0.0,0.0,-0.017,3971000000.0,482000000.0,2649000000,0.0,1.265,-13.394,-13.128,19176000000,0.0,6.17,0.757,0.757,1004000000,-7822000000,8247000000.0,8247000000.0,0.0,,,,,14000000.0,1995000000.0,1.0,3981273493,3979000000,3979000000.0,2.073,29851000000,0,119000000.0,14120000000,7.502,-4092000000
14,S2,ARQ,2016-06-30,2016-08-09,2016-06-30,2021-06-30,-440000000,80395000000,,8962000000,71433000000,,4.906,-893000000.0,3780000000,3780000000,3518000000.0,-302000000.0,0.767,3.122,36957000000,5603000000,31354000000,36957000000,0,1967000000.0,0,0.0,0.0,369000000.0,2336000000.0,0.292,2336000000.0,369000000.0,-246000000.0,-0.08,-0.08,-0.08,19502000000,,19502000000,57763278309,301.0,7.542,-351000000.0,-0.088,1.0,4494000000.0,0.561,50907000000,615000000.0,50976000000,,816000000,1304000000,1304000000,0,60893000000,11689000000,49204000000,24586278309,1139000000.0,0.0,0.0,2961000000.0,0.0,2792000000.0,-2195000000.0,-1304000000.0,542000000.0,0.0,-302000000.0,-302000000.0,-302000000.0,0.0,0.0,-0.038,3900000000.0,594000000.0,1841000000,0.0,1.261,-10.798,-10.655,19715000000,0.0,6.18,0.764,0.764,1113000000,-7680000000,8012000000.0,8012000000.0,0.0,,,,,15000000.0,1917000000.0,1.0,3978362186,3975000000,3975000000.0,2.016,29488000000,0,56000000.0,14006000000,7.418,-2727000000
15,S2,ARQ,2016-03-31,2016-05-17,2016-03-31,2021-06-30,-439000000,78975000000,,6833000000,72142000000,,4.984,-1313000000.0,2641000000,2641000000,3796000000.0,-554000000.0,0.571,2.992,33958000000,4690000000,29268000000,33958000000,0,1892000000.0,0,0.0,0.0,13000000.0,1905000000.0,0.236,1905000000.0,13000000.0,-539000000.0,-0.14,-0.14,-0.14,19783000000,,19783000000,45307565100,138.0,6.109,-19000000.0,-0.005,1.0,4275000000.0,0.53,51117000000,552000000.0,47212000000,,1173000000,0,0,0,59192000000,11963000000,47229000000,13990565100,466000000.0,0.0,0.0,-172000000.0,0.0,422000000.0,-1250000000.0,41000000.0,1294000000.0,0.0,-554000000.0,-554000000.0,-554000000.0,0.0,0.0,-0.069,3993000000.0,282000000.0,2899000000,0.0,0.707,-7.013,-7.04,20297000000,0.0,3.52,0.435,0.434,1099000000,-7378000000,8071000000.0,8071000000.0,0.0,,,,,17000000.0,1939000000.0,1.0,3974592358,3969000000,3969000000.0,2.034,27858000000,0,15000000.0,13959000000,7.019,-5130000000
16,S2,ARQ,2015-12-31,2016-02-04,2015-12-31,2021-06-30,-419000000,79551000000,,6561000000,72990000000,,5.122,-1631000000.0,2175000000,2175000000,3937000000.0,-836000000.0,0.593,2.912,33753000000,3324000000,30429000000,33753000000,0,1865000000.0,0,0.0,0.0,-193000000.0,1672000000.0,0.206,1672000000.0,-193000000.0,-739000000.0,-0.21,-0.21,-0.21,20333000000,,20333000000,42816561747,67.0,5.873,-825000000.0,-0.208,1.0,4170000000.0,0.514,51434000000,546000000.0,48633000000,,995000000,41000000,41000000,0,59218000000,11062000000,48156000000,11238561747,203000000.0,0.0,2000000.0,-200000000.0,0.0,-198000000.0,-405000000.0,1198000000.0,806000000.0,0.0,-836000000.0,-836000000.0,-836000000.0,0.0,0.0,-0.103,4203000000.0,-33000000.0,3078000000,0.0,0.553,-6.75,-6.581,20645000000,0.0,2.83,0.347,0.347,1033000000,-6824000000,8107000000.0,8107000000.0,0.0,,,,,18000000.0,2129000000.0,1.0,3971223232,3970000000,3970000000.0,2.042,28117000000,0,97000000.0,13959000000,7.082,-4501000000
17,S2,ARQ,2015-09-30,2015-11-09,2015-09-30,2021-06-30,-412000000,80851000000,,7096000000,73755000000,,5.331,-1754000000.0,1972000000,1972000000,3743000000.0,-585000000.0,0.767,2.821,33965000000,1395000000,32570000000,33965000000,0,1743000000.0,0,0.0,0.0,3000000.0,1746000000.0,0.219,1746000000.0,3000000.0,-539000000.0,-0.15,-0.15,-0.15,21157000000,,21157000000,48984052301,-29.0,11.11,-85000000.0,-0.021,1.0,4232000000.0,0.531,51755000000,542000000.0,51834000000,,889000000,103000000,103000000,0,59694000000,9255000000,50439000000,16991052301,-88000000.0,0.0,4000000.0,-92000000.0,0.0,-88000000.0,-1669000000.0,100000000.0,1669000000.0,0.0,-585000000.0,-585000000.0,-585000000.0,0.0,0.0,-0.073,4077000000.0,155000000.0,3527000000,0.0,0.803,-5.296,-5.22,21061000000,0.0,4.28,0.511,0.511,1980000000,-5988000000,7975000000.0,7975000000.0,0.0,,,,,22000000.0,2224000000.0,1.0,3969872033,3969000000,3969000000.0,2.009,29096000000,63000000,46000000.0,13929000000,7.331,-2159000000
18,S2,ARQ,2015-06-30,2015-08-07,2015-06-30,2021-06-30,-404000000,81439000000,,7785000000,73654000000,,5.476,-2372000000.0,2060000000,2060000000,3758000000.0,-20000000.0,0.854,2.749,34130000000,1384000000,32746000000,34130000000,0,1588000000.0,0,0.0,0.0,505000000.0,2093000000.0,0.261,2093000000.0,505000000.0,-37000000.0,-0.01,-0.01,-0.01,21725000000,,21725000000,45442735542,-24.0,12.044,-2244000000.0,-0.566,1.0,4269000000.0,0.532,52104000000,542000000.0,52291000000,,949000000,203000000,203000000,0,59714000000,9114000000,50600000000,13372735542,-1950000000.0,0.0,4000000.0,320000000.0,0.0,333000000.0,-2411000000.0,-37000000.0,128000000.0,0.0,-20000000.0,-20000000.0,-20000000.0,0.0,0.0,-0.002,3775000000.0,494000000.0,3272000000,0.0,0.616,-3.947,-3.919,20563000000,0.0,3.37,0.396,0.396,3813000000,-5403000000,8027000000.0,8027000000.0,0.0,,,,,18000000.0,2187000000.0,1.0,3968170784,3967000000,3967000000.0,2.023,29335000000,87000000,-17000000.0,13913000000,7.395,-1329000000
19,S2,ARQ,2015-03-31,2015-05-26,2015-03-31,2021-06-30,-408000000,83030000000,,9777000000,73253000000,,5.48,-2089000000.0,4010000000,4010000000,4208000000.0,-224000000.0,0.894,2.825,33831000000,1300000000,32531000000,33831000000,0,1454000000.0,0,0.0,0.0,326000000.0,1780000000.0,0.215,1780000000.0,326000000.0,-197000000.0,-0.06,-0.06,-0.06,21710000000,,21710000000,48585930010,-26.0,13.957,-1113000000.0,-0.281,1.0,4074000000.0,0.492,52455000000,523000000.0,49456000000,,1359000000,166000000,166000000,0,61320000000,10940000000,50380000000,18764930010,555000000.0,0.0,-15000000.0,1446000000.0,0.0,1381000000.0,-1802000000.0,88000000.0,976000000.0,0.0,-224000000.0,-224000000.0,-224000000.0,0.0,0.0,-0.027,3756000000.0,318000000.0,4347000000,0.0,0.864,-5.61,-5.565,19721000000,0.0,4.73,0.543,0.541,2290000000,-5383000000,8282000000.0,8282000000.0,0.0,,,,,-3000000.0,2331000000.0,1.0,3967215647,3962000000,3962000000.0,2.09,30575000000,62000000,27000000.0,13898000000,7.717,-1163000000
20,S2,ARQ,2014-12-31,2015-02-05,2014-12-31,2021-06-30,-270000000,83038000000,,10458000000,72580000000,,5.582,-1610000000.0,3455000000,3455000000,5282000000.0,-2379000000.0,0.854,2.759,32462000000,1302000000,31160000000,32462000000,0,1320000000.0,0,0.0,0.0,-2530000000.0,-1210000000.0,-0.135,-1210000000.0,-2530000000.0,-3036000000.0,-0.6,-0.6,-0.6,22089000000,,22089000000,48083795644,,,-1843000000.0,-0.466,1.0,3691000000.0,0.411,52573000000,506000000.0,47228000000,,1513000000,254000000,254000000,0,60949000000,12244000000,48705000000,19076795644,-680000000.0,0.0,4000000.0,273000000.0,0.0,240000000.0,-687000000.0,913000000.0,-233000000.0,0.0,-2379000000.0,-2379000000.0,-2379000000.0,0.0,0.0,-0.265,6122000000.0,-2431000000.0,5220000000,0.0,0.864,,,18853000000,0.0,4.82,,,4362000000,-5159000000,8973000000.0,8973000000.0,0.0,,,,,24000000.0,2647000000.0,1.0,3957841420,3957000000,3957000000.0,2.268,30465000000,101000000,-657000000.0,13681000000,7.699,-1786000000
21,S2,ARQ,2014-09-30,2014-11-06,2014-09-30,2021-06-30,-50000000,84710000000,,11270000000,73440000000,,6.245,-1181000000.0,4135000000,4135000000,4801000000.0,-765000000.0,1.063,2.435,32266000000,808000000,31458000000,32266000000,0,1294000000.0,0,0.0,0.0,-184000000.0,1110000000.0,0.131,1110000000.0,-184000000.0,-694000000.0,-0.19,-0.19,-0.19,24663000000,,24663000000,46684550918,,,-153000000.0,-0.039,1.0,3687000000.0,0.434,54839000000,510000000.0,47404000000,,1124000000,1167000000,1167000000,0,60047000000,10598000000,49449000000,18553550918,-36000000.0,0.0,37000000.0,-153000000.0,0.0,-116000000.0,-948000000.0,155000000.0,1028000000.0,0.0,-765000000.0,-765000000.0,-765000000.0,0.0,0.0,-0.09,3879000000.0,-192000000.0,4351000000,0.0,0.752,,,17557000000,0.0,4.69,,,3942000000,-2780000000,8488000000.0,8488000000.0,0.0,,,,,39000000.0,2301000000.0,1.0,3955981006,3949000000,3949000000.0,2.149,29871000000,90000000,71000000.0,14331000000,7.564,672000000
22,S2,ARQ,2014-06-30,2014-08-08,2014-06-30,2021-06-30,-43000000,84419000000,,11374000000,73045000000,,6.429,-1287000000.0,4171000000,4171000000,4678000000.0,23000000.0,1.205,2.328,32494000000,807000000,31687000000,32494000000,0,1281000000.0,0,0.0,0.0,520000000.0,1801000000.0,0.205,1801000000.0,520000000.0,8000000.0,0.01,0.01,0.01,25364000000,,25364000000,50693944142,,,-608000000.0,-0.154,1.0,4111000000.0,0.468,55226000000,512000000.0,48080000000,,1116000000,1322000000,1322000000,0,59055000000,9436000000,49619000000,22370944142,-799000000.0,0.0,9000000.0,-210000000.0,0.0,-201000000.0,-1277000000.0,-102000000.0,679000000.0,0.0,23000000.0,23000000.0,23000000.0,0.0,0.0,0.003,3592000000.0,519000000.0,3492000000,0.0,0.882,,,16852000000,0.0,5.67,,,3751000000,-2015000000,8789000000.0,8789000000.0,0.0,,,,,26000000.0,2284000000.0,1.0,3945492794,3945000000,4002000000.0,2.228,29193000000,78000000,-15000000.0,14268000000,7.4,1938000000
23,S2,ARQ,2014-03-31,2014-05-27,2014-03-31,2021-06-30,-43000000,84689000000,,11579000000,73110000000,,6.418,-1640000000.0,4970000000,4970000000,,,1.194,2.346,32778000000,991000000,31787000000,32778000000,0,1297000000.0,0,0.0,0.0,,,,,,,,,,25312000000,,25312000000,64212044080,,,-1118000000.0,-0.283,1.0,,,55919000000,,46880000000,,982000000,1366000000,1220000000,146000000,59377000000,9698000000,49679000000,36404044080,,0.0,,,,,-1756000000.0,-115000000.0,522000000.0,,,,,,,,,,3163000000,,1.438,,,16299000000,,9.23,,,3607000000,-2038000000,,,,,,,,35000000.0,,1.0,3944100117,3944100117,,,28770000000,128000000,,14207000000,7.294,1881000000
24,S2,ARQ,2013-12-31,2014-02-24,2013-12-31,2021-06-30,102000000,86095000000,,13058000000,73037000000,,6.484,-2084000000.0,6364000000,6364000000,5435000000.0,-1038000000.0,1.224,2.365,33011000000,994000000,32017000000,33011000000,0,1531000000.0,0,0.0,0.0,-521000000.0,1010000000.0,0.11,1010000000.0,-521000000.0,-1023000000.0,-0.29,-0.29,-0.29,25584000000,,25584000000,59708384927,-67.0,29.312,-2845000000.0,-0.721,1.0,3707000000.0,0.405,56272000000,502000000.0,45801000000,,1205000000,1248000000,1105000000,143000000,60511000000,10669000000,49842000000,33061384927,306000000.0,0.0,15000000.0,-207000000.0,0.0,-232000000.0,1299000000.0,332000000.0,-761000000.0,0.0,-1038000000.0,-1038000000.0,-1038000000.0,0.0,0.0,-0.114,4283000000.0,-576000000.0,3312000000,0.0,1.292,-17.775,-15.556,16164000000,0.0,8.4,1.957,1.728,3570000000,-1887000000,9142000000.0,9142000000.0,0.0,,,,,40000000.0,2546000000.0,1.0,3935879158,3946000000,3946000000.0,2.317,29823000000,186000000,15000000.0,14227000000,7.558,2389000000
25,S2,ARQ,2013-09-30,2013-11-06,2013-09-30,2021-06-30,4000000,87977000000,,15430000000,72547000000,,6.966,1356000000.0,9108000000,9108000000,4342000000.0,-699000000.0,1.409,2.322,33551000000,1131000000,32420000000,33551000000,0,-1842000000.0,0,0.0,0.0,-193000000.0,-2035000000.0,-0.263,-2035000000.0,-193000000.0,-609000000.0,-0.18,-0.18,-0.18,26483000000,,26483000000,52243399558,97.0,15.209,-615000000.0,-0.162,1.0,3407000000.0,0.44,56761000000,416000000.0,44709000000,,1028000000,1573000000,1436000000,137000000,61494000000,10950000000,50544000000,27800399558,9876000000.0,-9765000000.0,18492000000.0,6487000000.0,0.0,24869000000.0,-13022000000.0,-1560000000.0,-1971000000.0,0.0,-699000000.0,-699000000.0,-699000000.0,0.0,0.0,-0.09,3765000000.0,-358000000.0,3777000000,0.0,1.05,-8.745,-7.07,15312000000,0.0,7.07,0.786,0.76,3193000000,-849000000,7749000000.0,7749000000.0,0.0,,,,,21000000.0,2259000000.0,1.0,3932164011,3802000000,3802000000.0,2.038,31216000000,167000000,90000000.0,14263000000,8.21,4480000000
26,S2,ARQ,2013-06-30,2013-08-05,2013-06-30,2021-06-30,-1068000000,50361000000,,11399000000,38962000000,,1.648,-1639000000.0,5596000000,5596000000,5045000000.0,-1597000000.0,1.201,9.113,24208000000,305000000,23903000000,24208000000,0,1632000000.0,0,0.0,0.0,-1114000000.0,518000000.0,0.058,518000000.0,-1114000000.0,-1542000000.0,-0.53,-0.53,-0.53,4980000000,,4980000000,45632567040,-18.0,12.574,-404000000.0,-0.134,1.0,3832000000.0,0.432,22979000000,428000000.0,36505000000,,899000000,1673000000,840000000,833000000,45381000000,9489000000,35892000000,27020567040,-679000000.0,-669000000.0,51000000.0,-303000000.0,0.0,-260000000.0,-1654000000.0,654000000.0,1235000000.0,0.0,-1597000000.0,-1597000000.0,-1597000000.0,0.0,0.0,-0.18,4706000000.0,-874000000.0,3560000000,0.0,5.426,-6.242,-4.778,14403000000,0.0,6.88,0.762,0.587,3413000000,-47056000000,8877000000.0,8877000000.0,0.0,,,,,16000000.0,2442000000.0,1.0,3927408000,3022000000,3022000000.0,2.937,27382000000,0,55000000.0,7212000000,9.061,1910000000
27,S2,ARQ,2013-03-31,2013-05-06,2013-03-31,2021-06-30,-1119000000,50757000000,,12769000000,37988000000,,2.149,-1436000000.0,6275000000,6275000000,4933000000.0,-643000000.0,1.49,6.84,24500000000,428000000,24072000000,24500000000,0,1492000000.0,0,0.0,0.0,-173000000.0,1319000000.0,0.15,1319000000.0,-173000000.0,-605000000.0,-0.21,-0.21,-0.21,6474000000,,6474000000,39954585362,-17.0,10.039,-496000000.0,-0.165,1.0,3860000000.0,0.439,22352000000,432000000.0,38063000000,,843000000,2360000000,1494000000,866000000,44283000000,8567000000,35716000000,21729585362,-76000000.0,-80000000.0,0.0,145000000.0,0.0,142000000.0,-1158000000.0,355000000.0,940000000.0,0.0,-643000000.0,-643000000.0,-643000000.0,0.0,0.0,-0.073,3853000000.0,7000000.0,2963000000,0.0,3.356,-5.292,-5.255,14025000000,0.0,7.2,0.614,0.613,3352000000,-45459000000,8793000000.0,8793000000.0,0.0,,,,,17000000.0,2336000000.0,1.0,3017997967,3013000000,3013000000.0,2.918,28405000000,0,38000000.0,7131000000,9.427,4202000000
28,S2,ARQ,2012-12-31,2013-02-28,2012-12-31,2021-06-30,-1133000000,51570000000,,13759000000,37811000000,,2.358,-1523000000.0,6351000000,6351000000,5652000000.0,-1322000000.0,1.55,6.277,24341000000,379000000,23962000000,24341000000,0,1493000000.0,0,0.0,0.0,-846000000.0,647000000.0,0.072,647000000.0,-846000000.0,-1278000000.0,-0.44,-0.44,-0.44,7087000000,,7087000000,35452461598,-13.0,9.332,-1307000000.0,-0.435,1.0,3353000000.0,0.372,22371000000,432000000.0,38315000000,,1200000000,2902000000,1849000000,1053000000,44483000000,8874000000,35609000000,17462461598,706000000.0,-100000000.0,29000000.0,3316000000.0,0.0,3280000000.0,-2790000000.0,-1165000000.0,216000000.0,0.0,-1322000000.0,-1322000000.0,-1322000000.0,0.0,0.0,-0.147,4058000000.0,-705000000.0,3487000000,0.0,2.464,-4.037,-4.028,13607000000,0.0,5.8,0.494,0.493,3658000000,-44815000000,9005000000.0,9005000000.0,0.0,,,,,25000000.0,2557000000.0,1.0,3010769241,3005000000,3005000000.0,2.997,29199000000,1000000,44000000.0,7047000000,9.717,4885000000
29,S2,ARQ,2012-09-30,2012-11-07,2012-09-30,2021-06-30,-766000000,48972000000,,11611000000,37361000000,,2.83,-1118000000.0,5645000000,5645000000,5093000000.0,-767000000.0,1.461,4.762,21304000000,310000000,20994000000,21304000000,0,1488000000.0,0,0.0,0.0,-343000000.0,1145000000.0,0.131,1145000000.0,-343000000.0,-720000000.0,-0.26,-0.26,-0.26,8499000000,,8499000000,32544930787,-12.0,9.527,-490000000.0,-0.163,1.0,3670000000.0,0.419,22391000000,377000000.0,34293000000,,996000000,1825000000,684000000,1141000000,40473000000,7947000000,32526000000,16885930787,-215000000.0,0.0,0.0,73000000.0,0.0,54000000.0,-897000000.0,218000000.0,628000000.0,0.0,-767000000.0,-767000000.0,-767000000.0,0.0,0.0,-0.088,3901000000.0,-231000000.0,3210000000,0.0,1.987,-3.921,-3.903,13108000000,0.0,5.62,0.482,0.481,3440000000,-43494000000,8763000000.0,8763000000.0,0.0,,,,,18000000.0,2391000000.0,1.0,3004614019,3003000000,3003000000.0,2.918,26581000000,75000000,47000000.0,7089000000,8.851,3664000000
30,S2,ARQ,2012-06-30,2012-08-02,2012-06-30,2021-06-30,-781000000,49024000000,,11604000000,37420000000,,3.076,-979000000.0,5860000000,5860000000,5011000000.0,-1374000000.0,1.576,4.313,21264000000,307000000,20957000000,21264000000,0,1896000000.0,0,0.0,0.0,-1027000000.0,869000000.0,0.098,869000000.0,-1027000000.0,-1348000000.0,-0.46,-0.46,-0.46,9227000000,,9227000000,28275625563,-11.0,8.287,198000000.0,0.066,1.0,3832000000.0,0.433,22417000000,321000000.0,34648000000,,766000000,2246000000,902000000,1344000000,39797000000,7363000000,32434000000,12871625563,-1235000000.0,0.0,0.0,-1002000000.0,0.0,-1019000000.0,-1393000000.0,-425000000.0,1177000000.0,0.0,-1374000000.0,-1374000000.0,-1374000000.0,0.0,0.0,-0.155,4461000000.0,-629000000.0,3387000000,0.0,1.395,-3.351,-3.352,12961000000,0.0,4.29,0.372,0.372,3320000000,-42726000000,8843000000.0,8843000000.0,0.0,,,,,22000000.0,2381000000.0,1.0,3000378919,3000000000,3000000000.0,2.948,26607000000,87000000,26000000.0,7038000000,8.869,4241000000
31,S2,ARQ,2012-03-31,2012-05-03,2012-03-31,2021-06-30,-775000000,50617000000,,12224000000,38393000000,,3.532,-839000000.0,7095000000,7095000000,5085000000.0,-863000000.0,1.898,3.779,22268000000,8000000,22260000000,22268000000,0,1666000000.0,0,0.0,0.0,-528000000.0,1138000000.0,0.13,1138000000.0,-528000000.0,-826000000.0,-0.29,-0.29,-0.29,10591000000,,10591000000,22610139429,-11.0,6.917,139000000.0,0.046,1.0,3649000000.0,0.418,22440000000,298000000.0,36911000000,,693000000,2257000000,477000000,1780000000,40026000000,6439000000,33587000000,7437139429,1648000000.0,-128000000.0,0.0,1998000000.0,0.0,1965000000.0,-1295000000.0,-327000000.0,978000000.0,0.0,-863000000.0,-863000000.0,-863000000.0,0.0,0.0,-0.099,4186000000.0,-537000000.0,2847000000,0.0,0.702,-2.244,-2.255,13500000000,0.0,2.48,0.218,0.218,3216000000,-41352000000,8734000000.0,8734000000.0,0.0,,,,,17000000.0,2436000000.0,1.0,2998846544,2999000000,2999000000.0,2.912,28177000000,115000000,37000000.0,7013000000,9.395,5785000000
32,S2,ARQ,2011-12-31,2012-02-27,2011-12-31,2021-06-30,-792000000,49383000000,,10337000000,39046000000,,3.812,-968000000.0,5447000000,5447000000,5419000000.0,-1303000000.0,1.591,3.322,20274000000,8000000,20266000000,20274000000,0,1174000000.0,0,0.0,0.0,-910000000.0,264000000.0,0.03,264000000.0,-910000000.0,-1197000000.0,-0.43,-0.43,-0.43,11427000000,,11427000000,22470335394,-14.0,6.95,121000000.0,0.04,1.0,3303000000.0,0.379,22428000000,287000000.0,35283000000,,913000000,2146000000,150000000,1996000000,37956000000,6499000000,31457000000,7643335394,1686000000.0,-331000000.0,18000000.0,1749000000.0,0.0,1670000000.0,-1073000000.0,90000000.0,1089000000.0,0.0,-1303000000.0,-1303000000.0,-1303000000.0,0.0,0.0,-0.149,3741000000.0,-438000000.0,2495000000,0.0,0.669,-2.645,-2.656,14009000000,0.0,2.55,0.227,0.227,3206000000,-40489000000,8722000000.0,8722000000.0,0.0,,,,,22000000.0,2461000000.0,1.0,2997386429,2998000000,2998000000.0,2.909,26955000000,130000000,106000000.0,6986000000,8.991,3838000000
33,S2,ARQ,2011-09-30,2011-11-03,2011-09-30,2021-06-30,-463000000,48015000000,,8650000000,39365000000,,4.353,-889000000.0,3761000000,3761000000,4611000000.0,-301000000.0,1.126,2.682,18529000000,2257000000,16272000000,18529000000,0,1194000000.0,0,0.0,0.0,-53000000.0,1141000000.0,0.137,1141000000.0,-53000000.0,-289000000.0,-0.1,-0.1,-0.1,13041000000,,13041000000,23186247313,-18.0,6.106,-281000000.0,-0.094,1.0,3722000000.0,0.447,22577000000,236000000.0,32524000000,,923000000,2354000000,240000000,2114000000,34974000000,7682000000,27292000000,8418247313,-195000000.0,0.0,0.0,-2000000.0,0.0,3000000.0,-806000000.0,75000000.0,608000000.0,0.0,-301000000.0,-301000000.0,-301000000.0,0.0,0.0,-0.036,3514000000.0,208000000.0,2188000000,0.0,0.646,-3.346,-3.345,14168000000,0.0,2.81,0.253,0.253,3054000000,-39186000000,8333000000.0,8333000000.0,0.0,,,,,14000000.0,2320000000.0,1.0,2995817549,2996000000,2996000000.0,2.781,25438000000,156000000,12000000.0,6911000000,8.491,968000000
34,S2,ARQ,2011-06-30,2011-08-04,2011-06-30,2021-06-30,-466000000,49043000000,,9182000000,39861000000,,4.451,-813000000.0,3956000000,3956000000,4589000000.0,-847000000.0,1.064,2.68,18534000000,2256000000,16278000000,18534000000,0,1235000000.0,0,0.0,0.0,-509000000.0,726000000.0,0.087,726000000.0,-509000000.0,-748000000.0,-0.28,-0.28,-0.28,13326000000,,13326000000,25777131271,-15.0,6.961,262000000.0,0.088,1.0,3722000000.0,0.448,22593000000,239000000.0,32397000000,,1160000000,2708000000,315000000,2393000000,35717000000,8631000000,27086000000,11199131271,298000000.0,0.0,0.0,-1000000.0,0.0,6000000.0,-783000000.0,25000000.0,1075000000.0,0.0,-847000000.0,-847000000.0,-847000000.0,0.0,0.0,-0.102,3643000000.0,79000000.0,3035000000,0.0,0.84,-3.583,-3.596,14379000000,0.0,3.74,0.339,0.339,3082000000,-38885000000,8311000000.0,8311000000.0,0.0,,,,,19000000.0,2408000000.0,1.0,2994420126,2994000000,2994000000.0,2.776,26450000000,165000000,99000000.0,6913000000,8.834,551000000
35,S2,ARQ,2011-03-31,2011-05-05,2011-03-31,2021-06-30,-481000000,49320000000,,8447000000,40873000000,,4.726,-718000000.0,3658000000,3658000000,4396000000.0,-439000000.0,1.021,2.488,18538000000,2256000000,16282000000,18538000000,0,1255000000.0,0,0.0,0.0,-153000000.0,1102000000.0,0.133,1102000000.0,-153000000.0,-402000000.0,-0.15,-0.15,-0.15,14140000000,,14140000000,30406904129,-20.0,7.116,201000000.0,0.067,1.0,3917000000.0,0.471,22646000000,249000000.0,33282000000,,728000000,3322000000,340000000,2982000000,35180000000,8272000000,26908000000,15526904129,-1515000000.0,0.0,0.0,-1652000000.0,0.0,-1653000000.0,-781000000.0,-40000000.0,919000000.0,0.0,-439000000.0,-439000000.0,-439000000.0,0.0,0.0,-0.053,3658000000.0,259000000.0,2738000000,0.0,1.098,-5.109,-5.139,14754000000,0.0,5.19,0.474,0.474,2932000000,-38038000000,8313000000.0,8313000000.0,0.0,,,,,18000000.0,2403000000.0,1.0,2991696364,2992000000,2992000000.0,2.778,26674000000,179000000,37000000.0,6830000000,8.915,175000000
36,S2,ARQ,2010-12-31,2011-02-24,2010-12-31,2021-06-30,-502000000,51654000000,,9880000000,41774000000,,4.863,-626000000.0,5173000000,5173000000,4568000000.0,-929000000.0,1.252,2.551,20191000000,1656000000,18535000000,20191000000,0,1386000000.0,0,0.0,0.0,-558000000.0,828000000.0,0.1,828000000.0,-558000000.0,-934000000.0,-0.31,-0.31,-0.31,14546000000,,14546000000,27756755404,-15.0,6.29,841000000.0,0.281,1.0,3733000000.0,0.45,22704000000,376000000.0,36077000000,,670000000,3689000000,300000000,3389000000,37108000000,7891000000,29217000000,12738755404,507000000.0,0.0,8000000.0,-107000000.0,0.0,-106000000.0,-854000000.0,-300000000.0,1467000000.0,0.0,-929000000.0,-929000000.0,-929000000.0,0.0,0.0,-0.112,3937000000.0,-204000000.0,2662000000,0.0,0.876,-3.676,-3.672,15214000000,0.0,4.26,0.391,0.391,3036000000,-37582000000,8301000000.0,8301000000.0,0.0,,,,,15000000.0,2418000000.0,1.0,2990318170,2991000000,2991000000.0,2.775,28950000000,185000000,-5000000.0,6802000000,9.679,1989000000
37,S2,ARQ,2010-09-30,2010-11-05,2010-09-30,2021-06-30,-349000000,52274000000,,9255000000,43019000000,,5.222,-598000000.0,4666000000,4666000000,4496000000.0,-911000000.0,1.226,2.348,20298000000,1758000000,18540000000,20298000000,0,1552000000.0,0,0.0,0.0,-505000000.0,1047000000.0,0.128,1047000000.0,-505000000.0,-858000000.0,-0.3,-0.3,-0.3,15614000000,,15614000000,27550310843,-15.0,5.759,373000000.0,0.125,1.0,3656000000.0,0.448,22761000000,353000000.0,37598000000,,562000000,3823000000,0,3823000000,36660000000,7547000000,29113000000,11918310843,389000000.0,0.0,0.0,-1000000.0,0.0,5000000.0,-587000000.0,0.0,971000000.0,0.0,-911000000.0,-911000000.0,-911000000.0,0.0,0.0,-0.112,3869000000.0,-213000000.0,2423000000,0.0,0.763,-3.39,-3.41,15961000000,0.0,3.99,0.371,0.371,3042000000,-36599000000,8152000000.0,8152000000.0,0.0,,,,,19000000.0,2317000000.0,1.0,2987045324,2990000000,2990000000.0,2.726,29513000000,215000000,53000000.0,6785000000,9.871,1708000000
38,S2,ARQ,2010-06-30,2010-08-05,2010-06-30,2021-06-30,-359000000,53226000000,,8955000000,44271000000,,5.52,-550000000.0,4277000000,4277000000,4230000000.0,-760000000.0,1.167,2.227,20301000000,1758000000,18543000000,20301000000,0,1635000000.0,0,0.0,0.0,-339000000.0,1296000000.0,0.161,1296000000.0,-339000000.0,-713000000.0,-0.25,-0.25,-0.25,16493000000,,16493000000,29514051251,-17.0,5.734,705000000.0,0.236,1.0,3795000000.0,0.473,22905000000,374000000.0,38672000000,,675000000,4109000000,0,4109000000,36733000000,7673000000,29060000000,13490051251,-96000000.0,-5000000.0,0.0,-754000000.0,0.0,-801000000.0,-550000000.0,1000000.0,1255000000.0,0.0,-760000000.0,-760000000.0,-760000000.0,0.0,0.0,-0.095,3929000000.0,-134000000.0,2494000000,0.0,0.818,-4.376,-4.346,16771000000,0.0,4.52,0.421,0.422,2957000000,-35642000000,8025000000.0,8025000000.0,0.0,,,,,18000000.0,2294000000.0,1.0,2984524613,2988000000,2988000000.0,2.686,30321000000,243000000,47000000.0,6719000000,10.148,1282000000
39,S2,ARQ,2010-03-31,2010-05-05,2010-03-31,2021-06-30,-353000000,54282000000,,8835000000,45447000000,,5.78,-620000000.0,4373000000,4373000000,4198000000.0,-865000000.0,1.093,2.148,21054000000,2415000000,18639000000,21054000000,0,1675000000.0,0,0.0,0.0,-433000000.0,1242000000.0,0.154,1242000000.0,-433000000.0,-794000000.0,-0.29,-0.29,-0.29,17243000000,,17243000000,29141703682,-17.0,5.296,502000000.0,0.168,1.0,3887000000.0,0.481,23162000000,361000000.0,39720000000,,526000000,4417000000,1000000,4416000000,37039000000,8081000000,28958000000,12460703682,554000000.0,-53000000.0,0.0,0.0,0.0,-3000000.0,-565000000.0,104000000.0,1122000000.0,0.0,-865000000.0,-865000000.0,-865000000.0,0.0,0.0,-0.107,4067000000.0,-180000000.0,2282000000,0.0,0.723,-4.603,-4.543,17411000000,0.0,4.18,0.388,0.388,2893000000,-34806000000,8085000000.0,8085000000.0,0.0,,,,,18000000.0,2409000000.0,1.0,2981029589,2983000000,2983000000.0,2.71,31120000000,273000000,71000000.0,6733000000,10.432,754000000
40,S2,ARQ,2009-12-31,2010-02-26,2009-12-31,2021-06-30,-352000000,55424000000,,8593000000,46831000000,,6.18,-604000000.0,3819000000,3819000000,4079000000.0,-980000000.0,1.266,2.063,21061000000,768000000,20293000000,21061000000,0,1802000000.0,0,0.0,0.0,-603000000.0,1199000000.0,0.152,1199000000.0,-603000000.0,-996000000.0,-0.33,-0.33,-0.33,18095000000,,18095000000,27156565783,-13.0,5.055,611000000.0,0.209,1.0,3789000000.0,0.482,23462000000,393000000.0,42419000000,,628000000,4729000000,105000000,4624000000,37329000000,6785000000,30544000000,9914565783,-1565000000.0,-1678000000.0,4000000.0,-1012000000.0,0.0,-1008000000.0,-1772000000.0,455000000.0,1215000000.0,0.0,-980000000.0,-980000000.0,-980000000.0,0.0,0.0,-0.125,4664000000.0,-875000000.0,2267000000,0.0,0.548,-4.07,-3.964,18280000000,0.0,3.33,0.307,0.298,2996000000,-33779000000,7868000000.0,7868000000.0,0.0,,,,,18000000.0,2415000000.0,1.0,2977347082,2928000000,2928000000.0,2.687,31962000000,295000000,-16000000.0,6693000000,10.916,1808000000
41,S2,ARQ,2009-09-30,2009-11-06,2009-09-30,2021-06-30,-488000000,55648000000,,10259000000,45389000000,,6.338,-545000000.0,5384000000,5384000000,4269000000.0,-478000000.0,1.616,2.052,21657000000,765000000,20892000000,21657000000,0,1820000000.0,0,0.0,0.0,-410000000.0,1410000000.0,0.175,1410000000.0,-410000000.0,-765000000.0,-0.17,-0.17,-0.17,18234000000,,18234000000,24472645550,-7.0,5.666,616000000.0,0.214,1.0,3773000000.0,0.469,22097000000,355000000.0,43476000000,,485000000,4291000000,559000000,3732000000,37414000000,6348000000,31066000000,8199645550,792000000.0,0.0,0.0,694000000.0,0.0,671000000.0,-1040000000.0,-543000000.0,1161000000.0,0.0,-478000000.0,-478000000.0,-478000000.0,0.0,0.0,-0.059,4087000000.0,-314000000.0,2161000000,0.0,0.45,-2.665,-2.639,19100000000,0.0,2.85,0.25,0.25,3155000000,-33067000000,8042000000.0,8042000000.0,0.0,,,,,17000000.0,2267000000.0,1.0,2877068614,2877000000,2877000000.0,2.795,33551000000,98000000,-287000000.0,6385000000,11.662,3911000000
42,S2,ARQ,2009-06-30,2009-08-04,2009-06-30,2021-06-30,-494000000,55885000000,,9098000000,46787000000,,6.517,-478000000.0,4592000000,4592000000,4061000000.0,-384000000.0,1.316,1.986,20991000000,1373000000,19618000000,20991000000,0,1911000000.0,0,0.0,0.0,-259000000.0,1652000000.0,0.203,1652000000.0,-259000000.0,-609000000.0,-0.13,-0.13,-0.13,18718000000,,18718000000,28046186121,-9.0,5.856,674000000.0,0.235,1.0,4080000000.0,0.501,22304000000,350000000.0,43067000000,,575000000,3899000000,17000000,3882000000,37167000000,6913000000,30254000000,11647186121,76000000.0,0.0,0.0,-605000000.0,0.0,-604000000.0,-472000000.0,4000000.0,1152000000.0,0.0,-384000000.0,-384000000.0,-384000000.0,0.0,0.0,-0.047,4193000000.0,-113000000.0,2061000000,0.0,0.622,-3.982,-3.971,20143000000,0.0,4.05,0.347,0.346,3202000000,-32473000000,8141000000.0,8141000000.0,0.0,,,,,19000000.0,2311000000.0,1.0,2875848425,2872000000,2872000000.0,2.835,33581000000,98000000,-225000000.0,6613000000,11.693,2185000000
43,S2,ARQ,2009-03-31,2009-05-08,2009-03-31,2021-06-30,-517000000,57225000000,,8903000000,48322000000,,6.641,-567000000.0,4516000000,4516000000,4026000000.0,-594000000.0,1.278,2.006,21601000000,1225000000,20376000000,21601000000,0,1883000000.0,0,0.0,0.0,-772000000.0,1111000000.0,0.135,1111000000.0,-772000000.0,-1124000000.0,-0.21,-0.21,-0.21,19039000000,,19039000000,32130533431,-11.0,6.306,796000000.0,0.278,1.0,4183000000.0,0.51,22627000000,352000000.0,44718000000,,510000000,3804000000,20000000,3784000000,38186000000,6965000000,31221000000,15045533431,825000000.0,0.0,0.0,0.0,0.0,22000000.0,-560000000.0,7000000.0,1363000000.0,0.0,-594000000.0,-594000000.0,-594000000.0,0.0,0.0,-0.072,4670000000.0,-487000000.0,2105000000,0.0,0.79,-5.215,-5.188,21270000000,0.0,5.24,0.436,0.435,3122000000,-31918000000,8209000000.0,8209000000.0,0.0,,,,,25000000.0,2460000000.0,1.0,2871285006,2867000000,2867000000.0,2.863,34598000000,95000000,-530000000.0,6770000000,12.068,1938000000
44,S2,ARQ,2008-12-31,2009-02-27,2008-12-31,2021-06-30,-524000000,58252000000,,8344000000,49908000000,,6.855,-681000000.0,3691000000,3691000000,4122000000.0,-1621000000.0,1.328,1.971,21610000000,618000000,20992000000,21610000000,0,1992000000.0,0,0.0,0.0,-1846000000.0,146000000.0,0.017,146000000.0,-1846000000.0,-2179000000.0,-0.57,-0.57,-0.57,19605000000,,19605000000,27344730833,-10.0,4.799,397000000.0,0.139,1.0,4308000000.0,0.511,22886000000,333000000.0,47004000000,,528000000,4092000000,28000000,4064000000,38647000000,6281000000,32366000000,9425730833,-425000000.0,213000000.0,9000000.0,-1010000000.0,0.0,-1001000000.0,-502000000.0,-83000000.0,1078000000.0,0.0,-1621000000.0,-1621000000.0,-1621000000.0,0.0,0.0,-0.192,6037000000.0,-1729000000.0,2138000000,0.0,0.481,-3.371,-3.357,22373000000,0.0,3.29,0.265,0.263,3361000000,-31148000000,8430000000.0,8430000000.0,0.0,,,,,60000000.0,2573000000.0,1.0,2864963779,2860000000,2860000000.0,2.948,35366000000,93000000,-558000000.0,7196000000,12.366,2063000000
45,S2,ARQ,2008-09-30,2008-11-07,2008-09-30,2021-06-30,-107000000,61861000000,,9266000000,52595000000,,7.411,-890000000.0,4116000000,4116000000,4224000000.0,-326000000.0,1.151,1.924,22640000000,1617000000,21023000000,22640000000,0,2057000000.0,0,0.009,0.0,-177000000.0,1880000000.0,0.213,1880000000.0,-177000000.0,-515000000.0,-0.11,-0.11,-0.11,21159000000,,21159000000,28151414288,-1.0,-1.304,1025000000.0,0.359,1.0,4592000000.0,0.521,27058000000,338000000.0,45279000000,,682000000,212000000,75000000,137000000,40702000000,8048000000,32654000000,9627414288,647000000.0,0.0,22000000.0,-393000000.0,0.0,-371000000.0,-897000000.0,85000000.0,1915000000.0,0.0,-326000000.0,-326000000.0,-326000000.0,0.0,0.0,-0.037,4797000000.0,-205000000.0,2582000000,0.0,0.455,-0.314,-0.316,24773000000,0.0,3.37,0.26,0.26,3452000000,-29509000000,8816000000.0,8816000000.0,0.0,,,,,65000000.0,2768000000.0,1.0,2856799492,2855000000,2855000000.0,3.088,34803000000,181000000,-189000000.0,7846000000,12.19,1218000000
46,S2,ARQ,2008-06-30,2008-08-06,2008-06-30,2021-06-30,-107000000,62805000000,,8941000000,53864000000,,7.506,-1093000000.0,3469000000,3469000000,4177000000.0,-344000000.0,1.25,1.934,22984000000,626000000,22358000000,22984000000,0,2157000000.0,0,0.008,0.0,-199000000.0,1958000000.0,0.216,1958000000.0,-199000000.0,-551000000.0,-0.12,-0.12,-0.12,21408000000,,21408000000,40464778837,-1.0,-1.947,-14000000.0,-0.005,1.0,4878000000.0,0.539,27330000000,352000000.0,47837000000,,625000000,186000000,32000000,154000000,41397000000,7153000000,34244000000,20949778837,-1209000000.0,0.0,17000000.0,-1306000000.0,0.0,-1289000000.0,-999000000.0,69000000.0,1079000000.0,0.0,-344000000.0,-344000000.0,-344000000.0,0.0,0.0,-0.038,5088000000.0,-210000000.0,2481000000,0.0,0.979,-0.693,-0.696,25734000000,0.0,7.34,0.547,0.547,3852000000,-29154000000,9055000000.0,9055000000.0,0.0,,,,,67000000.0,2826000000.0,1.0,2854193302,2852000000,2852000000.0,3.175,35475000000,176000000,-207000000.0,8055000000,12.439,1788000000
47,S2,ARQ,2008-03-31,2008-05-12,2008-03-31,2021-06-30,-113000000,65463000000,,10327000000,55136000000,,7.646,-1944000000.0,4678000000,4678000000,4223000000.0,-505000000.0,1.183,2.007,24317000000,1330000000,22987000000,24317000000,0,2190000000.0,0,0.01,0.0,-476000000.0,1714000000.0,0.184,1714000000.0,-476000000.0,-815000000.0,-0.18,-0.18,-0.18,21769000000,,21769000000,45982289757,-2.0,-2.291,163000000.0,0.057,1.0,5111000000.0,0.548,27905000000,339000000.0,48464000000,,842000000,254000000,97000000,157000000,43694000000,8733000000,34961000000,26343289757,2432000000.0,0.0,9000000.0,2168000000.0,0.0,2177000000.0,-1852000000.0,86000000.0,2107000000.0,0.0,-505000000.0,-505000000.0,-505000000.0,0.0,0.0,-0.054,5609000000.0,-498000000.0,3264000000,0.0,1.21,-0.882,-0.887,26434000000,0.0,9.24,0.669,0.668,3798000000,-28697000000,9334000000.0,9334000000.0,0.0,,,,,75000000.0,3188000000.0,1.0,2851005385,2847000000,2847000000.0,3.279,37558000000,181000000,-310000000.0,8096000000,13.192,1594000000
48,S2,ARQ,2007-12-31,2008-02-29,2007-12-31,2021-06-30,-111000000,64109000000,,8661000000,55448000000,,7.735,-2005000000.0,2246000000,2246000000,4237000000.0,-29452000000.0,0.951,1.914,22130000000,1661000000,20469000000,22130000000,0,2220000000.0,0,0.017,0.03,-29363000000.0,-27143000000.0,-2.756,-27143000000.0,-29363000000.0,-29697000000.0,-10.27,-10.27,-10.27,21999000000,,21999000000,40139994456,-1.0,-2.06,92000000.0,0.032,1.0,5610000000.0,0.57,28096000000,334000000.0,46793000000,,938000000,359000000,194000000,165000000,42110000000,9104000000,33006000000,20255994456,3000000.0,0.0,7000000.0,-27000000.0,-71000000.0,-91000000.0,-2003000000.0,-24000000.0,2097000000.0,0.0,-29452000000.0,-29452000000.0,-29452000000.0,0.0,0.0,-2.991,35235000000.0,-29625000000.0,3481000000,-0.003,0.921,-0.685,-0.69,26496000000,0.0,7.11,0.505,0.508,4196000000,-28324000000,9847000000.0,9847000000.0,0.0,,,,,68000000.0,3230000000.0,1.0,2848944368,2844000000,2844000000.0,3.462,36013000000,447000000,-245000000.0,8689000000,12.663,-443000000
49,S2,ARQ,2007-09-30,2007-11-09,2007-09-30,2021-06-30,-134000000,93926000000,,8920000000,85006000000,,18.021,-1467000000.0,2243000000,2243000000,4222000000.0,64000000.0,1.076,0.832,22152000000,429000000,21723000000,22152000000,0,2222000000.0,0,0.007,0.03,464000000.0,2686000000.0,0.267,2686000000.0,464000000.0,97000000.0,0.02,0.02,0.02,51271000000,,51271000000,66296301973,40.0,6.141,1247000000.0,0.438,1.0,5822000000.0,0.58,57965000000,367000000.0,47581000000,,876000000,173000000,0,173000000,42655000000,8289000000,34366000000,46387301973,-181000000.0,-287000000.0,-407000000.0,-775000000.0,-71000000.0,-1253000000.0,-1642000000.0,112000000.0,2714000000.0,0.0,64000000.0,64000000.0,64000000.0,0.0,0.0,0.006,5424000000.0,398000000.0,3320000000,1.5,0.905,281.135,271.833,26017000000,0.0,16.31,1.138,1.139,4693000000,1197000000,10044000000.0,10044000000.0,0.0,,,,,66000000.0,3077000000.0,1.0,2844101899,2845000000,2860000000.0,3.53,35961000000,398000000,33000000.0,9043000000,12.64,631000000
50,S2,ARQ,2007-06-30,2007-08-09,2007-06-30,2021-06-30,-137000000,94895000000,,9278000000,85617000000,,17.903,-1757000000.0,2424000000,2424000000,4304000000.0,19000000.0,1.057,0.838,22898000000,1185000000,21713000000,22898000000,0,2313000000.0,0,0.006,0.03,359000000.0,2672000000.0,0.263,2672000000.0,359000000.0,-6000000.0,0.01,0.01,0.01,51632000000,,51632000000,74275070580,39.0,6.523,213000000.0,0.074,1.0,5858000000.0,0.576,58481000000,365000000.0,48108000000,,1018000000,183000000,0,183000000,43263000000,8780000000,34483000000,53801070580,78000000.0,0.0,-858000000.0,748000000.0,-72000000.0,-182000000.0,-1710000000.0,47000000.0,1970000000.0,0.0,19000000.0,19000000.0,19000000.0,0.0,0.0,0.002,5542000000.0,316000000.0,3309000000,3.0,1.042,154.601,157.5,26298000000,0.0,18.9,1.306,1.323,4414000000,1213000000,10162000000.0,10162000000.0,0.0,,,,,58000000.0,3144000000.0,1.0,2846617491,2884000000,2902000000.0,3.524,36414000000,517000000,-25000000.0,9110000000,12.626,498000000
51,S2,ARQ,2007-03-31,2007-05-09,2007-03-31,2021-06-30,-146000000,95089000000,,8947000000,86142000000,,18.1,-1895000000.0,2346000000,2346000000,4350000000.0,-211000000.0,1.074,0.812,22171000000,419000000,21752000000,22171000000,0,2268000000.0,0,0.005,0.03,28000000.0,2296000000.0,0.227,2296000000.0,28000000.0,-339000000.0,-0.07,-0.07,-0.07,52472000000,,52472000000,79144425455,32.0,6.745,569000000.0,0.196,1.0,5746000000.0,0.569,59204000000,367000000.0,47378000000,,884000000,269000000,8000000,261000000,42617000000,8332000000,34285000000,59319425455,300000000.0,0.0,-231000000.0,-839000000.0,-72000000.0,-1142000000.0,-1022000000.0,7000000.0,2464000000.0,0.0,-211000000.0,-211000000.0,-211000000.0,0.0,0.0,-0.021,5745000000.0,1000000.0,3307000000,-0.429,1.13,84.863,89.13,26071000000,0.0,20.5,1.445,1.448,4258000000,1288000000,10096000000.0,10096000000.0,0.0,,,,,73000000.0,3303000000.0,1.0,2893630510,2899000000,2899000000.0,3.483,35885000000,602000000,-128000000.0,9160000000,12.378,615000000
52,S2,ARQ,2006-12-31,2007-03-01,2006-12-31,2021-06-30,-148000000,97161000000,,10304000000,86857000000,,18.346,-1970000000.0,2046000000,2046000000,4322000000.0,293000000.0,1.052,0.829,22154000000,1143000000,21011000000,22154000000,0,2352000000.0,0,0.005,0.03,789000000.0,3141000000.0,0.301,3141000000.0,789000000.0,430000000.0,0.1,0.1,0.1,53131000000,,53131000000,78013231307,23.0,6.028,493000000.0,0.17,1.0,6122000000.0,0.586,60057000000,359000000.0,47414000000,,1176000000,268000000,15000000,253000000,44030000000,9798000000,34232000000,57905231307,564000000.0,2000000.0,-87000000.0,1076000000.0,-72000000.0,933000000.0,-2832000000.0,2000000.0,2463000000.0,0.0,293000000.0,293000000.0,293000000.0,0.0,0.0,0.028,5501000000.0,621000000.0,3463000000,0.3,1.09,43.636,44.333,25868000000,0.0,19.95,1.411,1.434,4595000000,1638000000,10444000000.0,10444000000.0,0.0,,,,,80000000.0,3070000000.0,1.0,2902517860,2896000000,2924000000.0,3.606,37104000000,923000000,137000000.0,10095000000,12.812,506000000
53,S2,ARQ,2006-09-30,2006-11-09,2006-09-30,2021-06-30,-264000000,96158000000,,9511000000,86647000000,,17.867,-2403000000.0,1482000000,1482000000,4201000000.0,247000000.0,0.934,0.821,21961000000,2318000000,19643000000,21961000000,0,2540000000.0,0,0.004,0.03,738000000.0,3278000000.0,0.312,3278000000.0,738000000.0,357000000.0,0.08,0.08,0.08,52815000000,,52815000000,76417411492,22.0,5.795,501000000.0,0.169,1.0,6295000000.0,0.6,60994000000,381000000.0,45463000000,,982000000,813000000,626000000,187000000,43343000000,10180000000,33163000000,55938411492,-2131000000.0,-728000000.0,-1477000000.0,1917000000.0,-74000000.0,-3128000000.0,-1907000000.0,91000000.0,2904000000.0,0.0,247000000.0,247000000.0,247000000.0,0.0,0.0,0.024,5628000000.0,667000000.0,3315000000,0.375,1.059,45.515,69.448,24818000000,0.0,20.14,1.29,1.373,4500000000,1422000000,10496000000.0,10496000000.0,0.0,,,,,75000000.0,3038000000.0,1.0,2777478227,2956000000,2969000000.0,3.551,35164000000,1181000000,110000000.0,10276000000,11.896,-669000000
54,S2,ARQ,2006-06-30,2006-08-09,2006-06-30,2021-06-30,-277000000,98251000000,,12615000000,85636000000,,18.119,-1558000000.0,4737000000,4737000000,3995000000.0,370000000.0,1.168,0.819,23301000000,3186000000,20115000000,23301000000,0,2094000000.0,0,0.005,0.02,924000000.0,3018000000.0,0.301,3018000000.0,924000000.0,525000000.0,0.12,0.12,0.12,54012000000,,54012000000,68416155460,17.0,5.335,1066000000.0,0.358,1.0,6019000000.0,0.601,60655000000,399000000.0,45364000000,,1053000000,857000000,712000000,145000000,44239000000,10796000000,33443000000,49852155460,-2992000000.0,-88000000.0,141000000.0,-3095000000.0,-74000000.0,-3222000000.0,-2394000000.0,207000000.0,2624000000.0,0.0,370000000.0,370000000.0,370000000.0,-79000000.0,0.0,0.037,5307000000.0,712000000.0,2985000000,0.167,0.923,33.324,38.409,24120000000,0.0,16.9,1.182,1.194,4197000000,1320000000,10014000000.0,10014000000.0,0.0,,,,,62000000.0,2913000000.0,1.0,2949831684,2981000000,3003000000.0,3.359,37596000000,1137000000,155000000.0,10067000000,12.612,1819000000
55,S2,ARQ,2006-03-31,2006-05-05,2006-03-31,2021-06-30,-729000000,102768000000,,15213000000,87555000000,,17.739,-1605000000.0,6604000000,6604000000,4541000000.0,419000000.0,1.072,0.953,25950000000,5772000000,20178000000,25950000000,0,2606000000.0,0,0.007,0.02,1075000000.0,3681000000.0,0.319,3681000000.0,1075000000.0,667000000.0,0.14,0.14,0.14,52615000000,,52615000000,92558190087,22.0,7.654,1362000000.0,0.459,1.0,7007000000.0,0.607,53020000000,408000000.0,54901000000,,1025000000,3274000000,909000000,2365000000,50153000000,14193000000,35960000000,73212190087,-2298000000.0,-3399000000.0,185000000.0,-868000000.0,-76000000.0,-1006000000.0,-4259000000.0,830000000.0,2967000000.0,0.0,419000000.0,417000000.0,417000000.0,0.0,0.0,0.036,6144000000.0,863000000.0,3275000000,0.143,1.391,42.442,34.569,31449000000,2000000.0,24.89,1.863,1.879,4538000000,1024000000,11548000000.0,11548000000.0,0.0,,,,,121000000.0,3471000000.0,1.0,2941429895,2966000000,2993000000.0,3.893,49748000000,1301000000,248000000.0,11731000000,16.773,1020000000
56,S2,ARQ,2005-12-31,2006-03-31,2005-12-31,2021-06-30,-726000000,102580000000,,19092000000,83488000000,,25.547,-1501000000.0,8902000000,8902000000,4624000000.0,197000000.0,1.359,0.97,25679000000,5047000000,20632000000,25679000000,0,2438000000.0,0,0.007,0.02,772000000.0,3210000000.0,0.284,3210000000.0,772000000.0,348000000.0,-0.05,-0.04,-0.05,51937000000,,51937000000,92479863732,22.0,8.799,2389000000.0,1.175,1.0,6672000000.0,0.591,49334000000,424000000.0,55973000000,,950000000,4132000000,1763000000,2369000000,50396000000,14050000000,36346000000,75702863732,1077000000.0,-1033000000.0,139000000.0,-31000000.0,-77000000.0,39000000.0,-2852000000.0,-62000000.0,3890000000.0,0.0,197000000.0,195000000.0,195000000.0,0.0,0.0,0.017,6001000000.0,671000000.0,3827000000,-0.4,1.458,42.578,29.701,31133000000,2000000.0,25.84,2.183,1.515,4827000000,681000000,11296000000.0,11296000000.0,0.0,,,,,0.0,3509000000.0,1.0,2929677389,2033000000,2054000000.0,5.556,53246000000,1811000000,151000000.0,11687000000,26.191,5042000000
57,S2,ARQ,2005-12-31,2006-03-07,2005-12-31,2021-06-30,-726000000,102580000000,,19092000000,83488000000,,25.547,-1501000000.0,8902000000,8902000000,4624000000.0,197000000.0,1.359,0.97,25679000000,5047000000,20632000000,25679000000,0,2438000000.0,0,0.011,0.02,772000000.0,3210000000.0,0.284,3210000000.0,772000000.0,348000000.0,-0.05,-0.04,-0.05,51937000000,,51937000000,89667373438,21.0,8.532,2389000000.0,1.175,1.0,6672000000.0,0.591,49334000000,424000000.0,55973000000,,950000000,4132000000,1763000000,2369000000,50396000000,14050000000,36346000000,72890373438,1077000000.0,-1033000000.0,139000000.0,-31000000.0,-77000000.0,39000000.0,-2852000000.0,-62000000.0,3890000000.0,0.0,197000000.0,195000000.0,195000000.0,0.0,0.0,0.017,6001000000.0,671000000.0,3827000000,-0.4,1.403,40.996,28.598,31133000000,2000000.0,24.88,2.102,1.459,4827000000,681000000,11296000000.0,11296000000.0,0.0,,,,,0.0,3509000000.0,1.0,2929677389,2033000000,2054000000.0,5.556,53246000000,1811000000,151000000.0,11687000000,26.191,5042000000
58,S2,ARQ,2005-09-30,2005-11-09,2005-09-30,2021-06-30,-691000000,101315000000,,17765000000,83550000000,,23.239,-1252000000.0,7825000000,7825000000,3805000000.0,516000000.0,1.779,0.966,25298000000,1760000000,23538000000,25298000000,2512000000,1759000000.0,0,0.015,0.02,1156000000.0,2915000000.0,0.312,2915000000.0,1156000000.0,810000000.0,0.23,0.23,0.23,51532000000,,51532000000,90103139742,20.0,9.661,640000000.0,0.289,1.0,5530000000.0,0.592,49487000000,346000000.0,59315000000,,1004000000,4002000000,1110000000,2892000000,49783000000,9986000000,39797000000,72630139742,1590000000.0,796000000.0,187000000.0,-87000000.0,-75000000.0,28000000.0,-330000000.0,151000000.0,1892000000.0,0.0,516000000.0,514000000.0,514000000.0,0.0,0.0,0.055,4607000000.0,923000000.0,2765000000,0.087,1.409,35.991,19.762,30591000000,2000000.0,24.9,2.396,1.821,4849000000,557000000,9335000000.0,9335000000.0,0.0,,,,,0.0,2810000000.0,1.0,2916873082,2217500000,2242100000.0,4.21,51828000000,2164000000,294000000.0,12905000000,23.372,7779000000
59,S2,ARQ,2005-06-30,2005-08-08,2005-06-30,2021-06-30,-730000000,42529000000,,11860000000,30669000000,,9.776,-997000000.0,6235000000,6235000000,3283000000.0,600000000.0,1.776,1.937,16074000000,984000000,15090000000,16074000000,1791000000,1036000000.0,0,0.018,0.11,1251000000.0,2287000000.0,0.322,2287000000.0,1251000000.0,969000000.0,0.4,0.4,0.4,14478000000,,14478000000,48591816302,86.0,9.931,2515000000.0,1.698,1.0,3830000000.0,0.538,7828000000,282000000.0,37863000000,,529000000,598000000,598000000,0,28051000000,6677000000,21374000000,38752816302,2548000000.0,208000000.0,48000000.0,-40000000.0,-186000000.0,-167000000.0,-797000000.0,-8000000.0,3512000000.0,0.0,600000000.0,599000000.0,599000000.0,0.0,0.0,0.084,2634000000.0,1196000000.0,2129000000,0.275,2.677,-94.289,-89.793,22145000000,1000000.0,26.04,1.389,1.382,3134000000,113000000,7113000000.0,7113000000.0,0.0,,,,,0.0,1565000000.0,1.0,1488203391,1481000000,1498300000.0,4.803,34701000000,781000000,369000000.0,2921000000,23.431,5183000000
60,S2,ARQ,2005-03-31,2005-05-09,2005-03-31,2021-06-30,-726000000,40337000000,,9530000000,30807000000,,9.426,-659000000.0,3687000000,3687000000,3240000000.0,472000000.0,1.525,1.898,16122000000,1022000000,15100000000,16122000000,700000000,1036000000.0,0,0.021,0.13,1062000000.0,2098000000.0,0.302,2098000000.0,1062000000.0,763000000.0,0.32,0.31,0.32,13920000000,,13920000000,45255597224,5028.0,9.986,725000000.0,0.491,1.0,3696000000.0,0.533,7830000000,299000000.0,38691000000,,578000000,574000000,574000000,0,26417000000,6251000000,20166000000,32820597224,-489000000.0,8000000.0,58000000.0,-1012000000.0,-187000000.0,-1128000000.0,-745000000.0,-94000000.0,1384000000.0,0.0,472000000.0,470000000.0,470000000.0,0.0,0.0,0.068,2660000000.0,1036000000.0,1994000000,0.406,2.358,-42.024,-41.849,22247000000,2000000.0,22.18,1.187,1.184,3002000000,-300000000,6936000000.0,6936000000.0,0.0,,,,,0.0,1624000000.0,1.0,1479738378,1476800000,1494700000.0,4.697,32507000000,1123000000,291000000.0,2916000000,22.012,3279000000
61,S2,ARQ,2004-12-31,2005-04-29,2004-12-31,2021-06-30,-716000000,41321000000,,9975000000,31346000000,,9.184,-1338000000.0,4556000000,4556000000,3241000000.0,437000000.0,1.445,2.056,17204000000,1288000000,15916000000,17204000000,644000000,1033000000.0,0,0.021,0.13,993000000.0,2026000000.0,0.292,2026000000.0,993000000.0,692000000.0,0.31,0.31,0.31,13521000000,,13521000000,45548461419,-128.0,10.435,761000000.0,0.517,1.0,3689000000.0,0.532,7836000000,301000000.0,39231000000,,651000000,0,0,0,27800000000,6902000000,20898000000,32900461419,540000000.0,77000000.0,72000000.0,-199000000.0,-185000000.0,-298000000.0,-1261000000.0,9000000.0,2099000000.0,0.0,437000000.0,435000000.0,435000000.0,0.0,0.0,0.063,2719000000.0,970000000.0,2261000000,0.419,2.433,-32.004,-31.352,22628000000,2000000.0,22.26,1.2,1.171,3107000000,-586000000,6930000000.0,6930000000.0,0.0,,,,,0.0,1640000000.0,1.0,1478008150,1472200000,1472200000.0,4.707,33485000000,1049000000,255000000.0,2580000000,22.745,3073000000
62,S2,ARQ,2004-12-31,2005-03-11,2004-12-31,2021-06-30,-716000000,41321000000,,9975000000,31346000000,,9.184,-1338000000.0,4556000000,4556000000,3241000000.0,437000000.0,1.445,2.056,17204000000,1288000000,15916000000,17204000000,644000000,1033000000.0,0,0.02,0.13,993000000.0,2026000000.0,0.292,2026000000.0,993000000.0,692000000.0,0.31,0.31,0.31,13521000000,,13521000000,46937789080,-132.0,10.753,761000000.0,0.517,1.0,3689000000.0,0.532,7836000000,301000000.0,39231000000,,651000000,0,0,0,27800000000,6902000000,20898000000,34289789080,540000000.0,77000000.0,72000000.0,-199000000.0,-185000000.0,-298000000.0,-1261000000.0,9000000.0,2099000000.0,0.0,437000000.0,435000000.0,435000000.0,0.0,0.0,0.063,2719000000.0,970000000.0,2261000000,0.419,2.536,-33.356,-32.676,22628000000,2000000.0,23.2,1.25,1.221,3107000000,-586000000,6930000000.0,6930000000.0,0.0,,,,,0.0,1640000000.0,1.0,1478008150,1472200000,1472200000.0,4.707,33485000000,1049000000,255000000.0,2580000000,22.745,3073000000
63,S2,ARQ,2004-09-30,2004-11-09,2004-09-30,2021-06-30,-696000000,39779000000,,8628000000,31151000000,,9.084,-966000000.0,4016000000,4016000000,3190000000.0,-1910000000.0,1.234,2.019,17452000000,1414000000,16038000000,17452000000,626000000,1222000000.0,0,0.02,0.11,-2740000000.0,-1518000000.0,-0.219,-1518000000.0,-2740000000.0,-3045000000.0,-1.32,-1.32,-1.32,13177000000,,13177000000,45782580075,-50.0,11.344,626000000.0,0.432,1.0,3732000000.0,0.539,7848000000,305000000.0,38374000000,,691000000,0,0,0,26602000000,6993000000,19609000000,32346580075,1638000000.0,0.0,1757000000.0,-573000000.0,-190000000.0,972000000.0,-926000000.0,42000000.0,1592000000.0,0.0,-1910000000.0,-1915000000.0,-1915000000.0,0.0,0.0,-0.277,6447000000.0,-2715000000.0,2176000000,-0.083,2.455,-23.872,,22359000000,5000000.0,21.99,1.19,1.174,3207000000,-1024000000,6922000000.0,6922000000.0,0.0,,,,,0.0,1666000000.0,1.0,1470967716,1450600000,1450600000.0,4.772,31931000000,0,-1135000000.0,1323000000,22.012,1635000000
64,S2,ARQ,2004-06-30,2004-08-05,2004-06-30,2021-06-30,-721000000,42041000000,,6859000000,35182000000,,9.483,-999000000.0,2378000000,2378000000,3142000000.0,233000000.0,0.957,2.108,17044000000,1342000000,15702000000,17044000000,608000000,1243000000.0,0,0.024,0.11,683000000.0,1926000000.0,0.28,1926000000.0,683000000.0,373000000.0,0.16,0.16,0.16,13527000000,,13527000000,40438717661,32.0,6.466,903000000.0,0.633,1.0,3727000000.0,0.543,7844000000,310000000.0,41696000000,,754000000,0,0,0,28514000000,7167000000,21347000000,25772717661,-350000000.0,0.0,12000000.0,-1090000000.0,-180000000.0,-1266000000.0,-986000000.0,42000000.0,1902000000.0,0.0,233000000.0,226000000.0,226000000.0,0.0,0.0,0.033,3020000000.0,707000000.0,2332000000,0.688,1.905,-1431.818,,26345000000,7000000.0,17.98,0.956,0.951,2999000000,1179000000,6869000000.0,6869000000.0,0.0,,,,,0.0,1681000000.0,1.0,1433410326,1426500000,1438100000.0,4.815,34197000000,0,140000000.0,2454000000,23.973,-308000000
65,S2,ARQ,2004-03-31,2004-05-10,2004-03-31,2021-06-30,-724000000,42456000000,,6906000000,35550000000,,9.412,-689000000.0,2728000000,2728000000,3083000000.0,222000000.0,0.981,2.167,17443000000,1621000000,15822000000,17443000000,598000000,1243000000.0,0,0.025,0.11,688000000.0,1931000000.0,0.288,1931000000.0,688000000.0,368000000.0,0.15,0.15,0.15,13404000000,,13404000000,39532932052,43.0,6.658,355000000.0,0.249,1.0,3624000000.0,0.54,7810000000,320000000.0,42324000000,,513000000,0,0,0,29052000000,7037000000,22015000000,24817932052,304000000.0,0.0,33000000.0,-22000000.0,-115000000.0,-88000000.0,-652000000.0,32000000.0,1044000000.0,0.0,222000000.0,220000000.0,220000000.0,0.0,0.0,0.033,2910000000.0,714000000.0,2118000000,0.733,1.852,-104.277,,26641000000,2000000.0,17.4,0.934,0.933,2927000000,1126000000,6707000000.0,6707000000.0,0.0,,,,,0.0,1637000000.0,1.0,1426317934,1424200000,1436100000.0,4.709,34646000000,0,146000000.0,2278000000,24.327,-131000000
66,S2,ARQ,2004-03-31,2004-05-07,2004-03-31,2021-06-30,-724000000,42456000000,,6906000000,35550000000,,9.412,-689000000.0,2728000000,2728000000,3083000000.0,222000000.0,0.981,2.167,17443000000,1621000000,15822000000,17443000000,598000000,1243000000.0,0,0.025,0.11,688000000.0,1931000000.0,0.288,1931000000.0,688000000.0,368000000.0,0.15,0.15,0.15,13404000000,,13404000000,40046406508,43.0,6.744,355000000.0,0.249,1.0,3624000000.0,0.54,7810000000,320000000.0,42324000000,,513000000,0,0,0,29052000000,7037000000,22015000000,25331406508,304000000.0,0.0,33000000.0,-22000000.0,-115000000.0,-88000000.0,-652000000.0,32000000.0,1044000000.0,0.0,222000000.0,220000000.0,220000000.0,0.0,0.0,0.033,2910000000.0,714000000.0,2118000000,0.733,1.89,-106.434,,26641000000,2000000.0,17.76,0.954,0.952,2927000000,1126000000,6707000000.0,6707000000.0,0.0,,,,,0.0,1637000000.0,1.0,1426317934,1424200000,1436100000.0,4.709,34646000000,0,146000000.0,2278000000,24.327,-131000000
67,S2,ARQ,2003-12-31,2004-03-09,2003-12-31,2021-06-30,-721000000,42850000000,,6611000000,36239000000,,12.117,-1472000000.0,2424000000,2424000000,2892000000.0,38000000.0,1.021,2.24,17435000000,594000000,16841000000,17435000000,572000000,1266000000.0,0,0.023,0.22,317000000.0,1583000000.0,0.237,1583000000.0,317000000.0,-5000000.0,,,,13224000000,,13224000000,35451613616,15.0,4.831,691000000.0,0.633,1.0,3789000000.0,0.567,7815000000,322000000.0,43570000000,,582000000,0,0,0,29626000000,6476000000,23150000000,20440613616,-177000000.0,20000000.0,12000000.0,-566000000.0,-114000000.0,-664000000.0,-1679000000.0,-227000000.0,2163000000.0,0.0,38000000.0,36000000.0,36000000.0,-3000000.0,0.0,0.005,3464000000.0,325000000.0,2197000000,,1.546,16.921,,27276000000,2000000.0,18.73,0.78,0.78,2876000000,1017000000,6681000000.0,6681000000.0,0.0,,,,,0.0,1828000000.0,1.0,1091330145,1091330145,,6.122,35035000000,26000000,-43000000.0,2196000000,32.103,135000000
68,S2,ARQ,2003-09-30,2003-11-12,2003-09-30,2021-06-30,-699000000,42896000000,,6643000000,36253000000,,14.037,-860000000.0,2601000000,2601000000,3034000000.0,-498000000.0,1.032,2.227,18004000000,979000000,17025000000,18004000000,555000000,1251000000.0,0,0.028,0.11,-437000000.0,814000000.0,0.121,814000000.0,-437000000.0,-772000000.0,,,,13294000000,,13294000000,30205666932,13.0,4.062,551000000.0,0.582,1.0,3680000000.0,0.548,7820000000,335000000.0,44043000000,,582000000,30000000,0,30000000,29602000000,6436000000,23166000000,14802666932,-138000000.0,4000000.0,0.0,-483000000.0,-115000000.0,-597000000.0,-951000000.0,-95000000.0,1411000000.0,0.0,-498000000.0,-500000000.0,-500000000.0,1000000.0,0.0,-0.074,4118000000.0,-438000000.0,1996000000,,1.113,12.244,,27387000000,2000000.0,15.63,0.568,0.568,2907000000,1091000000,6714000000.0,6714000000.0,0.0,,,,,0.0,1644000000.0,1.0,947067622,947067622,,7.089,35076000000,16000000,-274000000.0,2203000000,37.036,207000000
69,S2,ARQ,2003-06-30,2003-08-12,2003-06-30,2021-06-30,-696000000,44644000000,,6876000000,37768000000,,14.626,-945000000.0,2739000000,2739000000,2893000000.0,7000000.0,0.986,2.226,18437000000,1330000000,17107000000,18437000000,559000000,1252000000.0,0,0.03,0.11,358000000.0,1610000000.0,0.249,1610000000.0,358000000.0,7000000.0,,,,13840000000,,13840000000,29419149088,9.0,3.474,965000000.0,1.02,1.0,3570000000.0,0.552,9045000000,351000000.0,44322000000,,654000000,45000000,0,45000000,30804000000,6975000000,23829000000,13721149088,644000000.0,74000000.0,-2000000.0,-304000000.0,-114000000.0,-411000000.0,-871000000.0,0.0,1910000000.0,0.0,7000000.0,6000000.0,6000000.0,-9000000.0,0.0,0.001,3200000000.0,370000000.0,1964000000,,0.991,6.161,,27787000000,1000000.0,14.5,0.531,0.531,2902000000,1703000000,6463000000.0,6463000000.0,0.0,,,,,0.0,1600000000.0,1.0,946286144,946286144,,6.83,35599000000,10000000,0.0,2441000000,37.62,-99000000
70,S2,ARQ,2003-03-31,2003-05-14,2003-03-31,2021-06-30,-701000000,44765000000,,6305000000,38460000000,,14.74,-547000000.0,2095000000,2095000000,2839000000.0,1668000000.0,0.983,2.223,18740000000,987000000,17753000000,18740000000,525000000,1236000000.0,0,0.038,0.0,2095000000.0,3331000000.0,0.525,3331000000.0,2095000000.0,1729000000.0,,,,13888000000,,13888000000,27659109065,8.0,3.248,511000000.0,0.542,1.0,3500000000.0,0.552,9043000000,366000000.0,45956000000,,750000000,55000000,0,55000000,30877000000,6411000000,24466000000,11014109065,1060000000.0,3000000.0,2000000.0,-1555000000.0,-114000000.0,-1657000000.0,-556000000.0,-12000000.0,1058000000.0,0.0,1668000000.0,1666000000.0,1666000000.0,-1313000000.0,0.0,0.263,2896000000.0,604000000.0,1917000000,,0.793,5.12,,28453000000,2000000.0,11.69,0.42,0.42,2813000000,1809000000,6339000000.0,6339000000.0,0.0,,,,,0.0,1650000000.0,1.0,942182127,942182127,,6.728,35722000000,0,61000000.0,2375000000,37.914,-106000000
71,S2,ARQ,2002-12-31,2003-03-07,2002-12-31,2021-06-30,-701000000,45293000000,,6078000000,39215000000,,13.205,-1318000000.0,1035000000,1035000000,2821000000.0,39000000.0,0.778,2.684,20292000000,1887000000,18405000000,20292000000,510000000,1283000000.0,0,0.037,0.22,399000000.0,1682000000.0,0.258,1682000000.0,399000000.0,37000000.0,,,,12294000000,,12294000000,30336207056,15.0,4.391,356000000.0,0.382,1.0,3711000000.0,0.568,9045000000,362000000.0,47697000000,,682000000,73000000,0,73000000,32999000000,7808000000,25191000000,11079207056,297000000.0,152000000.0,1000000.0,-379000000.0,-113000000.0,-483000000.0,-1048000000.0,116000000.0,1674000000.0,0.0,39000000.0,37000000.0,37000000.0,-39000000.0,0.0,0.006,3323000000.0,388000000.0,2151000000,,0.901,17.784,,28745000000,2000000.0,11.9,0.416,0.416,2951000000,252000000,6532000000.0,6532000000.0,0.0,,,,,0.0,1795000000.0,1.0,931025803,931025803,,7.016,36248000000,806000000,-2000000.0,2383000000,38.933,-1730000000
72,S2,ARQ,2002-09-30,2002-11-14,2002-09-30,2021-06-30,5000000,46003000000,,6189000000,39814000000,,14.044,-1081000000.0,738000000,738000000,2883000000.0,519000000.0,0.853,2.526,20659000000,1226000000,19433000000,20659000000,532000000,1254000000.0,0,0.032,0.11,592000000.0,1846000000.0,0.284,1846000000.0,592000000.0,247000000.0,,,,13047000000,,13047000000,32601836705,-336.0,6.959,669000000.0,0.72,1.0,3628000000.0,0.557,9042000000,345000000.0,49629000000,,717000000,238000000,0,238000000,32956000000,7253000000,25703000000,12680836705,90000000.0,-26000000.0,2000000.0,-466000000.0,-115000000.0,-551000000.0,-1109000000.0,0.0,1750000000.0,0.0,519000000.0,518000000.0,518000000.0,-120000000.0,0.0,0.08,3241000000.0,387000000.0,2316000000,,0.972,-19.509,,28902000000,1000000.0,13.65,0.474,0.474,3248000000,323000000,6511000000.0,6511000000.0,0.0,,,,,0.0,1866000000.0,1.0,928999026,928999026,,7.009,36961000000,795000000,-272000000.0,2872000000,39.786,-1064000000
73,S2,ARQ,2002-06-30,2002-08-06,2002-06-30,2021-06-30,20000000,45559000000,,5856000000,39703000000,,13.446,-1304000000.0,648000000,648000000,3113000000.0,-68000000.0,0.815,2.62,21125000000,776000000,20349000000,21125000000,791000000,1202000000.0,0,0.046,0.11,455000000.0,1657000000.0,0.243,1657000000.0,455000000.0,70000000.0,,,,12584000000,,12584000000,29489765940,-62.0,7.001,843000000.0,0.901,1.0,3716000000.0,0.544,9043000000,385000000.0,49808000000,,571000000,223000000,0,223000000,32975000000,7185000000,25790000000,9012765940,-1518000000.0,20000000.0,0.0,-2282000000.0,-112000000.0,-2378000000.0,-1287000000.0,0.0,2147000000.0,0.0,-68000000.0,-70000000.0,-70000000.0,0.0,0.0,-0.01,2972000000.0,744000000.0,2227000000,,0.716,-6.917,,29166000000,2000000.0,9.63,0.334,0.334,3734000000,-190000000,6829000000.0,6829000000.0,0.0,,,,,0.0,1770000000.0,1.0,935905082,935905082,,7.297,36516000000,0,138000000.0,2276000000,39.017,-1329000000
74,S2,ARQ,2002-03-31,2002-05-10,2002-03-31,2021-06-30,20000000,47619000000,,7738000000,39881000000,,13.611,-1146000000.0,2166000000,2166000000,3214000000.0,140000000.0,0.935,2.745,23387000000,2086000000,21301000000,23387000000,701000000,1173000000.0,0,0.03,0.11,551000000.0,1724000000.0,0.255,1724000000.0,551000000.0,237000000.0,,,,12715000000,,12715000000,35093887478,-67.0,8.503,-511000000.0,-0.547,1.0,3548000000.0,0.525,9048000000,314000000.0,51514000000,,646000000,265000000,0,265000000,34904000000,8278000000,26626000000,13872887478,1853000000.0,-8000000.0,0.0,2485000000.0,-114000000.0,2369000000.0,-1151000000.0,0.0,635000000.0,0.0,140000000.0,138000000.0,138000000.0,0.0,0.0,0.02,2967000000.0,581000000.0,1713000000,,1.091,-11.638,,28965000000,2000000.0,14.85,0.522,0.522,3690000000,-122000000,6762000000.0,6762000000.0,0.0,,,,,0.0,1771000000.0,1.0,934201177,934201177,,7.238,38571000000,402000000,97000000.0,2132000000,41.288,-540000000
75,S2,ARQ,2001-12-31,2002-03-05,2001-12-31,2021-06-30,14000000,45793000000,,5562000000,40231000000,,13.523,-2572000000.0,313000000,313000000,3347000000.0,-1234000000.0,0.486,2.63,20902000000,4401000000,16501000000,20902000000,731000000,1153000000.0,0,0.03,0.0,-1695000000.0,-542000000.0,-0.081,-542000000.0,-1695000000.0,-1969000000.0,,,,12616000000,,12616000000,34293345261,-41.0,9.133,-1027000000.0,-1.101,1.0,3309000000.0,0.497,9062000000,274000000.0,45884000000,,690000000,288000000,0,288000000,33177000000,11436000000,21741000000,13704345261,108000000.0,362000000.0,-1719000000.0,1006000000.0,-111000000.0,839000000.0,-2276000000.0,-66000000.0,1545000000.0,0.0,-1234000000.0,-1236000000.0,-1236000000.0,0.0,0.0,-0.186,8404000000.0,-5095000000.0,2113000000,,1.086,-9.733,,28977000000,2000000.0,14.69,0.526,0.526,3806000000,-261000000,6656000000.0,6656000000.0,0.0,,,,,0.0,1991000000.0,1.0,932903013,932903013,,7.135,36731000000,0,-735000000.0,2021000000,39.373,-5874000000
76,S2,ARQ,2001-12-31,2002-03-04,2001-12-31,2021-06-30,14000000,45793000000,,5562000000,40231000000,,13.523,-2572000000.0,313000000,313000000,3347000000.0,-1234000000.0,0.486,2.63,20902000000,4401000000,16501000000,20902000000,731000000,1153000000.0,0,0.029,0.11,-1695000000.0,-542000000.0,-0.081,-542000000.0,-1695000000.0,-1969000000.0,,,,12616000000,,12616000000,34638519376,-41.0,9.225,-1027000000.0,-1.101,1.0,3309000000.0,0.497,9062000000,274000000.0,45884000000,,690000000,288000000,0,288000000,33177000000,11436000000,21741000000,14049519376,108000000.0,362000000.0,-1719000000.0,1006000000.0,-111000000.0,839000000.0,-2276000000.0,-66000000.0,1545000000.0,0.0,-1234000000.0,-1236000000.0,-1236000000.0,0.0,0.0,-0.186,8404000000.0,-5095000000.0,2113000000,,1.114,-9.978,,28977000000,2000000.0,15.06,0.539,0.539,3806000000,-261000000,6656000000.0,6656000000.0,0.0,,,,,0.0,1991000000.0,1.0,932903013,932903013,,7.135,36731000000,0,-735000000.0,2021000000,39.373,-5874000000
77,S2,ARQ,2001-09-30,2001-11-13,2001-09-30,2021-06-30,7000000,45571000000,,5842000000,39729000000,,14.242,-2218000000.0,205000000,205000000,3442000000.0,-134000000.0,0.532,2.283,19982000000,4548000000,15434000000,19982000000,733000000,1162000000.0,0,0.02,0.11,211000000.0,1373000000.0,0.204,1373000000.0,211000000.0,-79000000.0,,,,13881000000,,13881000000,40828971604,76.0,8.021,-694000000.0,-0.712,1.0,3273000000.0,0.487,8609000000,290000000.0,45760000000,,638000000,275000000,0,275000000,31690000000,10979000000,20711000000,21051971604,29000000.0,-12000000.0,2317000000.0,-1511000000.0,-114000000.0,735000000.0,-2230000000.0,0.0,1524000000.0,0.0,-134000000.0,-135000000.0,-135000000.0,0.0,0.0,-0.02,2967000000.0,306000000.0,1597000000,,1.517,-35.322,,28951000000,1000000.0,21.6,0.816,0.816,4230000000,1087000000,6715000000.0,6715000000.0,0.0,,,,,0.0,1805000000.0,1.0,974628315,974628315,,6.89,36962000000,0,55000000.0,2123000000,37.924,-5137000000
78,S2,ARQ,2001-06-30,2001-08-14,2001-06-30,2021-06-30,12000000,44584000000,,5951000000,38633000000,,13.933,-2482000000.0,176000000,176000000,3096000000.0,43000000.0,0.524,2.287,21492000000,5278000000,16214000000,21492000000,666000000,1163000000.0,0,0.019,0.11,409000000.0,1572000000.0,0.245,1572000000.0,409000000.0,99000000.0,,,,13562000000,,13562000000,43897979190,45.0,8.072,-1301000000.0,-1.337,1.0,3324000000.0,0.518,8681000000,310000000.0,45870000000,,961000000,390000000,0,390000000,31022000000,11349000000,19673000000,22581979190,-4000000.0,-3000000.0,4000000.0,1403000000.0,-117000000.0,1302000000.0,-2487000000.0,0.0,1181000000.0,0.0,43000000.0,41000000.0,41000000.0,0.0,0.0,0.006,2893000000.0,431000000.0,1547000000,,1.665,-297.131,,27584000000,2000000.0,23.2,0.902,0.902,4064000000,1314000000,6420000000.0,6420000000.0,0.0,,,,,0.0,1730000000.0,1.0,973361172,973361172,,6.596,35903000000,0,56000000.0,1903000000,36.886,-5398000000
79,S2,ARQ,2001-03-31,2001-05-15,2001-03-31,2021-06-30,6000000,43146000000,,5865000000,37281000000,,15.321,-1774000000.0,180000000,180000000,3110000000.0,-76000000.0,0.751,2.177,20092000000,1724000000,18368000000,20092000000,592000000,1121000000.0,0,0.02,0.0,231000000.0,1352000000.0,0.215,1352000000.0,231000000.0,-76000000.0,,,,13579000000,,13579000000,39038138481,33.0,7.142,-1333000000.0,-1.504,1.0,3170000000.0,0.505,8794000000,307000000.0,46458000000,,999000000,457000000,0,457000000,29567000000,7806000000,21761000000,19126138481,-59000000.0,-46000000.0,9000000.0,1365000000.0,-109000000.0,1285000000.0,-1785000000.0,0.0,441000000.0,0.0,-76000000.0,-78000000.0,-78000000.0,0.0,0.0,-0.012,2920000000.0,250000000.0,1524000000,,1.409,76.505,,26079000000,2000000.0,21.58,0.783,0.783,3979000000,1386000000,6280000000.0,6280000000.0,0.0,,,,,0.0,1799000000.0,1.0,886290013,886290013,,7.086,34352000000,0,0.0,1808000000,38.759,-1941000000
80,S2,ARQ,2000-12-31,2001-03-13,2000-12-31,2021-06-30,21000000,42601000000,,5973000000,36628000000,,15.851,-2642000000.0,239000000,239000000,2782000000.0,-417000000.0,0.75,2.051,18719000000,1205000000,17514000000,18719000000,607000000,1109000000.0,0,0.021,0.22,1576000000.0,2685000000.0,0.421,2685000000.0,1576000000.0,1303000000.0,0.1,0.12,0.1,13963000000,,13963000000,37428833107,13.0,5.363,-1254000000.0,-1.424,1.0,3594000000.0,0.564,8938000000,273000000.0,44175000000,,949000000,673000000,0,673000000,28638000000,7968000000,20670000000,18948833107,20000000.0,251000000.0,17000000.0,1090000000.0,-115000000.0,1027000000.0,-2395000000.0,0.0,1388000000.0,0.0,1461000000.0,1461000000.0,1461000000.0,0.0,-1878000000.0,0.229,3724000000.0,-130000000.0,2285000000,2.2,1.357,9.614,9.554,25316000000,0.0,21.4,0.802,0.798,4028000000,1578000000,6376000000.0,6376000000.0,0.0,,,,,0.0,2377000000.0,1.0,885459491,880900000,892400000.0,7.238,33663000000,0,-158000000.0,1800000000,38.214,-1995000000
81,S2,ARQ,2000-09-30,2000-11-13,2000-09-30,2021-06-30,27000000,40845000000,,5326000000,35519000000,,16.275,-1541000000.0,219000000,219000000,3026000000.0,-6000000.0,0.868,1.838,17642000000,491000000,17151000000,17642000000,352000000,1062000000.0,0,0.018,0.11,659000000.0,1721000000.0,0.289,1721000000.0,659000000.0,426000000.0,0.44,0.43,0.44,14390000000,,14390000000,39530407550,16.0,6.079,-523000000.0,-0.591,1.0,2939000000.0,0.493,9283000000,233000000.0,42849000000,,807000000,826000000,0,826000000,26455000000,6136000000,20319000000,22107407550,20000000.0,-33000000.0,0.0,659000000.0,-112000000.0,602000000.0,-1600000000.0,0.0,1018000000.0,0.0,385000000.0,385000000.0,385000000.0,0.0,-391000000.0,0.065,2582000000.0,357000000.0,1532000000,0.25,1.536,13.957,26.596,23897000000,0.0,25.0,0.987,0.986,3825000000,2119000000,5965000000.0,5965000000.0,0.0,,,,,0.0,1520000000.0,1.0,884296302,884200000,890800000.0,6.746,31562000000,0,41000000.0,1888000000,35.696,-810000000
82,S2,ARQ,2000-06-30,2000-08-11,2000-06-30,2021-06-30,31000000,40053000000,,5065000000,34988000000,,16.337,-1518000000.0,199000000,199000000,2973000000.0,-91000000.0,0.845,1.788,16974000000,522000000,16452000000,16974000000,322000000,1007000000.0,0,0.013,0.11,593000000.0,1600000000.0,0.276,1600000000.0,593000000.0,363000000.0,0.42,0.41,0.42,14368000000,,14368000000,46632651110,28.0,8.365,-539000000.0,-0.613,1.0,2820000000.0,0.487,9396000000,230000000.0,41435000000,,731000000,904000000,0,904000000,25685000000,5997000000,19688000000,29857651110,-51000000.0,-719000000.0,137000000.0,1259000000.0,-112000000.0,1326000000.0,-2356000000.0,0.0,979000000.0,0.0,367000000.0,367000000.0,367000000.0,0.0,-458000000.0,0.063,2698000000.0,122000000.0,1503000000,0.262,2.078,31.662,36.685,23247000000,0.0,33.75,1.385,1.377,3632000000,2251000000,5793000000.0,5793000000.0,0.0,,,,,0.0,1504000000.0,1.0,884671144,879500000,895800000.0,6.587,30657000000,0,-4000000.0,1911000000,34.857,-932000000
83,S2,ARQ,2000-03-31,2000-05-11,2000-03-31,2021-06-30,49000000,38714000000,,4988000000,33726000000,,16.244,-1451000000.0,250000000,250000000,2839000000.0,607000000.0,0.832,1.722,15708000000,609000000,15099000000,15708000000,319000000,966000000.0,0,0.006,0.11,1371000000.0,2337000000.0,0.427,2337000000.0,1371000000.0,1117000000.0,1.28,1.25,1.28,14223000000,,14223000000,67511093012,63.0,13.939,-521000000.0,-0.595,1.0,2640000000.0,0.482,9529000000,254000000.0,38651000000,,750000000,619000000,0,619000000,24491000000,5992000000,18499000000,52053093012,130000000.0,1273000000.0,66000000.0,-751000000.0,-109000000.0,-744000000.0,-56000000.0,0.0,930000000.0,0.0,1122000000.0,1122000000.0,1122000000.0,-675000000.0,-515000000.0,0.205,2484000000.0,156000000.0,1467000000,0.086,3.66,127.895,62.505,22432000000,0.0,59.38,2.516,2.513,3440000000,2458000000,5479000000.0,5479000000.0,0.0,,,,,0.0,1518000000.0,1.0,876609852,875600000,894700000.0,6.257,29185000000,0,-5000000.0,2074000000,33.331,-1004000000
84,S2,ARQ,1999-12-31,2000-03-24,1999-12-31,2021-06-30,81000000,39250000000,,5580000000,33670000000,,15.856,-2079000000.0,120000000,120000000,3280000000.0,-290000000.0,0.817,1.895,16772000000,1087000000,15685000000,16772000000,323000000,977000000.0,0,0.006,0.11,-132000000.0,845000000.0,0.163,845000000.0,-132000000.0,-379000000.0,-1.2,-1.175,-1.2,13560000000,,13560000000,68558889585,-171.0,21.095,-1499000000.0,-1.753,1.0,1892000000.0,0.366,9567000000,247000000.0,39503000000,,777000000,916000000,317000000,599000000,25690000000,6832000000,18858000000,51906889585,-306000000.0,158000000.0,-145000000.0,1445000000.0,-113000000.0,1487000000.0,-2373000000.0,0.0,580000000.0,0.0,-290000000.0,-290000000.0,-290000000.0,130000000.0,0.0,-0.056,2073000000.0,-181000000.0,1462000000,-0.092,3.828,-55.515,423.214,21969000000,0.0,59.25,2.605,2.543,3408000000,1961000000,5172000000.0,5172000000.0,0.0,,,,,0.0,1096000000.0,1.0,876065647,855200000,869000000.0,6.048,29683000000,411000000,-89000000.0,1921000000,34.709,-1252000000
85,S2,ARQ,1999-09-30,1999-11-15,1999-09-30,2021-06-30,47000000,37984000000,,5589000000,32395000000,,15.834,-1405000000.0,426000000,426000000,2531000000.0,-256000000.0,0.885,1.759,15381000000,1005000000,14376000000,15381000000,304000000,935000000.0,0,0.005,0.11,-142000000.0,793000000.0,0.155,793000000.0,-142000000.0,-349000000.0,0.42,0.41,0.42,13766000000,,13766000000,79171512934,7997.0,24.051,-630000000.0,-0.725,1.0,2580000000.0,0.505,9593000000,207000000.0,37028000000,,694000000,1132000000,339000000,793000000,24218000000,6318000000,17900000000,64216512934,323000000.0,-270000000.0,967000000.0,1350000000.0,-112000000.0,1316000000.0,-1768000000.0,0.0,775000000.0,0.0,-256000000.0,-256000000.0,-256000000.0,0.0,0.0,-0.05,2644000000.0,-64000000.0,1511000000,0.262,4.665,-71.694,47.237,20776000000,0.0,73.69,3.219,3.211,3298000000,2549000000,5111000000.0,5111000000.0,0.0,,,,,0.0,1709000000.0,1.0,871441348,869400000,886700000.0,5.879,28391000000,338000000,-93000000.0,2130000000,32.656,-729000000
86,S2,ARQ,1999-06-30,1999-08-16,1999-06-30,2021-06-30,49000000,36099000000,,4596000000,31503000000,,16.138,-1312700000.0,103000000,103000000,2380000000.0,-169000000.0,0.811,1.581,13486000000,664000000,12822000000,13486000000,300000000,885300000.0,0,0.007,0.0,-17000000.0,868300000.0,0.176,868300000.0,-17000000.0,-229000000.0,0.45,0.44,0.45,13987000000,,13987000000,57729918069,104.0,17.017,-1095800000.0,-1.264,1.0,2548000000.0,0.517,8767000000,212000000.0,35050000000,,575000000,1134000000,0,1134000000,22112000000,5665000000,16447000000,44346918069,-45200000.0,-330500000.0,-2600000.0,1309900000.0,-114200000.0,1281900000.0,-1544000000.0,0.0,216900000.0,0.0,-169000000.0,-169000000.0,-169000000.0,0.0,0.0,-0.034,2520000000.0,28000000.0,1400000000,0.0,3.171,-110.674,36.127,20176000000,0.0,51.12,2.346,2.344,3130000000,2965000000,4928000000.0,4928000000.0,0.0,,,,,0.0,1635000000.0,1.0,867506222,866700000,887100000.0,5.686,27332000000,333000000,-60000000.0,2441000000,31.536,-1069000000
87,S2,ARQ,1999-03-31,1999-05-13,1999-03-31,2021-06-30,100100000,33721100000,,4151800000,29569300000,,15.143,-1317300000.0,148400000,148400000,2416000000.0,-219400000.0,0.761,1.58,12103600000,345100000,11758500000,12103600000,293000000,854700000.0,0,0.008,0.0,-110100000.0,744600000.0,0.158,744600000.0,-110100000.0,-304500000.0,0.47,0.465,0.47,13071800000,,13071800000,58886395322,59.0,17.229,-937200000.0,-1.086,1.0,2301200000.0,0.488,7653500000,194400000.0,32565000000,,500400000,1069300000,0,1069300000,20649300000,5457800000,15191500000,46931195322,-456800000.0,-67500000.0,-45400000.0,-132900000.0,-101800000.0,635100000.0,-1472000000.0,0.0,380100000.0,0.0,-219400000.0,-219400000.0,-219400000.0,0.0,0.0,-0.047,2391700000.0,-90500000.0,1444400000,0.0,3.59,-2550.608,44.65,19623400000,0.0,54.25,2.616,2.61,2929000000,3278400000,4717200000.0,4717200000.0,0.0,,,,,0.0,1537000000.0,1.0,865091158,863200000,880800000.0,5.465,26067600000,0,-85100000.0,2322000000,30.199,-1306000000
88,S2,ARQ,1998-12-31,1999-03-05,1998-12-31,2021-06-30,103600000,33231100000,,4387900000,28843200000,,14.438,-1009000000.0,605200000,605200000,3095900000.0,-250400000.0,0.806,1.67,12189300000,246900000,11942400000,12189300000,229300000,606900000.0,0,0.013,0.115,279000000.0,885900000.0,0.171,885900000.0,279000000.0,-263600000.0,0.22,0.22,0.22,12448300000,,12448300000,49333412008,32.0,13.817,296400000.0,0.344,1.0,2098100000.0,0.404,7693000000,542600000.0,31681100000,,477100000,1134200000,0,1134200000,20782800000,5441100000,15341700000,37749312008,557500000.0,256000000.0,-79800000.0,263300000.0,-138700000.0,29000000.0,-776900000.0,0.0,1305400000.0,0.0,-250400000.0,-251300000.0,-251300000.0,0.0,0.0,-0.048,3925600000.0,-1827500000.0,1654900000,0.523,3.032,91.447,44.162,18983000000,900000.0,43.72,2.203,2.198,2808900000,3650900000,5194000000.0,5194000000.0,179100000.0,,,,,0.0,2470800000.0,1.0,863433486,862200000,876600000.0,6.024,25538100000,0,-13200000.0,2270200000,29.62,-1053200000
89,S2,ARQ,1998-09-30,1998-11-02,1998-09-30,2021-06-30,114300000,20453800000,,3878600000,16575200000,,10.777,-951400000.0,47700000,47700000,1915500000.0,239300000.0,1.21,1.199,5120400000,80600000,5039800000,5120400000,213300000,493000000.0,0,0.009,0.115,400600000.0,893600000.0,0.22,893600000.0,400600000.0,343000000.0,0.275,0.27,0.275,9302300000,,9302300000,31705926039,,,65500000.0,0.076,1.0,2146700000.0,0.528,0,57600000.0,22320700000,,349900000,1529600000,0,1529600000,11151500000,3205800000,7945700000,26633226039,-45600000.0,-251400000.0,-125000000.0,322500000.0,-86400000.0,137100000.0,-1199600000.0,0.0,1016900000.0,0.0,239300000.0,239000000.0,239000000.0,0.0,0.0,0.059,1472600000.0,674100000.0,1099000000,0.418,2.863,,,13502200000,300000.0,38.655,,,3058300000,4012700000,4062200000.0,4062200000.0,0.0,,,,,0.0,979600000.0,1.0,688998216,863200000,879000000.0,4.706,20453800000,0,103700000.0,1428400000,23.695,672800000
90,S2,ARQ,1998-06-30,1998-08-10,1998-06-30,2021-06-30,114400000,19790700000,,3892700000,15898000000,,10.712,-1387800000.0,93300000,93300000,1891500000.0,213500000.0,1.214,1.146,4522000000,115800000,4406200000,4522000000,211300000,468800000.0,0,0.007,0.115,424900000.0,893700000.0,0.225,893700000.0,424900000.0,363600000.0,0.25,0.245,0.25,9223200000,,9223200000,27851117380,,,-308100000.0,-0.358,1.0,2075700000.0,0.523,0,61300000.0,21013000000,,381000000,1525700000,0,1525700000,10567500000,3206400000,7361100000,23422417380,-64900000.0,-238400000.0,-61600000.0,646200000.0,-107500000.0,503100000.0,-1647700000.0,0.0,1079700000.0,0.0,213500000.0,213300000.0,213300000.0,0.0,0.0,0.054,1400100000.0,675600000.0,1251700000,0.46,2.54,,,12887700000,200000.0,34.06,,,3012100000,3899000000,3967200000.0,3967200000.0,0.0,,,,,0.0,931300000.0,1.0,687681074,861000000,879000000.0,4.608,19790700000,0,150100000.0,1334500000,22.986,686300000
91,S2,ARQ,1998-03-31,1998-05-06,1998-03-31,2021-06-30,120200000,18756800000,,4017700000,14739100000,,10.644,-652900000.0,158200000,158200000,1884300000.0,212100000.0,1.26,1.049,4203500000,127800000,4075700000,4203500000,204900000,467300000.0,0,0.003,0.115,430100000.0,897400000.0,0.229,897400000.0,430100000.0,363400000.0,0.245,0.24,0.245,9156200000,,9156200000,27457904748,,,200500000.0,0.233,1.0,2026600000.0,0.518,0,66700000.0,19614200000,,378500000,1689500000,0,1689500000,9600600000,3187900000,6412700000,23412604748,56500000.0,-212600000.0,-48800000.0,159200000.0,-97700000.0,64300000.0,-861200000.0,0.0,853400000.0,0.0,212100000.0,211800000.0,211800000.0,0.0,0.0,0.054,1358400000.0,668200000.0,1040100000,0.469,2.557,,,11779200000,300000.0,34.0,,,3074300000,3796000000,3910900000.0,3910900000.0,0.0,,,,,0.0,891100000.0,1.0,688606022,860200000,877400000.0,4.547,18756800000,0,151300000.0,1227200000,21.805,829800000
92,S2,ARQ,1997-12-31,1998-03-05,1997-12-31,2021-06-30,0,18184800000,,3772600000,14412200000,,10.49,,101700000,101700000,,,1.226,1.015,3879600000,131000000,3748600000,3879600000,202900000,,0,0.0,0.0,,,,,,,,,,9025200000,,9025200000,26509045858,15.0,7.582,,,1.0,,,0,,18885900000,,352000000,1730500000,0,1730500000,9159600000,3076800000,6082800000,22731145858,,,,,,,,,,,,,,,,,,,1100100000,,2.519,23.89,29.919,11494100000,,33.06,1.528,1.912,2960200000,3693100000,,,,,,,,,,1.0,687572470,860400000,,,18184800000,0,,1287200000,21.135,695800000
0,S2,ART,2019-12-31,2020-01-27,2019-12-31,2021-06-30,-453000000,86902000000,86994250000.0,9455000000,77447000000,0.373,6.268,-11702000000.0,3179000000,3179000000,17787000000.0,-2692000000.0,0.758,2.374,44670000000,5740000000,38930000000,44670000000,0,9380000000.0,0,0.0,0.0,-833000000.0,8547000000.0,0.263,8547000000.0,-833000000.0,-3264000000.0,-0.67,-0.67,-0.67,25755000000,25948250000.0,25755000000,60526934535,-73.0,7.082,-2090000000.0,-0.509,1.0,14671000000.0,0.452,48816000000,2431000000.0,67106000000,64534500000.0,1117000000,62000000,62000000,0,61147000000,12471000000,48676000000,19035934535,-3018000000.0,0.0,-19000000.0,-2393000000.0,0.0,-2487000000.0,-10143000000.0,570000000.0,9612000000.0,0.0,-2679000000.0,-2679000000.0,-2679000000.0,0.0,-13000000.0,-0.083,15131000000.0,-460000000.0,3396000000,0.0,0.739,-7.106,-6.91,27540000000,0.0,4.63,0.586,0.586,3873000000,-2226000000,32458000000.0,32458000000.0,0.0,-0.031,-0.103,-0.013,-0.026,121000000.0,7931000000.0,1.0,4111432945,4109000000,4109000000.0,7.899,38086000000,0,-585000000.0,7038000000,9.269,-3016000000
1,S2,ART,2019-09-30,2019-11-12,2019-09-30,2021-06-30,-418000000,87928000000,86869750000.0,10206000000,77722000000,0.38,6.308,-12191000000.0,4262000000,4262000000,17912000000.0,-2716000000.0,0.782,2.4,44871000000,5936000000,38935000000,44871000000,0,9194000000.0,0,0.0,0.0,-379000000.0,8815000000.0,0.267,8815000000.0,-379000000.0,-2885000000.0,-0.67,-0.67,-0.67,25850000000,26577000000.0,25850000000,64716244597,-171.0,7.342,-2309000000.0,-0.563,1.0,15067000000.0,0.457,49204000000,2506000000.0,66281000000,62242750000.0,963000000,61000000,61000000,0,62031000000,13052000000,48979000000,24107244597,-1427000000.0,0.0,-18000000.0,-2935000000.0,0.0,-3034000000.0,-8275000000.0,2870000000.0,9882000000.0,0.0,-2700000000.0,-2700000000.0,-2700000000.0,0.0,-16000000.0,-0.082,14777000000.0,290000000.0,3918000000,0.0,0.933,-8.929,-8.761,27447000000,0.0,5.87,0.731,0.729,3723000000,-2106000000,32979000000.0,32979000000.0,0.0,-0.031,-0.102,-0.006,-0.011,127000000.0,7889000000.0,1.0,4106855979,4098000000,4098000000.0,8.048,38724000000,0,-185000000.0,7489000000,9.449,-2846000000
2,S2,ART,2019-06-30,2019-08-08,2019-06-30,2021-06-30,-414000000,88546000000,86850500000.0,10589000000,77957000000,0.387,6.39,-12273000000.0,4869000000,4869000000,18025000000.0,-2230000000.0,0.938,2.388,45555000000,4569000000,40986000000,45555000000,0,9328000000.0,0,0.0,0.0,211000000.0,9539000000.0,0.284,9539000000.0,211000000.0,-2334000000.0,-0.55,-0.55,-0.55,26116000000,27214750000.0,26116000000,68722340710,326.0,7.204,-2030000000.0,-0.497,1.0,15592000000.0,0.464,49228000000,2545000000.0,68715000000,60284750000.0,726000000,0,0,0,62378000000,11289000000,51089000000,28036340710,527000000.0,0.0,274000000.0,-2270000000.0,0.0,-2075000000.0,-7641000000.0,3806000000.0,10243000000.0,0.0,-2230000000.0,-2230000000.0,-2230000000.0,0.0,0.0,-0.066,14736000000.0,856000000.0,3672000000,0.0,1.074,-12.572,-12.455,27610000000,0.0,6.85,0.834,0.833,3558000000,-1832000000,33617000000.0,33617000000.0,0.0,-0.026,-0.082,0.004,0.006,127000000.0,7814000000.0,1.0,4092896454,4087000000,4087000000.0,8.225,39318000000,0,-104000000.0,7563000000,9.62,-700000000
3,S2,ART,2019-03-31,2019-05-29,2019-03-31,2021-06-30,-392000000,84601000000,86326250000.0,12891000000,71710000000,0.389,6.426,-12567000000.0,6982000000,6982000000,17927000000.0,-1943000000.0,1.064,2.243,39923000000,4557000000,35366000000,39923000000,0,9391000000.0,0,0.0,0.0,585000000.0,9976000000.0,0.297,9976000000.0,585000000.0,-1978000000.0,-0.48,-0.48,-0.48,26072000000,27659000000.0,26072000000,60758491680,104.0,6.09,-2138000000.0,-0.527,1.0,15673000000.0,0.466,49391000000,2563000000.0,56036000000,57993000000.0,999000000,67000000,67000000,0,58474000000,12115000000,46359000000,27817491680,404000000.0,0.0,291000000.0,-457000000.0,0.0,-483000000.0,-9542000000.0,2255000000.0,10429000000.0,0.0,-1943000000.0,-1943000000.0,-1943000000.0,0.0,0.0,-0.058,14627000000.0,1046000000.0,3961000000,0.0,1.067,-14.317,-14.167,21201000000,0.0,6.8,0.828,0.821,3554000000,-1883000000,33600000000.0,33600000000.0,0.0,-0.023,-0.07,0.01,0.017,132000000.0,7774000000.0,1.0,4090807600,4057000000,4057000000.0,8.282,35210000000,0,-35000000.0,7556000000,8.679,776000000
4,S2,ART,2018-12-31,2019-01-31,2018-12-31,2021-06-30,-333000000,86404000000,86540750000.0,12396000000,74008000000,0.384,6.932,-16215000000.0,6191000000,6191000000,20884000000.0,298000000.0,1.159,2.054,39884000000,3596000000,36288000000,39884000000,0,9320000000.0,0,0.0,0.0,2454000000.0,11774000000.0,0.354,11774000000.0,2454000000.0,-56000000.0,0.08,0.08,0.08,28270000000,27730000000.0,28270000000,59147936607,24.0,5.024,-2976000000.0,-0.73,1.0,12358000000.0,0.372,51458000000,2510000000.0,57939000000,58629250000.0,919000000,632000000,632000000,0,58075000000,10700000000,47375000000,25454936607,1773000000.0,0.0,281000000.0,3576000000.0,0.0,3375000000.0,-14841000000.0,649000000.0,13239000000.0,0.0,300000000.0,300000000.0,300000000.0,0.0,-2000000.0,0.009,9925000000.0,2433000000.0,3637000000,0.0,0.9,84.85,78.0,21422000000,0.0,6.24,0.766,0.765,3455000000,291000000,33242000000.0,33242000000.0,0.0,0.003,0.011,0.042,0.074,146000000.0,7759000000.0,1.0,4079316764,4078000000,4078000000.0,8.152,34946000000,0,-356000000.0,7684000000,8.569,1696000000
5,S2,ART,2018-09-30,2018-11-07,2018-09-30,2021-06-30,-308000000,87851000000,85294500000.0,14447000000,73404000000,0.385,6.994,-13960000000.0,5726000000,5726000000,19589000000.0,7599000000.0,1.118,2.091,40675000000,5346000000,35329000000,40675000000,0,9123000000.0,0,0.0,0.0,2630000000.0,11753000000.0,0.357,11753000000.0,2630000000.0,203000000.0,1.9,1.87,1.9,28401000000,27221250000.0,28401000000,60963940239,23.0,5.187,-1780000000.0,-0.438,1.0,13291000000.0,0.404,51425000000,2427000000.0,58449000000,57218000000.0,859000000,3186000000,3186000000,0,59387000000,12926000000,46461000000,26014940239,899000000.0,0.0,276000000.0,2428000000.0,0.0,2265000000.0,-13546000000.0,-213000000.0,12180000000.0,0.0,7603000000.0,7603000000.0,7603000000.0,0.0,-4000000.0,0.231,10983000000.0,2308000000.0,4210000000,0.0,0.916,3.422,3.358,20816000000,0.0,6.38,0.791,0.788,3555000000,432000000,32880000000.0,32880000000.0,0.0,0.089,0.279,0.046,0.08,163000000.0,7864000000.0,1.0,4077576840,4061000000,4124000000.0,8.097,36426000000,0,-7400000000.0,7704000000,8.97,1521000000
6,S2,ART,2018-06-30,2018-08-07,2018-06-30,2021-06-30,-317000000,86449000000,83948250000.0,13395000000,73054000000,0.386,6.956,-12272000000.0,4378000000,4378000000,18148000000.0,7344000000.0,1.15,2.097,40617000000,4846000000,35771000000,40617000000,0,8856000000.0,0,0.0,0.0,2429000000.0,11285000000.0,0.349,11285000000.0,2429000000.0,40000000.0,1.84,1.81,1.84,27893000000,24876000000.0,27893000000,61178423384,25.0,5.421,-1060000000.0,-0.264,1.0,14226000000.0,0.439,51493000000,2389000000.0,59548000000,56267500000.0,622000000,4008000000,4008000000,0,58504000000,11647000000,46857000000,24939423384,1875000000.0,0.0,0.0,1185000000.0,0.0,729000000.0,-10066000000.0,1651000000.0,11212000000.0,0.0,7359000000.0,7359000000.0,7359000000.0,0.0,-15000000.0,0.227,12024000000.0,2202000000.0,3143000000,0.0,0.894,3.389,3.332,20538000000,0.0,6.13,0.77,0.759,3492000000,236000000,32374000000.0,32374000000.0,0.0,0.088,0.296,0.043,0.075,181000000.0,8016000000.0,1.0,4068421433,4010000000,4061000000.0,8.073,34956000000,0,-7319000000.0,7704000000,8.717,1748000000
7,S2,ART,2018-03-31,2018-05-24,2018-03-31,2021-06-30,-313000000,85459000000,83167000000.0,14253000000,71206000000,0.39,6.591,-10895000000.0,6610000000,6610000000,17195000000.0,7377000000.0,1.32,2.24,40892000000,3429000000,37463000000,40892000000,0,8580000000.0,0,0.0,0.0,2680000000.0,11260000000.0,0.347,11260000000.0,2680000000.0,315000000.0,1.85,1.81,1.85,26356000000,22656500000.0,26356000000,54981208776,21.0,4.883,-833000000.0,-0.208,1.0,15211000000.0,0.469,50360000000,2365000000.0,58581000000,55913500000.0,1003000000,2354000000,2354000000,0,59040000000,10800000000,48240000000,20699208776,3717000000.0,0.0,0.0,11000000.0,0.0,-210000000.0,-6135000000.0,4230000000.0,10062000000.0,0.0,7389000000.0,7389000000.0,7389000000.0,0.0,-12000000.0,0.228,12955000000.0,2256000000.0,3409000000,0.0,0.785,2.801,2.789,19925000000,0.0,5.16,0.639,0.637,3711000000,-1255000000,32406000000.0,32406000000.0,0.0,0.089,0.326,0.048,0.083,182000000.0,8087000000.0,1.0,4011474569,3999000000,4078000000.0,8.104,35099000000,0,-7074000000.0,7294000000,8.777,3453000000
8,S2,ART,2017-12-31,2018-02-06,2017-12-31,2021-06-30,-366000000,81419000000,83083000000.0,10165000000,71254000000,0.396,6.557,-5339000000.0,4440000000,4440000000,13478000000.0,7031000000.0,0.918,2.101,36861000000,4036000000,32825000000,36861000000,0,8431000000.0,0,0.0,0.0,2944000000.0,11375000000.0,0.346,11375000000.0,2944000000.0,524000000.0,1.76,1.73,1.76,26235000000,20769500000.0,26235000000,52836536008,18.0,4.645,334000000.0,0.083,1.0,19384000000.0,0.59,50475000000,2420000000.0,52294000000,56324500000.0,1009000000,173000000,173000000,0,55114000000,11071000000,44043000000,20415536008,733000000.0,0.0,0.0,-2101000000.0,0.0,-2185000000.0,-2755000000.0,2176000000.0,5673000000.0,0.0,7037000000.0,7037000000.0,7037000000.0,0.0,-6000000.0,0.214,16541000000.0,2843000000.0,3176000000,0.0,0.778,2.901,2.898,19712000000,0.0,5.1,0.621,0.621,3917000000,-1264000000,32862000000.0,32862000000.0,0.0,0.085,0.339,0.052,0.09,173000000.0,8061000000.0,1.0,4003046276,4001000000,4061000000.0,8.213,30944000000,0,-6513000000.0,7709000000,7.734,-906000000
9,S2,ART,2017-09-30,2017-11-02,2017-09-30,2021-06-30,-392000000,82466000000,83052000000.0,11935000000,70531000000,0.399,4.757,-5147000000.0,4802000000,4802000000,13982000000.0,-604000000.0,1.095,3.336,38378000000,4142000000,34236000000,38378000000,0,8350000000.0,0,0.0,0.0,2504000000.0,10854000000.0,0.327,10854000000.0,2504000000.0,46000000.0,-0.15,-0.15,-0.15,19020000000,18959750000.0,19020000000,59298222234,24.0,5.463,10000000.0,0.003,1.0,19190000000.0,0.578,50498000000,2458000000.0,54647000000,55887750000.0,751000000,1610000000,1610000000,0,63446000000,10897000000,52549000000,25722222234,796000000.0,0.0,0.0,537000000.0,0.0,382000000.0,-4743000000.0,40000000.0,5157000000.0,0.0,-604000000.0,-604000000.0,-604000000.0,0.0,0.0,-0.018,16438000000.0,2752000000.0,2947000000,0.0,1.352,-42.586,-42.867,18901000000,0.0,6.43,0.775,0.775,4118000000,-8426000000,33172000000.0,33172000000.0,0.0,-0.007,-0.032,0.045,0.075,151000000.0,8033000000.0,1.0,4000345604,3998000000,3998000000.0,8.297,31968000000,0,650000000.0,14780000000,7.996,1038000000
10,S2,ART,2017-06-30,2017-08-03,2017-06-30,2021-06-30,-408000000,83324000000,82642500000.0,12496000000,70828000000,0.405,4.762,-4696000000.0,2478000000,2478000000,14674000000.0,-698000000.0,1.08,3.382,39584000000,5125000000,34459000000,39584000000,0,8237000000.0,0,0.0,0.0,2466000000.0,10703000000.0,0.32,10703000000.0,2466000000.0,-27000000.0,-0.18,-0.18,-0.18,19015000000,19060500000.0,19015000000,71239384236,29.0,6.656,210000000.0,0.053,1.0,18818000000.0,0.562,50727000000,2493000000.0,58132000000,54339000000.0,979000000,4349000000,4349000000,0,64309000000,11571000000,52738000000,34133384236,-1302000000.0,0.0,0.0,1369000000.0,0.0,1260000000.0,-7468000000.0,-3045000000.0,4906000000.0,0.0,-698000000.0,-698000000.0,-698000000.0,0.0,0.0,-0.021,16302000000.0,2516000000.0,2616000000,0.0,1.795,-48.902,-47.444,18866000000,0.0,8.54,1.019,1.018,4089000000,-8378000000,33492000000.0,33492000000.0,0.0,-0.008,-0.037,0.045,0.074,119000000.0,8015000000.0,1.0,3996883400,3993000000,4076000000.0,8.388,32597000000,0,671000000.0,14701000000,8.164,925000000
11,S2,ART,2017-03-31,2017-05-26,2017-03-31,2021-06-30,-404000000,85123000000,81910250000.0,14117000000,71006000000,0.407,4.724,-3958000000.0,2870000000,2870000000,14938000000.0,-1206000000.0,1.133,3.526,40914000000,5036000000,35878000000,40914000000,0,8150000000.0,0,0.0,0.0,1724000000.0,9874000000.0,0.296,9874000000.0,1724000000.0,-771000000.0,-0.3,-0.3,-0.3,18808000000,19182250000.0,18808000000,71568068460,42.0,7.248,210000000.0,0.053,1.0,18409000000.0,0.552,50484000000,2495000000.0,60225000000,52550000000.0,1064000000,5444000000,5444000000,0,66315000000,12458000000,53857000000,33524068460,229000000.0,0.0,0.0,5549000000.0,0.0,5286000000.0,-9225000000.0,-5444000000.0,4168000000.0,0.0,-1206000000.0,-1206000000.0,-1206000000.0,0.0,0.0,-0.036,16210000000.0,2199000000.0,3281000000,0.0,1.782,-27.798,-28.0,19209000000,0.0,8.4,1.005,1.003,4138000000,-8584000000,33347000000.0,33347000000.0,0.0,-0.015,-0.063,0.033,0.052,93000000.0,7994000000.0,1.0,3990960531,3981000000,3981000000.0,8.377,34639000000,0,435000000.0,14416000000,8.701,1659000000
12,S2,ART,2016-12-31,2017-02-06,2016-12-31,2021-06-30,-437000000,81295000000,80373250000.0,10572000000,70723000000,0.409,4.769,-4310000000.0,3707000000,3707000000,15018000000.0,-1477000000.0,0.775,3.28,37313000000,6554000000,30759000000,37313000000,0,7932000000.0,0,0.0,0.0,1240000000.0,9172000000.0,0.279,9172000000.0,1240000000.0,-1176000000.0,-0.38,-0.38,-0.38,18996000000,19426000000.0,18996000000,66938717031,54.0,7.298,-116000000.0,-0.029,1.0,17861000000.0,0.543,50717000000,2416000000.0,50547000000,49296750000.0,1296000000,2349000000,2349000000,0,62299000000,13637000000,48662000000,33332717031,1532000000.0,0.0,0.0,3392000000.0,0.0,3782000000.0,-6444000000.0,-2308000000.0,4194000000.0,0.0,-1477000000.0,-1477000000.0,-1477000000.0,0.0,0.0,-0.045,16055000000.0,1806000000.0,2894000000,0.0,1.755,-22.568,-22.0,19333000000,0.0,8.36,1.014,1.013,1236000000,-8301000000,32879000000.0,32879000000.0,0.0,-0.018,-0.076,0.025,0.038,74000000.0,7931000000.0,1.0,3987167109,3983000000,3983000000.0,8.255,30578000000,0,301000000.0,14238000000,7.677,-3065000000
13,S2,ART,2016-09-30,2016-11-01,2016-09-30,2021-06-30,-432000000,80828000000,79937250000.0,9856000000,70972000000,0.406,4.881,-4682000000.0,4006000000,4006000000,15045000000.0,-1834000000.0,0.707,3.161,36555000000,7014000000,29541000000,36555000000,0,7705000000.0,0,0.0,0.0,796000000.0,8501000000.0,0.262,8501000000.0,796000000.0,-1547000000.0,-0.47,-0.47,-0.47,19423000000,19760250000.0,19423000000,57113457452,72.0,6.718,-332000000.0,-0.083,1.0,17392000000.0,0.536,50977000000,2343000000.0,48452000000,48818250000.0,981000000,1650000000,1650000000,0,61405000000,13948000000,47457000000,24564457452,2034000000.0,0.0,2000000.0,2239000000.0,0.0,2697000000.0,-5013000000.0,-411000000.0,4350000000.0,0.0,-1834000000.0,-1834000000.0,-1834000000.0,0.0,0.0,-0.057,16067000000.0,1325000000.0,2649000000,0.0,1.265,-13.394,-13.128,19176000000,0.0,6.17,0.757,0.757,1004000000,-7822000000,32437000000.0,32437000000.0,0.0,-0.023,-0.093,0.016,0.025,64000000.0,7980000000.0,1.0,3981273493,3979000000,3979000000.0,8.152,29851000000,0,287000000.0,14120000000,7.502,-4092000000
14,S2,ART,2016-06-30,2016-08-09,2016-06-30,2021-06-30,-440000000,80395000000,79943000000.0,8962000000,71433000000,0.402,4.906,-5591000000.0,3780000000,3780000000,14994000000.0,-2277000000.0,0.767,3.122,36957000000,5603000000,31354000000,36957000000,0,7467000000.0,0,0.0,0.0,192000000.0,7659000000.0,0.238,7659000000.0,192000000.0,-2063000000.0,-0.58,-0.58,-0.58,19502000000,20193750000.0,19502000000,57763278309,301.0,7.542,-1280000000.0,-0.322,1.0,17171000000.0,0.534,50907000000,2255000000.0,50976000000,49663750000.0,816000000,1304000000,1304000000,0,60893000000,11689000000,49204000000,24586278309,1720000000.0,0.0,6000000.0,2497000000.0,0.0,2928000000.0,-5519000000.0,35000000.0,4311000000.0,0.0,-2277000000.0,-2277000000.0,-2277000000.0,0.0,0.0,-0.071,16173000000.0,998000000.0,1841000000,0.0,1.261,-10.798,-10.655,19715000000,0.0,6.18,0.764,0.764,1113000000,-7680000000,32165000000.0,32165000000.0,0.0,-0.028,-0.113,0.004,0.006,72000000.0,8209000000.0,1.0,3978362186,3975000000,3975000000.0,8.092,29488000000,0,214000000.0,14006000000,7.418,-2727000000
15,S2,ART,2016-03-31,2016-05-17,2016-03-31,2021-06-30,-439000000,78975000000,80204000000.0,6833000000,72142000000,0.401,4.984,-7070000000.0,2641000000,2641000000,15234000000.0,-1995000000.0,0.571,2.992,33958000000,4690000000,29268000000,33958000000,0,7088000000.0,0,0.0,0.0,328000000.0,7416000000.0,0.23,7416000000.0,328000000.0,-1854000000.0,-0.5,-0.5,-0.5,19783000000,20749500000.0,19783000000,45307565100,138.0,6.109,-3173000000.0,-0.799,1.0,16946000000.0,0.527,51117000000,2182000000.0,47212000000,49992500000.0,1173000000,0,0,0,59192000000,11963000000,47229000000,13990565100,-1369000000.0,0.0,10000000.0,-144000000.0,0.0,469000000.0,-5735000000.0,1302000000.0,3897000000.0,0.0,-1995000000.0,-1995000000.0,-1995000000.0,0.0,0.0,-0.062,15976000000.0,970000000.0,2899000000,0.0,0.707,-7.013,-7.04,20297000000,0.0,3.52,0.435,0.434,1099000000,-7378000000,32180000000.0,32180000000.0,0.0,-0.025,-0.096,0.007,0.01,75000000.0,8479000000.0,1.0,3974592358,3969000000,3969000000.0,8.108,27858000000,0,141000000.0,13959000000,7.019,-5130000000
16,S2,ART,2015-12-31,2016-02-04,2015-12-31,2021-06-30,-419000000,79551000000,81217750000.0,6561000000,72990000000,0.399,5.122,-7846000000.0,2175000000,2175000000,15646000000.0,-1665000000.0,0.593,2.912,33753000000,3324000000,30429000000,33753000000,0,6650000000.0,0,0.0,0.0,641000000.0,7291000000.0,0.225,7291000000.0,641000000.0,-1512000000.0,-0.43,-0.43,-0.43,20333000000,21231250000.0,20333000000,42816561747,67.0,5.873,-4267000000.0,-1.075,1.0,16745000000.0,0.517,51434000000,2153000000.0,48633000000,50553500000.0,995000000,41000000,41000000,0,59218000000,11062000000,48156000000,11238561747,-1280000000.0,0.0,-5000000.0,1474000000.0,0.0,1428000000.0,-6287000000.0,1349000000.0,3579000000.0,0.0,-1665000000.0,-1665000000.0,-1665000000.0,0.0,0.0,-0.051,15811000000.0,934000000.0,3078000000,0.0,0.553,-6.75,-6.581,20645000000,0.0,2.83,0.347,0.347,1033000000,-6824000000,32391000000.0,32391000000.0,0.0,-0.021,-0.078,0.013,0.02,55000000.0,8871000000.0,1.0,3971223232,3970000000,3970000000.0,8.159,28117000000,0,153000000.0,13959000000,7.082,-4501000000
17,S2,ART,2015-09-30,2015-11-09,2015-09-30,2021-06-30,-412000000,80851000000,82089500000.0,7096000000,73755000000,0.405,5.331,-7825000000.0,1972000000,1972000000,16991000000.0,-3208000000.0,0.767,2.821,33965000000,1395000000,32570000000,33965000000,0,6105000000.0,0,0.0,0.0,-1696000000.0,4409000000.0,0.133,4409000000.0,-1696000000.0,-3809000000.0,-0.82,-0.82,-0.82,21157000000,21670250000.0,21157000000,48984052301,-29.0,11.11,-5285000000.0,-1.332,1.0,16266000000.0,0.489,51755000000,2113000000.0,51834000000,50202250000.0,889000000,103000000,103000000,0,59694000000,9255000000,50439000000,16991052301,-2163000000.0,0.0,-3000000.0,1947000000.0,0.0,1866000000.0,-6569000000.0,1064000000.0,2540000000.0,0.0,-3208000000.0,-3208000000.0,-3208000000.0,0.0,0.0,-0.096,17730000000.0,-1464000000.0,3527000000,0.0,0.803,-5.296,-5.22,21061000000,0.0,4.28,0.511,0.511,1980000000,-5988000000,33257000000.0,33257000000.0,0.0,-0.039,-0.148,-0.034,-0.051,61000000.0,9389000000.0,1.0,3969872033,3969000000,3969000000.0,8.379,29096000000,63000000,-601000000.0,13929000000,7.331,-2159000000
18,S2,ART,2015-06-30,2015-08-07,2015-06-30,2021-06-30,-404000000,81439000000,83054250000.0,7785000000,73654000000,0.407,5.476,-7252000000.0,2060000000,2060000000,18049000000.0,-3388000000.0,0.854,2.749,34130000000,1384000000,32746000000,34130000000,0,5656000000.0,0,0.0,0.0,-1883000000.0,3773000000.0,0.112,3773000000.0,-1883000000.0,-3964000000.0,-0.86,-0.86,-0.86,21725000000,22546750000.0,21725000000,45442735542,-24.0,12.044,-5353000000.0,-1.349,1.0,15721000000.0,0.466,52104000000,2081000000.0,52291000000,49094750000.0,949000000,203000000,203000000,0,59714000000,9114000000,50600000000,13372735542,-2111000000.0,0.0,30000000.0,1886000000.0,0.0,1838000000.0,-5848000000.0,1119000000.0,1899000000.0,0.0,-3388000000.0,-3388000000.0,-3388000000.0,0.0,0.0,-0.1,17532000000.0,-1811000000.0,3272000000,0.0,0.616,-3.947,-3.919,20563000000,0.0,3.37,0.396,0.396,3813000000,-5403000000,33770000000.0,33770000000.0,0.0,-0.041,-0.15,-0.038,-0.056,78000000.0,9466000000.0,1.0,3968170784,3967000000,3967000000.0,8.513,29335000000,87000000,-576000000.0,13913000000,7.395,-1329000000
19,S2,ART,2015-03-31,2015-05-26,2015-03-31,2021-06-30,-408000000,83030000000,83799250000.0,9777000000,73253000000,0.412,5.492,-6167000000.0,4010000000,4010000000,18969000000.0,-3345000000.0,0.894,2.825,33831000000,1300000000,32531000000,33831000000,0,5349000000.0,0,0.0,0.0,-1868000000.0,3481000000.0,0.101,3481000000.0,-1868000000.0,-3919000000.0,-0.85,-0.85,-0.85,21710000000,23456500000.0,21710000000,48585930010,-26.0,13.957,-3717000000.0,-0.94,1.0,15563000000.0,0.451,52455000000,2051000000.0,49456000000,48042000000.0,1359000000,166000000,166000000,0,61320000000,10940000000,50380000000,18764930010,-960000000.0,0.0,35000000.0,1356000000.0,0.0,1304000000.0,-4714000000.0,1054000000.0,2450000000.0,0.0,-3345000000.0,-3345000000.0,-3345000000.0,0.0,0.0,-0.097,17349000000.0,-1786000000.0,4347000000,0.0,0.864,-5.61,-5.565,19721000000,0.0,4.73,0.543,0.541,2290000000,-5383000000,34532000000.0,34532000000.0,0.0,-0.04,-0.143,-0.039,-0.054,86000000.0,9563000000.0,1.0,3967215647,3953000000,3953000000.0,8.736,30575000000,62000000,-574000000.0,13898000000,7.735,-1163000000
20,S2,ART,2014-12-31,2015-02-05,2014-12-31,2021-06-30,-270000000,83038000000,84214000000.0,10458000000,72580000000,,5.582,-5718000000.0,3455000000,3455000000,,,0.854,2.759,32462000000,1302000000,31160000000,32462000000,0,5192000000.0,0,0.0,0.0,,,,,,,,,,22089000000,24357000000.0,22089000000,48083795644,,,-3722000000.0,-0.941,1.0,,,52573000000,,47228000000,47398000000.0,1513000000,254000000,254000000,0,60949000000,12244000000,48705000000,19076795644,,0.0,,,,,-4668000000.0,851000000.0,1996000000.0,,,,,,,,,,5220000000,,0.864,,,18853000000,,4.82,,,4362000000,-5159000000,,,,,,,,124000000.0,,1.0,3957841420,3957000000,,,30465000000,101000000,,13681000000,7.699,-1786000000
21,S2,ART,2014-09-30,2014-11-06,2014-09-30,2021-06-30,-50000000,84710000000,84978250000.0,11270000000,73440000000,,6.245,-6192000000.0,4135000000,4135000000,,,1.063,2.435,32266000000,808000000,31458000000,32266000000,0,5403000000.0,0,0.0,0.0,,,,,,,,,,24663000000,25230750000.0,24663000000,46684550918,,,-4724000000.0,-1.196,1.0,,,54839000000,,47404000000,47041250000.0,1124000000,1167000000,1167000000,0,60047000000,10598000000,49449000000,18553550918,,0.0,,,,,-2682000000.0,270000000.0,1468000000.0,,,,,,,,,,4351000000,,0.752,,,17557000000,,4.69,,,3942000000,-2780000000,,,,,,,,140000000.0,,1.0,3955981006,3949000000,,,29871000000,90000000,,14331000000,7.564,672000000
22,S2,ART,2014-06-30,2014-08-08,2014-06-30,2021-06-30,-43000000,84419000000,85795000000.0,11374000000,73045000000,,6.429,-3655000000.0,4171000000,4171000000,,,1.205,2.328,32494000000,807000000,31687000000,32494000000,0,2267000000.0,0,0.0,0.0,,,,,,,,,,25364000000,25685750000.0,25364000000,50693944142,,,-5186000000.0,-1.315,1.0,,,55226000000,,48080000000,46367500000.0,1116000000,1322000000,1322000000,0,59055000000,9436000000,49619000000,22370944142,,-9765000000.0,,,,,-14756000000.0,-1445000000.0,-1531000000.0,,,,,,,,,,3492000000,,0.882,,,16852000000,,5.67,,,3751000000,-2015000000,,,,,,,,122000000.0,,1.0,3945492794,3945000000,,,29193000000,78000000,,14268000000,7.4,1938000000
23,S2,ART,2014-03-31,2014-05-27,2014-03-31,2021-06-30,-43000000,84689000000,77280500000.0,11579000000,73110000000,,6.418,-5633000000.0,4970000000,4970000000,,,1.194,2.346,32778000000,991000000,31787000000,32778000000,0,4231000000.0,0,0.0,0.0,,,,,,,,,,25312000000,20589750000.0,25312000000,64212044080,,,-5170000000.0,-1.311,1.0,,,55919000000,,46880000000,43473750000.0,982000000,1366000000,1220000000,146000000,59377000000,9698000000,49679000000,36404044080,,-14112000000.0,,,,,-19864000000.0,-119000000.0,463000000.0,,,,,,,,,,3163000000,,1.438,,,16299000000,,9.23,,,3607000000,-2038000000,,,,,,,,133000000.0,,1.0,3944100117,3944100117,,,28770000000,128000000,,14207000000,7.294,1881000000
24,S2,ART,2013-12-31,2014-02-24,2013-12-31,2021-06-30,102000000,86095000000,68797500000.0,13058000000,73037000000,0.246,7.362,-3993000000.0,6364000000,6364000000,9777000000.0,-1860000000.0,1.224,2.365,33011000000,994000000,32017000000,33011000000,0,2934000000.0,0,0.0,0.0,-897000000.0,2037000000.0,0.121,2037000000.0,-897000000.0,-1815000000.0,-0.54,-0.54,-0.54,25584000000,15880250000.0,25584000000,59708384927,-67.0,29.312,-4054000000.0,-1.167,1.0,7114000000.0,0.421,56272000000,918000000.0,45801000000,41269500000.0,1205000000,1248000000,1105000000,143000000,60511000000,10669000000,49842000000,33061384927,6359000000.0,-14112000000.0,18567000000.0,6122000000.0,0.0,24528000000.0,-18108000000.0,-4000000.0,-61000000.0,0.0,-1860000000.0,-1860000000.0,-1860000000.0,0.0,0.0,-0.11,8084000000.0,-970000000.0,3312000000,0.0,1.292,-17.775,-15.556,16164000000,0.0,8.4,1.957,1.728,3570000000,-1887000000,16891000000.0,16891000000.0,0.0,-0.027,-0.117,-0.022,-0.053,98000000.0,4841000000.0,1.0,3935879158,3475000000,3475000000.0,4.861,29823000000,186000000,45000000.0,14227000000,8.582,2389000000
25,S2,ART,2013-09-30,2013-11-06,2013-09-30,2021-06-30,4000000,87977000000,60166250000.0,15430000000,72547000000,0.588,6.966,-3432000000.0,9108000000,9108000000,20539000000.0,-3179000000.0,1.409,2.322,33551000000,1131000000,32420000000,33551000000,0,2896000000.0,0,0.0,0.0,539000000.0,3435000000.0,0.097,3435000000.0,539000000.0,-1444000000.0,-1.0,-1.0,-1.0,26483000000,11256000000.0,26483000000,52243399558,97.0,15.209,-2516000000.0,-0.662,1.0,14817000000.0,0.419,56761000000,1983000000.0,44709000000,39398000000.0,1028000000,1573000000,1436000000,137000000,61494000000,10950000000,50544000000,27800399558,6759000000.0,-14212000000.0,18581000000.0,9645000000.0,0.0,28040000000.0,-22197000000.0,-1501000000.0,916000000.0,0.0,-3179000000.0,-3179000000.0,-3179000000.0,0.0,0.0,-0.09,16787000000.0,-1970000000.0,3777000000,0.0,1.05,-8.745,-7.07,15312000000,0.0,7.07,0.786,0.76,3193000000,-849000000,35356000000.0,35356000000.0,0.0,-0.053,-0.282,0.014,0.015,83000000.0,9883000000.0,1.0,3932164011,3802000000,3802000000.0,9.299,31216000000,167000000,1735000000.0,14263000000,8.21,4480000000
26,S2,ART,2013-06-30,2013-08-05,2013-06-30,2021-06-30,-1068000000,50361000000,50415000000.0,11399000000,38962000000,0.703,1.648,-5716000000.0,5596000000,5596000000,20723000000.0,-4329000000.0,1.201,9.113,24208000000,305000000,23903000000,24208000000,0,6105000000.0,0,0.0,0.0,-2476000000.0,3629000000.0,0.102,3629000000.0,-2476000000.0,-4145000000.0,-1.44,-1.44,-1.44,4980000000,6760000000.0,4980000000,45632567040,-18.0,12.574,-2697000000.0,-0.892,1.0,14715000000.0,0.415,22979000000,1669000000.0,36505000000,36794000000.0,899000000,1673000000,840000000,833000000,45381000000,9489000000,35892000000,27020567040,-264000000.0,-849000000.0,80000000.0,3231000000.0,0.0,3216000000.0,-6499000000.0,62000000.0,3019000000.0,0.0,-4329000000.0,-4329000000.0,-4329000000.0,0.0,0.0,-0.122,16518000000.0,-1803000000.0,3560000000,0.0,5.426,-6.242,-4.778,14403000000,0.0,6.88,0.762,0.587,3413000000,-47056000000,35438000000.0,35438000000.0,0.0,-0.086,-0.64,-0.067,-0.07,76000000.0,9726000000.0,1.0,3927408000,3022000000,3022000000.0,11.727,27382000000,0,184000000.0,7212000000,9.061,1910000000
27,S2,ART,2013-03-31,2013-05-06,2013-03-31,2021-06-30,-1119000000,50757000000,50080750000.0,12769000000,37988000000,0.707,2.149,-5056000000.0,6275000000,6275000000,20689000000.0,-4106000000.0,1.49,6.84,24500000000,428000000,24072000000,24500000000,0,6369000000.0,0,0.0,0.0,-2389000000.0,3980000000.0,0.112,3980000000.0,-2389000000.0,-3951000000.0,-1.37,-1.37,-1.37,6474000000,7821750000.0,6474000000,39954585362,-17.0,10.039,-2095000000.0,-0.695,1.0,14715000000.0,0.416,22352000000,1562000000.0,38063000000,36329750000.0,843000000,2360000000,1494000000,866000000,44283000000,8567000000,35716000000,21729585362,-820000000.0,-180000000.0,29000000.0,2532000000.0,0.0,2457000000.0,-6238000000.0,-1017000000.0,2961000000.0,0.0,-4106000000.0,-4106000000.0,-4106000000.0,0.0,0.0,-0.116,16273000000.0,-1558000000.0,2963000000,0.0,3.356,-5.292,-5.255,14025000000,0.0,7.2,0.614,0.613,3352000000,-45459000000,35404000000.0,35404000000.0,0.0,-0.082,-0.525,-0.066,-0.067,82000000.0,9665000000.0,1.0,3017997967,3013000000,3013000000.0,11.75,28405000000,0,155000000.0,7131000000,9.427,4202000000
28,S2,ART,2012-12-31,2013-02-28,2012-12-31,2021-06-30,-1133000000,51570000000,50045750000.0,13759000000,37811000000,0.706,2.361,-4459000000.0,6351000000,6351000000,20841000000.0,-4326000000.0,1.55,6.277,24341000000,379000000,23962000000,24341000000,0,6543000000.0,0,0.0,0.0,-2744000000.0,3799000000.0,0.107,3799000000.0,-2744000000.0,-4172000000.0,-1.44,-1.44,-1.44,7087000000,8851000000.0,7087000000,35452461598,-13.0,9.332,-1460000000.0,-0.486,1.0,14504000000.0,0.41,22371000000,1428000000.0,38315000000,36041750000.0,1200000000,2902000000,1849000000,1053000000,44483000000,8874000000,35609000000,17462461598,904000000.0,-228000000.0,29000000.0,4385000000.0,0.0,4280000000.0,-6375000000.0,-1699000000.0,2999000000.0,0.0,-4326000000.0,-4326000000.0,-4326000000.0,0.0,0.0,-0.122,16606000000.0,-2102000000.0,3487000000,0.0,2.464,-4.037,-4.028,13607000000,0.0,5.8,0.494,0.493,3658000000,-44815000000,35345000000.0,35345000000.0,0.0,-0.086,-0.489,-0.076,-0.078,82000000.0,9765000000.0,1.0,3010769241,3002000000,3002000000.0,11.774,29199000000,1000000,154000000.0,7047000000,9.727,4885000000
29,S2,ART,2012-09-30,2012-11-07,2012-09-30,2021-06-30,-766000000,48972000000,49499000000.0,11611000000,37361000000,0.708,2.83,-3904000000.0,5645000000,5645000000,20608000000.0,-4307000000.0,1.461,4.762,21304000000,310000000,20994000000,21304000000,0,6224000000.0,0,0.0,0.0,-2808000000.0,3416000000.0,0.097,3416000000.0,-2808000000.0,-4091000000.0,-1.44,-1.44,-1.44,8499000000,9936000000.0,8499000000,32544930787,-12.0,9.527,-32000000.0,-0.011,1.0,14454000000.0,0.412,22391000000,1283000000.0,34293000000,35283750000.0,996000000,1825000000,684000000,1141000000,40473000000,7947000000,32526000000,16885930787,1884000000.0,-459000000.0,18000000.0,2818000000.0,0.0,2670000000.0,-4658000000.0,-444000000.0,3872000000.0,0.0,-4307000000.0,-4307000000.0,-4307000000.0,0.0,0.0,-0.123,16289000000.0,-1835000000.0,3210000000,0.0,1.987,-3.921,-3.903,13108000000,0.0,5.62,0.482,0.481,3440000000,-43494000000,35062000000.0,35062000000.0,0.0,-0.087,-0.433,-0.08,-0.08,79000000.0,9669000000.0,1.0,3004614019,3003000000,3003000000.0,11.676,26581000000,75000000,216000000.0,7089000000,8.851,3664000000
30,S2,ART,2012-06-30,2012-08-02,2012-06-30,2021-06-30,-781000000,49024000000,49259750000.0,11604000000,37420000000,0.703,3.076,-3675000000.0,5860000000,5860000000,20126000000.0,-3841000000.0,1.576,4.313,21264000000,307000000,20957000000,21264000000,0,5930000000.0,0,0.0,0.0,-2518000000.0,3412000000.0,0.099,3412000000.0,-2518000000.0,-3660000000.0,-1.28,-1.28,-1.28,9227000000,11071500000.0,9227000000,28275625563,-11.0,8.287,177000000.0,0.059,1.0,14506000000.0,0.419,22417000000,1142000000.0,34648000000,34841500000.0,766000000,2246000000,902000000,1344000000,39797000000,7363000000,32434000000,12871625563,1904000000.0,-459000000.0,18000000.0,2743000000.0,0.0,2619000000.0,-4567000000.0,-587000000.0,3852000000.0,0.0,-3841000000.0,-3841000000.0,-3841000000.0,0.0,0.0,-0.111,15902000000.0,-1396000000.0,3387000000,0.0,1.395,-3.351,-3.352,12961000000,0.0,4.29,0.372,0.372,3320000000,-42726000000,34632000000.0,34632000000.0,0.0,-0.078,-0.347,-0.072,-0.073,75000000.0,9598000000.0,1.0,3000378919,3000000000,3000000000.0,11.544,26607000000,87000000,181000000.0,7038000000,8.869,4241000000
31,S2,ART,2012-03-31,2012-05-03,2012-03-31,2021-06-30,-775000000,50617000000,49264500000.0,12224000000,38393000000,0.692,3.532,-3509000000.0,7095000000,7095000000,19704000000.0,-3314000000.0,1.898,3.779,22268000000,8000000,22260000000,22268000000,0,5269000000.0,0,0.0,0.0,-2000000000.0,3269000000.0,0.096,3269000000.0,-2000000000.0,-3060000000.0,-1.1,-1.1,-1.1,10591000000,12096250000.0,10591000000,22610139429,-11.0,6.917,241000000.0,0.08,1.0,14396000000.0,0.422,22440000000,1060000000.0,36911000000,34278750000.0,693000000,2257000000,477000000,1780000000,40026000000,6439000000,33587000000,7437139429,3437000000.0,-459000000.0,18000000.0,3744000000.0,0.0,3644000000.0,-3957000000.0,-137000000.0,3750000000.0,0.0,-3314000000.0,-3314000000.0,-3314000000.0,0.0,0.0,-0.097,15084000000.0,-688000000.0,2847000000,0.0,0.702,-2.244,-2.255,13500000000,0.0,2.48,0.218,0.218,3216000000,-41352000000,34100000000.0,34100000000.0,0.0,-0.067,-0.274,-0.058,-0.059,72000000.0,9625000000.0,1.0,2998846544,2999000000,2999000000.0,11.37,28177000000,115000000,254000000.0,7013000000,9.395,5785000000
32,S2,ART,2011-12-31,2012-02-27,2011-12-31,2021-06-30,-792000000,49383000000,48940250000.0,10337000000,39046000000,0.688,3.815,-3388000000.0,5447000000,5447000000,19015000000.0,-2890000000.0,1.591,3.322,20274000000,8000000,20266000000,20274000000,0,4858000000.0,0,0.0,0.0,-1625000000.0,3233000000.0,0.096,3233000000.0,-1625000000.0,-2636000000.0,-0.96,-0.96,-0.96,11427000000,12983500000.0,11427000000,22470335394,-14.0,6.95,303000000.0,0.101,1.0,14664000000.0,0.435,22428000000,1011000000.0,35283000000,33371500000.0,913000000,2146000000,150000000,1996000000,37956000000,6499000000,31457000000,7643335394,274000000.0,-331000000.0,18000000.0,94000000.0,0.0,26000000.0,-3443000000.0,150000000.0,3691000000.0,0.0,-2890000000.0,-2890000000.0,-2890000000.0,0.0,0.0,-0.086,14556000000.0,108000000.0,2495000000,0.0,0.669,-2.645,-2.656,14009000000,0.0,2.55,0.227,0.227,3206000000,-40489000000,33679000000.0,33679000000.0,0.0,-0.059,-0.223,-0.049,-0.048,73000000.0,9592000000.0,1.0,2997386429,2995000000,2995000000.0,11.245,26955000000,130000000,254000000.0,6986000000,9.0,3838000000
33,S2,ART,2011-09-30,2011-11-03,2011-09-30,2021-06-30,-463000000,48015000000,49508000000.0,8650000000,39365000000,0.672,4.353,-3046000000.0,3761000000,3761000000,18164000000.0,-2516000000.0,1.126,2.682,18529000000,2257000000,16272000000,18529000000,0,5070000000.0,0,0.0,0.0,-1273000000.0,3797000000.0,0.114,3797000000.0,-1273000000.0,-2373000000.0,-0.84,-0.84,-0.84,13041000000,13763250000.0,13041000000,23186247313,-18.0,6.106,1023000000.0,0.341,1.0,15094000000.0,0.454,22577000000,1100000000.0,32524000000,33570000000.0,923000000,2354000000,240000000,2114000000,34974000000,7682000000,27292000000,8418247313,-905000000.0,0.0,8000000.0,-1762000000.0,0.0,-1750000000.0,-3224000000.0,-240000000.0,4069000000.0,0.0,-2516000000.0,-2516000000.0,-2516000000.0,0.0,0.0,-0.076,14752000000.0,342000000.0,2188000000,0.0,0.646,-3.346,-3.345,14168000000,0.0,2.81,0.253,0.253,3054000000,-39186000000,33258000000.0,33258000000.0,0.0,-0.051,-0.183,-0.038,-0.038,66000000.0,9549000000.0,1.0,2995817549,2996000000,2996000000.0,11.101,25438000000,156000000,143000000.0,6911000000,8.491,968000000
34,S2,ART,2011-06-30,2011-08-04,2011-06-30,2021-06-30,-466000000,49043000000,50572750000.0,9182000000,39861000000,0.654,4.451,-2755000000.0,3956000000,3956000000,18049000000.0,-3126000000.0,1.064,2.68,18534000000,2256000000,16278000000,18534000000,0,5428000000.0,0,0.0,0.0,-1725000000.0,3703000000.0,0.112,3703000000.0,-1725000000.0,-2942000000.0,-1.04,-1.04,-1.04,13326000000,14406500000.0,13326000000,25777131271,-15.0,6.961,1677000000.0,0.56,1.0,15028000000.0,0.454,22593000000,1217000000.0,32397000000,34838500000.0,1160000000,2708000000,315000000,2393000000,35717000000,8631000000,27086000000,11199131271,-321000000.0,0.0,8000000.0,-1761000000.0,0.0,-1748000000.0,-3005000000.0,-315000000.0,4432000000.0,0.0,-3126000000.0,-3126000000.0,-3126000000.0,0.0,0.0,-0.095,15107000000.0,-79000000.0,3035000000,0.0,0.84,-3.583,-3.596,14379000000,0.0,3.74,0.339,0.339,3082000000,-38885000000,33077000000.0,33077000000.0,0.0,-0.062,-0.217,-0.05,-0.052,71000000.0,9546000000.0,1.0,2994420126,2994000000,2994000000.0,11.048,26450000000,165000000,184000000.0,6913000000,8.834,551000000
35,S2,ART,2011-03-31,2011-05-05,2011-03-31,2021-06-30,-481000000,49320000000,51618500000.0,8447000000,40873000000,0.635,4.726,-2492000000.0,3658000000,3658000000,17690000000.0,-3039000000.0,1.021,2.488,18538000000,2256000000,16282000000,18538000000,0,5828000000.0,0,0.0,0.0,-1555000000.0,4273000000.0,0.13,4273000000.0,-1555000000.0,-2907000000.0,-1.01,-1.01,-1.01,14140000000,15198250000.0,14140000000,30406904129,-20.0,7.116,2120000000.0,0.709,1.0,15101000000.0,0.461,22646000000,1352000000.0,33282000000,36407250000.0,728000000,3322000000,340000000,2982000000,35180000000,8272000000,26908000000,15526904129,-715000000.0,-5000000.0,8000000.0,-2514000000.0,0.0,-2555000000.0,-2772000000.0,-339000000.0,4612000000.0,0.0,-3039000000.0,-3039000000.0,-3039000000.0,0.0,0.0,-0.093,15393000000.0,-292000000.0,2738000000,0.0,1.098,-5.109,-5.139,14754000000,0.0,5.19,0.474,0.474,2932000000,-38038000000,32791000000.0,32791000000.0,0.0,-0.059,-0.2,-0.043,-0.047,70000000.0,9432000000.0,1.0,2991696364,2992000000,2992000000.0,10.96,26674000000,179000000,132000000.0,6830000000,8.915,175000000
36,S2,ART,2010-12-31,2011-02-24,2010-12-31,2021-06-30,-502000000,51654000000,52859000000.0,9880000000,41774000000,0.616,4.868,-2394000000.0,5173000000,5173000000,17492000000.0,-3465000000.0,1.252,2.551,20191000000,1656000000,18535000000,20191000000,0,6248000000.0,0,0.0,0.0,-1835000000.0,4413000000.0,0.136,4413000000.0,-1835000000.0,-3299000000.0,-1.16,-1.16,-1.16,14546000000,15974000000.0,14546000000,27756755404,-15.0,6.29,2421000000.0,0.81,1.0,15071000000.0,0.463,22704000000,1464000000.0,36077000000,38016750000.0,670000000,3689000000,300000000,3389000000,37108000000,7891000000,29217000000,12738755404,1354000000.0,-58000000.0,8000000.0,-862000000.0,0.0,-905000000.0,-2556000000.0,-195000000.0,4815000000.0,0.0,-3465000000.0,-3465000000.0,-3465000000.0,0.0,0.0,-0.106,15819000000.0,-748000000.0,2662000000,0.0,0.876,-3.676,-3.672,15214000000,0.0,4.26,0.391,0.391,3036000000,-37582000000,32563000000.0,32563000000.0,0.0,-0.066,-0.217,-0.048,-0.056,70000000.0,9438000000.0,1.0,2990318170,2988000000,2988000000.0,10.898,28950000000,185000000,166000000.0,6802000000,9.689,1989000000
37,S2,ART,2010-09-30,2010-11-05,2010-09-30,2021-06-30,-349000000,52274000000,53801500000.0,9255000000,43019000000,0.597,5.222,-2372000000.0,4666000000,4666000000,17003000000.0,-3516000000.0,1.226,2.348,20298000000,1758000000,18540000000,20298000000,0,6664000000.0,0,0.0,0.0,-1880000000.0,4784000000.0,0.149,4784000000.0,-1880000000.0,-3361000000.0,-1.17,-1.17,-1.17,15614000000,16861250000.0,15614000000,27550310843,-15.0,5.759,2191000000.0,0.733,1.0,15127000000.0,0.471,22761000000,1481000000.0,37598000000,39602250000.0,562000000,3823000000,0,3823000000,36660000000,7547000000,29113000000,11918310843,-718000000.0,-1736000000.0,4000000.0,-1767000000.0,0.0,-1807000000.0,-3474000000.0,560000000.0,4563000000.0,0.0,-3516000000.0,-3516000000.0,-3516000000.0,0.0,0.0,-0.109,16529000000.0,-1402000000.0,2423000000,0.0,0.763,-3.39,-3.41,15961000000,0.0,3.99,0.371,0.371,3042000000,-36599000000,32130000000.0,32130000000.0,0.0,-0.065,-0.209,-0.047,-0.059,73000000.0,9435000000.0,1.0,2987045324,2990000000,2990000000.0,10.746,29513000000,215000000,155000000.0,6785000000,9.871,1708000000
38,S2,ART,2010-06-30,2010-08-05,2010-06-30,2021-06-30,-359000000,53226000000,54645000000.0,8955000000,44271000000,0.586,5.52,-2319000000.0,4277000000,4277000000,16776000000.0,-3083000000.0,1.167,2.227,20301000000,1758000000,18543000000,20301000000,0,6932000000.0,0,0.0,0.0,-1785000000.0,5147000000.0,0.161,5147000000.0,-1785000000.0,-3268000000.0,-1.04,-1.04,-1.04,16493000000,17516250000.0,16493000000,29514051251,-17.0,5.734,2434000000.0,0.815,1.0,15244000000.0,0.476,22905000000,1483000000.0,38672000000,41071750000.0,675000000,4109000000,0,4109000000,36733000000,7673000000,29060000000,13490051251,-315000000.0,-1736000000.0,4000000.0,-1072000000.0,0.0,-1141000000.0,-3927000000.0,17000000.0,4753000000.0,0.0,-3083000000.0,-3083000000.0,-3083000000.0,0.0,0.0,-0.096,16747000000.0,-1503000000.0,2494000000,0.0,0.818,-4.376,-4.346,16771000000,0.0,4.52,0.421,0.422,2957000000,-35642000000,32020000000.0,32020000000.0,0.0,-0.056,-0.176,-0.043,-0.056,71000000.0,9385000000.0,1.0,2984524613,2988000000,2988000000.0,10.716,30321000000,243000000,-185000000.0,6719000000,10.148,1282000000
39,S2,ART,2010-03-31,2010-05-05,2010-03-31,2021-06-30,-353000000,54282000000,55309750000.0,8835000000,45447000000,0.581,5.78,-2247000000.0,4373000000,4373000000,16607000000.0,-2707000000.0,1.093,2.148,21054000000,2415000000,18639000000,21054000000,0,7208000000.0,0,0.0,0.0,-1705000000.0,5503000000.0,0.171,5503000000.0,-1705000000.0,-3164000000.0,-0.92,-0.92,-0.92,17243000000,18072500000.0,17243000000,29141703682,-17.0,5.296,2403000000.0,0.806,1.0,15529000000.0,0.483,23162000000,1459000000.0,39720000000,42170500000.0,526000000,4417000000,1000000,4416000000,37039000000,8081000000,28958000000,12460703682,-143000000.0,-1731000000.0,4000000.0,-923000000.0,0.0,-944000000.0,-3849000000.0,20000000.0,4650000000.0,0.0,-2707000000.0,-2707000000.0,-2707000000.0,0.0,0.0,-0.084,17011000000.0,-1482000000.0,2282000000,0.0,0.723,-4.603,-4.543,17411000000,0.0,4.18,0.388,0.388,2893000000,-34806000000,32136000000.0,32136000000.0,0.0,-0.049,-0.15,-0.04,-0.053,72000000.0,9402000000.0,1.0,2981029589,2983000000,2983000000.0,10.773,31120000000,273000000,-457000000.0,6733000000,10.432,754000000
40,S2,ART,2009-12-31,2010-02-26,2009-12-31,2021-06-30,-352000000,55424000000,56045500000.0,8593000000,46831000000,0.576,6.27,-2194000000.0,3819000000,3819000000,16435000000.0,-2436000000.0,1.266,2.063,21061000000,768000000,20293000000,21061000000,0,7416000000.0,0,0.0,0.0,-2044000000.0,5372000000.0,0.167,5372000000.0,-2044000000.0,-3494000000.0,-0.84,-0.84,-0.84,18095000000,18521500000.0,18095000000,27156565783,-13.0,5.055,2697000000.0,0.935,1.0,15825000000.0,0.491,23462000000,1450000000.0,42419000000,43420000000.0,628000000,4729000000,105000000,4624000000,37329000000,6785000000,30544000000,9914565783,128000000.0,-1678000000.0,4000000.0,-923000000.0,0.0,-919000000.0,-3844000000.0,-77000000.0,4891000000.0,0.0,-2436000000.0,-2436000000.0,-2436000000.0,0.0,0.0,-0.076,17316000000.0,-1491000000.0,2267000000,0.0,0.548,-4.07,-3.964,18280000000,0.0,3.33,0.307,0.298,2996000000,-33779000000,32260000000.0,32260000000.0,0.0,-0.043,-0.132,-0.047,-0.063,79000000.0,9453000000.0,1.0,2977347082,2886000000,2886000000.0,11.178,31962000000,295000000,-1058000000.0,6693000000,11.075,1808000000
41,S2,ART,2009-09-30,2009-11-06,2009-09-30,2021-06-30,-488000000,55648000000,56752500000.0,10259000000,45389000000,0.578,6.338,-2271000000.0,5384000000,5384000000,16478000000.0,-3077000000.0,1.616,2.052,21657000000,765000000,20892000000,21657000000,0,7606000000.0,0,0.0,0.0,-3287000000.0,4319000000.0,0.132,4319000000.0,-3287000000.0,-4677000000.0,-1.08,-1.08,-1.08,18234000000,18899000000.0,18234000000,24472645550,-7.0,5.666,2483000000.0,0.863,1.0,16344000000.0,0.498,22097000000,1390000000.0,43476000000,44566250000.0,485000000,4291000000,559000000,3732000000,37414000000,6348000000,31066000000,8199645550,1268000000.0,213000000.0,9000000.0,-921000000.0,0.0,-912000000.0,-2574000000.0,-615000000.0,4754000000.0,0.0,-3077000000.0,-3077000000.0,-3077000000.0,0.0,0.0,-0.094,18987000000.0,-2643000000.0,2161000000,0.0,0.45,-2.665,-2.639,19100000000,0.0,2.85,0.25,0.25,3155000000,-33067000000,32822000000.0,32822000000.0,0.0,-0.054,-0.163,-0.074,-0.1,121000000.0,9611000000.0,1.0,2877068614,2877000000,2877000000.0,11.408,33551000000,98000000,-1600000000.0,6385000000,11.662,3911000000
42,S2,ART,2009-06-30,2009-08-04,2009-06-30,2021-06-30,-494000000,55885000000,58305750000.0,9098000000,46787000000,0.576,6.517,-2616000000.0,4592000000,4592000000,16433000000.0,-2925000000.0,1.316,1.986,20991000000,1373000000,19618000000,20991000000,0,7843000000.0,0,0.0,0.0,-3054000000.0,4789000000.0,0.143,4789000000.0,-3054000000.0,-4427000000.0,-1.02,-1.02,-1.02,18718000000,19630250000.0,18718000000,28046186121,-9.0,5.856,2892000000.0,1.007,1.0,17163000000.0,0.511,22304000000,1373000000.0,43067000000,45017000000.0,575000000,3899000000,17000000,3882000000,37167000000,6913000000,30254000000,11647186121,1123000000.0,213000000.0,31000000.0,-2008000000.0,0.0,-1954000000.0,-2431000000.0,13000000.0,5508000000.0,0.0,-2925000000.0,-2925000000.0,-2925000000.0,0.0,0.0,-0.087,19697000000.0,-2534000000.0,2061000000,0.0,0.622,-3.982,-3.971,20143000000,0.0,4.05,0.347,0.346,3202000000,-32473000000,33596000000.0,33596000000.0,0.0,-0.05,-0.149,-0.068,-0.091,169000000.0,10112000000.0,1.0,2875848425,2872000000,2872000000.0,11.698,33581000000,98000000,-1502000000.0,6613000000,11.693,2185000000
43,S2,ART,2009-03-31,2009-05-08,2009-03-31,2021-06-30,-517000000,57225000000,60035750000.0,8903000000,48322000000,0.575,6.641,-3231000000.0,4516000000,4516000000,16549000000.0,-2885000000.0,1.278,2.006,21601000000,1225000000,20376000000,21601000000,0,8089000000.0,0,0.0,0.0,-2994000000.0,5095000000.0,0.148,5095000000.0,-2994000000.0,-4369000000.0,-1.01,-1.01,-1.01,19039000000,20302750000.0,19039000000,32130533431,-11.0,6.306,2204000000.0,0.769,1.0,17961000000.0,0.52,22627000000,1375000000.0,44718000000,46209500000.0,510000000,3804000000,20000000,3784000000,38186000000,6965000000,31221000000,15045533431,-162000000.0,213000000.0,48000000.0,-2709000000.0,0.0,-2639000000.0,-2958000000.0,78000000.0,5435000000.0,0.0,-2885000000.0,-2885000000.0,-2885000000.0,0.0,0.0,-0.084,20592000000.0,-2631000000.0,2105000000,0.0,0.79,-5.215,-5.188,21270000000,0.0,5.24,0.436,0.435,3122000000,-31918000000,34510000000.0,34510000000.0,0.0,-0.048,-0.142,-0.065,-0.087,217000000.0,10627000000.0,1.0,2871285006,2867000000,2867000000.0,12.037,34598000000,95000000,-1484000000.0,6770000000,12.068,1938000000
44,S2,ART,2008-12-31,2009-02-27,2008-12-31,2021-06-30,-524000000,58252000000,62095250000.0,8344000000,49908000000,0.574,6.869,-4608000000.0,3691000000,3691000000,16746000000.0,-2796000000.0,1.328,1.971,21610000000,618000000,20992000000,21610000000,0,8396000000.0,0,0.0,0.0,-2698000000.0,5698000000.0,0.16,5698000000.0,-2698000000.0,-4060000000.0,-0.98,-0.98,-0.98,19605000000,20985250000.0,19605000000,27344730833,-10.0,4.799,1571000000.0,0.55,1.0,18889000000.0,0.53,22886000000,1362000000.0,47004000000,47146000000.0,528000000,4092000000,28000000,4064000000,38647000000,6281000000,32366000000,9425730833,1445000000.0,213000000.0,57000000.0,-541000000.0,0.0,-484000000.0,-4250000000.0,157000000.0,6179000000.0,0.0,-2796000000.0,-2796000000.0,-2796000000.0,0.0,0.0,-0.078,21531000000.0,-2642000000.0,2138000000,0.0,0.481,-3.371,-3.357,22373000000,0.0,3.29,0.265,0.263,3361000000,-31148000000,35635000000.0,35635000000.0,0.0,-0.045,-0.133,-0.057,-0.076,267000000.0,11355000000.0,1.0,2864963779,2854000000,2854000000.0,12.486,35366000000,93000000,-1264000000.0,7196000000,12.392,2063000000
45,S2,ART,2008-09-30,2008-11-07,2008-09-30,2021-06-30,-107000000,61861000000,63559500000.0,9266000000,52595000000,0.583,7.411,-5932000000.0,4116000000,4116000000,16861000000.0,-30627000000.0,1.151,1.924,22640000000,1617000000,21023000000,22640000000,0,8624000000.0,0,0.009,0.03,-30215000000.0,-21591000000.0,-0.583,-21591000000.0,-30215000000.0,-31578000000.0,-10.68,-10.68,-10.68,21159000000,21583750000.0,21159000000,28151414288,-1.0,-1.304,1266000000.0,0.443,1.0,20191000000.0,0.545,27058000000,1363000000.0,45279000000,47093250000.0,682000000,212000000,75000000,137000000,40702000000,8048000000,32654000000,9627414288,1873000000.0,0.0,55000000.0,442000000.0,-71000000.0,426000000.0,-5751000000.0,216000000.0,7198000000.0,0.0,-30627000000.0,-30627000000.0,-30627000000.0,0.0,0.0,-0.827,50729000000.0,-30538000000.0,2582000000,-0.003,0.455,-0.314,-0.316,24773000000,0.0,3.37,0.26,0.26,3452000000,-29509000000,37052000000.0,37052000000.0,0.0,-0.482,-1.419,-0.642,-0.815,275000000.0,12012000000.0,1.0,2856799492,2855000000,2855000000.0,12.978,34803000000,181000000,-951000000.0,7846000000,12.19,1218000000
46,S2,ART,2008-06-30,2008-08-06,2008-06-30,2021-06-30,-107000000,62805000000,71575750000.0,8941000000,53864000000,0.535,7.506,-6509000000.0,3469000000,3469000000,16859000000.0,-30237000000.0,1.25,1.934,22984000000,626000000,22358000000,22984000000,0,8789000000.0,0,0.008,0.06,-29574000000.0,-20785000000.0,-0.543,-20785000000.0,-29574000000.0,-30966000000.0,-10.55,-10.55,-10.55,21408000000,29111750000.0,21408000000,40464778837,-1.0,-1.947,1488000000.0,0.522,1.0,21421000000.0,0.56,27330000000,1392000000.0,47837000000,47668750000.0,625000000,186000000,32000000,154000000,41397000000,7153000000,34244000000,20949778837,1045000000.0,-287000000.0,-374000000.0,60000000.0,-142000000.0,-456000000.0,-6496000000.0,243000000.0,7997000000.0,0.0,-30237000000.0,-30237000000.0,-30237000000.0,0.0,0.0,-0.79,51356000000.0,-29935000000.0,2481000000,-0.006,0.979,-0.693,-0.696,25734000000,0.0,7.34,0.547,0.547,3852000000,-29154000000,38280000000.0,38280000000.0,0.0,-0.422,-1.039,-0.62,-0.773,276000000.0,12321000000.0,1.0,2854193302,2852000000,2852000000.0,13.422,35475000000,176000000,-729000000.0,8055000000,12.439,1788000000
47,S2,ART,2008-03-31,2008-05-12,2008-03-31,2021-06-30,-113000000,65463000000,79598250000.0,10327000000,55136000000,0.495,7.646,-7173000000.0,4678000000,4678000000,16986000000.0,-29874000000.0,1.183,2.007,24317000000,1330000000,22987000000,24317000000,0,8945000000.0,0,0.01,0.09,-29016000000.0,-20071000000.0,-0.51,-20071000000.0,-29016000000.0,-30421000000.0,-10.42,-10.42,-10.42,21769000000,36667750000.0,21769000000,45982289757,-2.0,-2.291,1715000000.0,0.602,1.0,22401000000.0,0.569,27905000000,1405000000.0,48464000000,47736500000.0,842000000,254000000,97000000,157000000,43694000000,8733000000,34961000000,26343289757,2332000000.0,-287000000.0,-1249000000.0,2114000000.0,-214000000.0,651000000.0,-7207000000.0,221000000.0,8888000000.0,0.0,-29874000000.0,-29874000000.0,-29874000000.0,0.0,0.0,-0.758,51810000000.0,-29409000000.0,3264000000,-0.009,1.21,-0.882,-0.887,26434000000,0.0,9.24,0.669,0.668,3798000000,-28697000000,39387000000.0,39387000000.0,0.0,-0.375,-0.815,-0.608,-0.737,267000000.0,12639000000.0,1.0,2851005385,2847000000,2847000000.0,13.835,37558000000,181000000,-547000000.0,8096000000,13.192,1594000000
48,S2,ART,2007-12-31,2008-02-29,2007-12-31,2021-06-30,-111000000,64109000000,87004750000.0,8661000000,55448000000,0.461,7.671,-7124000000.0,2246000000,2246000000,17191000000.0,-29580000000.0,0.951,1.914,22130000000,1661000000,20469000000,22130000000,0,9023000000.0,0,0.017,0.12,-28512000000.0,-19489000000.0,-0.485,-19489000000.0,-28512000000.0,-29945000000.0,-10.31,-10.31,-10.31,21999000000,44343500000.0,21999000000,40139994456,-1.0,-2.06,2121000000.0,0.74,1.0,22955000000.0,0.572,28096000000,1433000000.0,46793000000,47465000000.0,938000000,359000000,194000000,165000000,42110000000,9104000000,33006000000,20255994456,200000000.0,-287000000.0,-1489000000.0,-893000000.0,-286000000.0,-2668000000.0,-6377000000.0,142000000.0,9245000000.0,0.0,-29580000000.0,-29580000000.0,-29580000000.0,0.0,0.0,-0.737,51865000000.0,-28910000000.0,3481000000,-0.012,0.921,-0.685,-0.69,26496000000,0.0,7.11,0.505,0.508,4196000000,-28324000000,40146000000.0,40146000000.0,0.0,-0.34,-0.667,-0.601,-0.71,265000000.0,12673000000.0,1.0,2848944368,2868000000,2868000000.0,13.998,36013000000,447000000,-365000000.0,8689000000,12.557,-443000000
49,S2,ART,2007-09-30,2007-11-09,2007-09-30,2021-06-30,-134000000,93926000000,95267750000.0,8920000000,85006000000,0.428,18.021,-7089000000.0,2243000000,2243000000,17198000000.0,165000000.0,1.076,0.832,22152000000,429000000,21723000000,22152000000,0,9155000000.0,0,0.007,0.12,1640000000.0,10795000000.0,0.265,10795000000.0,1640000000.0,182000000.0,0.06,0.06,0.06,51271000000,52126500000.0,51271000000,66296301973,40.0,6.141,2522000000.0,0.886,1.0,23548000000.0,0.578,57965000000,1458000000.0,47581000000,47620250000.0,876000000,173000000,0,173000000,42655000000,8289000000,34366000000,46387301973,761000000.0,-285000000.0,-1583000000.0,210000000.0,-287000000.0,-1644000000.0,-7206000000.0,168000000.0,9611000000.0,0.0,165000000.0,165000000.0,165000000.0,0.0,0.0,0.004,22212000000.0,1336000000.0,3320000000,2.0,0.905,281.135,271.833,26017000000,0.0,16.31,1.138,1.139,4693000000,1197000000,40746000000.0,40746000000.0,0.0,0.002,0.003,0.034,0.04,277000000.0,12594000000.0,1.0,2844101899,2845000000,2860000000.0,14.322,35961000000,398000000,17000000.0,9043000000,12.64,631000000
50,S2,ART,2007-06-30,2007-08-09,2007-06-30,2021-06-30,-137000000,94895000000,95825750000.0,9278000000,85617000000,0.43,17.903,-8025000000.0,2424000000,2424000000,17177000000.0,348000000.0,1.057,0.838,22898000000,1185000000,21713000000,22898000000,0,9473000000.0,0,0.006,0.12,1914000000.0,11387000000.0,0.276,11387000000.0,1914000000.0,442000000.0,0.12,0.12,0.12,51632000000,52512500000.0,51632000000,74275070580,39.0,6.523,1776000000.0,0.616,1.0,24021000000.0,0.583,58481000000,1472000000.0,48108000000,47090750000.0,1018000000,183000000,0,183000000,43263000000,8780000000,34483000000,53801070580,-1189000000.0,-726000000.0,-2653000000.0,2902000000.0,-290000000.0,-3519000000.0,-7471000000.0,147000000.0,9801000000.0,0.0,348000000.0,348000000.0,348000000.0,0.0,0.0,0.008,22416000000.0,1605000000.0,3309000000,1.0,1.042,154.601,157.5,26298000000,0.0,18.9,1.306,1.323,4414000000,1213000000,41198000000.0,41198000000.0,0.0,0.004,0.007,0.041,0.046,286000000.0,12555000000.0,1.0,2846617491,2884000000,2902000000.0,14.285,36414000000,517000000,94000000.0,9110000000,12.626,498000000
51,S2,ART,2007-03-31,2007-05-09,2007-03-31,2021-06-30,-146000000,95089000000,96664750000.0,8947000000,86142000000,0.425,18.1,-7826000000.0,2346000000,2346000000,16868000000.0,699000000.0,1.074,0.812,22171000000,419000000,21752000000,22171000000,0,9254000000.0,0,0.005,0.11,2479000000.0,11733000000.0,0.286,11733000000.0,2479000000.0,973000000.0,0.23,0.23,0.23,52472000000,53107500000.0,52472000000,79144425455,32.0,6.745,2629000000.0,0.907,1.0,24182000000.0,0.589,59204000000,1506000000.0,47378000000,46404750000.0,884000000,269000000,8000000,261000000,42617000000,8332000000,34285000000,59319425455,-4259000000.0,-814000000.0,-1654000000.0,-941000000.0,-292000000.0,-6559000000.0,-8155000000.0,307000000.0,10455000000.0,0.0,699000000.0,699000000.0,699000000.0,-79000000.0,0.0,0.017,22181000000.0,2001000000.0,3307000000,0.478,1.13,84.863,89.13,26071000000,0.0,20.5,1.445,1.448,4258000000,1288000000,41050000000.0,41050000000.0,0.0,0.007,0.013,0.053,0.06,290000000.0,12324000000.0,1.0,2893630510,2899000000,2899000000.0,14.16,35885000000,602000000,274000000.0,9160000000,12.378,615000000
52,S2,ART,2006-12-31,2007-03-01,2006-12-31,2021-06-30,-148000000,97161000000,98584500000.0,10304000000,86857000000,0.416,18.011,-7536000000.0,2046000000,2046000000,16567000000.0,1329000000.0,1.052,0.829,22154000000,1143000000,21011000000,22154000000,0,9592000000.0,0,0.005,0.1,3350000000.0,12942000000.0,0.315,12942000000.0,3350000000.0,1817000000.0,0.45,0.45,0.45,53131000000,53143250000.0,53131000000,78013231307,23.0,6.028,3422000000.0,1.16,1.0,24461000000.0,0.596,60057000000,1533000000.0,47414000000,48285500000.0,1176000000,268000000,15000000,253000000,44030000000,9798000000,34232000000,57905231307,-6857000000.0,-4213000000.0,-1238000000.0,-970000000.0,-296000000.0,-6423000000.0,-11392000000.0,1130000000.0,10958000000.0,0.0,1329000000.0,1327000000.0,1327000000.0,-334000000.0,0.0,0.032,21977000000.0,2484000000.0,3463000000,0.222,1.09,43.636,44.333,25868000000,2000000.0,19.95,1.411,1.434,4595000000,1638000000,41028000000.0,41028000000.0,0.0,0.013,0.025,0.069,0.082,338000000.0,12178000000.0,1.0,2902517860,2950000000,2972000000.0,13.908,37104000000,923000000,488000000.0,10095000000,12.578,506000000
53,S2,ART,2006-09-30,2006-11-09,2006-09-30,2021-06-30,-264000000,96158000000,99939250000.0,9511000000,86647000000,0.434,17.867,-7067000000.0,1482000000,1482000000,17361000000.0,1233000000.0,0.934,0.821,21961000000,2318000000,19643000000,21961000000,0,9678000000.0,0,0.004,0.09,3509000000.0,13187000000.0,0.304,13187000000.0,3509000000.0,1897000000.0,0.29,0.3,0.29,52815000000,52844750000.0,52815000000,76417411492,22.0,5.795,5318000000.0,1.799,1.0,25993000000.0,0.6,60994000000,1612000000.0,45463000000,50425250000.0,982000000,813000000,626000000,187000000,43343000000,10180000000,33163000000,55938411492,-6344000000.0,-5248000000.0,-1012000000.0,-2077000000.0,-301000000.0,-7317000000.0,-11412000000.0,1066000000.0,12385000000.0,0.0,1233000000.0,1229000000.0,1229000000.0,-79000000.0,0.0,0.028,23080000000.0,2913000000.0,3315000000,0.31,1.059,45.515,69.448,24818000000,4000000.0,20.14,1.29,1.373,4500000000,1422000000,43354000000.0,43354000000.0,0.0,0.012,0.023,0.07,0.081,258000000.0,12931000000.0,1.0,2777478227,2956000000,2969000000.0,14.666,35164000000,1181000000,664000000.0,10276000000,11.896,-669000000
54,S2,ART,2006-06-30,2006-08-09,2006-06-30,2021-06-30,-277000000,98251000000,101228500000.0,12615000000,85636000000,0.417,18.119,-5916000000.0,4737000000,4737000000,16965000000.0,1502000000.0,1.168,0.819,23301000000,3186000000,20115000000,23301000000,0,8897000000.0,0,0.005,0.08,3927000000.0,12824000000.0,0.304,12824000000.0,3927000000.0,2350000000.0,0.44,0.45,0.44,54012000000,52524000000.0,54012000000,68416155460,17.0,5.335,5457000000.0,1.831,1.0,25228000000.0,0.598,60655000000,1577000000.0,45364000000,53888250000.0,1053000000,857000000,712000000,145000000,44239000000,10796000000,33443000000,49852155460,-2623000000.0,-3724000000.0,652000000.0,-4081000000.0,-302000000.0,-4161000000.0,-9835000000.0,1126000000.0,11373000000.0,0.0,1502000000.0,1496000000.0,1496000000.0,-79000000.0,0.0,0.035,22059000000.0,3169000000.0,2985000000,0.182,0.923,33.324,38.409,24120000000,6000000.0,16.9,1.182,1.194,4197000000,1320000000,42193000000.0,42193000000.0,0.0,0.015,0.028,0.073,0.093,183000000.0,12703000000.0,1.0,2949831684,2981000000,3003000000.0,14.154,37596000000,1137000000,848000000.0,10067000000,12.612,1819000000
55,S2,ART,2006-03-31,2006-05-05,2006-03-31,2021-06-30,-729000000,102768000000,87298000000.0,15213000000,87555000000,0.45,17.739,-5355000000.0,6604000000,6604000000,16253000000.0,1732000000.0,1.072,0.953,25950000000,5772000000,20178000000,25950000000,0,7839000000.0,0,0.007,0.17,4254000000.0,12093000000.0,0.308,12093000000.0,4254000000.0,2794000000.0,0.72,0.73,0.72,52615000000,42640500000.0,52615000000,92558190087,22.0,7.654,6906000000.0,2.328,1.0,23039000000.0,0.586,53020000000,1460000000.0,54901000000,52013000000.0,1025000000,3274000000,909000000,2365000000,50153000000,14193000000,35960000000,73212190087,2917000000.0,-3428000000.0,559000000.0,-1026000000.0,-414000000.0,-1106000000.0,-8238000000.0,911000000.0,12261000000.0,0.0,1732000000.0,1725000000.0,1725000000.0,0.0,0.0,0.044,19386000000.0,3653000000.0,3275000000,0.236,1.391,42.442,34.569,31449000000,7000000.0,24.89,1.863,1.879,4538000000,1024000000,39292000000.0,39292000000.0,0.0,0.02,0.04,0.082,0.108,121000000.0,11355000000.0,1.0,2941429895,2966000000,2993000000.0,13.247,49748000000,1301000000,1062000000.0,11731000000,16.773,1020000000
56,S2,ART,2005-12-31,2006-03-31,2005-12-31,2021-06-30,-726000000,102580000000,71690250000.0,19092000000,83488000000,0.484,25.547,-4409000000.0,8902000000,8902000000,14384000000.0,1785000000.0,1.359,0.97,25679000000,5047000000,20632000000,25679000000,0,6269000000.0,0,0.007,0.17,4241000000.0,10510000000.0,0.303,10510000000.0,4241000000.0,2890000000.0,0.87,0.87,0.87,51937000000,32966750000.0,51937000000,92479863732,22.0,8.799,6269000000.0,3.084,1.0,20296000000.0,0.585,49334000000,1351000000.0,55973000000,47960500000.0,950000000,4132000000,1763000000,2369000000,50396000000,14050000000,36346000000,75702863732,4726000000.0,-21000000.0,432000000.0,-1170000000.0,-525000000.0,-1228000000.0,-4724000000.0,-13000000.0,10678000000.0,0.0,1785000000.0,1778000000.0,1778000000.0,0.0,0.0,0.051,16470000000.0,3826000000.0,3827000000,0.195,1.458,42.578,29.701,31133000000,7000000.0,25.84,2.183,1.515,4827000000,681000000,34680000000.0,34680000000.0,0.0,0.025,0.054,0.088,0.122,0.0,10076000000.0,1.0,2929677389,2033000000,2054000000.0,17.059,53246000000,1811000000,1105000000.0,11687000000,26.191,5042000000
57,S2,ART,2005-12-31,2006-03-07,2005-12-31,2021-06-30,-726000000,102580000000,71690250000.0,19092000000,83488000000,0.484,25.547,-4409000000.0,8902000000,8902000000,14384000000.0,1785000000.0,1.359,0.97,25679000000,5047000000,20632000000,25679000000,0,6269000000.0,0,0.011,0.28,4241000000.0,10510000000.0,0.303,10510000000.0,4241000000.0,2890000000.0,0.87,0.87,0.87,51937000000,32966750000.0,51937000000,89667373438,21.0,8.532,6269000000.0,3.084,1.0,20296000000.0,0.585,49334000000,1351000000.0,55973000000,47960500000.0,950000000,4132000000,1763000000,2369000000,50396000000,14050000000,36346000000,72890373438,4726000000.0,-21000000.0,432000000.0,-1170000000.0,-525000000.0,-1228000000.0,-4724000000.0,-13000000.0,10678000000.0,0.0,1785000000.0,1778000000.0,1778000000.0,0.0,0.0,0.051,16470000000.0,3826000000.0,3827000000,0.322,1.403,40.996,28.598,31133000000,7000000.0,24.88,2.102,1.459,4827000000,681000000,34680000000.0,34680000000.0,0.0,0.025,0.054,0.088,0.122,0.0,10076000000.0,1.0,2929677389,2033000000,2054000000.0,17.059,53246000000,1811000000,1105000000.0,11687000000,26.191,5042000000
58,S2,ART,2005-09-30,2005-11-09,2005-09-30,2021-06-30,-691000000,101315000000,56375500000.0,17765000000,83550000000,0.538,23.239,-4246000000.0,7825000000,7825000000,13569000000.0,2025000000.0,1.779,0.966,25298000000,1760000000,23538000000,25298000000,2512000000,4864000000.0,0,0.015,0.37,4462000000.0,9326000000.0,0.308,9326000000.0,4462000000.0,3234000000.0,1.26,1.25,1.26,51532000000,23362750000.0,51532000000,90103139742,20.0,9.661,4641000000.0,2.093,1.0,16745000000.0,0.552,49487000000,1228000000.0,59315000000,43775000000.0,1004000000,4002000000,1110000000,2892000000,49783000000,9986000000,39797000000,72630139742,4189000000.0,1089000000.0,365000000.0,-1338000000.0,-633000000.0,-1565000000.0,-3133000000.0,58000000.0,8887000000.0,0.0,2025000000.0,2018000000.0,2018000000.0,0.0,0.0,0.067,12620000000.0,4125000000.0,2765000000,0.294,1.409,35.991,19.762,30591000000,7000000.0,24.9,2.396,1.821,4849000000,557000000,30314000000.0,30314000000.0,0.0,0.036,0.086,0.102,0.147,0.0,7639000000.0,1.0,2916873082,2217500000,2242100000.0,13.67,51828000000,2164000000,1209000000.0,12905000000,23.372,7779000000
59,S2,ART,2005-06-30,2005-08-08,2005-06-30,2021-06-30,-730000000,42529000000,40991500000.0,11860000000,30669000000,0.681,9.776,-3960000000.0,6235000000,6235000000,12954000000.0,-401000000.0,1.776,1.937,16074000000,984000000,15090000000,16074000000,1791000000,4327000000.0,0,0.018,0.46,566000000.0,4893000000.0,0.175,4893000000.0,566000000.0,-621000000.0,-0.29,-0.3,-0.29,14478000000,13774000000.0,14478000000,48591816302,86.0,9.931,4627000000.0,3.124,1.0,14947000000.0,0.536,7828000000,1187000000.0,37863000000,38539750000.0,529000000,598000000,598000000,0,28051000000,6677000000,21374000000,38752816302,4237000000.0,293000000.0,1935000000.0,-1824000000.0,-748000000.0,-621000000.0,-3729000000.0,-51000000.0,8587000000.0,0.0,-401000000.0,-411000000.0,-411000000.0,0.0,0.0,-0.015,14460000000.0,487000000.0,2129000000,-1.586,2.677,-94.289,-89.793,22145000000,10000000.0,26.04,1.389,1.382,3134000000,113000000,27901000000.0,27901000000.0,0.0,-0.01,-0.03,0.015,0.02,0.0,6495000000.0,1.0,1488203391,1481000000,1498300000.0,18.839,34701000000,781000000,-220000000.0,2921000000,23.431,5183000000
60,S2,ART,2005-03-31,2005-05-09,2005-03-31,2021-06-30,-726000000,40337000000,40869500000.0,9530000000,30807000000,0.677,9.426,-3956000000.0,3687000000,3687000000,12813000000.0,-765000000.0,1.525,1.898,16122000000,1022000000,15100000000,16122000000,700000000,4523000000.0,0,0.021,0.46,9000000.0,4532000000.0,0.164,4532000000.0,9000000.0,-1212000000.0,-0.53,-0.54,-0.53,13920000000,13536250000.0,13920000000,45255597224,5028.0,9.986,3015000000.0,2.042,1.0,14844000000.0,0.537,7830000000,1221000000.0,38691000000,39498000000.0,578000000,574000000,574000000,0,26417000000,6251000000,20166000000,32820597224,1339000000.0,85000000.0,1899000000.0,-2874000000.0,-742000000.0,-1720000000.0,-3912000000.0,-1000000.0,6971000000.0,0.0,-765000000.0,-781000000.0,-781000000.0,0.0,0.0,-0.028,14835000000.0,9000000.0,1994000000,-0.868,2.358,-42.024,-41.849,22247000000,16000000.0,22.18,1.187,1.184,3002000000,-300000000,27657000000.0,27657000000.0,0.0,-0.019,-0.058,0.0,0.0,0.0,6611000000.0,1.0,1479738378,1476800000,1494700000.0,18.728,32507000000,1123000000,-447000000.0,2916000000,22.012,3279000000
61,S2,ART,2004-12-31,2005-04-29,2004-12-31,2021-06-30,-716000000,41321000000,41399250000.0,9975000000,31346000000,0.663,9.367,-3980000000.0,4556000000,4556000000,12656000000.0,-1012000000.0,1.445,2.056,17204000000,1288000000,15916000000,17204000000,644000000,4720000000.0,0,0.021,0.46,-355000000.0,4365000000.0,0.159,4365000000.0,-355000000.0,-1603000000.0,-0.71,-0.71,-0.71,13521000000,13407250000.0,13521000000,45548461419,-128.0,10.435,2645000000.0,1.832,1.0,14772000000.0,0.539,7836000000,1248000000.0,39231000000,40406250000.0,651000000,0,0,0,27800000000,6902000000,20898000000,32900461419,2132000000.0,77000000.0,1874000000.0,-1884000000.0,-670000000.0,-680000000.0,-3813000000.0,125000000.0,6625000000.0,0.0,-1012000000.0,-1028000000.0,-1028000000.0,0.0,0.0,-0.037,15075000000.0,-303000000.0,2261000000,-0.648,2.433,-32.004,-31.352,22628000000,16000000.0,22.26,1.2,1.171,3107000000,-586000000,27428000000.0,27428000000.0,0.0,-0.025,-0.077,-0.009,-0.013,0.0,6624000000.0,1.0,1478008150,1443400000,1443400000.0,19.002,33485000000,1049000000,-591000000.0,2580000000,23.199,3073000000
62,S2,ART,2004-12-31,2005-03-11,2004-12-31,2021-06-30,-716000000,41321000000,41399250000.0,9975000000,31346000000,0.663,9.367,-3980000000.0,4556000000,4556000000,12656000000.0,-1012000000.0,1.445,2.056,17204000000,1288000000,15916000000,17204000000,644000000,4720000000.0,0,0.02,0.46,-355000000.0,4365000000.0,0.159,4365000000.0,-355000000.0,-1603000000.0,-0.71,-0.71,-0.71,13521000000,13407250000.0,13521000000,46937789080,-132.0,10.753,2645000000.0,1.832,1.0,14772000000.0,0.539,7836000000,1248000000.0,39231000000,40406250000.0,651000000,0,0,0,27800000000,6902000000,20898000000,34289789080,2132000000.0,77000000.0,1874000000.0,-1884000000.0,-670000000.0,-680000000.0,-3813000000.0,125000000.0,6625000000.0,0.0,-1012000000.0,-1028000000.0,-1028000000.0,0.0,0.0,-0.037,15075000000.0,-303000000.0,2261000000,-0.648,2.536,-33.356,-32.676,22628000000,16000000.0,23.2,1.25,1.221,3107000000,-586000000,27428000000.0,27428000000.0,0.0,-0.025,-0.077,-0.009,-0.013,0.0,6624000000.0,1.0,1478008150,1443400000,1443400000.0,19.002,33485000000,1049000000,-591000000.0,2580000000,23.199,3073000000
63,S2,ART,2004-09-30,2004-11-09,2004-09-30,2021-06-30,-696000000,39779000000,41781500000.0,8628000000,31151000000,0.651,9.084,-4106000000.0,4016000000,4016000000,12307000000.0,-1339000000.0,1.234,2.019,17452000000,1414000000,16038000000,17452000000,626000000,4945000000.0,0,0.02,0.44,-909000000.0,4036000000.0,0.148,4036000000.0,-909000000.0,-2186000000.0,,,,13177000000,13333000000.0,13177000000,45782580075,-50.0,11.344,2575000000.0,1.775,1.0,14872000000.0,0.547,7848000000,1277000000.0,38374000000,41491000000.0,691000000,0,0,0,26602000000,6993000000,19609000000,32346580075,1415000000.0,101000000.0,1808000000.0,-2251000000.0,-599000000.0,-1046000000.0,-4223000000.0,-127000000.0,6681000000.0,0.0,-1339000000.0,-1355000000.0,-1355000000.0,-3000000.0,0.0,-0.05,15698000000.0,-826000000.0,2176000000,,2.455,-23.872,,22359000000,16000000.0,21.99,1.19,1.174,3207000000,-1024000000,27179000000.0,27179000000.0,0.0,-0.032,-0.102,-0.022,-0.033,0.0,6698000000.0,1.0,1470967716,1450600000,,18.736,31931000000,0,-847000000.0,1323000000,22.012,1635000000
64,S2,ART,2004-06-30,2004-08-05,2004-06-30,2021-06-30,-721000000,42041000000,42560750000.0,6859000000,35182000000,0.634,9.483,-4020000000.0,2378000000,2378000000,12151000000.0,-5000000.0,0.957,2.108,17044000000,1342000000,15702000000,17044000000,608000000,5003000000.0,0,0.024,0.44,1251000000.0,6254000000.0,0.232,6254000000.0,1251000000.0,-36000000.0,,,,13527000000,13362250000.0,13527000000,40438717661,32.0,6.466,2500000000.0,1.753,1.0,14820000000.0,0.549,7844000000,1287000000.0,41696000000,42908250000.0,754000000,0,0,0,28514000000,7167000000,21347000000,25772717661,-361000000.0,24000000.0,57000000.0,-2161000000.0,-524000000.0,-2615000000.0,-4268000000.0,-248000000.0,6520000000.0,0.0,-5000000.0,-18000000.0,-18000000.0,-2000000.0,0.0,-0.001,13512000000.0,1308000000.0,2332000000,,1.905,-1431.818,,26345000000,13000000.0,17.98,0.956,0.951,2999000000,1179000000,26971000000.0,26971000000.0,0.0,0.0,-0.001,0.029,0.046,0.0,6790000000.0,1.0,1433410326,1426500000,,18.907,34197000000,0,-31000000.0,2454000000,23.973,-308000000
65,S2,ART,2004-03-31,2004-05-10,2004-03-31,2021-06-30,-724000000,42456000000,43211500000.0,6906000000,35550000000,0.615,9.412,-3966000000.0,2728000000,2728000000,11902000000.0,-231000000.0,0.981,2.167,17443000000,1621000000,15822000000,17443000000,598000000,5012000000.0,0,0.025,0.44,926000000.0,5938000000.0,0.224,5938000000.0,926000000.0,-402000000.0,,,,13404000000,13440500000.0,13404000000,39532932052,43.0,6.658,2562000000.0,1.799,1.0,14663000000.0,0.552,7810000000,1328000000.0,42324000000,43564750000.0,513000000,0,0,0,29052000000,7037000000,22015000000,24817932052,633000000.0,98000000.0,43000000.0,-1375000000.0,-458000000.0,-1760000000.0,-4153000000.0,-290000000.0,6528000000.0,0.0,-231000000.0,-238000000.0,-238000000.0,-11000000.0,0.0,-0.009,13692000000.0,971000000.0,2118000000,,1.852,-104.277,,26641000000,7000000.0,17.4,0.934,0.933,2927000000,1126000000,26565000000.0,26565000000.0,0.0,-0.006,-0.018,0.021,0.035,0.0,6709000000.0,1.0,1426317934,1424200000,,18.653,34646000000,0,-171000000.0,2278000000,24.327,-131000000
66,S2,ART,2004-03-31,2004-05-07,2004-03-31,2021-06-30,-724000000,42456000000,43211500000.0,6906000000,35550000000,0.615,9.412,-3966000000.0,2728000000,2728000000,11902000000.0,-231000000.0,0.981,2.167,17443000000,1621000000,15822000000,17443000000,598000000,5012000000.0,0,0.025,0.44,926000000.0,5938000000.0,0.224,5938000000.0,926000000.0,-402000000.0,,,,13404000000,13440500000.0,13404000000,40046406508,43.0,6.744,2562000000.0,1.799,1.0,14663000000.0,0.552,7810000000,1328000000.0,42324000000,43564750000.0,513000000,0,0,0,29052000000,7037000000,22015000000,25331406508,633000000.0,98000000.0,43000000.0,-1375000000.0,-458000000.0,-1760000000.0,-4153000000.0,-290000000.0,6528000000.0,0.0,-231000000.0,-238000000.0,-238000000.0,-11000000.0,0.0,-0.009,13692000000.0,971000000.0,2118000000,,1.89,-106.434,,26641000000,7000000.0,17.76,0.954,0.952,2927000000,1126000000,26565000000.0,26565000000.0,0.0,-0.006,-0.018,0.021,0.035,0.0,6709000000.0,1.0,1426317934,1424200000,,18.653,34646000000,0,-171000000.0,2278000000,24.327,-131000000
67,S2,ART,2003-12-31,2004-03-09,2003-12-31,2021-06-30,-721000000,42850000000,43788750000.0,6611000000,36239000000,0.598,12.117,-3824000000.0,2424000000,2424000000,11658000000.0,1215000000.0,1.021,2.24,17435000000,594000000,16841000000,17435000000,572000000,5005000000.0,0,0.023,0.44,2333000000.0,7338000000.0,0.28,7338000000.0,2333000000.0,959000000.0,,,,13224000000,13561500000.0,13224000000,35451613616,15.0,4.831,2718000000.0,2.491,1.0,14539000000.0,0.555,7815000000,1374000000.0,43570000000,44472750000.0,582000000,0,0,0,29626000000,6476000000,23150000000,20440613616,1389000000.0,101000000.0,12000000.0,-2908000000.0,-457000000.0,-3329000000.0,-4057000000.0,-334000000.0,6542000000.0,0.0,1215000000.0,1208000000.0,1208000000.0,-1324000000.0,0.0,0.046,13678000000.0,861000000.0,2197000000,,1.546,16.921,,27276000000,7000000.0,18.73,0.78,0.78,2876000000,1017000000,26197000000.0,26197000000.0,0.0,0.028,0.089,0.052,0.089,0.0,6722000000.0,1.0,1091330145,1091330145,,24.005,35035000000,26000000,-256000000.0,2196000000,32.103,135000000
68,S2,ART,2003-09-30,2003-11-12,2003-09-30,2021-06-30,-699000000,42896000000,44399500000.0,6643000000,36253000000,0.587,14.037,-3670000000.0,2601000000,2601000000,11587000000.0,1216000000.0,1.032,2.227,18004000000,979000000,17025000000,18004000000,555000000,5022000000.0,0,0.028,0.44,2415000000.0,7437000000.0,0.286,7437000000.0,2415000000.0,1001000000.0,,,,13294000000,13329000000.0,13294000000,30205666932,13.0,4.062,2383000000.0,2.516,1.0,14461000000.0,0.555,7820000000,1414000000.0,44043000000,45504500000.0,582000000,30000000,0,30000000,29602000000,6436000000,23166000000,14802666932,1863000000.0,233000000.0,1000000.0,-2721000000.0,-456000000.0,-3148000000.0,-3426000000.0,9000000.0,6053000000.0,0.0,1216000000.0,1209000000.0,1209000000.0,-1360000000.0,0.0,0.046,13537000000.0,924000000.0,1996000000,,1.113,12.244,,27387000000,7000000.0,15.63,0.568,0.568,2907000000,1091000000,26048000000.0,26048000000.0,0.0,0.027,0.091,0.053,0.093,0.0,6689000000.0,1.0,947067622,947067622,,27.504,35076000000,16000000,-215000000.0,2203000000,37.036,207000000
69,S2,ART,2003-06-30,2003-08-12,2003-06-30,2021-06-30,-696000000,44644000000,45176250000.0,6876000000,37768000000,0.572,14.626,-3891000000.0,2739000000,2739000000,11436000000.0,2233000000.0,0.986,2.226,18437000000,1330000000,17107000000,18437000000,559000000,5025000000.0,0,0.03,0.44,3444000000.0,8469000000.0,0.328,8469000000.0,3444000000.0,2020000000.0,,,,13840000000,13267250000.0,13840000000,29419149088,9.0,3.474,2501000000.0,2.643,1.0,14409000000.0,0.558,9045000000,1424000000.0,44322000000,46901000000.0,654000000,45000000,0,45000000,30804000000,6975000000,23829000000,13721149088,2091000000.0,203000000.0,3000000.0,-2704000000.0,-456000000.0,-3102000000.0,-3584000000.0,104000000.0,6392000000.0,0.0,2233000000.0,2227000000.0,2227000000.0,-1481000000.0,0.0,0.086,12660000000.0,1749000000.0,1964000000,,0.991,6.161,,27787000000,6000000.0,14.5,0.531,0.531,2902000000,1703000000,25845000000.0,25845000000.0,0.0,0.049,0.168,0.073,0.133,0.0,6911000000.0,1.0,946286144,946286144,,27.312,35599000000,10000000,-213000000.0,2441000000,37.62,-99000000
70,S2,ART,2003-03-31,2003-05-14,2003-03-31,2021-06-30,-701000000,44765000000,45405000000.0,6305000000,38460000000,0.577,14.74,-4250000000.0,2095000000,2095000000,11656000000.0,2158000000.0,0.983,2.223,18740000000,987000000,17753000000,18740000000,525000000,4975000000.0,0,0.038,0.44,3541000000.0,8516000000.0,0.325,8516000000.0,3541000000.0,2083000000.0,,,,13888000000,12953250000.0,13888000000,27659109065,8.0,3.248,2379000000.0,2.525,1.0,14555000000.0,0.555,9043000000,1458000000.0,45956000000,48272500000.0,750000000,55000000,0,55000000,30877000000,6411000000,24466000000,11014109065,-71000000.0,149000000.0,5000000.0,-4682000000.0,-454000000.0,-5069000000.0,-4000000000.0,104000000.0,6629000000.0,0.0,2158000000.0,2151000000.0,2151000000.0,-1472000000.0,0.0,0.082,12432000000.0,2123000000.0,1917000000,,0.793,5.12,,28453000000,7000000.0,11.69,0.42,0.42,2813000000,1809000000,26211000000.0,26211000000.0,0.0,0.047,0.166,0.073,0.135,0.0,7081000000.0,1.0,942182127,942182127,,27.819,35722000000,0,-75000000.0,2375000000,37.914,-106000000
71,S2,ART,2002-12-31,2003-03-07,2002-12-31,2021-06-30,-701000000,45293000000,46118500000.0,6078000000,39215000000,0.578,13.205,-4849000000.0,1035000000,1035000000,12031000000.0,630000000.0,0.778,2.684,20292000000,1887000000,18405000000,20292000000,510000000,4912000000.0,0,0.037,0.44,1997000000.0,6909000000.0,0.259,6909000000.0,1997000000.0,591000000.0,,,,12294000000,12660000000.0,12294000000,30336207056,15.0,4.391,1357000000.0,1.458,1.0,14603000000.0,0.548,9045000000,1406000000.0,47697000000,49662000000.0,682000000,73000000,0,73000000,32999000000,7808000000,25191000000,11079207056,722000000.0,138000000.0,3000000.0,-642000000.0,-454000000.0,-1043000000.0,-4595000000.0,116000000.0,6206000000.0,0.0,630000000.0,623000000.0,623000000.0,-159000000.0,0.0,0.023,12503000000.0,2100000000.0,2151000000,,0.901,17.784,,28745000000,7000000.0,11.9,0.416,0.416,2951000000,252000000,26634000000.0,26634000000.0,0.0,0.014,0.049,0.04,0.075,0.0,7202000000.0,1.0,931025803,931025803,,28.607,36248000000,806000000,-39000000.0,2383000000,38.933,-1730000000
72,S2,ART,2002-09-30,2002-11-14,2002-09-30,2021-06-30,5000000,46003000000,46243500000.0,6189000000,39814000000,0.579,14.044,-6103000000.0,738000000,738000000,12557000000.0,-643000000.0,0.853,2.526,20659000000,1226000000,19433000000,20659000000,532000000,4782000000.0,0,0.032,0.44,-97000000.0,4685000000.0,0.175,4685000000.0,-97000000.0,-1415000000.0,,,,13047000000,12740500000.0,13047000000,32601836705,-336.0,6.959,-26000000.0,-0.028,1.0,14201000000.0,0.531,9042000000,1318000000.0,49629000000,49208750000.0,717000000,238000000,0,238000000,32956000000,7253000000,25703000000,12680836705,533000000.0,348000000.0,-1717000000.0,743000000.0,-452000000.0,279000000.0,-5823000000.0,-66000000.0,6077000000.0,0.0,-643000000.0,-650000000.0,-650000000.0,-120000000.0,0.0,-0.024,17584000000.0,-3383000000.0,2316000000,,0.972,-19.509,,28902000000,7000000.0,13.65,0.474,0.474,3248000000,323000000,26758000000.0,26758000000.0,0.0,-0.014,-0.051,-0.002,-0.004,0.0,7398000000.0,1.0,928999026,928999026,,28.803,36961000000,795000000,-772000000.0,2872000000,39.786,-1064000000
73,S2,ART,2002-06-30,2002-08-06,2002-06-30,2021-06-30,20000000,45559000000,46135500000.0,5856000000,39703000000,0.584,13.446,-7240000000.0,648000000,648000000,13116000000.0,-1296000000.0,0.815,2.62,21125000000,776000000,20349000000,21125000000,791000000,4690000000.0,0,0.046,0.44,-478000000.0,4212000000.0,0.156,4212000000.0,-478000000.0,-1741000000.0,,,,12584000000,12949000000.0,12584000000,29489765940,-62.0,7.001,-1389000000.0,-1.484,1.0,13846000000.0,0.514,9043000000,1263000000.0,49808000000,48241500000.0,571000000,223000000,0,223000000,32975000000,7185000000,25790000000,9012765940,472000000.0,362000000.0,598000000.0,-302000000.0,-451000000.0,1565000000.0,-6944000000.0,-66000000.0,5851000000.0,0.0,-1296000000.0,-1303000000.0,-1303000000.0,0.0,0.0,-0.048,17310000000.0,-3464000000.0,2227000000,,0.716,-6.917,,29166000000,7000000.0,9.63,0.334,0.334,3734000000,-190000000,26962000000.0,26962000000.0,0.0,-0.028,-0.101,-0.01,-0.018,0.0,7337000000.0,1.0,935905082,935905082,,28.808,36516000000,0,-445000000.0,2276000000,39.017,-1329000000
74,S2,ART,2002-03-31,2002-05-10,2002-03-31,2021-06-30,20000000,47619000000,45891750000.0,7738000000,39881000000,0.579,13.611,-8418000000.0,2166000000,2166000000,13099000000.0,-1185000000.0,0.935,2.745,23387000000,2086000000,21301000000,23387000000,701000000,4651000000.0,0,0.03,0.44,-524000000.0,4127000000.0,0.155,4127000000.0,-524000000.0,-1712000000.0,,,,12715000000,13193500000.0,12715000000,35093887478,-67.0,8.503,-3533000000.0,-3.782,1.0,13454000000.0,0.507,9048000000,1188000000.0,51514000000,47257000000.0,646000000,265000000,0,265000000,34904000000,8278000000,26626000000,13872887478,1986000000.0,339000000.0,602000000.0,3383000000.0,-456000000.0,5245000000.0,-8144000000.0,-66000000.0,4885000000.0,0.0,-1185000000.0,-1192000000.0,-1192000000.0,0.0,0.0,-0.045,17231000000.0,-3777000000.0,1713000000,,1.091,-11.638,,28965000000,7000000.0,14.85,0.522,0.522,3690000000,-122000000,26553000000.0,26553000000.0,0.0,-0.026,-0.09,-0.011,-0.02,0.0,7297000000.0,1.0,934201177,934201177,,28.423,38571000000,402000000,-527000000.0,2132000000,41.288,-540000000
75,S2,ART,2001-12-31,2002-03-05,2001-12-31,2021-06-30,14000000,45793000000,44773500000.0,5562000000,40231000000,0.582,13.523,-9046000000.0,313000000,313000000,12995000000.0,-1401000000.0,0.486,2.63,20902000000,4401000000,16501000000,20902000000,731000000,4599000000.0,0,0.03,0.44,-844000000.0,3755000000.0,0.144,3755000000.0,-844000000.0,-2025000000.0,,,,12616000000,13409500000.0,12616000000,34293345261,-41.0,9.133,-4355000000.0,-4.668,1.0,13076000000.0,0.502,9062000000,1181000000.0,45884000000,45993000000.0,690000000,288000000,0,288000000,33177000000,11436000000,21741000000,13704345261,74000000.0,301000000.0,611000000.0,2263000000.0,-451000000.0,4161000000.0,-8778000000.0,-66000000.0,4691000000.0,0.0,-1401000000.0,-1408000000.0,-1408000000.0,0.0,0.0,-0.054,13738000000.0,-662000000.0,2113000000,,1.086,-9.733,,28977000000,7000000.0,14.69,0.526,0.526,3806000000,-261000000,26071000000.0,26071000000.0,0.0,-0.031,-0.105,-0.018,-0.032,0.0,7325000000.0,1.0,932903013,932903013,,27.946,36731000000,0,-624000000.0,2021000000,39.373,-5874000000
76,S2,ART,2001-12-31,2002-03-04,2001-12-31,2021-06-30,14000000,45793000000,44773500000.0,5562000000,40231000000,0.582,13.523,-9046000000.0,313000000,313000000,12995000000.0,-1401000000.0,0.486,2.63,20902000000,4401000000,16501000000,20902000000,731000000,4599000000.0,0,0.029,0.44,-844000000.0,3755000000.0,0.144,3755000000.0,-844000000.0,-2025000000.0,,,,12616000000,13409500000.0,12616000000,34638519376,-41.0,9.225,-4355000000.0,-4.668,1.0,13076000000.0,0.502,9062000000,1181000000.0,45884000000,45993000000.0,690000000,288000000,0,288000000,33177000000,11436000000,21741000000,14049519376,74000000.0,301000000.0,611000000.0,2263000000.0,-451000000.0,4161000000.0,-8778000000.0,-66000000.0,4691000000.0,0.0,-1401000000.0,-1408000000.0,-1408000000.0,0.0,0.0,-0.054,13738000000.0,-662000000.0,2113000000,,1.114,-9.978,,28977000000,7000000.0,15.06,0.539,0.539,3806000000,-261000000,26071000000.0,26071000000.0,0.0,-0.031,-0.105,-0.018,-0.032,0.0,7325000000.0,1.0,932903013,932903013,,27.946,36731000000,0,-624000000.0,2021000000,39.373,-5874000000
77,S2,ART,2001-09-30,2001-11-13,2001-09-30,2021-06-30,7000000,45571000000,43975500000.0,5842000000,39729000000,0.586,14.242,-9116000000.0,205000000,205000000,12430000000.0,-584000000.0,0.532,2.283,19982000000,4548000000,15434000000,19982000000,733000000,4555000000.0,0,0.02,0.44,535000000.0,5090000000.0,0.197,5090000000.0,535000000.0,-645000000.0,,,,13881000000,13746250000.0,13881000000,40828971604,76.0,8.021,-4582000000.0,-4.701,1.0,13361000000.0,0.518,8609000000,1180000000.0,45760000000,45565750000.0,638000000,275000000,0,275000000,31690000000,10979000000,20711000000,21051971604,-14000000.0,1079000000.0,2347000000.0,2347000000.0,-455000000.0,4349000000.0,-8897000000.0,-889000000.0,4534000000.0,0.0,-598000000.0,-596000000.0,-596000000.0,0.0,14000000.0,-0.023,12504000000.0,857000000.0,1597000000,,1.517,-35.322,,28951000000,-2000000.0,21.6,0.816,0.816,4230000000,1087000000,25791000000.0,25791000000.0,0.0,-0.014,-0.043,0.012,0.021,0.0,7711000000.0,1.0,974628315,974628315,,26.462,36962000000,0,-47000000.0,2123000000,37.924,-5137000000
78,S2,ART,2001-06-30,2001-08-14,2001-06-30,2021-06-30,12000000,44584000000,42794000000.0,5951000000,38633000000,0.585,13.933,-8439000000.0,176000000,176000000,12014000000.0,-456000000.0,0.524,2.287,21492000000,5278000000,16214000000,21492000000,666000000,4455000000.0,0,0.019,0.44,983000000.0,5438000000.0,0.217,5438000000.0,983000000.0,-140000000.0,,,,13562000000,13873500000.0,13562000000,43897979190,45.0,8.072,-4411000000.0,-4.532,1.0,13027000000.0,0.52,8681000000,1123000000.0,45870000000,44838000000.0,961000000,390000000,0,390000000,31022000000,11349000000,19673000000,22581979190,-23000000.0,1058000000.0,30000000.0,4517000000.0,-453000000.0,4216000000.0,-8267000000.0,-889000000.0,4028000000.0,0.0,-79000000.0,-76000000.0,-76000000.0,0.0,-377000000.0,-0.003,12119000000.0,908000000.0,1547000000,,1.665,-297.131,,27584000000,-3000000.0,23.2,0.902,0.902,4064000000,1314000000,25041000000.0,25041000000.0,0.0,-0.002,-0.005,0.022,0.039,0.0,7426000000.0,1.0,973361172,973361172,,25.726,35903000000,0,-61000000.0,1903000000,36.886,-5398000000
79,S2,ART,2001-03-31,2001-05-15,2001-03-31,2021-06-30,6000000,43146000000,41661250000.0,5865000000,37281000000,0.586,15.321,-7475000000.0,180000000,180000000,11891000000.0,-590000000.0,0.751,2.177,20092000000,1724000000,18368000000,20092000000,592000000,4299000000.0,0,0.02,0.44,1167000000.0,5466000000.0,0.224,5466000000.0,1167000000.0,124000000.0,,,,13579000000,14075000000.0,13579000000,39038138481,33.0,7.142,-3649000000.0,-4.117,1.0,12523000000.0,0.513,8794000000,1043000000.0,46458000000,43729250000.0,999000000,457000000,0,457000000,29567000000,7806000000,21761000000,19126138481,-70000000.0,342000000.0,163000000.0,4373000000.0,-448000000.0,4240000000.0,-8136000000.0,-889000000.0,3826000000.0,0.0,245000000.0,250000000.0,250000000.0,0.0,-835000000.0,0.01,11924000000.0,599000000.0,1524000000,,1.409,76.505,,26079000000,-5000000.0,21.58,0.783,0.783,3979000000,1386000000,24414000000.0,24414000000.0,0.0,0.006,0.018,0.027,0.048,0.0,7200000000.0,1.0,886290013,886290013,,27.546,34352000000,0,-121000000.0,1808000000,38.759,-1941000000
80,S2,ART,2000-12-31,2001-03-13,2000-12-31,2021-06-30,21000000,42601000000,40553250000.0,5973000000,36628000000,0.582,15.851,-7152000000.0,239000000,239000000,11620000000.0,93000000.0,0.75,2.051,18719000000,1205000000,17514000000,18719000000,607000000,4144000000.0,0,0.021,0.44,2835000000.0,6979000000.0,0.296,6979000000.0,2835000000.0,1845000000.0,2.24,2.21,2.24,13963000000,14236000000.0,13963000000,37428833107,13.0,5.363,-2837000000.0,-3.221,1.0,11993000000.0,0.508,8938000000,990000000.0,44175000000,41777500000.0,949000000,673000000,0,673000000,28638000000,7968000000,20670000000,18948833107,119000000.0,772000000.0,220000000.0,2257000000.0,-448000000.0,2211000000.0,-6407000000.0,0.0,4315000000.0,0.0,1971000000.0,1971000000.0,1971000000.0,-675000000.0,-1878000000.0,0.083,11488000000.0,505000000.0,2285000000,0.196,1.357,9.614,9.554,25316000000,0.0,21.4,0.802,0.798,4028000000,1578000000,23613000000.0,23613000000.0,0.0,0.049,0.138,0.068,0.12,0.0,6919000000.0,1.0,885459491,880900000,892400000.0,26.806,33663000000,0,-126000000.0,1800000000,38.214,-1995000000
81,S2,ART,2000-09-30,2000-11-13,2000-09-30,2021-06-30,27000000,40845000000,39715500000.0,5326000000,35519000000,0.564,16.275,-6589000000.0,219000000,219000000,12118000000.0,220000000.0,0.868,1.838,17642000000,491000000,17151000000,17642000000,352000000,4012000000.0,0,0.018,0.44,2491000000.0,6503000000.0,0.29,6503000000.0,2491000000.0,1527000000.0,0.94,0.915,0.94,14390000000,14135250000.0,14390000000,39530407550,16.0,6.079,-3082000000.0,-3.486,1.0,10291000000.0,0.459,9283000000,964000000.0,42849000000,40609500000.0,807000000,826000000,0,826000000,26455000000,6136000000,20319000000,22107407550,-207000000.0,679000000.0,58000000.0,2612000000.0,-446000000.0,2671000000.0,-6385000000.0,0.0,3507000000.0,0.0,1584000000.0,1584000000.0,1584000000.0,-545000000.0,-1364000000.0,0.071,9837000000.0,454000000.0,1532000000,0.468,1.536,13.957,26.596,23897000000,0.0,25.0,0.987,0.986,3825000000,2119000000,22409000000.0,22409000000.0,0.0,0.04,0.112,0.061,0.111,0.0,5638000000.0,1.0,884296302,884200000,890800000.0,25.344,31562000000,0,-57000000.0,1888000000,35.696,-810000000
82,S2,ART,2000-06-30,2000-08-11,2000-06-30,2021-06-30,31000000,40053000000,39000250000.0,5065000000,34988000000,0.553,16.337,-6453000000.0,199000000,199000000,11623000000.0,-30000000.0,0.845,1.788,16974000000,522000000,16452000000,16974000000,322000000,3885000000.0,0,0.013,0.44,1690000000.0,5575000000.0,0.259,5575000000.0,1690000000.0,752000000.0,0.92,0.895,0.92,14368000000,13979250000.0,14368000000,46632651110,28.0,8.365,-3189000000.0,-3.626,1.0,9932000000.0,0.461,9396000000,938000000.0,41435000000,39154250000.0,731000000,904000000,0,904000000,25685000000,5997000000,19688000000,29857651110,96000000.0,442000000.0,1025000000.0,3303000000.0,-446000000.0,3385000000.0,-6553000000.0,0.0,3264000000.0,0.0,943000000.0,943000000.0,943000000.0,-545000000.0,-973000000.0,0.044,9899000000.0,33000000.0,1503000000,0.478,2.078,31.662,36.685,23247000000,0.0,33.75,1.385,1.377,3632000000,2251000000,21555000000.0,21555000000.0,0.0,0.024,0.067,0.043,0.078,0.0,5827000000.0,1.0,884671144,879500000,895800000.0,24.508,30657000000,0,-191000000.0,1911000000,34.857,-932000000
83,S2,ART,2000-03-31,2000-05-11,2000-03-31,2021-06-30,49000000,38714000000,38011750000.0,4988000000,33726000000,0.544,16.244,-6247700000.0,250000000,250000000,11030000000.0,-108000000.0,0.832,1.722,15708000000,609000000,15099000000,15708000000,319000000,3763300000.0,0,0.006,0.33,1080000000.0,4843300000.0,0.234,4843300000.0,1080000000.0,160000000.0,0.95,0.925,0.95,14223000000,13884000000.0,14223000000,67511093012,63.0,13.939,-3745800000.0,-4.278,1.0,9660000000.0,0.467,9529000000,920000000.0,38651000000,37558000000.0,750000000,619000000,0,619000000,24491000000,5992000000,18499000000,52053093012,101800000.0,830500000.0,885400000.0,3353900000.0,-448200000.0,3340900000.0,-5741000000.0,0.0,2501900000.0,0.0,407000000.0,407000000.0,407000000.0,-545000000.0,-515000000.0,0.02,9721000000.0,-61000000.0,1467000000,0.347,3.66,127.895,62.505,22432000000,0.0,59.38,2.516,2.513,3440000000,2458000000,20690000000.0,20690000000.0,0.0,0.011,0.029,0.029,0.052,0.0,5958000000.0,1.0,876609852,875600000,894700000.0,23.63,29185000000,0,-247000000.0,2074000000,33.331,-1004000000
84,S2,ART,1999-12-31,2000-03-24,1999-12-31,2021-06-30,81000000,39250000000,36763525000.0,5580000000,33670000000,0.542,15.856,-6114000000.0,120000000,120000000,10606000000.0,-935000000.0,0.817,1.895,16772000000,1087000000,15685000000,16772000000,323000000,3652000000.0,0,0.006,0.33,-402000000.0,3250000000.0,0.163,3250000000.0,-402000000.0,-1262000000.0,0.14,0.14,0.14,13560000000,13596200000.0,13560000000,68558889585,-171.0,21.095,-4162000000.0,-4.867,1.0,9322000000.0,0.468,9567000000,860000000.0,39503000000,36036500000.0,777000000,916000000,317000000,599000000,25690000000,6832000000,18858000000,51906889585,-485000000.0,-510000000.0,774000000.0,3972000000.0,-441000000.0,4720000000.0,-7157000000.0,0.0,1952000000.0,0.0,-935000000.0,-935000000.0,-935000000.0,130000000.0,0.0,-0.047,9629000000.0,-307000000.0,1462000000,2.357,3.828,-55.515,423.214,21969000000,0.0,59.25,2.605,2.543,3408000000,1961000000,19928000000.0,19928000000.0,0.0,-0.025,-0.069,-0.011,-0.02,0.0,5977000000.0,1.0,876065647,855200000,869000000.0,23.302,29683000000,411000000,-327000000.0,1921000000,34.709,-1252000000
85,S2,ART,1999-09-30,1999-11-15,1999-09-30,2021-06-30,47000000,37984000000,35258800000.0,5589000000,32395000000,0.566,15.834,-5044000000.0,426000000,426000000,10422900000.0,-894800000.0,0.885,1.759,15381000000,1005000000,14376000000,15381000000,304000000,3281900000.0,0,0.005,0.34,9900000.0,3291800000.0,0.165,3291800000.0,9900000.0,-1146100000.0,1.56,1.535,1.56,13766000000,13318275000.0,13766000000,79171512934,7997.0,24.051,-2366600000.0,-2.722,1.0,9527300000.0,0.478,9593000000,1156000000.0,37028000000,34081025000.0,694000000,1132000000,339000000,793000000,24218000000,6318000000,17900000000,64216512934,378500000.0,-412000000.0,839200000.0,2790300000.0,-466700000.0,3262000000.0,-5560900000.0,0.0,2677400000.0,0.0,-894800000.0,-895700000.0,-895700000.0,0.0,0.0,-0.045,11481300000.0,-1954000000.0,1511000000,0.218,4.665,-71.694,47.237,20776000000,900000.0,73.69,3.219,3.211,3298000000,2549000000,19950200000.0,19950200000.0,179100000.0,-0.025,-0.067,0.0,0.0,0.0,7351800000.0,1.0,871441348,869400000,886700000.0,22.947,28391000000,338000000,-251300000.0,2130000000,32.656,-729000000
86,S2,ART,1999-06-30,1999-08-16,1999-06-30,2021-06-30,49000000,36099000000,30876250000.0,4596000000,31503000000,0.612,16.138,-4590400000.0,103000000,103000000,9807400000.0,-399500000.0,0.811,1.581,13486000000,664000000,12822000000,13486000000,300000000,2839900000.0,0,0.007,0.345,552500000.0,3392400000.0,0.179,3392400000.0,552500000.0,-454100000.0,1.415,1.395,1.415,13987000000,12202350000.0,13987000000,57729918069,104.0,17.017,-1671100000.0,-1.928,1.0,9094000000.0,0.481,8767000000,1006600000.0,35050000000,30404200000.0,575000000,1134000000,0,1134000000,22112000000,5665000000,16447000000,44346918069,9900000.0,-393400000.0,-252800000.0,1762800000.0,-441100000.0,2083100000.0,-4992500000.0,0.0,2919300000.0,0.0,-399500000.0,-400700000.0,-400700000.0,0.0,0.0,-0.021,10309900000.0,-1215900000.0,1400000000,0.244,3.171,-110.674,36.127,20176000000,1200000.0,51.12,2.346,2.344,3130000000,2965000000,18901400000.0,18901400000.0,179100000.0,-0.013,-0.033,0.018,0.029,0.0,6622400000.0,1.0,867506222,866700000,887100000.0,21.808,27332000000,333000000,-54600000.0,2441000000,31.536,-1069000000
87,S2,ART,1999-03-31,1999-05-13,1999-03-31,2021-06-30,100100000,33721100000,26799175000.0,4151800000,29569300000,0.669,15.143,-4665500000.0,148400000,148400000,9318900000.0,-17000000.0,0.761,1.58,12103600000,345100000,11758500000,12103600000,293000000,2423400000.0,0,0.008,0.46,994400000.0,3417800000.0,0.191,3417800000.0,994400000.0,138500000.0,1.215,1.2,1.215,13071800000,11011400000.0,13071800000,58886395322,59.0,17.229,-883400000.0,-1.023,1.0,8621700000.0,0.481,7653500000,855900000.0,32565000000,26894950000.0,500400000,1069300000,0,1069300000,20649300000,5457800000,15191500000,46931195322,-9800000.0,-301300000.0,-311800000.0,1099100000.0,-434400000.0,1304300000.0,-5096200000.0,0.0,3782100000.0,0.0,-17000000.0,-18400000.0,-18400000.0,0.0,0.0,-0.001,9190000000.0,-568300000.0,1444400000,0.379,3.59,-2550.608,44.65,19623400000,1400000.0,54.25,2.616,2.61,2929000000,3278400000,17940600000.0,17940600000.0,179100000.0,-0.001,-0.002,0.037,0.055,0.0,5918700000.0,1.0,865091158,863200000,880800000.0,20.784,26067600000,0,155500000.0,2322000000,30.199,-1306000000
88,S2,ART,1998-12-31,1999-03-05,1998-12-31,2021-06-30,103600000,33231100000,23058100000.0,4387900000,28843200000,0.743,14.448,-4001100000.0,605200000,605200000,8787200000.0,414500000.0,0.806,1.67,12189300000,246900000,11942400000,12189300000,229300000,2036000000.0,0,0.013,0.575,1534600000.0,3570600000.0,0.208,3570600000.0,1534600000.0,806400000.0,0.99,0.975,0.99,12448300000,10032500000.0,12448300000,49333412008,32.0,13.817,254300000.0,0.295,1.0,8347100000.0,0.487,7693000000,728200000.0,31681100000,23657250000.0,477100000,1134200000,0,1134200000,20782800000,5441100000,15341700000,37749312008,503500000.0,-446400000.0,-315200000.0,1391200000.0,-430300000.0,733500000.0,-4485400000.0,0.0,4255400000.0,0.0,414500000.0,412800000.0,412800000.0,0.0,0.0,0.024,8156700000.0,190400000.0,1654900000,0.581,3.032,91.447,44.162,18983000000,1700000.0,43.72,2.203,2.198,2808900000,3650900000,17134300000.0,17134300000.0,179100000.0,0.018,0.041,0.065,0.09,0.0,5272800000.0,1.0,863433486,861600000,877200000.0,19.887,25538100000,0,391900000.0,2270200000,29.64,-1053200000
89,S2,ART,1998-09-30,1998-11-02,1998-09-30,2021-06-30,114300000,20453800000,19296525000.0,3878600000,16575200000,,10.777,,47700000,47700000,,,1.21,1.199,5120400000,80600000,5039800000,5120400000,213300000,,0,0.009,0.345,,,,,,,,,,9302300000,9176725000.0,9302300000,31705926039,,,,,1.0,,,0,,22320700000,20458450000.0,349900000,1529600000,0,1529600000,11151500000,3205800000,7945700000,26633226039,,,,,,,,,,,,,,,,,,,1099000000,,2.863,,,13502200000,,38.655,,,3058300000,4012700000,,,,,,,,,,1.0,688998216,863200000,,,20453800000,0,,1428400000,23.695,672800000
90,S2,ART,1998-06-30,1998-08-10,1998-06-30,2021-06-30,114400000,19790700000,,3892700000,15898000000,,10.712,,93300000,93300000,,,1.214,1.146,4522000000,115800000,4406200000,4522000000,211300000,,0,0.007,0.23,,,,,,,,,,9223200000,,9223200000,27851117380,,,,,1.0,,,0,,21013000000,,381000000,1525700000,0,1525700000,10567500000,3206400000,7361100000,23422417380,,,,,,,,,,,,,,,,,,,1251700000,,2.54,,,12887700000,,34.06,,,3012100000,3899000000,,,,,,,,,,1.0,687681074,861000000,,,19790700000,0,,1334500000,22.986,686300000
91,S2,ART,1998-03-31,1998-05-06,1998-03-31,2021-06-30,120200000,18756800000,,4017700000,14739100000,,10.644,,158200000,158200000,,,1.26,1.049,4203500000,127800000,4075700000,4203500000,204900000,,0,0.003,0.115,,,,,,,,,,9156200000,,9156200000,27457904748,,,,,1.0,,,0,,19614200000,,378500000,1689500000,0,1689500000,9600600000,3187900000,6412700000,23412604748,,,,,,,,,,,,,,,,,,,1040100000,,2.557,,,11779200000,,34.0,,,3074300000,3796000000,,,,,,,,,,1.0,688606022,860200000,,,18756800000,0,,1227200000,21.805,829800000
92,S2,ART,1997-12-31,1998-03-05,1997-12-31,2021-06-30,0,18184800000,,3772600000,14412200000,,10.49,-2570300000.0,101700000,101700000,7451000000.0,952500000.0,1.226,1.015,3879600000,131000000,3748600000,3879600000,202900000,1726300000.0,0,0.0,0.0,1770200000.0,3496500000.0,0.235,3496500000.0,1770200000.0,1583000000.0,1.105,1.09,1.105,9025200000,,9025200000,26509045858,15.0,7.582,808700000.0,0.94,1.0,7422900000.0,0.499,0,187200000.0,18885900000,,352000000,1730500000,0,1730500000,9159600000,3076800000,6082800000,22731145858,-1048900000.0,-1466800000.0,-144500000.0,531500000.0,-430000000.0,71600000.0,-4499500000.0,0.0,3379000000.0,0.0,952500000.0,951500000.0,951500000.0,0.0,0.0,0.064,4971500000.0,2451400000.0,1100100000,0.0,2.519,23.89,29.919,11494100000,1000000.0,33.06,1.528,1.912,2960200000,3693100000,14873900000.0,14873900000.0,0.0,,,,0.119,0.0,3245200000.0,1.0,687572470,860400000,873000000.0,17.287,18184800000,0,630500000.0,1287200000,21.135,695800000
