None,ticker,dimension,calendardate,datekey,reportperiod,lastupdated,accoci,assets,assetsavg,assetsc,assetsnc,assetturnover,bvps,capex,cashneq,cashnequsd,cor,consolinc,currentratio,de,debt,debtc,debtnc,debtusd,deferredrev,depamor,deposits,divyield,dps,ebit,ebitda,ebitdamargin,ebitdausd,ebitusd,ebt,eps,epsdil,epsusd,equity,equityavg,equityusd,ev,evebit,evebitda,fcf,fcfps,fxusd,gp,grossmargin,intangibles,intexp,invcap,invcapavg,inventory,investments,investmentsc,investmentsnc,liabilities,liabilitiesc,liabilitiesnc,marketcap,ncf,ncfbus,ncfcommon,ncfdebt,ncfdiv,ncff,ncfi,ncfinv,ncfo,ncfx,netinc,netinccmn,netinccmnusd,netincdis,netincnci,netmargin,opex,opinc,payables,payoutratio,pb,pe,pe1,ppnenet,prefdivis,price,ps,ps1,receivables,retearn,revenue,revenueusd,rnd,roa,roe,roic,ros,sbcomp,sgna,sharefactor,sharesbas,shareswa,shareswadil,sps,tangibles,taxassets,taxexp,taxliabilities,tbvps,workingcapital
0,EMC,MRY,2015-12-31,2015-12-31,2015-12-31,2018-08-31,-579000000.0,46612000000.0,45029250000.0,15063000000.0,31549000000.0,0.549,10.874,-1469000000.0,6549000000.0,6549000000.0,9713000000.0,2172000000.0,1.169,1.13,6774000000.0,1299000000.0,5475000000.0,6774000000.0,10802000000.0,1907000000.0,0.0,0.018,0.46,2864000000.0,4771000000.0,0.193,4771000000.0,2864000000.0,2700000000.0,1.02,1.01,1.02,21140000000.0,20527500000.0,21140000000.0,51909342866.0,18.0,10.88,3917000000.0,2.015,1.0,14991000000.0,0.607,19239000000.0,164000000.0,14713000000.0,15522000000.0,1245000000.0,8234000000.0,2726000000.0,5508000000.0,23893000000.0,12885000000.0,11008000000.0,49789342866.0,206000000.0,-1336000000.0,-1741000000.0,1295000000.0,-907000000.0,-2292000000.0,-2754000000.0,-24000000.0,5386000000.0,-134000000.0,1990000000.0,1990000000.0,1990000000.0,0.0,182000000.0,0.081,12150000000.0,2841000000.0,1644000000.0,0.451,2.355,25.02,25.176,3850000000.0,0.0,25.68,2.015,2.021,3977000000.0,21700000000.0,24704000000.0,24704000000.0,3167000000.0,0.044,0.097,0.185,0.116,1036000000.0,8533000000.0,1.0,1938837339.0,1944000000,1962000000.0,12.708,27373000000.0,1164000000.0,710000000.0,1070000000.0,14.081,2178000000.0
1,EMC,MRY,2014-12-31,2014-12-31,2014-12-31,2018-08-31,-366000000.0,45585000000.0,44774500000.0,14663000000.0,30922000000.0,0.546,10.797,-1488000000.0,6343000000.0,6343000000.0,9191000000.0,2894000000.0,1.252,1.007,5469000000.0,0.0,5469000000.0,5469000000.0,10165000000.0,1864000000.0,0.0,0.018,0.545,3729000000.0,5593000000.0,0.229,5593000000.0,3729000000.0,3582000000.0,1.34,1.32,1.34,21896000000.0,22334500000.0,21896000000.0,59957178820.0,16.0,10.72,5035000000.0,2.483,1.0,15249000000.0,0.624,18259000000.0,147000000.0,14742000000.0,16048750000.0,1276000000.0,8312000000.0,1978000000.0,6334000000.0,22060000000.0,11710000000.0,10350000000.0,60518178820.0,-1548000000.0,-2333000000.0,-2466000000.0,-1665000000.0,-879000000.0,-5437000000.0,-2551000000.0,1348000000.0,6523000000.0,-83000000.0,2714000000.0,2714000000.0,2714000000.0,0.0,180000000.0,0.111,11212000000.0,4037000000.0,1696000000.0,0.407,2.764,22.299,22.194,3766000000.0,0.0,29.74,2.476,2.468,4413000000.0,22242000000.0,24440000000.0,24440000000.0,2991000000.0,0.061,0.122,0.232,0.153,929000000.0,7982000000.0,1.0,2034908501.0,2028000000,2059000000.0,12.051,27326000000.0,952000000.0,868000000.0,1158000000.0,13.474,2953000000.0
2,EMC,MRY,2013-12-31,2013-12-31,2013-12-31,2018-08-31,-239000000.0,45849000000.0,43270814250.0,17278000000.0,28571000000.0,0.537,10.753,-1408000000.0,7891000000.0,7891000000.0,8749000000.0,3093000000.0,1.464,0.989,7159000000.0,1665000000.0,5494000000.0,7159000000.0,8979000000.0,1665000000.0,0.0,0.008,0.2,3817000000.0,5482000000.0,0.236,5482000000.0,3817000000.0,3661000000.0,1.39,1.33,1.39,22301000000.0,22467177000.0,22301000000.0,51759845260.0,14.0,9.442,5515000000.0,2.659,1.0,14473000000.0,0.623,16204000000.0,156000000.0,17114000000.0,15321716500.0,1334000000.0,9697000000.0,2773000000.0,6924000000.0,22063000000.0,11799000000.0,10264000000.0,51754845260.0,3177000000.0,-1143000000.0,-2673000000.0,5414000000.0,-415000000.0,2076000000.0,-5760000000.0,-3209000000.0,6923000000.0,-62000000.0,2889000000.0,2889000000.0,2889000000.0,0.0,204000000.0,0.124,10323000000.0,4150000000.0,1434000000.0,0.144,2.321,17.914,18.094,3478000000.0,0.0,25.15,2.229,2.246,3861000000.0,21114000000.0,23222000000.0,23222000000.0,2761000000.0,0.067,0.129,0.249,0.164,819000000.0,7338000000.0,1.0,2057846730.0,2074000000,2160000000.0,11.197,29645000000.0,912000000.0,772000000.0,1356000000.0,14.294,5479000000.0
3,EMC,MRY,2012-12-31,2012-12-31,2012-12-31,2018-08-31,-208000000.0,37962000000.0,35852968500.0,12019000000.0,25943000000.0,0.606,10.682,-1238000000.0,4714000000.0,4714000000.0,8076000000.0,2886000000.0,1.17,0.643,1710000000.0,1652000000.0,58000000.0,1710000000.0,7551000000.0,1528000000.0,0.0,0.0,0.0,3730000000.0,5258000000.0,0.242,5258000000.0,3730000000.0,3651000000.0,1.31,1.23,1.31,22357000000.0,21263350500.0,22357000000.0,50847746307.0,14.0,9.671,5024000000.0,2.4,1.0,13638000000.0,0.628,15875000000.0,79000000.0,8809000000.0,8676059250.0,1201000000.0,6682000000.0,1422000000.0,5260000000.0,14380000000.0,10274000000.0,4106000000.0,53298376307.0,222000000.0,-2306000000.0,-125000000.0,-1710000000.0,0.0,-2149000000.0,-3906000000.0,-362000000.0,6262000000.0,15000000.0,2733000000.0,2733000000.0,2733000000.0,0.0,153000000.0,0.126,9674000000.0,3964000000.0,1041000000.0,0.0,2.384,19.502,19.313,3145000000.0,0.0,25.3,2.455,2.439,3433000000.0,18853000000.0,21714000000.0,21714000000.0,2560000000.0,0.076,0.129,0.43,0.172,634000000.0,7004000000.0,1.0,2106655190.0,2093000000,2206000000.0,10.375,22087000000.0,784000000.0,918000000.0,1275000000.0,10.553,1745000000.0
4,EMC,MRY,2011-12-31,2011-12-31,2011-12-31,2018-08-31,-235009000.0,34469267000.0,32604808000.0,11702223000.0,22767044000.0,0.614,9.393,-1394000000.0,4531036000.0,4531036000.0,7839000000.0,2609000000.0,1.128,0.729,3424299000.0,3304974000.0,119325000.0,3424299000.0,6174050000.0,1422000000.0,0.0,0.0,0.0,3271000000.0,4693000000.0,0.235,4693000000.0,3271000000.0,3101000000.0,1.2,1.1,1.2,19311614000.0,18237264500.0,19311614000.0,44240888165.0,14.0,9.427,4275000000.0,2.079,1.0,12169000000.0,0.608,13921085000.0,170000000.0,9065235000.0,8459111750.0,1009968000.0,6312093000.0,1786987000.0,4525106000.0,14070239000.0,10376210000.0,3694029000.0,43940679165.0,414000000.0,-920000000.0,-1327000000.0,-25000000.0,0.0,-1719000000.0,-3542000000.0,-1228000000.0,5669000000.0,6000000.0,2461000000.0,2461000000.0,2461000000.0,0.0,148000000.0,0.123,8727000000.0,3442000000.0,1101659000.0,0.0,2.275,17.855,17.95,2833149000.0,0.0,21.54,2.196,2.213,2937499000.0,16120621000.0,20008000000.0,20008000000.0,2151000000.0,0.075,0.135,0.387,0.163,461000000.0,6479000000.0,1.0,2039957250.0,2056000000,2229000000.0,9.732,20548182000.0,852848000.0,640000000.0,846665000.0,9.994,1326013000.0
5,EMC,MRY,2010-12-31,2010-12-31,2010-12-31,2018-08-31,-92617000.0,30833284000.0,28809901500.0,9783322000.0,21049962000.0,0.591,8.465,-1108368000.0,4119138000.0,4119138000.0,6984145000.0,1969686000.0,1.043,0.714,3450000000.0,3214771000.0,235229000.0,3450000000.0,4664136000.0,1167550000.0,0.0,0.0,0.0,2716637000.0,3884187000.0,0.228,3884187000.0,2716637000.0,2538292000.0,0.92,0.88,0.92,17404040000.0,16615204500.0,17404040000.0,45427887721.0,17.0,11.696,3440475000.0,1.673,1.0,10030981000.0,0.59,13396917000.0,178345000.0,7389215000.0,8975445250.0,856405000.0,5426917000.0,1256175000.0,4170742000.0,12431279000.0,9378014000.0,3053265000.0,47183062721.0,-2183361000.0,-3224211000.0,-219192000.0,-62000.0,0.0,-243827000.0,-6476049000.0,-2143470000.0,4548843000.0,-12328000.0,1899995000.0,1899995000.0,1899995000.0,0.0,69691000.0,0.112,7347695000.0,2683286000.0,1062600000.0,0.0,2.711,24.833,24.891,2528432000.0,0.0,22.9,2.773,2.767,2569523000.0,13659284000.0,17015126000.0,17015126000.0,1888015000.0,0.066,0.114,0.303,0.16,385856000.0,5375305000.0,1.0,2060395752.0,2055959000,2147931000.0,8.276,17436367000.0,609832000.0,638297000.0,1182288000.0,8.481,405308000.0
6,EMC,MRY,2009-12-31,2009-12-31,2009-12-31,2018-08-31,-105722000.0,26812003000.0,25188294500.0,10538302000.0,16273701000.0,0.557,7.689,-716099000.0,6302499000.0,6302499000.0,6281011000.0,1121801000.0,2.047,0.691,3100290000.0,0.0,3100290000.0,3100290000.0,3636766000.0,1073135000.0,0.0,0.0,0.0,1523351000.0,2596486000.0,0.185,2596486000.0,1523351000.0,1340852000.0,0.54,0.53,0.54,15549882000.0,14496769000.0,15549882000.0,33189832706.0,22.0,12.783,2618286000.0,1.295,1.0,7744899000.0,0.552,10396008000.0,182499000.0,8065619000.0,8026231000.0,886289000.0,3085162000.0,392839000.0,2692323000.0,10751529000.0,5148167000.0,5603362000.0,35635686706.0,458814000.0,-2683341000.0,366361000.0,-15866000.0,0.0,211922000.0,-3095488000.0,302768000.0,3334385000.0,7995000.0,1088077000.0,1088077000.0,1088077000.0,0.0,33724000.0,0.078,6330624000.0,1414275000.0,899298000.0,0.0,2.292,32.751,32.352,2224346000.0,0.0,17.47,2.541,2.519,2108575000.0,11759289000.0,14025910000.0,14025910000.0,1627509000.0,0.043,0.075,0.19,0.109,554455000.0,4595625000.0,1.0,2039821792.0,2022371000,2055146000.0,6.935,16415995000.0,564174000.0,252775000.0,986045000.0,8.117,5390135000.0
7,EMC,MRY,2008-12-31,2008-12-31,2008-12-31,2018-08-31,-179952000.0,23874575000.0,23021599500.0,10665029000.0,13209546000.0,0.646,6.506,-990872000.0,5843685000.0,5843685000.0,6653794000.0,1319829000.0,2.044,0.767,2991943000.0,0.0,2991943000.0,2991943000.0,3192384000.0,1057511000.0,0.0,0.0,0.0,1731855000.0,2789366000.0,0.188,2789366000.0,1731855000.0,1555500000.0,0.62,0.61,0.62,13328443000.0,12925385750.0,13328443000.0,19342993270.0,11.0,6.935,2574216000.0,1.257,1.0,8222369000.0,0.553,7842415000.0,176355000.0,7961982000.0,8565727750.0,842803000.0,3333785000.0,963292000.0,2370493000.0,10218625000.0,5218436000.0,5000189000.0,21366693270.0,1361474000.0,-725521000.0,-1248441000.0,27556000.0,0.0,-534011000.0,-1614932000.0,69583000.0,3565088000.0,-54671000.0,1275104000.0,1275104000.0,1275104000.0,0.0,44725000.0,0.086,6653433000.0,1568936000.0,1169726000.0,0.0,1.603,16.757,16.887,2223007000.0,0.0,10.47,1.436,1.442,2252640000.0,10671212000.0,14876163000.0,14876163000.0,1721330000.0,0.055,0.099,0.202,0.116,403734000.0,4601588000.0,1.0,2040753894.0,2048506000,2079853000.0,7.262,16032160000.0,477101000.0,280396000.0,781771000.0,7.826,5446593000.0
8,EMC,MRY,2007-12-31,2007-12-31,2007-12-31,2018-08-31,-8449000.0,22284654000.0,20303442500.0,10053102000.0,12231552000.0,0.652,6.021,-931085000.0,4482211000.0,4482211000.0,6018877000.0,1614420000.0,2.281,0.765,3450000000.0,0.0,3450000000.0,3450000000.0,2778303000.0,917274000.0,0.0,0.0,0.0,2116969000.0,3034243000.0,0.229,3034243000.0,2116969000.0,1947176000.0,0.77,0.74,0.77,12521317000.0,11347027750.0,12521317000.0,37784097341.0,18.0,12.453,2195517000.0,1.056,1.0,7211328000.0,0.545,7471583000.0,169793000.0,9372652000.0,8891672000.0,877243000.0,3470275000.0,1644703000.0,1825572000.0,9574349000.0,4408208000.0,5166141000.0,38880107341.0,2654105000.0,-692003000.0,-671220000.0,2637000.0,0.0,679492000.0,-1162897000.0,460191000.0,3126602000.0,10908000.0,1598965000.0,1598965000.0,1598965000.0,0.0,15455000.0,0.121,5472076000.0,1739252000.0,840886000.0,0.0,3.105,24.316,24.065,2159396000.0,0.0,18.53,2.939,2.913,2307512000.0,9470289000.0,13230205000.0,13230205000.0,1526928000.0,0.079,0.141,0.238,0.16,275622000.0,3912688000.0,1.0,2098224897.0,2079542000,2157873000.0,6.362,14813071000.0,475544000.0,348211000.0,681230000.0,7.123,5644894000.0
9,EMC,MRY,2006-12-31,2006-12-31,2006-12-31,2018-08-31,-54563000.0,18566247000.0,17338029500.0,6520587000.0,12045660000.0,0.643,4.592,-910990000.0,1828106000.0,1828106000.0,5241891000.0,1227601000.0,1.781,0.798,3450000000.0,0.0,3450000000.0,3450000000.0,2105795000.0,764162000.0,0.0,0.0,0.0,1424388000.0,2188550000.0,0.196,2188550000.0,1424388000.0,1390265000.0,0.55,0.54,0.55,10325707000.0,11244313250.0,10325707000.0,29813392221.0,21.0,13.622,1229434000.0,0.547,1.0,5913199000.0,0.53,7020710000.0,34123000.0,9505669000.0,7191098750.0,834800000.0,3768215000.0,1521925000.0,2246290000.0,8240540000.0,3661762000.0,4578778000.0,29071712221.0,-494264000.0,-2618376000.0,-3397615000.0,3263554000.0,0.0,-391968000.0,-2296660000.0,1253566000.0,2140424000.0,53940000.0,1227601000.0,1227601000.0,1227601000.0,0.0,0.0,0.11,4714007000.0,1199192000.0,680263000.0,0.0,2.815,23.682,24.0,2035559000.0,0.0,13.2,2.606,2.661,1692214000.0,7798112000.0,11155090000.0,11155090000.0,1254193000.0,0.071,0.109,0.198,0.128,378662000.0,3253274000.0,1.0,2202402441.0,2248431000,2286304000.0,4.961,11545537000.0,522592000.0,162664000.0,283148000.0,5.135,2858825000.0
10,EMC,MRY,2005-12-31,2005-12-31,2005-12-31,2018-08-31,-63687000.0,16790383000.0,16278614250.0,6573976000.0,10216407000.0,0.594,5.063,-768254000.0,2322370000.0,2322370000.0,4471136000.0,1133165000.0,1.789,0.392,126963000.0,0.0,126963000.0,126963000.0,1805149000.0,639974000.0,0.0,0.0,0.0,1660231000.0,2300205000.0,0.238,2300205000.0,1660231000.0,1652243000.0,0.48,0.47,0.48,12065430000.0,11991293750.0,12065430000.0,31220494534.0,19.0,13.573,1448042000.0,0.608,1.0,5192819000.0,0.537,4446531000.0,7988000.0,6474587000.0,7182928000.0,724751000.0,5033084000.0,1615495000.0,3417589000.0,4724953000.0,3673858000.0,1051095000.0,32561222534.0,845567000.0,-683663000.0,-740123000.0,-3501000.0,0.0,-743624000.0,-611685000.0,868387000.0,2216296000.0,-15420000.0,1133165000.0,1133165000.0,1133165000.0,0.0,0.0,0.117,3723022000.0,1469797000.0,583756000.0,0.0,2.699,28.735,28.375,1754035000.0,0.0,13.62,3.369,3.358,1405564000.0,6570511000.0,9663955000.0,9663955000.0,1004829000.0,0.07,0.094,0.231,0.172,124171000.0,2605977000.0,1.0,2390691816.0,2382977000,2432582000.0,4.055,12343852000.0,326318000.0,519078000.0,820886000.0,5.18,2900118000.0
11,EMC,MRY,2004-12-31,2004-12-31,2004-12-31,2018-08-31,-34922000.0,15422906000.0,14802087250.0,4830926000.0,10591980000.0,0.556,4.797,-537796000.0,1476803000.0,1476803000.0,4014881000.0,871189000.0,1.638,0.338,128456000.0,0.0,128456000.0,128456000.0,1501487000.0,616357000.0,0.0,0.0,0.0,1192546000.0,1808903000.0,0.22,1808903000.0,1192546000.0,1185030000.0,0.36,0.36,0.36,11523287000.0,11206413500.0,11523287000.0,34187887169.0,29.0,18.9,1564499000.0,0.651,1.0,4214607000.0,0.512,3783892000.0,7516000.0,7341967000.0,6849637500.0,514065000.0,5963963000.0,1236726000.0,4727237000.0,3899619000.0,2948700000.0,950919000.0,35632663169.0,-276173000.0,-590410000.0,-315767000.0,-8056000.0,0.0,-323823000.0,-2064700000.0,-858096000.0,2102295000.0,10055000.0,871189000.0,871189000.0,871189000.0,0.0,0.0,0.106,3178787000.0,1035820000.0,522770000.0,0.0,3.092,40.901,41.306,1571810000.0,0.0,14.87,4.33,4.341,1162387000.0,5437346000.0,8229488000.0,8229488000.0,847899000.0,0.059,0.078,0.174,0.145,106017000.0,2266665000.0,1.0,2396278626.0,2402198000,2450570000.0,3.426,11639014000.0,289810000.0,313841000.0,546372000.0,4.845,1882226000.0
12,EMC,MRY,2003-12-31,2003-12-31,2003-12-31,2018-08-31,2197000.0,14092860000.0,10914178250.0,4687304000.0,9405556000.0,0.571,4.922,-481972000.0,1752976000.0,1752976000.0,3394750000.0,496108000.0,1.841,0.295,137070000.0,7104000.0,129966000.0,137070000.0,1130340000.0,520698000.0,0.0,0.0,0.0,574053000.0,1094751000.0,0.176,1094751000.0,574053000.0,571023000.0,0.22,0.22,0.22,10884721000.0,8247265500.0,10884721000.0,26639799268.0,46.0,24.334,1039258000.0,0.47,1.0,2842058000.0,0.456,3186972000.0,3030000.0,6743453000.0,5766396500.0,514015000.0,5154609000.0,1044698000.0,4109911000.0,3208139000.0,2546529000.0,661610000.0,28237179268.0,436631000.0,323930000.0,-14383000.0,-25670000.0,0.0,-40053000.0,-1059394000.0,-839551000.0,1521230000.0,14848000.0,496108000.0,496108000.0,496108000.0,0.0,0.0,0.08,2455808000.0,386250000.0,414251000.0,0.0,2.594,56.917,58.727,1610182000.0,0.0,12.92,4.528,4.581,952421000.0,4566157000.0,6236808000.0,6236808000.0,718470000.0,0.045,0.06,0.1,0.092,10515000.0,1656164000.0,1.0,2185540191.0,2211544000,2237656000.0,2.82,10905888000.0,343765000.0,74915000.0,436434000.0,4.931,2140775000.0
13,EMC,MRY,2002-12-31,2002-12-31,2002-12-31,2018-08-31,-53488000.0,9590447000.0,9663980000.0,4217248000.0,5373199000.0,0.563,3.275,-517754000.0,1686598000.0,1686598000.0,3319510000.0,-118706000.0,2.066,0.327,27507000.0,27507000.0,0.0,27507000.0,604771000.0,653686000.0,0.0,0.0,0.0,-285072000.0,368614000.0,0.068,368614000.0,-285072000.0,-296487000.0,-0.05,-0.05,-0.05,7226002000.0,7396459250.0,7226002000.0,11803153013.0,-41.0,32.02,927980000.0,0.421,1.0,2118842000.0,0.39,275236000.0,11415000.0,5614470000.0,5374594500.0,437805000.0,3999033000.0,864743000.0,3134290000.0,2364445000.0,2041650000.0,322795000.0,13506683013.0,-246321000.0,-21993000.0,-282999000.0,-28178000.0,0.0,-311177000.0,-1380293000.0,-815502000.0,1445734000.0,-585000.0,-118706000.0,-118706000.0,-118706000.0,0.0,0.0,-0.022,2660067000.0,-541225000.0,429732000.0,0.0,1.869,-113.783,-122.8,1624396000.0,0.0,6.14,2.484,2.491,881325000.0,4070049000.0,5438352000.0,5438352000.0,781457000.0,-0.012,-0.016,-0.053,-0.052,34291000.0,1680814000.0,1.0,2199785507.0,2206294000,2206294000.0,2.465,9315211000.0,294123000.0,-177781000.0,187695000.0,4.222,2175598000.0
14,EMC,MRY,2001-12-31,2001-12-31,2001-12-31,2018-08-31,-33007000.0,9889635000.0,10246398000.0,4923242000.0,4966393000.0,0.692,3.437,-1010033000.0,2129019000.0,2129019000.0,4247042000.0,-507712000.0,2.259,0.301,56677000.0,56677000.0,0.0,56677000.0,369263000.0,654698000.0,0.0,0.092,1.242,-565697000.0,89001000.0,0.013,89001000.0,-565697000.0,-577035000.0,-0.23,-0.23,-0.23,7600820000.0,8052069250.0,7600820000.0,27963776837.0,-49.0,314.196,621225000.0,0.281,1.0,2843591000.0,0.401,583110000.0,11338000.0,5054769000.0,5643786000.0,583985000.0,2954540000.0,445428000.0,2509112000.0,2288815000.0,2179414000.0,109401000.0,29777189837.0,145798000.0,-111455000.0,152026000.0,23347000.0,0.0,33392000.0,-1513600000.0,-409422000.0,1631258000.0,-5252000.0,-507712000.0,-507712000.0,-507712000.0,0.0,0.0,-0.072,3674573000.0,-830982000.0,424132000.0,-5.4,3.918,-58.65,-58.435,1827331000.0,0.0,13.44,4.2,4.191,1348569000.0,4188755000.0,7090633000.0,7090633000.0,928701000.0,-0.05,-0.063,-0.1,-0.08,0.0,2214223000.0,1.0,2215564720.0,2211273000,2211273000.0,3.207,9306525000.0,334437000.0,-69323000.0,315368000.0,4.209,2743828000.0
15,EMC,MRY,2000-12-31,2000-12-31,2000-12-31,2018-08-31,-5882000.0,10537799000.0,9101815750.0,6100051000.0,4437748000.0,0.975,3.778,-960995000.0,1983221000.0,1983221000.0,3729765000.0,1782075000.0,2.886,0.289,11816000.0,11816000.0,0.0,11816000.0,284965000.0,516798000.0,0.0,0.0,0.0,2455802000.0,2972600000.0,0.335,2972600000.0,2455802000.0,2441198000.0,0.82,0.79,0.82,8177209000.0,7048938500.0,8177209000.0,143294293136.0,58.0,48.205,1147661000.0,0.53,1.0,5143051000.0,0.58,839281000.0,14604000.0,5613466000.0,4922809250.0,1024964000.0,2762110000.0,673731000.0,2088379000.0,2360590000.0,2113647000.0,246943000.0,145503116136.0,873812000.0,-233554000.0,234057000.0,993000.0,0.0,611657000.0,-1842418000.0,-647869000.0,2108656000.0,-4083000.0,1782075000.0,1782075000.0,1782075000.0,0.0,0.0,0.201,2893489000.0,2249562000.0,516469000.0,0.0,17.794,81.648,81.098,1510088000.0,0.0,66.5,16.399,16.22,2114368000.0,5072600000.0,8872816000.0,8872816000.0,783166000.0,0.196,0.253,0.499,0.277,207694000.0,2102982000.0,1.0,2188016784.0,2164180000,2245203000.0,4.1,9698518000.0,188074000.0,659123000.0,578231000.0,4.481,3986404000.0
16,EMC,MRY,1999-12-31,1999-12-31,1999-12-31,2018-08-31,-34533000.0,7173288000.0,5739701000.0,4320396000.0,2852892000.0,1.17,2.402,-630409000.0,1109409000.0,1109409000.0,3258245000.0,1010570000.0,3.091,0.449,695725000.0,9116000.0,686609000.0,695725000.0,158458000.0,424803000.0,0.0,0.0,0.0,1390655000.0,1815458000.0,0.27,1815458000.0,1390655000.0,1357165000.0,0.49,0.46,0.49,4951786000.0,4173951750.0,4951786000.0,111048735097.0,80.0,61.168,759156000.0,0.368,1.0,3457365000.0,0.515,294771000.0,33490000.0,5066918000.0,4304192500.0,618885000.0,2141085000.0,714730000.0,1426355000.0,2221502000.0,1397915000.0,823587000.0,111213314097.0,273942000.0,0.0,101424000.0,-28179000.0,0.0,73245000.0,-1188868000.0,-558459000.0,1389565000.0,1000.0,1010570000.0,1010570000.0,1010570000.0,0.0,0.0,0.15,2198621000.0,1258744000.0,370055000.0,0.0,22.459,110.05,111.531,1023179000.0,0.0,54.65,16.56,16.773,1625438000.0,3299821000.0,6715610000.0,6715610000.0,572517000.0,0.176,0.242,0.323,0.207,58033000.0,1435508000.0,1.0,2035010322.0,2061101000,2219065000.0,3.258,6878517000.0,256058000.0,346595000.0,374587000.0,3.337,2922481000.0
17,EMC,MRY,1998-12-31,1998-12-31,1998-12-31,2018-08-31,-7890000.0,5627020000.0,4378861750.0,3866015000.0,1761005000.0,1.241,1.836,-556391000.0,835466000.0,835466000.0,2996400000.0,653978000.0,3.714,0.509,781007000.0,29361000.0,751646000.0,781007000.0,94328000.0,351966000.0,0.0,0.0,0.0,949019000.0,1300985000.0,0.239,1300985000.0,949019000.0,914233000.0,0.32,0.3,0.32,3728990000.0,3014740500.0,3728990000.0,42319660190.0,45.0,32.529,414279000.0,0.204,1.0,2439758000.0,0.449,314054000.0,34786000.0,4217492000.0,3089794250.0,620025000.0,1579712000.0,982482000.0,597230000.0,1898030000.0,1041015000.0,857015000.0,42657013190.0,-258456000.0,-53903000.0,64269000.0,2140000.0,0.0,66409000.0,-1295535000.0,-685241000.0,970670000.0,-2020000.0,653978000.0,653978000.0,653978000.0,0.0,0.0,0.12,1605094000.0,834664000.0,299412000.0,0.0,11.439,65.227,66.406,823160000.0,0.0,21.25,7.847,7.938,1292790000.0,2289251000.0,5436158000.0,5436158000.0,435344000.0,0.149,0.217,0.307,0.175,43670000.0,1087747000.0,1.0,2007388856.0,2030742000,2188430000.0,2.677,5312966000.0,76243000.0,260255000.0,236082000.0,2.616,2825000000.0
18,EMC,MRY,1997-12-31,1997-12-31,1997-12-31,2018-08-31,2418000.0,3490109000.0,2891827500.0,2627026000.0,863083000.0,1.552,1.187,-394366000.0,954595000.0,954595000.0,2612458000.0,587511000.0,5.193,0.469,566119000.0,7665000.0,558454000.0,566119000.0,8784000.0,241789000.0,0.0,0.0,0.0,800622000.0,1042411000.0,0.232,1042411000.0,800622000.0,769320000.0,0.295,0.28,0.295,2376301000.0,2006545000.0,2376301000.0,13202439084.0,16.0,12.665,194686000.0,0.097,1.0,1875393000.0,0.418,155609000.0,31302000.0,2440154000.0,1952633500.0,404660000.0,716051000.0,419262000.0,296789000.0,1113808000.0,505870000.0,607938000.0,13608658084.0,511713000.0,0.0,50928000.0,681437000.0,0.0,742365000.0,-819704000.0,-425338000.0,589052000.0,-8039000.0,587511000.0,587511000.0,587511000.0,0.0,0.0,0.131,1157353000.0,718040000.0,187117000.0,0.0,5.727,23.163,23.254,396511000.0,0.0,6.86,3.032,3.06,788869000.0,1711356000.0,4487851000.0,4487851000.0,332078000.0,0.203,0.293,0.41,0.178,18540000.0,826357000.0,1.0,1983769400.0,2002032000,2130968000.0,2.242,3334500000.0,51269000.0,181809000.0,196441000.0,1.666,2121156000.0
19,EMC,MRY,1996-12-31,1996-12-31,1996-12-31,2018-08-31,4919000.0,2293546000.0,,1754136000.0,539410000.0,,0.883,-149225000.0,496377000.0,496377000.0,1248950000.0,386229000.0,4.202,0.401,198292000.0,7058000.0,191234000.0,198292000.0,10112000.0,86949000.0,0.0,0.0,0.0,531441000.0,618390000.0,0.272,618390000.0,531441000.0,519474000.0,0.207,0.198,0.207,1636789000.0,,1636789000.0,,,,334150000.0,0.18,1.0,1024702000.0,0.451,112846000.0,11967000.0,1465113000.0,,336581000.0,364494000.0,230981000.0,133513000.0,656757000.0,417502000.0,239255000.0,,117330000.0,0.0,5724000.0,2994000.0,0.0,8718000.0,-374763000.0,-219205000.0,483375000.0,-581000.0,386229000.0,386229000.0,386229000.0,0.0,0.0,0.17,527737000.0,496965000.0,172871000.0,0.0,,,20.0,276387000.0,0.0,4.14,,3.376,627409000.0,1172828000.0,2273652000.0,2273652000.0,161088000.0,,,,0.234,17746000.0,367073000.0,1.0,,1854192000,1994360000.0,1.226,2180700000.0,60085000.0,133245000.0,150901000.0,1.176,1336634000.0
20,EMC,MRY,1995-12-31,1995-12-30,1995-12-30,2018-08-31,,,,,,,,-97161000.0,,,1002876000.0,326845000.0,,,,,,,,53617000.0,,0.0,0.0,463678000.0,517295000.0,0.269,517295000.0,463678000.0,450821000.0,0.182,0.168,0.182,,,,,,,80217000.0,0.045,1.0,918399000.0,0.478,,12857000.0,,,,,,,,,,,139405000.0,0.0,19023000.0,-10190000.0,0.0,8833000.0,-46806000.0,50355000.0,177378000.0,-283000.0,326845000.0,326845000.0,326845000.0,0.0,0.0,0.17,478341000.0,440058000.0,,0.0,,,10.563,,0.0,1.923,,1.804,,,1921275000.0,1921275000.0,162611000.0,,,,0.241,11165000.0,320009000.0,,,1802516000,1986148000.0,1.066,,,123976000.0,,,
0,EMC,MRQ,2016-06-30,2016-06-30,2016-06-30,2018-08-31,-561000000.0,46745000000.0,,16550000000.0,30195000000.0,,11.324,-265000000.0,9354000000.0,9354000000.0,2281000000.0,630000000.0,1.451,1.02,6279000000.0,800000000.0,5479000000.0,6279000000.0,11171000000.0,502000000.0,0.0,0.017,0.115,845000000.0,1347000000.0,0.224,1347000000.0,845000000.0,803000000.0,0.3,0.29,0.3,22138000000.0,,22138000000.0,52246354421.0,17.0,10.479,1343000000.0,0.687,1.0,3736000000.0,0.621,19135000000.0,42000000.0,13132000000.0,,1243000000.0,6794000000.0,2407000000.0,4387000000.0,22590000000.0,11403000000.0,11187000000.0,53068354421.0,2130000000.0,-49000000.0,39000000.0,-503000000.0,-226000000.0,-74000000.0,641000000.0,961000000.0,1608000000.0,-45000000.0,581000000.0,581000000.0,581000000.0,0.0,49000000.0,0.097,2854000000.0,882000000.0,1158000000.0,0.383,2.397,25.271,25.157,3725000000.0,0.0,27.17,2.158,2.16,2896000000.0,22679000000.0,6017000000.0,6017000000.0,821000000.0,,,,,296000000.0,2034000000.0,1.0,1953196703.0,1955000000,1973000000.0,3.078,27610000000.0,1169000000.0,222000000.0,772000000.0,14.123,5147000000.0
1,EMC,MRQ,2016-03-31,2016-03-31,2016-03-31,2018-08-31,-558000000.0,45703000000.0,,14600000000.0,31103000000.0,,11.069,-344000000.0,7224000000.0,7224000000.0,2215000000.0,297000000.0,1.294,1.041,6402000000.0,925000000.0,5477000000.0,6402000000.0,11218000000.0,483000000.0,0.0,0.017,0.115,398000000.0,881000000.0,0.161,881000000.0,398000000.0,357000000.0,0.14,0.14,0.14,21573000000.0,,21573000000.0,52113812677.0,18.0,10.837,588000000.0,0.302,1.0,3260000000.0,0.595,19158000000.0,41000000.0,14437000000.0,,1233000000.0,7746000000.0,2577000000.0,5169000000.0,22453000000.0,11286000000.0,11167000000.0,51888812677.0,675000000.0,-10000000.0,105000000.0,0.0,-227000000.0,-444000000.0,156000000.0,508000000.0,932000000.0,31000000.0,268000000.0,268000000.0,268000000.0,0.0,29000000.0,0.049,2850000000.0,410000000.0,1038000000.0,0.821,2.405,25.867,25.874,3806000000.0,0.0,26.65,2.112,2.114,2941000000.0,22111000000.0,5475000000.0,5475000000.0,814000000.0,,,,,302000000.0,1987000000.0,1.0,1947047380.0,1949000000,1965000000.0,2.809,26545000000.0,1173000000.0,89000000.0,590000000.0,13.62,3314000000.0
2,EMC,MRQ,2015-12-31,2015-12-31,2015-12-31,2018-08-31,-579000000.0,46612000000.0,,15063000000.0,31549000000.0,,10.891,-387000000.0,6549000000.0,6549000000.0,2655000000.0,833000000.0,1.169,1.13,6774000000.0,1299000000.0,5475000000.0,6774000000.0,10802000000.0,484000000.0,0.0,0.018,0.115,1104000000.0,1588000000.0,0.226,1588000000.0,1104000000.0,1061000000.0,0.39,0.39,0.39,21140000000.0,,21140000000.0,51909342866.0,18.0,10.88,1483000000.0,0.764,1.0,4360000000.0,0.622,19239000000.0,43000000.0,14713000000.0,,1245000000.0,8234000000.0,2726000000.0,5508000000.0,23893000000.0,12885000000.0,11008000000.0,49789342866.0,1225000000.0,-32000000.0,29000000.0,-673000000.0,-224000000.0,-946000000.0,296000000.0,717000000.0,1870000000.0,5000000.0,771000000.0,771000000.0,771000000.0,0.0,62000000.0,0.11,3267000000.0,1093000000.0,1644000000.0,0.295,2.355,25.02,25.176,3850000000.0,0.0,25.68,2.015,2.021,3977000000.0,21700000000.0,7015000000.0,7015000000.0,795000000.0,,,,,313000000.0,2248000000.0,1.0,1938837339.0,1941000000,1959000000.0,3.614,27373000000.0,1164000000.0,290000000.0,1070000000.0,14.103,2178000000.0
3,EMC,MRQ,2015-09-30,2015-09-30,2015-09-30,2018-08-31,-533000000.0,45345000000.0,,13737000000.0,31608000000.0,,10.571,-371000000.0,5324000000.0,5324000000.0,2374000000.0,528000000.0,1.116,1.144,7444000000.0,1970000000.0,5474000000.0,7444000000.0,10623000000.0,481000000.0,0.0,0.019,0.115,689000000.0,1170000000.0,0.192,1170000000.0,689000000.0,648000000.0,0.25,0.25,0.25,20444000000.0,,20444000000.0,48118388785.0,15.0,9.255,1032000000.0,0.534,1.0,3705000000.0,0.609,19322000000.0,41000000.0,15832000000.0,,1224000000.0,8960000000.0,2318000000.0,6642000000.0,23390000000.0,12311000000.0,11079000000.0,46501388785.0,-479000000.0,-1243000000.0,123000000.0,20000000.0,-227000000.0,-222000000.0,-1595000000.0,-58000000.0,1403000000.0,-65000000.0,480000000.0,480000000.0,480000000.0,0.0,48000000.0,0.079,3015000000.0,690000000.0,1115000000.0,0.46,2.275,19.662,20.133,3791000000.0,0.0,24.16,1.88,1.889,3134000000.0,20958000000.0,6079000000.0,6079000000.0,802000000.0,,,,,275000000.0,2145000000.0,1.0,1924726357.0,1934000000,1948000000.0,3.143,26023000000.0,1088000000.0,168000000.0,905000000.0,13.456,1426000000.0
4,EMC,MRQ,2015-06-30,2015-06-30,2015-06-30,2018-08-31,-458000000.0,44867000000.0,,14087000000.0,30780000000.0,,10.419,-386000000.0,5803000000.0,5803000000.0,2410000000.0,519000000.0,1.126,1.161,7420000000.0,1948000000.0,5472000000.0,7420000000.0,10701000000.0,472000000.0,0.0,0.017,0.115,698000000.0,1170000000.0,0.195,1170000000.0,698000000.0,657000000.0,0.25,0.25,0.25,20077000000.0,,20077000000.0,52357994092.0,15.0,9.825,647000000.0,0.336,1.0,3587000000.0,0.598,18138000000.0,41000000.0,15839000000.0,,1224000000.0,8980000000.0,1939000000.0,7041000000.0,23305000000.0,12507000000.0,10798000000.0,51250994092.0,1415000000.0,-12000000.0,-668000000.0,1948000000.0,-224000000.0,697000000.0,-344000000.0,54000000.0,1033000000.0,29000000.0,487000000.0,487000000.0,487000000.0,0.0,32000000.0,0.081,2907000000.0,680000000.0,1219000000.0,0.46,2.553,20.733,21.282,3788000000.0,0.0,26.39,2.076,2.06,3345000000.0,20516000000.0,5997000000.0,5997000000.0,782000000.0,,,,,223000000.0,2102000000.0,1.0,1942061163.0,1927000000,1947000000.0,3.112,26729000000.0,1061000000.0,170000000.0,708000000.0,13.871,1580000000.0
5,EMC,MRQ,2015-03-31,2015-03-31,2015-03-31,2018-08-31,-457000000.0,43293000000.0,,12563000000.0,30730000000.0,,10.359,-325000000.0,4388000000.0,4388000000.0,2274000000.0,291000000.0,1.199,1.041,5495000000.0,0.0,5495000000.0,5495000000.0,10687000000.0,470000000.0,0.0,0.018,0.115,374000000.0,844000000.0,0.15,844000000.0,374000000.0,334000000.0,0.13,0.13,0.13,20449000000.0,,20449000000.0,49967501445.0,14.0,9.202,755000000.0,0.382,1.0,3339000000.0,0.595,18215000000.0,40000000.0,15704000000.0,,1292000000.0,9084000000.0,2062000000.0,7022000000.0,21289000000.0,10481000000.0,10808000000.0,50815501445.0,-1955000000.0,-49000000.0,-1225000000.0,0.0,-232000000.0,-1821000000.0,-1111000000.0,-737000000.0,1080000000.0,-103000000.0,252000000.0,252000000.0,252000000.0,0.0,39000000.0,0.045,2960000000.0,379000000.0,1206000000.0,0.885,2.485,19.742,19.969,3742000000.0,0.0,25.56,2.068,2.053,2966000000.0,20887000000.0,5613000000.0,5613000000.0,788000000.0,,,,,225000000.0,2037000000.0,1.0,1988086911.0,1974000000,1996000000.0,2.843,25078000000.0,1067000000.0,82000000.0,663000000.0,12.704,2082000000.0
6,EMC,MRQ,2014-12-31,2014-12-31,2014-12-31,2018-08-31,-366000000.0,45585000000.0,,14663000000.0,30922000000.0,,10.877,-413000000.0,6343000000.0,6343000000.0,2544000000.0,1213000000.0,1.252,1.007,5469000000.0,0.0,5469000000.0,5469000000.0,10165000000.0,494000000.0,0.0,0.018,0.115,1521000000.0,2015000000.0,0.286,2015000000.0,1521000000.0,1482000000.0,0.57,0.56,0.57,21896000000.0,,21896000000.0,59957178820.0,16.0,10.72,1818000000.0,0.903,1.0,4505000000.0,0.639,18259000000.0,39000000.0,14742000000.0,,1276000000.0,8312000000.0,1978000000.0,6334000000.0,22060000000.0,11710000000.0,10350000000.0,60518178820.0,288000000.0,-399000000.0,-1537000000.0,0.0,-235000000.0,-1999000000.0,55000000.0,869000000.0,2231000000.0,1000000.0,1146000000.0,1146000000.0,1146000000.0,0.0,67000000.0,0.163,2934000000.0,1571000000.0,1696000000.0,0.202,2.764,22.299,22.194,3766000000.0,0.0,29.74,2.476,2.468,4413000000.0,22242000000.0,7049000000.0,7049000000.0,752000000.0,,,,,244000000.0,2130000000.0,1.0,2034908501.0,2013000000,2041000000.0,3.502,27326000000.0,952000000.0,336000000.0,1158000000.0,13.575,2953000000.0
7,EMC,MRQ,2014-09-30,2014-09-30,2014-09-30,2018-08-31,-198000000.0,45028000000.0,,14419000000.0,30609000000.0,,11.156,-358000000.0,6055000000.0,6055000000.0,2289000000.0,627000000.0,1.423,0.915,5494000000.0,0.0,5494000000.0,5494000000.0,9766000000.0,467000000.0,0.0,0.015,0.115,833000000.0,1300000000.0,0.216,1300000000.0,833000000.0,793000000.0,0.29,0.28,0.29,22669000000.0,,22669000000.0,59165539049.0,17.0,10.967,1342000000.0,0.66,1.0,3743000000.0,0.621,17928000000.0,40000000.0,16404000000.0,,1390000000.0,9325000000.0,2092000000.0,7233000000.0,20737000000.0,10135000000.0,10602000000.0,59358539049.0,368000000.0,-177000000.0,-169000000.0,0.0,-237000000.0,-343000000.0,-908000000.0,-373000000.0,1700000000.0,-81000000.0,587000000.0,587000000.0,587000000.0,0.0,40000000.0,0.097,2796000000.0,947000000.0,1109000000.0,0.397,2.618,22.918,23.039,3629000000.0,0.0,29.26,2.466,2.47,3185000000.0,21997000000.0,6032000000.0,6032000000.0,767000000.0,,,,,232000000.0,1990000000.0,1.0,2028658204.0,2032000000,2057000000.0,2.969,27100000000.0,970000000.0,206000000.0,1100000000.0,13.337,4284000000.0
8,EMC,MRQ,2014-06-30,2014-06-30,2014-06-30,2018-08-31,-165000000.0,44438000000.0,,13945000000.0,30493000000.0,,10.958,-325000000.0,5687000000.0,5687000000.0,2226000000.0,622000000.0,1.41,0.922,5494000000.0,0.0,5494000000.0,5494000000.0,9725000000.0,461000000.0,0.0,0.016,0.115,810000000.0,1271000000.0,0.216,1271000000.0,810000000.0,776000000.0,0.29,0.28,0.29,22321000000.0,,22321000000.0,53128872702.0,15.0,9.964,929000000.0,0.456,1.0,3654000000.0,0.621,17949000000.0,34000000.0,16406000000.0,,1397000000.0,8947000000.0,1962000000.0,6985000000.0,20582000000.0,9890000000.0,10692000000.0,53925872702.0,-604000000.0,-689000000.0,-564000000.0,0.0,-205000000.0,-980000000.0,-878000000.0,136000000.0,1254000000.0,0.0,589000000.0,589000000.0,589000000.0,0.0,33000000.0,0.1,2780000000.0,874000000.0,1186000000.0,0.397,2.416,20.829,20.905,3606000000.0,0.0,26.34,2.287,2.275,3344000000.0,21648000000.0,5880000000.0,5880000000.0,740000000.0,,,,,243000000.0,2010000000.0,1.0,2047299647.0,2037000000,2064000000.0,2.887,26489000000.0,969000000.0,187000000.0,1048000000.0,13.004,4055000000.0
9,EMC,MRQ,2014-03-31,2014-03-31,2014-03-31,2018-08-31,-228000000.0,44047000000.0,,14195000000.0,29852000000.0,,11.066,-392000000.0,6291000000.0,6291000000.0,2132000000.0,432000000.0,1.516,0.893,5494000000.0,0.0,5494000000.0,5494000000.0,9672000000.0,442000000.0,0.0,0.015,0.2,565000000.0,1007000000.0,0.184,1007000000.0,565000000.0,531000000.0,0.19,0.19,0.19,22452000000.0,,22452000000.0,54790608972.0,15.0,10.107,946000000.0,0.466,1.0,3347000000.0,0.611,17242000000.0,34000000.0,16643000000.0,,1421000000.0,8970000000.0,1964000000.0,7006000000.0,20052000000.0,9365000000.0,10687000000.0,55522608972.0,-1600000000.0,-1068000000.0,-196000000.0,-1665000000.0,-202000000.0,-2115000000.0,-820000000.0,716000000.0,1338000000.0,-3000000.0,392000000.0,392000000.0,392000000.0,0.0,40000000.0,0.072,2702000000.0,645000000.0,1070000000.0,1.053,2.473,20.556,20.924,3568000000.0,0.0,27.41,2.382,2.385,2981000000.0,21297000000.0,5479000000.0,5479000000.0,731000000.0,,,,,210000000.0,1852000000.0,1.0,2025633308.0,2029000000,2076000000.0,2.7,26805000000.0,941000000.0,139000000.0,784000000.0,13.211,4830000000.0
10,EMC,MRQ,2013-12-31,2013-12-31,2013-12-31,2018-08-31,-239000000.0,45849000000.0,,17278000000.0,28571000000.0,,10.975,-393000000.0,7891000000.0,7891000000.0,2458000000.0,1090000000.0,1.464,0.989,7159000000.0,1665000000.0,5494000000.0,7159000000.0,8979000000.0,450000000.0,0.0,0.008,0.0,1367000000.0,1817000000.0,0.272,1817000000.0,1367000000.0,1320000000.0,0.5,0.47,0.5,22301000000.0,,22301000000.0,51759845260.0,14.0,9.442,1797000000.0,0.884,1.0,4224000000.0,0.632,16204000000.0,47000000.0,17114000000.0,,1334000000.0,9697000000.0,2773000000.0,6924000000.0,22063000000.0,11799000000.0,10264000000.0,51754845260.0,736000000.0,-297000000.0,-1010000000.0,-32000000.0,-206000000.0,-1338000000.0,-96000000.0,594000000.0,2190000000.0,-20000000.0,1022000000.0,1022000000.0,1022000000.0,0.0,68000000.0,0.153,2764000000.0,1460000000.0,1434000000.0,0.0,2.321,17.914,18.094,3478000000.0,0.0,25.15,2.229,2.246,3861000000.0,21114000000.0,6682000000.0,6682000000.0,705000000.0,,,,,221000000.0,2030000000.0,1.0,2057846730.0,2032000000,2112000000.0,3.288,29645000000.0,912000000.0,298000000.0,1356000000.0,14.589,5479000000.0
11,EMC,MRQ,2013-09-30,2013-09-30,2013-09-30,2018-08-31,-291000000.0,44602000000.0,,16447000000.0,28155000000.0,,10.786,-359000000.0,7155000000.0,7155000000.0,2097000000.0,639000000.0,1.529,0.934,7160000000.0,1658000000.0,5502000000.0,7160000000.0,8509000000.0,412000000.0,0.0,0.008,0.1,825000000.0,1237000000.0,0.223,1237000000.0,825000000.0,767000000.0,0.28,0.27,0.28,22317000000.0,,22317000000.0,52848627857.0,14.0,10.002,1433000000.0,0.693,1.0,3442000000.0,0.621,16137000000.0,58000000.0,17711000000.0,,1375000000.0,10311000000.0,3442000000.0,6869000000.0,20848000000.0,10759000000.0,10089000000.0,53186627857.0,-371000000.0,-512000000.0,-847000000.0,4000000.0,-209000000.0,-1033000000.0,-1130000000.0,-259000000.0,1792000000.0,0.0,586000000.0,586000000.0,586000000.0,0.0,53000000.0,0.106,2535000000.0,907000000.0,1108000000.0,0.357,2.383,19.432,19.364,3373000000.0,0.0,25.56,2.357,2.343,2934000000.0,20298000000.0,5539000000.0,5539000000.0,686000000.0,,,,,220000000.0,1809000000.0,1.0,2080853985.0,2069000000,2165000000.0,2.677,28465000000.0,986000000.0,181000000.0,1016000000.0,13.758,5688000000.0
12,EMC,MRQ,2013-06-30,2013-06-30,2013-06-30,2018-08-31,-299000000.0,44398000000.0,,17174000000.0,27224000000.0,,10.798,-385000000.0,7526000000.0,7526000000.0,2105000000.0,750000000.0,1.634,0.905,7188000000.0,1669000000.0,5519000000.0,7188000000.0,8273000000.0,412000000.0,0.0,0.004,0.1,948000000.0,1360000000.0,0.242,1360000000.0,948000000.0,917000000.0,0.34,0.32,0.34,22590000000.0,,22590000000.0,46012546784.0,13.0,8.741,843000000.0,0.403,1.0,3509000000.0,0.625,15827000000.0,31000000.0,17724000000.0,,1233000000.0,10050000000.0,3620000000.0,6430000000.0,20440000000.0,10509000000.0,9931000000.0,49621842784.0,2222000000.0,-55000000.0,-535000000.0,5447000000.0,0.0,4939000000.0,-3931000000.0,-3491000000.0,1228000000.0,-14000000.0,701000000.0,701000000.0,701000000.0,0.0,49000000.0,0.125,2487000000.0,1022000000.0,1013000000.0,0.294,2.197,17.869,17.627,3291000000.0,0.0,23.62,2.224,2.215,3204000000.0,19922000000.0,5614000000.0,5614000000.0,695000000.0,,,,,175000000.0,1785000000.0,1.0,2100840084.0,2092000000,2174000000.0,2.684,28571000000.0,940000000.0,216000000.0,972000000.0,13.657,6665000000.0
13,EMC,MRQ,2013-03-31,2013-03-31,2013-03-31,2018-08-31,-241971000.0,38234257000.0,,12049008000.0,26185249000.0,,10.781,-271000000.0,5304305000.0,5304305000.0,2089000000.0,615000000.0,1.21,0.633,1695009000.0,1653394000.0,41615000.0,1695009000.0,8107070000.0,391000000.0,0.0,0.0,0.0,677000000.0,1068000000.0,0.198,1068000000.0,677000000.0,656000000.0,0.28,0.26,0.28,22660708000.0,,22660708000.0,47230925963.0,13.0,9.151,1442000000.0,0.686,1.0,3298000000.0,0.612,15931437000.0,21000000.0,8737866000.0,,1180011000.0,6703755000.0,1223463000.0,5480292000.0,14353676000.0,9955658000.0,4398018000.0,50274839963.0,590000000.0,-279000000.0,-281000000.0,-5000000.0,0.0,-492000000.0,-603000000.0,-53000000.0,1713000000.0,-28000000.0,580000000.0,580000000.0,580000000.0,0.0,35000000.0,0.108,2537000000.0,761000000.0,939295000.0,0.0,2.219,18.443,18.237,3170167000.0,0.0,23.89,2.285,2.282,2784197000.0,19433284000.0,5387000000.0,5387000000.0,676000000.0,,,,,203000000.0,1713000000.0,1.0,2104430304.0,2102000000,2189000000.0,2.563,22302820000.0,978002000.0,76000000.0,914561000.0,10.61,2093350000.0
14,EMC,MRQ,2012-12-31,2012-12-31,2012-12-31,2018-08-31,-208000000.0,37962000000.0,,12019000000.0,25943000000.0,,10.636,-399000000.0,4714000000.0,4714000000.0,2140000000.0,912000000.0,1.17,0.643,1710000000.0,1652000000.0,58000000.0,1710000000.0,7551000000.0,400000000.0,0.0,0.0,0.0,1219000000.0,1619000000.0,0.268,1619000000.0,1219000000.0,1198000000.0,0.42,0.39,0.42,22357000000.0,,22357000000.0,50847746307.0,14.0,9.671,1500000000.0,0.714,1.0,3890000000.0,0.645,15875000000.0,21000000.0,8809000000.0,,1201000000.0,6682000000.0,1422000000.0,5260000000.0,14380000000.0,10274000000.0,4106000000.0,53298376307.0,594000000.0,-210000000.0,-133000000.0,0.0,0.0,-364000000.0,-974000000.0,-365000000.0,1899000000.0,33000000.0,870000000.0,870000000.0,870000000.0,0.0,42000000.0,0.144,2621000000.0,1269000000.0,1041000000.0,0.0,2.384,19.502,19.313,3145000000.0,0.0,25.3,2.455,2.439,3433000000.0,18853000000.0,6030000000.0,6030000000.0,664000000.0,,,,,187000000.0,1928000000.0,1.0,2106655190.0,2102000000,2203000000.0,2.869,22087000000.0,784000000.0,328000000.0,1275000000.0,10.508,1745000000.0
15,EMC,MRQ,2012-09-30,2012-09-30,2012-09-30,2018-08-31,-155303000.0,36505718000.0,,11111417000.0,25394301000.0,,10.315,-300000000.0,4160817000.0,4160817000.0,1990000000.0,659000000.0,1.149,0.626,1710187000.0,1636907000.0,73280000.0,1710187000.0,7237730000.0,385000000.0,0.0,0.0,0.0,832000000.0,1217000000.0,0.231,1217000000.0,832000000.0,811000000.0,0.3,0.28,0.3,21703624000.0,,21703624000.0,54949336101.0,15.0,10.876,1138000000.0,0.541,1.0,3288000000.0,0.623,15781616000.0,21000000.0,8604732000.0,,1158262000.0,6419183000.0,1284855000.0,5134328000.0,13577168000.0,9668740000.0,3908428000.0,57232088101.0,170000000.0,-1364000000.0,-32000000.0,1000000.0,0.0,-116000000.0,-1144000000.0,520000000.0,1438000000.0,-8000000.0,626000000.0,626000000.0,626000000.0,0.0,33000000.0,0.119,2389000000.0,899000000.0,1074079000.0,0.0,2.637,21.24,20.977,2983446000.0,0.0,27.27,2.692,2.699,3164005000.0,17983315000.0,5278000000.0,5278000000.0,653000000.0,,,,,179000000.0,1709000000.0,1.0,2098719769.0,2104000000,2210000000.0,2.509,20724102000.0,802215000.0,185000000.0,1003429000.0,9.85,1442677000.0
16,EMC,MRQ,2012-06-30,2012-06-30,2012-06-30,2018-08-31,-203106000.0,34958908000.0,,10934534000.0,24024374000.0,,9.989,-279521000.0,3993018000.0,3993018000.0,1964000000.0,690000000.0,1.189,0.613,1710266000.0,1621577000.0,88689000.0,1710266000.0,7057862000.0,375547000.0,0.0,0.0,0.0,882000000.0,1257547000.0,0.237,1257547000.0,882000000.0,864000000.0,0.31,0.29,0.31,20937425000.0,,20937425000.0,50868771500.0,14.0,10.143,957291000.0,0.457,1.0,3347000000.0,0.63,14412959000.0,18000000.0,9069728000.0,,1029483000.0,6913060000.0,1660226000.0,5252834000.0,12830847000.0,9193469000.0,3637378000.0,53815579500.0,-680125000.0,-629895000.0,-140189000.0,-13571000.0,0.0,-328832000.0,-1567055000.0,-657639000.0,1236812000.0,-21050000.0,650000000.0,650000000.0,650000000.0,0.0,40000000.0,0.122,2400000000.0,947000000.0,880286000.0,0.0,2.57,20.124,19.868,2942110000.0,0.0,25.63,2.567,2.563,2973743000.0,17356977000.0,5311000000.0,5311000000.0,655000000.0,,,,,173452000.0,1717000000.0,1.0,2099710476.0,2096000000,2208000000.0,2.534,20545949000.0,792019000.0,214000000.0,654559000.0,9.802,1741065000.0
17,EMC,MRQ,2012-03-31,2012-03-31,2012-03-31,2018-08-31,-185692000.0,33985248000.0,,11300250000.0,22684998000.0,,9.699,-259479000.0,4671175000.0,4671175000.0,1981161000.0,625979000.0,1.272,0.636,1724367000.0,1620721000.0,103646000.0,1724367000.0,6796626000.0,367453000.0,0.0,0.0,0.0,795935000.0,1163388000.0,0.228,1163388000.0,795935000.0,777752000.0,0.28,0.27,0.28,20055353000.0,,20055353000.0,60239423737.0,18.0,12.361,1428709000.0,0.691,1.0,3113217000.0,0.611,13930539000.0,18183000.0,8220777000.0,,1034250000.0,6207368000.0,1667780000.0,4539588000.0,12746264000.0,8887124000.0,3859140000.0,61346160737.0,138125000.0,-102105000.0,180189000.0,-1697429000.0,0.0,-1340168000.0,-220945000.0,140639000.0,1688188000.0,11050000.0,586842000.0,586842000.0,586842000.0,0.0,39137000.0,0.115,2263907000.0,849310000.0,922624000.0,0.0,3.059,23.864,23.904,2879264000.0,0.0,29.88,2.993,3.015,2661923000.0,16707463000.0,5094378000.0,5094378000.0,587817000.0,,,,,94548000.0,1650197000.0,1.0,2053084362.0,2067828000,2201933000.0,2.464,20054709000.0,750172000.0,190910000.0,862925000.0,9.698,2413126000.0
18,EMC,MRQ,2011-12-31,2011-12-31,2011-12-31,2018-08-31,-235009000.0,34469267000.0,,11702223000.0,22767044000.0,,9.451,-299649000.0,4531036000.0,4531036000.0,2051446000.0,872705000.0,1.128,0.729,3424299000.0,3304974000.0,119325000.0,3424299000.0,6174050000.0,373849000.0,0.0,0.0,0.0,1040476000.0,1414325000.0,0.254,1414325000.0,1040476000.0,1006253000.0,0.41,0.38,0.41,19311614000.0,,19311614000.0,44240888165.0,14.0,9.427,1884754000.0,0.922,1.0,3523397000.0,0.632,13921085000.0,34223000.0,9065235000.0,,1009968000.0,6312093000.0,1786987000.0,4525106000.0,14070239000.0,10376210000.0,3694029000.0,43940679165.0,1407528000.0,-191752000.0,70581000.0,-24990000.0,0.0,-92295000.0,-685125000.0,-193724000.0,2184403000.0,545000.0,831709000.0,831709000.0,831709000.0,0.0,40996000.0,0.149,2385035000.0,1138362000.0,1101659000.0,0.0,2.275,17.855,17.95,2833149000.0,0.0,21.54,2.196,2.213,2937499000.0,16120621000.0,5574843000.0,5574843000.0,561980000.0,,,,,166484000.0,1794466000.0,1.0,2039957250.0,2043274000,2182476000.0,2.728,20548182000.0,852848000.0,174544000.0,846665000.0,10.056,1326013000.0
19,EMC,MRQ,2011-09-30,2011-09-30,2011-09-30,2018-08-31,-220302000.0,32430671000.0,,9947723000.0,22482948000.0,,8.718,-283506000.0,3125610000.0,3125610000.0,1913936000.0,642114000.0,0.998,0.753,3425819000.0,3280957000.0,144862000.0,3425819000.0,5724062000.0,359076000.0,0.0,0.0,0.0,821057000.0,1180133000.0,0.237,1180133000.0,821057000.0,776735000.0,0.29,0.27,0.29,17907196000.0,,17907196000.0,42894620212.0,14.0,9.501,1002884000.0,0.488,1.0,3066265000.0,0.616,14005618000.0,44322000.0,8753586000.0,,1104143000.0,6134906000.0,1635533000.0,4499373000.0,13480628000.0,9971676000.0,3508952000.0,43343217212.0,-770759000.0,-166883000.0,-720090000.0,-532000.0,0.0,-1022255000.0,-1024227000.0,-573838000.0,1286390000.0,-10667000.0,605649000.0,605649000.0,605649000.0,0.0,36465000.0,0.122,2181237000.0,885028000.0,1007805000.0,0.0,2.42,19.197,19.257,2756003000.0,0.0,20.99,2.243,2.231,2650392000.0,15288575000.0,4980201000.0,4980201000.0,548021000.0,,,,,131973000.0,1612914000.0,1.0,2064946032.0,2054007000,2207099000.0,2.425,18425053000.0,642716000.0,171086000.0,867389000.0,8.97,-23953000.0
20,EMC,MRQ,2011-06-30,2011-06-30,2011-06-30,2018-08-31,-93597000.0,32331862000.0,,10233410000.0,22098452000.0,,8.833,-533327000.0,3896369000.0,3896369000.0,1965051000.0,591627000.0,1.053,0.718,3447772000.0,3271865000.0,175907000.0,3447772000.0,5409850000.0,349803000.0,0.0,0.0,0.0,765701000.0,1115504000.0,0.23,1115504000.0,765701000.0,719225000.0,0.27,0.24,0.27,18203421000.0,,18203421000.0,56033664389.0,19.0,13.04,530103000.0,0.257,1.0,2880287000.0,0.594,13980382000.0,46476000.0,8187803000.0,,1005690000.0,5616495000.0,1436290000.0,4180205000.0,13062700000.0,9715080000.0,3347620000.0,56685996389.0,-205963000.0,-546415000.0,-33773000.0,239000.0,0.0,25535000.0,-1298453000.0,-263711000.0,1063430000.0,3525000.0,546494000.0,546494000.0,546494000.0,0.0,45133000.0,0.113,2135796000.0,744491000.0,983589000.0,0.0,3.114,26.679,26.748,2701797000.0,0.0,27.55,3.055,3.06,2620448000.0,14682926000.0,4845338000.0,4845338000.0,538891000.0,,,,,59286000.0,1575689000.0,1.0,2057567927.0,2060748000,2266465000.0,2.351,18351480000.0,634183000.0,172731000.0,885916000.0,8.905,518330000.0
21,EMC,MRQ,2011-03-31,2011-03-31,2011-03-31,2018-08-31,-56903000.0,31187432000.0,,10172458000.0,21014974000.0,,8.483,-277518000.0,4102332000.0,4102332000.0,1908567000.0,502554000.0,1.087,0.722,3450000000.0,3244134000.0,205866000.0,3450000000.0,5220677000.0,339272000.0,0.0,0.0,0.0,643766000.0,983038000.0,0.213,983038000.0,643766000.0,598787000.0,0.23,0.21,0.23,17526827000.0,,17526827000.0,54272715612.0,19.0,13.321,857259000.0,0.415,1.0,2699051000.0,0.586,13346766000.0,44979000.0,7829823000.0,,921004000.0,5368023000.0,1491454000.0,3876569000.0,12648972000.0,9358511000.0,3290461000.0,54941853612.0,-16806000.0,-14950000.0,-643718000.0,283000.0,0.0,-629985000.0,-534195000.0,-196727000.0,1134777000.0,12597000.0,477148000.0,477148000.0,477148000.0,0.0,25406000.0,0.104,2024932000.0,674119000.0,913773000.0,0.0,3.135,27.41,27.381,2565263000.0,0.0,26.56,3.098,3.095,2379175000.0,14136432000.0,4607618000.0,4607618000.0,502108000.0,,,,,103257000.0,1495931000.0,1.0,2068593886.0,2066136000,2258278000.0,2.23,17840666000.0,631809000.0,121639000.0,977354000.0,8.635,813947000.0
22,EMC,MRQ,2010-12-31,2010-12-31,2010-12-31,2018-08-31,-92617000.0,30833284000.0,,9783322000.0,21049962000.0,,8.429,-294010000.0,4119138000.0,4119138000.0,1922377000.0,652425000.0,1.043,0.714,3450000000.0,3214771000.0,235229000.0,3450000000.0,4664136000.0,304586000.0,0.0,0.0,0.0,931370000.0,1235956000.0,0.253,1235956000.0,931370000.0,885564000.0,0.3,0.29,0.3,17404040000.0,,17404040000.0,45427887721.0,17.0,11.696,1218227000.0,0.59,1.0,2966289000.0,0.607,13396917000.0,45806000.0,7389215000.0,,856405000.0,5426917000.0,1256175000.0,4170742000.0,12431279000.0,9378014000.0,3053265000.0,47183062721.0,-821454000.0,-2372831000.0,28229000.0,2577000.0,0.0,15203000.0,-2337724000.0,329117000.0,1512237000.0,-11170000.0,628559000.0,628559000.0,628559000.0,0.0,23866000.0,0.129,2022611000.0,943678000.0,1062600000.0,0.0,2.711,24.833,24.891,2528432000.0,0.0,22.9,2.773,2.767,2569523000.0,13659284000.0,4888666000.0,4888666000.0,492093000.0,,,,,112426000.0,1487045000.0,1.0,2060395752.0,2064758000,2192880000.0,2.368,17436367000.0,609832000.0,257005000.0,1182288000.0,8.445,405308000.0
23,EMC,MRQ,2010-09-30,2010-09-30,2010-09-30,2018-08-31,-120268000.0,28926908000.0,,10596233000.0,18330675000.0,,8.18,-327532000.0,4940592000.0,4940592000.0,1725297000.0,489074000.0,1.91,0.678,3185417000.0,0.0,3185417000.0,3185417000.0,4270032000.0,296525000.0,0.0,0.0,0.0,666006000.0,962531000.0,0.229,962531000.0,666006000.0,621179000.0,0.23,0.22,0.23,16817476000.0,,16817476000.0,39078487832.0,16.0,11.09,634868000.0,0.309,1.0,2486974000.0,0.59,11001001000.0,44827000.0,10622147000.0,,838622000.0,5572472000.0,1712410000.0,3860062000.0,11407072000.0,5548585000.0,5858487000.0,41706923832.0,-844220000.0,-502534000.0,-47351000.0,-240000.0,0.0,-41688000.0,-1790267000.0,-960201000.0,962400000.0,25335000.0,472516000.0,472516000.0,472516000.0,0.0,16558000.0,0.112,1839150000.0,647824000.0,827181000.0,0.0,2.48,25.094,25.074,2430679000.0,0.0,20.31,2.57,2.573,2120679000.0,13030725000.0,4212271000.0,4212271000.0,483264000.0,,,,,65840000.0,1343325000.0,1.0,2053516683.0,2055876000,2146753000.0,2.049,17925907000.0,596568000.0,148663000.0,904530000.0,8.719,5047648000.0
24,EMC,MRQ,2010-06-30,2010-06-30,2010-06-30,2018-08-31,-144859000.0,28011451000.0,,10546303000.0,17465148000.0,,7.925,-279617000.0,5784812000.0,5784812000.0,1664298000.0,440497000.0,1.949,0.683,3156376000.0,0.0,3156376000.0,3156376000.0,4092114000.0,284859000.0,0.0,0.0,0.0,607936000.0,892795000.0,0.222,892795000.0,607936000.0,563192000.0,0.21,0.2,0.21,16263318000.0,,16263318000.0,34489085897.0,17.0,10.75,477243000.0,0.233,1.0,2359199000.0,0.586,10579441000.0,44744000.0,9393075000.0,,813756000.0,4554504000.0,1015143000.0,3539361000.0,11109225000.0,5410499000.0,5698726000.0,37617632897.0,-471814000.0,-60600000.0,-154148000.0,-1188000.0,0.0,-184384000.0,-1024336000.0,-700767000.0,756860000.0,-19954000.0,426216000.0,426216000.0,426216000.0,0.0,14281000.0,0.106,1771215000.0,587984000.0,824579000.0,0.0,2.313,25.286,25.068,2286042000.0,0.0,18.3,2.422,2.418,1976311000.0,12558209000.0,4023497000.0,4023497000.0,477725000.0,,,,,84033000.0,1283651000.0,1.0,2055608355.0,2052161000,2132997000.0,1.961,17432010000.0,583425000.0,136976000.0,900474000.0,8.494,5135804000.0
25,EMC,MRQ,2010-03-31,2010-03-31,2010-03-31,2018-08-31,-109689000.0,27467963000.0,,10375125000.0,17092838000.0,,7.789,-207209000.0,6256626000.0,6256626000.0,1672173000.0,387690000.0,1.978,0.684,3128079000.0,0.0,3128079000.0,3128079000.0,3998248000.0,281580000.0,0.0,0.0,0.0,511325000.0,792905000.0,0.204,792905000.0,511325000.0,468357000.0,0.18,0.17,0.18,15975984000.0,,15975984000.0,33828935460.0,19.0,11.844,1110137000.0,0.541,1.0,2218519000.0,0.57,10596955000.0,42968000.0,8497344000.0,,851501000.0,3896217000.0,641576000.0,3254641000.0,10923896000.0,5245117000.0,5678779000.0,37031144460.0,-45873000.0,-288246000.0,-45922000.0,-1211000.0,0.0,-32958000.0,-1323722000.0,-811619000.0,1317346000.0,-6539000.0,372704000.0,372704000.0,372704000.0,0.0,14986000.0,0.096,1714719000.0,503800000.0,796688000.0,0.0,2.318,29.234,29.097,2226238000.0,0.0,18.04,2.508,2.506,1735043000.0,12131993000.0,3890692000.0,3890692000.0,434933000.0,,,,,123557000.0,1261284000.0,1.0,2052724194.0,2051030000,2119192000.0,1.897,16871008000.0,580845000.0,95653000.0,921248000.0,8.226,5130008000.0
26,EMC,MRQ,2009-12-31,2009-12-31,2009-12-31,2018-08-31,-105722000.0,26812003000.0,,10538302000.0,16273701000.0,,7.616,-216078000.0,6302499000.0,6302499000.0,1722517000.0,400972000.0,2.047,0.691,3100290000.0,0.0,3100290000.0,3100290000.0,3636766000.0,282092000.0,0.0,0.0,0.0,593480000.0,875572000.0,0.214,875572000.0,593480000.0,546909000.0,0.19,0.19,0.19,15549882000.0,,15549882000.0,33189832706.0,22.0,12.783,792579000.0,0.388,1.0,2377649000.0,0.58,10396008000.0,46571000.0,8065619000.0,,886289000.0,3085162000.0,392839000.0,2692323000.0,10751529000.0,5148167000.0,5603362000.0,35635686706.0,784140000.0,-19200000.0,140085000.0,2355000.0,0.0,224310000.0,-433960000.0,-199866000.0,1008657000.0,-14867000.0,390596000.0,390596000.0,390596000.0,0.0,10376000.0,0.095,1790019000.0,587630000.0,899298000.0,0.0,2.292,32.751,32.352,2224346000.0,0.0,17.47,2.541,2.519,2108575000.0,11759289000.0,4100166000.0,4100166000.0,424243000.0,,,,,158863000.0,1341873000.0,1.0,2039821792.0,2041724000,2103632000.0,2.008,16415995000.0,564174000.0,156313000.0,986045000.0,8.04,5390135000.0
27,EMC,MRQ,2009-09-30,2009-09-30,2009-09-30,2018-08-31,-118369000.0,25551744000.0,,9628565000.0,15923179000.0,,7.304,-142735000.0,5518359000.0,5518359000.0,1577413000.0,304868000.0,1.958,0.695,3072505000.0,0.0,3072505000.0,3072505000.0,3478478000.0,281977000.0,0.0,0.0,0.0,365009000.0,646986000.0,0.184,646986000.0,365009000.0,318782000.0,0.15,0.14,0.15,14807400000.0,,14807400000.0,31077952354.0,24.0,13.261,744914000.0,0.367,1.0,1940217000.0,0.552,10468172000.0,46227000.0,7719642000.0,,810925000.0,2909207000.0,617535000.0,2291672000.0,10285476000.0,4918076000.0,5367400000.0,34455690354.0,-904401000.0,-2500281000.0,142248000.0,27000.0,0.0,-14293000.0,-1796301000.0,846715000.0,887649000.0,18544000.0,298180000.0,298180000.0,298180000.0,0.0,6688000.0,0.085,1634648000.0,305569000.0,819204000.0,0.0,2.327,35.617,35.5,2218632000.0,0.0,17.04,2.471,2.478,1864121000.0,11368693000.0,3517630000.0,3517630000.0,422092000.0,,,,,167776000.0,1177775000.0,1.0,2022047556.0,2027347000,2065951000.0,1.735,15083572000.0,486463000.0,20602000.0,837517000.0,7.44,4710489000.0
28,EMC,MRQ,2009-06-30,2009-06-30,2009-06-30,2018-08-31,-141487000.0,24487332000.0,,10686262000.0,13801070000.0,,6.987,-174339000.0,6422760000.0,6422760000.0,1513574000.0,210616000.0,2.178,0.714,3045022000.0,0.0,3045022000.0,3045022000.0,3345998000.0,253268000.0,0.0,0.0,0.0,287435000.0,540703000.0,0.166,540703000.0,287435000.0,243277000.0,0.1,0.1,0.1,14054963000.0,,14054963000.0,23065133898.0,16.0,9.353,400049000.0,0.199,1.0,1743778000.0,0.535,7807745000.0,44158000.0,8394488000.0,,773528000.0,3601436000.0,835490000.0,2765946000.0,10038971000.0,4907361000.0,5131610000.0,26370343898.0,99308000.0,-163860000.0,75391000.0,-29000.0,0.0,71387000.0,-572957000.0,-233704000.0,574388000.0,26490000.0,205232000.0,205232000.0,205232000.0,0.0,5384000.0,0.063,1482319000.0,261459000.0,957514000.0,0.0,1.876,24.816,25.192,2229053000.0,0.0,13.1,1.865,1.864,1855986000.0,11070513000.0,3257352000.0,3257352000.0,397881000.0,,,,,115945000.0,1051204000.0,1.0,2013003351.0,2011508000,2030048000.0,1.619,16679587000.0,457193000.0,38045000.0,681033000.0,8.292,5778901000.0
29,EMC,MRQ,2009-03-31,2009-03-31,2009-03-31,2018-08-31,-200459000.0,23902099000.0,,10596161000.0,13305938000.0,,6.757,-182947000.0,6323452000.0,6323452000.0,1467507000.0,205345000.0,2.166,0.735,3018242000.0,0.0,3018242000.0,3018242000.0,3349460000.0,255798000.0,0.0,0.0,0.0,277427000.0,533225000.0,0.169,533225000.0,277427000.0,231884000.0,0.1,0.1,0.1,13574831000.0,,13574831000.0,20541698368.0,13.0,7.645,680744000.0,0.339,1.0,1683255000.0,0.534,7780732000.0,45543000.0,7925175000.0,,820504000.0,3461514000.0,928277000.0,2533237000.0,9978424000.0,4890982000.0,5087442000.0,22935383368.0,479767000.0,0.0,8637000.0,-18219000.0,0.0,-69482000.0,-292270000.0,-110377000.0,863691000.0,-22172000.0,194069000.0,194069000.0,194069000.0,0.0,11276000.0,0.062,1423638000.0,259617000.0,1004935000.0,0.0,1.69,18.838,19.0,2192096000.0,0.0,11.4,1.576,1.573,1700096000.0,10865281000.0,3150762000.0,3150762000.0,383293000.0,,,,,111871000.0,1024773000.0,1.0,2011875734.0,2008915000,2021062000.0,1.568,16121367000.0,511680000.0,37815000.0,708774000.0,8.025,5705179000.0
30,EMC,MRQ,2008-12-31,2008-12-31,2008-12-31,2018-08-31,-179952000.0,23874575000.0,,10665029000.0,13209546000.0,,6.627,-291365000.0,5843685000.0,5843685000.0,1790954000.0,287640000.0,2.044,0.767,2991943000.0,0.0,2991943000.0,2991943000.0,3192384000.0,271640000.0,0.0,0.0,0.0,350999000.0,622639000.0,0.155,622639000.0,350999000.0,306258000.0,0.13,0.13,0.13,13328443000.0,,13328443000.0,19342993270.0,11.0,6.935,775381000.0,0.386,1.0,2225684000.0,0.554,7842415000.0,44741000.0,7961982000.0,,842803000.0,3333785000.0,963292000.0,2370493000.0,10218625000.0,5218436000.0,5000189000.0,21366693270.0,369985000.0,-47303000.0,-305229000.0,31109000.0,0.0,149291000.0,-798376000.0,-491586000.0,1066746000.0,-47676000.0,269922000.0,269922000.0,269922000.0,0.0,17718000.0,0.067,1872024000.0,353660000.0,1169726000.0,0.0,1.603,16.757,16.887,2223007000.0,0.0,10.47,1.436,1.442,2252640000.0,10671212000.0,4016638000.0,4016638000.0,434521000.0,,,,,142112000.0,1211120000.0,1.0,2040753894.0,2011168000,2034064000.0,1.997,16032160000.0,477101000.0,36336000.0,781771000.0,7.972,5446593000.0
31,EMC,MRQ,2008-09-30,2008-09-30,2008-09-30,2018-08-31,-50688000.0,23119029000.0,,9726964000.0,13392065000.0,,6.374,-254210000.0,5473700000.0,5473700000.0,1656872000.0,406544000.0,2.182,0.748,3450000000.0,0.0,3450000000.0,3450000000.0,3094596000.0,268179000.0,0.0,0.0,0.0,501221000.0,769400000.0,0.207,769400000.0,501221000.0,456720000.0,0.19,0.19,0.19,13057640000.0,,13057640000.0,22994168717.0,11.0,7.562,707263000.0,0.345,1.0,2058720000.0,0.554,7875750000.0,44501000.0,8760904000.0,,980939000.0,2887559000.0,392780000.0,2494779000.0,9766100000.0,4458675000.0,5307425000.0,24763515717.0,254353000.0,-73430000.0,-412482000.0,-94000.0,0.0,-371053000.0,-330710000.0,-3070000.0,961473000.0,-5357000.0,393411000.0,393411000.0,393411000.0,0.0,13133000.0,0.106,1601083000.0,457637000.0,893392000.0,0.0,1.896,16.913,16.845,2190343000.0,0.0,11.96,1.686,1.668,2064551000.0,10527872000.0,3715592000.0,3715592000.0,410793000.0,,,,,110830000.0,1172579000.0,1.0,2070528070.0,2048594000,2077474000.0,1.814,15243279000.0,478496000.0,63309000.0,606880000.0,7.441,5268289000.0
32,EMC,MRQ,2008-06-30,2008-06-30,2008-06-30,2018-08-31,-25457000.0,22876752000.0,,9808767000.0,13067985000.0,,6.289,-244464000.0,5219347000.0,5219347000.0,1645304000.0,367837000.0,2.241,0.747,3450000000.0,0.0,3450000000.0,3450000000.0,3073078000.0,263073000.0,0.0,0.0,0.0,498600000.0,761673000.0,0.207,761673000.0,498600000.0,454556000.0,0.18,0.17,0.18,12941054000.0,,12941054000.0,28839261079.0,13.0,9.157,374113000.0,0.182,1.0,2028570000.0,0.552,7840655000.0,44044000.0,8888920000.0,,972032000.0,2909996000.0,642598000.0,2267398000.0,9672132000.0,4377830000.0,5294302000.0,30367707079.0,240901000.0,-266979000.0,-883000.0,-791000.0,0.0,168086000.0,-532340000.0,-23927000.0,618577000.0,-13422000.0,360124000.0,360124000.0,360124000.0,0.0,7713000.0,0.098,1580987000.0,447583000.0,825531000.0,0.0,2.347,19.42,19.329,2168760000.0,0.0,14.69,2.127,2.118,2190188000.0,10116595000.0,3673874000.0,3673874000.0,442502000.0,,,,,60216000.0,1135674000.0,1.0,2067236697.0,2057766000,2094795000.0,1.785,15036097000.0,475820000.0,94432000.0,578213000.0,7.307,5430937000.0
33,EMC,MRQ,2008-03-31,2008-03-31,2008-03-31,2018-08-31,-2964000.0,22216042000.0,,9310094000.0,12905948000.0,,5.963,-200833000.0,4978446000.0,4978446000.0,1560664000.0,257808000.0,2.154,0.778,3450000000.0,0.0,3450000000.0,3450000000.0,2972630000.0,254619000.0,0.0,0.0,0.0,381035000.0,635654000.0,0.183,635654000.0,381035000.0,337966000.0,0.12,0.12,0.12,12374406000.0,,12374406000.0,29089958111.0,14.0,9.511,717459000.0,0.346,1.0,1909395000.0,0.55,7713894000.0,43069000.0,8651105000.0,,953085000.0,2881998000.0,635056000.0,2246942000.0,9631677000.0,4322597000.0,5309080000.0,30122169111.0,496235000.0,-337809000.0,-529847000.0,-2668000.0,0.0,-480335000.0,46494000.0,588166000.0,918292000.0,11784000.0,251647000.0,251647000.0,251647000.0,0.0,6161000.0,0.073,1599339000.0,310056000.0,881481000.0,0.0,2.434,19.585,19.378,2141922000.0,0.0,14.34,2.195,2.168,1897712000.0,9739127000.0,3470059000.0,3470059000.0,433514000.0,,,,,90576000.0,1082215000.0,1.0,2100569673.0,2075152000,2110805000.0,1.672,14502148000.0,515122000.0,86319000.0,628070000.0,6.988,4987497000.0
34,EMC,MRQ,2007-12-31,2007-12-31,2007-12-31,2018-08-31,-8449000.0,22284654000.0,,10053102000.0,12231552000.0,,6.002,-266273000.0,4482211000.0,4482211000.0,1711843000.0,474486000.0,2.281,0.765,3450000000.0,0.0,3450000000.0,3450000000.0,2778303000.0,248106000.0,0.0,0.0,0.0,625899000.0,874005000.0,0.228,874005000.0,625899000.0,510472000.0,0.22,0.21,0.22,12521317000.0,,12521317000.0,37784097341.0,18.0,12.453,712436000.0,0.341,1.0,2118931000.0,0.553,7471583000.0,115427000.0,9372652000.0,,877243000.0,3470275000.0,1644703000.0,1825572000.0,9574349000.0,4408208000.0,5166141000.0,38880107341.0,-63799000.0,-333429000.0,-121937000.0,-12544000.0,0.0,-97949000.0,-946367000.0,-357525000.0,978709000.0,1808000.0,459031000.0,459031000.0,459031000.0,0.0,15455000.0,0.12,1567697000.0,551234000.0,840886000.0,0.0,3.105,24.316,24.065,2159396000.0,0.0,18.53,2.939,2.913,2307512000.0,9470289000.0,3830774000.0,3830774000.0,402970000.0,,,,,59683000.0,1128875000.0,1.0,2098224897.0,2086301000,2209827000.0,1.836,14813071000.0,475544000.0,51441000.0,681230000.0,7.1,5644894000.0
35,EMC,MRQ,2007-09-30,2007-09-30,2007-09-30,2018-08-31,-34002000.0,21221975000.0,,9380636000.0,11841339000.0,,5.714,-242556000.0,4546010000.0,4546010000.0,1478110000.0,492920000.0,2.296,0.77,3450000000.0,0.0,3450000000.0,3450000000.0,2522948000.0,230908000.0,0.0,0.0,0.0,647247000.0,878155000.0,0.266,878155000.0,647247000.0,629310000.0,0.24,0.23,0.24,11888712000.0,,11888712000.0,43919527266.0,24.0,16.229,475089000.0,0.228,1.0,1821644000.0,0.552,7351503000.0,17937000.0,8688779000.0,,886729000.0,2981298000.0,1281930000.0,1699368000.0,9159916000.0,4085683000.0,5074233000.0,43623622266.0,1391915000.0,-197572000.0,-26381000.0,16938000.0,0.0,1269416000.0,-608962000.0,-164834000.0,717645000.0,13816000.0,492920000.0,492920000.0,492920000.0,0.0,0.0,0.149,1374460000.0,447184000.0,805592000.0,0.0,3.669,28.536,28.493,2106207000.0,0.0,20.8,3.458,3.431,1920172000.0,8944555000.0,3299754000.0,3299754000.0,383600000.0,,,,,78070000.0,983774000.0,1.0,2097289532.0,2080507000,2177259000.0,1.586,13870472000.0,447224000.0,136390000.0,705739000.0,6.667,5294953000.0
36,EMC,MRQ,2007-06-30,2007-06-30,2007-06-30,2018-08-31,-61248000.0,19084833000.0,,7783362000.0,11301471000.0,,5.138,-199810000.0,3154095000.0,3154095000.0,1423859000.0,334407000.0,2.051,0.794,3450000000.0,0.0,3450000000.0,3450000000.0,2371532000.0,225412000.0,0.0,0.0,0.0,445316000.0,670728000.0,0.215,670728000.0,445316000.0,427180000.0,0.16,0.16,0.16,10638304000.0,,10638304000.0,39084663708.0,25.0,16.206,421755000.0,0.204,1.0,1700813000.0,0.544,7087269000.0,18136000.0,8498013000.0,,823281000.0,2780861000.0,1436863000.0,1343998000.0,8446529000.0,3795456000.0,4651073000.0,37982037708.0,806721000.0,-157741000.0,-137552000.0,-3366000.0,0.0,-121046000.0,318603000.0,682154000.0,621565000.0,-12401000.0,334407000.0,334407000.0,334407000.0,0.0,0.0,0.107,1306347000.0,394466000.0,690016000.0,0.0,3.57,28.786,29.194,2081447000.0,0.0,18.1,3.131,3.09,1669203000.0,8451635000.0,3124672000.0,3124672000.0,384966000.0,,,,,67334000.0,924349000.0,1.0,2098455122.0,2070636000,2121645000.0,1.509,11997564000.0,546604000.0,92773000.0,300872000.0,5.794,3987906000.0
37,EMC,MRQ,2007-03-31,2007-03-31,2007-03-31,2018-08-31,-44825000.0,18622308000.0,,7319663000.0,11302645000.0,,4.971,-222446000.0,2347374000.0,2347374000.0,1405065000.0,312607000.0,1.944,0.801,3450000000.0,0.0,3450000000.0,3450000000.0,2284867000.0,212848000.0,0.0,0.0,0.0,398507000.0,611355000.0,0.205,611355000.0,398507000.0,380214000.0,0.15,0.15,0.15,10339778000.0,,10339778000.0,30819364130.0,21.0,13.692,586237000.0,0.282,1.0,1569940000.0,0.528,6952049000.0,18293000.0,9007244000.0,,824841000.0,3472595000.0,1936816000.0,1535779000.0,8282530000.0,3765641000.0,4516889000.0,29197470130.0,519268000.0,-3261000.0,-385350000.0,1609000.0,0.0,-370929000.0,73829000.0,300396000.0,808683000.0,7685000.0,312607000.0,312607000.0,312607000.0,0.0,0.0,0.105,1223572000.0,346368000.0,726755000.0,0.0,2.824,23.097,23.879,2075989000.0,0.0,13.85,2.521,2.488,1542351000.0,8113609000.0,2975005000.0,2975005000.0,355392000.0,,,,,70535000.0,875690000.0,1.0,2108120587.0,2080039000,2121826000.0,1.43,11670259000.0,528974000.0,67607000.0,241018000.0,5.611,3554022000.0
38,EMC,MRQ,2006-12-31,2006-12-31,2006-12-31,2018-08-31,-54563000.0,18566247000.0,,6520587000.0,12045660000.0,,4.863,-252322000.0,1828106000.0,1828106000.0,1476449000.0,388769000.0,1.781,0.798,3450000000.0,0.0,3450000000.0,3450000000.0,2105795000.0,208197000.0,0.0,0.0,0.0,337740000.0,545937000.0,0.17,545937000.0,337740000.0,312055000.0,0.18,0.18,0.18,10325707000.0,,10325707000.0,29813392221.0,21.0,13.622,400605000.0,0.189,1.0,1738125000.0,0.541,7020710000.0,25685000.0,9505669000.0,,834800000.0,3768215000.0,1521925000.0,2246290000.0,8240540000.0,3661762000.0,4578778000.0,29071712221.0,369786000.0,-154189000.0,-1077329000.0,1191007000.0,0.0,-156265000.0,-157217000.0,249294000.0,652927000.0,30341000.0,388769000.0,388769000.0,388769000.0,0.0,0.0,0.121,1450658000.0,287467000.0,680263000.0,0.0,2.815,23.682,24.0,2035559000.0,0.0,13.2,2.606,2.661,1692214000.0,7798112000.0,3214574000.0,3214574000.0,358973000.0,,,,,91188000.0,913948000.0,1.0,2202402441.0,2123253000,2163121000.0,1.514,11545537000.0,522592000.0,-76714000.0,283148000.0,5.438,2858825000.0
39,EMC,MRQ,2006-09-30,2006-09-30,2006-09-30,2018-08-31,-29567000.0,18065951000.0,,5639050000.0,12426901000.0,,4.948,-246474000.0,1458320000.0,1458320000.0,1331567000.0,283664000.0,0.936,0.648,2200000000.0,2200000000.0,0.0,2200000000.0,1988933000.0,191324000.0,0.0,0.0,0.0,392343000.0,583667000.0,0.207,583667000.0,392343000.0,386536000.0,0.13,0.13,0.13,10960680000.0,,10960680000.0,25975500371.0,17.0,11.437,211821000.0,0.096,1.0,1483739000.0,0.527,6969032000.0,5807000.0,5815172000.0,,895091000.0,4020769000.0,1211177000.0,2809592000.0,7105271000.0,6023427000.0,1081844000.0,27535884371.0,-102064000.0,-2167457000.0,-1074575000.0,2199858000.0,0.0,1127592000.0,-1682687000.0,738194000.0,458295000.0,-5264000.0,283664000.0,283664000.0,283664000.0,0.0,0.0,0.101,1142556000.0,341183000.0,745678000.0,0.0,2.512,27.998,27.227,1970318000.0,0.0,11.98,2.585,2.491,1449757000.0,7405724000.0,2815306000.0,2815306000.0,312302000.0,,,,,95263000.0,809086000.0,1.0,2298487844.0,2215039000,2240291000.0,1.271,11096919000.0,372398000.0,102872000.0,706641000.0,5.01,-384377000.0
40,EMC,MRQ,2006-06-30,2006-06-30,2006-06-30,2018-08-31,-75503000.0,16057864000.0,,5414373000.0,10643491000.0,,5.019,-202791000.0,1560384000.0,1560384000.0,1216531000.0,279093000.0,1.524,0.387,0.0,0.0,0.0,0.0,1960386000.0,183247000.0,0.0,0.0,0.0,326715000.0,509962000.0,0.198,509962000.0,326715000.0,326094000.0,0.12,0.12,0.12,11575675000.0,,11575675000.0,24503298199.0,15.0,10.785,189233000.0,0.082,1.0,1357992000.0,0.527,4670654000.0,621000.0,6274485000.0,,763771000.0,4724663000.0,1237614000.0,3487049000.0,4482189000.0,3552341000.0,929848000.0,25939490199.0,-2401000.0,-277971000.0,-932263000.0,-127067000.0,0.0,-1055912000.0,636418000.0,1123390000.0,392024000.0,25069000.0,279093000.0,279093000.0,279093000.0,0.0,0.0,0.108,1092990000.0,265002000.0,616686000.0,0.0,2.241,23.129,22.388,1836399000.0,0.0,10.97,2.543,2.48,1264519000.0,7122060000.0,2574523000.0,2574523000.0,299429000.0,,,,,94904000.0,782016000.0,1.0,2364584339.0,2306457000,2341785000.0,1.116,11387210000.0,348122000.0,47001000.0,542669000.0,4.937,1862032000.0
41,EMC,MRQ,2006-03-31,2006-03-31,2006-03-31,2018-08-31,-76898000.0,16662056000.0,,6001548000.0,10660508000.0,,5.154,-209403000.0,1562785000.0,1562785000.0,1217344000.0,272456000.0,1.65,0.375,126593000.0,126593000.0,0.0,126593000.0,1931251000.0,181394000.0,0.0,0.0,0.0,363971000.0,545365000.0,0.214,545365000.0,363971000.0,361961000.0,0.12,0.11,0.12,12115191000.0,,12115191000.0,30199702451.0,18.0,12.966,427775000.0,0.182,1.0,1333343000.0,0.523,4420324000.0,2010000.0,7169069000.0,,693466000.0,5868626000.0,2042374000.0,3826252000.0,4546865000.0,3636471000.0,910394000.0,32395109451.0,-759585000.0,-18759000.0,-313448000.0,-244000.0,0.0,-307383000.0,-1093174000.0,-857312000.0,637178000.0,3794000.0,272456000.0,272456000.0,272456000.0,0.0,0.0,0.107,1027803000.0,305540000.0,639964000.0,0.0,2.674,28.522,27.816,1800920000.0,0.0,13.63,3.249,3.213,1201812000.0,6842967000.0,2550687000.0,2550687000.0,283489000.0,,,,,97307000.0,748224000.0,1.0,2376750510.0,2350606000,2400312000.0,1.085,12241732000.0,330610000.0,89505000.0,582296000.0,5.208,2365077000.0
42,EMC,MRQ,2005-12-31,2005-12-31,2005-12-31,2018-08-31,-63687000.0,16790383000.0,,6573976000.0,10216407000.0,,5.11,-228084000.0,2322370000.0,2322370000.0,1225928000.0,148295000.0,1.789,0.392,126963000.0,0.0,126963000.0,126963000.0,1805149000.0,165085000.0,0.0,0.0,0.0,467005000.0,632090000.0,0.233,632090000.0,467005000.0,464940000.0,0.07,0.07,0.07,12065430000.0,,12065430000.0,31220494534.0,19.0,13.573,368963000.0,0.156,1.0,1484339000.0,0.548,4446531000.0,2065000.0,6474587000.0,,724751000.0,5033084000.0,1615495000.0,3417589000.0,4724953000.0,3673858000.0,1051095000.0,32561222534.0,854109000.0,-333706000.0,-289428000.0,-691000.0,0.0,-290119000.0,526628000.0,1108418000.0,597047000.0,20553000.0,148295000.0,148295000.0,148295000.0,0.0,0.0,0.055,1073293000.0,411046000.0,583756000.0,0.0,2.699,28.735,28.375,1754035000.0,0.0,13.62,3.369,3.358,1405564000.0,6570511000.0,2710267000.0,2710267000.0,262470000.0,,,,,31204000.0,706358000.0,1.0,2390691816.0,2360966000,2411600000.0,1.148,12343852000.0,326318000.0,316645000.0,820886000.0,5.228,2900118000.0
43,EMC,MRQ,2005-09-30,2005-09-30,2005-09-30,2018-08-31,-65549000.0,16345507000.0,,6857860000.0,9487647000.0,,5.096,-203982000.0,1468261000.0,1468261000.0,1088125000.0,421672000.0,2.219,0.346,127533000.0,198000.0,127335000.0,127533000.0,1704128000.0,158373000.0,0.0,0.0,0.0,426254000.0,584627000.0,0.247,584627000.0,426254000.0,424347000.0,0.18,0.17,0.18,12148055000.0,,12148055000.0,29469127027.0,18.0,13.165,386443000.0,0.162,1.0,1277617000.0,0.54,4092104000.0,1907000.0,7822278000.0,,756245000.0,6152136000.0,2996492000.0,3155644000.0,4197452000.0,3090397000.0,1107055000.0,31193614027.0,-384182000.0,-87832000.0,-316634000.0,-2914000.0,0.0,-319548000.0,-652861000.0,-354992000.0,590425000.0,-2198000.0,421672000.0,421672000.0,421672000.0,0.0,0.0,0.178,899349000.0,378268000.0,517523000.0,0.0,2.568,23.896,23.963,1679572000.0,0.0,12.94,3.35,3.313,1166175000.0,6422216000.0,2365742000.0,2365742000.0,254720000.0,,,,,27915000.0,641219000.0,1.0,2410634778.0,2383770000,2433079000.0,0.992,12253403000.0,295986000.0,2675000.0,630523000.0,5.14,3767463000.0
44,EMC,MRQ,2005-06-30,2005-06-30,2005-06-30,2018-08-31,-51190000.0,16173702000.0,,5908744000.0,10264958000.0,,5.029,-195771000.0,1852443000.0,1852443000.0,1088173000.0,293364000.0,1.884,0.345,127956000.0,249000.0,127707000.0,127956000.0,1625849000.0,163921000.0,0.0,0.0,0.0,403071000.0,566992000.0,0.242,566992000.0,403071000.0,401088000.0,0.12,0.12,0.12,12028004000.0,,12028004000.0,31385443215.0,21.0,14.829,232623000.0,0.097,1.0,1256642000.0,0.536,4023859000.0,1983000.0,7289306000.0,,696738000.0,5821823000.0,1720592000.0,4101231000.0,4145698000.0,3136050000.0,1009648000.0,32941970215.0,167484000.0,-9221000.0,-41423000.0,-15000.0,0.0,-41438000.0,-195792000.0,10300000.0,428394000.0,-23680000.0,293364000.0,293364000.0,293364000.0,0.0,0.0,0.125,897065000.0,359577000.0,479751000.0,0.0,2.739,29.899,30.467,1619452000.0,0.0,13.71,3.671,3.654,1163935000.0,6000544000.0,2344815000.0,2344815000.0,253342000.0,,,,,37066000.0,642654000.0,1.0,2402769527.0,2391826000,2442359000.0,0.98,12149843000.0,302153000.0,107724000.0,667863000.0,5.08,2772694000.0
45,EMC,MRQ,2005-03-31,2005-03-31,2005-03-31,2018-08-31,-69846000.0,15804865000.0,,5210939000.0,10593926000.0,,4.894,-140417000.0,1684959000.0,1684959000.0,1068910000.0,269834000.0,1.703,0.348,128432000.0,351000.0,128081000.0,128432000.0,1586226000.0,152595000.0,0.0,0.0,0.0,363901000.0,516496000.0,0.23,516496000.0,363901000.0,361868000.0,0.11,0.11,0.11,11723686000.0,,11723686000.0,28269212995.0,21.0,14.307,460013000.0,0.192,1.0,1174221000.0,0.523,4042832000.0,2033000.0,7145541000.0,,594260000.0,5811763000.0,1377973000.0,4433790000.0,4081179000.0,3059965000.0,1021214000.0,29617376995.0,208156000.0,-252904000.0,-92638000.0,119000.0,0.0,-92519000.0,-289660000.0,104661000.0,600430000.0,-10095000.0,269834000.0,269834000.0,269834000.0,0.0,0.0,0.12,853315000.0,320906000.0,525344000.0,0.0,2.526,29.581,30.049,1583976000.0,0.0,12.32,3.443,3.431,1085260000.0,5707180000.0,2243131000.0,2243131000.0,234297000.0,,,,,27986000.0,615746000.0,1.0,2404007873.0,2395509000,2443455000.0,0.936,11762033000.0,307280000.0,92034000.0,608217000.0,4.91,2150974000.0
46,EMC,MRQ,2004-12-31,2004-12-31,2004-12-31,2018-08-31,-34922000.0,15422906000.0,,4830926000.0,10591980000.0,,4.815,-151370000.0,1476803000.0,1476803000.0,1121984000.0,320545000.0,1.638,0.338,128456000.0,0.0,128456000.0,128456000.0,1501487000.0,165434000.0,0.0,0.0,0.0,404894000.0,570328000.0,0.242,570328000.0,404894000.0,402953000.0,0.13,0.13,0.13,11523287000.0,,11523287000.0,34187887169.0,29.0,18.9,497716000.0,0.208,1.0,1235812000.0,0.524,3783892000.0,1941000.0,7341967000.0,,514065000.0,5963963000.0,1236726000.0,4727237000.0,3899619000.0,2948700000.0,950919000.0,35632663169.0,90208000.0,-46394000.0,-13537000.0,-920000.0,0.0,-14457000.0,-554159000.0,-336143000.0,649086000.0,9738000.0,320545000.0,320545000.0,320545000.0,0.0,0.0,0.136,872234000.0,363578000.0,522770000.0,0.0,3.092,40.901,41.306,1571810000.0,0.0,14.87,4.33,4.341,1162387000.0,5437346000.0,2357796000.0,2357796000.0,222488000.0,,,,,78687000.0,625731000.0,1.0,2396278626.0,2393144000,2446532000.0,0.985,11639014000.0,289810000.0,82408000.0,546372000.0,4.863,1882226000.0
47,EMC,MRQ,2004-09-30,2004-09-30,2004-09-30,2018-08-31,-26047000.0,14793750000.0,,4359873000.0,10433877000.0,,4.67,-125587000.0,1573670000.0,1573670000.0,985678000.0,218035000.0,1.585,0.322,128894000.0,62000.0,128832000.0,128894000.0,1407027000.0,153812000.0,0.0,0.0,0.0,308868000.0,462680000.0,0.228,462680000.0,308868000.0,306988000.0,0.09,0.09,0.09,11191963000.0,,11191963000.0,26320645576.0,26.0,16.346,442960000.0,0.185,1.0,1043201000.0,0.514,3778964000.0,1880000.0,6818656000.0,,547028000.0,5461051000.0,877044000.0,4584007000.0,3601787000.0,2751354000.0,850433000.0,27749910576.0,39068000.0,-6315000.0,-98775000.0,-4048000.0,0.0,-102823000.0,-426530000.0,-258988000.0,568547000.0,-126000.0,218035000.0,218035000.0,218035000.0,0.0,0.0,0.107,772706000.0,270495000.0,448427000.0,0.0,2.479,36.004,36.063,1564306000.0,0.0,11.54,3.588,3.576,950216000.0,5116801000.0,2028879000.0,2028879000.0,215708000.0,,,,,3208000.0,557450000.0,1.0,2404671627.0,2396399000,2433671000.0,0.847,11014786000.0,278417000.0,88953000.0,505386000.0,4.596,1608519000.0
48,EMC,MRQ,2004-06-30,2004-06-30,2004-06-30,2018-08-31,-46156000.0,14489432000.0,,4230467000.0,10258965000.0,,4.589,-132764000.0,1562577000.0,1562577000.0,973259000.0,192804000.0,1.561,0.313,133312000.0,4103000.0,129209000.0,133312000.0,1377701000.0,153072000.0,0.0,0.0,0.0,273311000.0,426383000.0,0.216,426383000.0,273311000.0,271589000.0,0.08,0.08,0.08,11032002000.0,,11032002000.0,26209612513.0,30.0,18.408,329333000.0,0.137,1.0,997925000.0,0.506,3749702000.0,1722000.0,6600314000.0,,544023000.0,5147560000.0,726488000.0,4421072000.0,3457430000.0,2710151000.0,747279000.0,27589254513.0,207036000.0,-8037000.0,-203804000.0,-137000.0,0.0,-203941000.0,-51613000.0,107357000.0,462097000.0,493000.0,192804000.0,192804000.0,192804000.0,0.0,0.0,0.098,760621000.0,237304000.0,433805000.0,0.0,2.501,38.76,38.0,1583240000.0,0.0,11.4,3.823,3.797,962155000.0,4898766000.0,1971184000.0,1971184000.0,205107000.0,,,,,1928000.0,548859000.0,1.0,2420110045.0,2403786000,2445902000.0,0.82,10739730000.0,323491000.0,78785000.0,471374000.0,4.468,1520316000.0
49,EMC,MRQ,2004-03-31,2004-03-31,2004-03-31,2018-08-31,4247000.0,14502261000.0,,4438802000.0,10063459000.0,,4.586,-128075000.0,1513441000.0,1513441000.0,933960000.0,139805000.0,1.646,0.309,133799000.0,4212000.0,129587000.0,133799000.0,1352856000.0,144039000.0,0.0,0.0,0.0,205473000.0,349512000.0,0.187,349512000.0,205473000.0,203500000.0,0.06,0.06,0.06,11078402000.0,,11078402000.0,31182688004.0,43.0,25.001,294490000.0,0.122,1.0,937669000.0,0.501,3788191000.0,1973000.0,6637613000.0,,545502000.0,5171583000.0,981298000.0,4190285000.0,3423859000.0,2696815000.0,727044000.0,32915044004.0,-612485000.0,-529664000.0,349000.0,-2951000.0,0.0,-2602000.0,-1032398000.0,-370322000.0,422565000.0,-50000.0,139805000.0,139805000.0,139805000.0,0.0,0.0,0.075,773226000.0,164443000.0,439857000.0,0.0,2.971,54.792,52.346,1593939000.0,0.0,13.61,4.895,4.889,994407000.0,4705962000.0,1871629000.0,1871629000.0,204596000.0,,,,,22194000.0,534625000.0,1.0,2418445555.0,2415550000,2467209000.0,0.775,10714070000.0,310401000.0,63695000.0,448307000.0,4.435,1741987000.0
50,EMC,MRQ,2003-12-31,2003-12-31,2003-12-31,2018-08-31,2197000.0,14092860000.0,,4687304000.0,9405556000.0,,4.761,-131063000.0,1752976000.0,1752976000.0,937472000.0,220097000.0,1.841,0.295,137070000.0,7104000.0,129966000.0,137070000.0,1130340000.0,130788000.0,0.0,0.0,0.0,240885000.0,371673000.0,0.2,371673000.0,240885000.0,240566000.0,0.09,0.1,0.09,10884721000.0,,10884721000.0,26639799268.0,46.0,24.334,380222000.0,0.166,1.0,925038000.0,0.497,3186972000.0,319000.0,6743453000.0,,514015000.0,5154609000.0,1044698000.0,4109911000.0,3208139000.0,2546529000.0,661610000.0,28237179268.0,516460000.0,335503000.0,36293000.0,-2448000.0,0.0,33845000.0,-42919000.0,-214299000.0,511285000.0,14249000.0,220097000.0,220097000.0,220097000.0,0.0,0.0,0.118,722160000.0,202878000.0,414251000.0,0.0,2.594,56.917,58.727,1610182000.0,0.0,12.92,4.528,4.581,952421000.0,4566157000.0,1862510000.0,1862510000.0,188410000.0,,,,,7422000.0,488187000.0,1.0,2185540191.0,2286139000,2325934000.0,0.815,10905888000.0,343765000.0,20469000.0,436434000.0,4.77,2140775000.0
51,EMC,MRQ,2003-09-30,2003-09-30,2003-09-30,2018-08-31,-87613000.0,10055668000.0,,4206035000.0,5849633000.0,,3.411,-113107000.0,1606769000.0,1606769000.0,835730000.0,159089000.0,1.93,0.348,9389000.0,9389000.0,0.0,9389000.0,877383000.0,124240000.0,0.0,0.0,0.0,152030000.0,276270000.0,0.183,276270000.0,152030000.0,151358000.0,0.07,0.07,0.07,7457990000.0,,7457990000.0,25816464334.0,106.0,32.634,285418000.0,0.131,1.0,675117000.0,0.447,654216000.0,672000.0,5625093000.0,,525763000.0,4584638000.0,1007053000.0,3577585000.0,2597678000.0,2178979000.0,418699000.0,27708286334.0,-297789000.0,-11573000.0,-91706000.0,-3419000.0,0.0,-95125000.0,-597904000.0,-452109000.0,398525000.0,-3285000.0,159089000.0,159089000.0,159089000.0,0.0,0.0,0.105,568560000.0,106557000.0,392251000.0,0.0,3.715,130.641,126.3,1564999000.0,0.0,12.63,4.725,4.709,722334000.0,4346060000.0,1510847000.0,1510847000.0,172858000.0,,,,,3093000.0,390164000.0,1.0,2193846899.0,2186213000,2213875000.0,0.691,9401452000.0,291405000.0,-7731000.0,367690000.0,4.3,2027056000.0
52,EMC,MRQ,2003-06-30,2003-06-30,2003-06-30,2018-08-31,-59217000.0,9928553000.0,,4497263000.0,5431290000.0,,3.376,-134148000.0,1904558000.0,1904558000.0,835218000.0,81739000.0,2.039,0.345,12736000.0,12736000.0,0.0,12736000.0,776851000.0,128424000.0,0.0,0.0,0.0,121378000.0,249802000.0,0.169,249802000.0,121378000.0,120203000.0,0.04,0.04,0.04,7383163000.0,,7383163000.0,21425520177.0,1243.0,35.602,370494000.0,0.169,1.0,644082000.0,0.435,599029000.0,1175000.0,5232440000.0,,523148000.0,4156982000.0,969477000.0,3187505000.0,2545390000.0,2205262000.0,340128000.0,22897855177.0,410273000.0,0.0,35937000.0,-10970000.0,0.0,24967000.0,-123686000.0,18088000.0,504642000.0,4350000.0,81739000.0,81739000.0,81739000.0,0.0,0.0,0.055,573890000.0,70192000.0,376880000.0,0.0,3.101,308.318,261.75,1577440000.0,0.0,10.47,4.08,4.08,734255000.0,4186971000.0,1479300000.0,1479300000.0,176788000.0,,,,,0.0,393262000.0,1.0,2186996674.0,2187267000,2210614000.0,0.676,9329524000.0,304342000.0,38464000.0,438393000.0,4.265,2292001000.0
53,EMC,MRQ,2003-03-31,2003-03-31,2003-03-31,2018-08-31,-59125000.0,9579632000.0,,4202797000.0,5376835000.0,,3.321,-103654000.0,1494285000.0,1494285000.0,786330000.0,35183000.0,2.045,0.319,21950000.0,21950000.0,0.0,21950000.0,671649000.0,137246000.0,0.0,0.0,0.0,59760000.0,197006000.0,0.142,197006000.0,59760000.0,58896000.0,0.02,0.02,0.02,7263188000.0,,7263188000.0,14145000314.0,-119.0,27.533,3124000.0,0.001,1.0,597821000.0,0.432,587474000.0,864000.0,5464600000.0,,572327000.0,4182227000.0,1010818000.0,3171409000.0,2316444000.0,2055223000.0,261221000.0,15804091314.0,-192313000.0,0.0,5093000.0,-8833000.0,0.0,-3740000.0,-294885000.0,-191231000.0,106778000.0,-466000.0,35183000.0,35183000.0,35183000.0,0.0,0.0,0.025,591198000.0,6623000.0,443528000.0,0.0,2.176,-2371.562,,1578927000.0,0.0,7.23,2.863,2.864,789858000.0,4105232000.0,1384151000.0,1384151000.0,180414000.0,,,,,0.0,384551000.0,1.0,2185904746.0,2186771000,2199955000.0,0.633,8992158000.0,295003000.0,23713000.0,207420000.0,4.112,2147574000.0
54,EMC,MRQ,2002-12-31,2002-12-31,2002-12-31,2018-08-31,-53488000.0,9590447000.0,,4217248000.0,5373199000.0,,3.296,-116649000.0,1686598000.0,1686598000.0,901631000.0,-63916000.0,2.066,0.327,27507000.0,27507000.0,0.0,27507000.0,604771000.0,157210000.0,0.0,0.0,0.0,-89187000.0,68023000.0,0.046,68023000.0,-89187000.0,-92258000.0,-0.03,-0.03,-0.03,7226002000.0,,7226002000.0,11803153013.0,-41.0,32.02,78337000.0,0.036,1.0,587767000.0,0.395,275236000.0,3071000.0,5614470000.0,,437805000.0,3999033000.0,864743000.0,3134290000.0,2364445000.0,2041650000.0,322795000.0,13506683013.0,141302000.0,-21993000.0,-94850000.0,-15738000.0,0.0,-110588000.0,53209000.0,192206000.0,194986000.0,3695000.0,-63916000.0,-63916000.0,-63916000.0,0.0,0.0,-0.043,746688000.0,-158921000.0,429732000.0,0.0,1.869,-113.783,-122.8,1624396000.0,0.0,6.14,2.484,2.491,881325000.0,4070049000.0,1489398000.0,1489398000.0,186796000.0,,,,,34291000.0,393054000.0,1.0,2199785507.0,2192308000,2192308000.0,0.679,9315211000.0,294123000.0,-28342000.0,187695000.0,4.249,2175598000.0
55,EMC,MRQ,2002-09-30,2002-09-30,2002-09-30,2018-08-31,7343000.0,9673406000.0,,4148297000.0,5525109000.0,,3.374,-118008000.0,1741396000.0,1741396000.0,785809000.0,21261000.0,1.932,0.301,37866000.0,37866000.0,0.0,37866000.0,483233000.0,161694000.0,0.0,0.0,0.0,-74714000.0,86980000.0,0.069,86980000.0,-74714000.0,-77477000.0,0.01,0.01,0.01,7434160000.0,,7434160000.0,8485796974.0,-28.0,23.126,317146000.0,0.144,1.0,473629000.0,0.376,558965000.0,2763000.0,5264236000.0,,515199000.0,4020590000.0,795352000.0,3225238000.0,2239246000.0,2146675000.0,92571000.0,10070299974.0,109042000.0,0.0,-31170000.0,-3545000.0,0.0,-34715000.0,-293875000.0,-151178000.0,435154000.0,2478000.0,21261000.0,21261000.0,21261000.0,0.0,0.0,0.017,621414000.0,-147785000.0,511166000.0,0.0,1.355,-80.593,-91.4,1703955000.0,0.0,4.57,1.844,1.843,753474000.0,4133965000.0,1259438000.0,1259438000.0,191683000.0,,,,,0.0,412313000.0,1.0,2203566734.0,2203063000,2207989000.0,0.572,9114441000.0,273534000.0,-98738000.0,238992000.0,4.137,2001622000.0
56,EMC,MRQ,2002-06-30,2002-06-30,2002-06-30,2018-08-31,-15479000.0,9687115000.0,,4081616000.0,5605499000.0,,3.358,-139217000.0,1632354000.0,1632354000.0,831137000.0,808000.0,1.869,0.306,47851000.0,47851000.0,0.0,47851000.0,471930000.0,175968000.0,0.0,0.0,0.0,-14232000.0,161736000.0,0.117,161736000.0,-14232000.0,-16952000.0,0.0,0.0,0.0,7415872000.0,,7415872000.0,15011071138.0,-11.0,-21.119,288490000.0,0.131,1.0,556401000.0,0.401,547726000.0,2720000.0,5370719000.0,,456935000.0,3830401000.0,591877000.0,3238524000.0,2271243000.0,2184167000.0,87076000.0,16786554138.0,-199677000.0,0.0,-169820000.0,-3402000.0,0.0,-173222000.0,-455655000.0,-316438000.0,427707000.0,1493000.0,808000.0,808000.0,808000.0,0.0,0.0,0.001,628456000.0,-72055000.0,415944000.0,,2.264,-15.38,-15.408,1773741000.0,0.0,7.55,3.1,3.079,1022836000.0,4112704000.0,1387538000.0,1387538000.0,202027000.0,,,,,0.0,420779000.0,1.0,2223384654.0,2208383000,2215903000.0,0.628,9139389000.0,307092000.0,-17760000.0,350686000.0,4.138,1897449000.0
57,EMC,MRQ,2002-03-31,2002-03-31,2002-03-31,2018-08-31,-64632000.0,9704952000.0,,4333566000.0,5371386000.0,,3.38,-143880000.0,1832031000.0,1832031000.0,800933000.0,-76859000.0,2.057,0.292,56548000.0,56548000.0,0.0,56548000.0,417373000.0,158814000.0,0.0,0.0,0.0,-106939000.0,51875000.0,0.04,51875000.0,-106939000.0,-109800000.0,-0.03,-0.03,-0.03,7509803000.0,,7509803000.0,24398065618.0,-20.0,-44.071,244007000.0,0.11,1.0,501045000.0,0.385,573952000.0,2861000.0,5248953000.0,,513704000.0,3460001000.0,526393000.0,2933608000.0,2195149000.0,2106564000.0,88585000.0,26470407618.0,-296988000.0,0.0,12841000.0,-5493000.0,0.0,7348000.0,-683972000.0,-540092000.0,387887000.0,-8251000.0,-76859000.0,-76859000.0,-76859000.0,0.0,0.0,-0.059,663509000.0,-162464000.0,437807000.0,0.0,3.525,-26.918,-27.091,1820560000.0,0.0,11.92,4.377,4.379,1072692000.0,4111896000.0,1301978000.0,1301978000.0,200951000.0,,,,,0.0,454668000.0,1.0,2220671780.0,2221685000,2221685000.0,0.586,9131000000.0,314665000.0,-32941000.0,267002000.0,4.11,2227002000.0
58,EMC,MRQ,2001-12-31,2001-12-31,2001-12-31,2018-08-31,-33007000.0,9889635000.0,,4923242000.0,4966393000.0,,3.424,-246738000.0,2129019000.0,2129019000.0,954770000.0,-70162000.0,2.259,0.301,56677000.0,56677000.0,0.0,56677000.0,369263000.0,170061000.0,0.0,0.092,0.0,-103709000.0,66352000.0,0.044,66352000.0,-103709000.0,-104519000.0,-0.03,-0.03,-0.03,7600820000.0,,7600820000.0,27963776837.0,-49.0,314.196,69248000.0,0.031,1.0,557940000.0,0.369,583110000.0,810000.0,5054769000.0,,583985000.0,2954540000.0,445428000.0,2509112000.0,2288815000.0,2179414000.0,109401000.0,29777189837.0,278421000.0,-8566000.0,44325000.0,36695000.0,0.0,81020000.0,-111808000.0,126186000.0,315986000.0,-6777000.0,-70162000.0,-70162000.0,-70162000.0,0.0,0.0,-0.046,726459000.0,-168519000.0,424132000.0,0.0,3.918,-58.65,-58.435,1827331000.0,0.0,13.44,4.2,4.191,1348569000.0,4188755000.0,1512710000.0,1512710000.0,216885000.0,,,,,-134389000.0,492963000.0,1.0,2215564720.0,2220186000,2220186000.0,0.681,9306525000.0,334437000.0,-34357000.0,315368000.0,4.192,2743828000.0
59,EMC,MRQ,2001-09-30,2001-09-30,2001-09-30,2018-08-31,14535000.0,9994595000.0,,4936256000.0,5058339000.0,,3.464,-213405000.0,1850598000.0,1850598000.0,1168445000.0,-945207000.0,2.181,0.304,37185000.0,16812000.0,20373000.0,37185000.0,317306000.0,173510000.0,0.0,0.106,0.0,-1164262000.0,-990752000.0,-0.817,-990752000.0,-1164262000.0,-1167935000.0,-0.43,-0.43,-0.43,7667414000.0,,7667414000.0,23932094253.0,77.0,25.556,83076000.0,0.038,1.0,43828000.0,0.036,499751000.0,3673000.0,5417674000.0,,865960000.0,3265939000.0,461933000.0,2804006000.0,2327181000.0,2263757000.0,63424000.0,25959834253.0,-218224000.0,-51838000.0,6944000.0,-4190000.0,0.0,2754000.0,-521954000.0,-256711000.0,296481000.0,4495000.0,-945207000.0,-945207000.0,-945207000.0,0.0,0.0,-0.78,1272817000.0,-1228989000.0,439263000.0,0.0,3.386,207.143,235.0,1733657000.0,0.0,11.75,3.166,3.172,1268027000.0,4258917000.0,1212273000.0,1212273000.0,242149000.0,,,,,5195000.0,510888000.0,1.0,2209347596.0,2213328000,2213328000.0,0.548,9494844000.0,392266000.0,-222728000.0,377797000.0,4.29,2672499000.0
60,EMC,MRQ,2001-06-30,2001-06-30,2001-06-30,2018-08-31,-17753000.0,10645833000.0,,5739761000.0,4906072000.0,,3.878,-256160000.0,2068822000.0,2068822000.0,1071543000.0,108862000.0,3.05,0.243,41082000.0,17404000.0,23678000.0,41082000.0,344502000.0,166196000.0,0.0,0.042,0.0,152724000.0,318920000.0,0.158,318920000.0,152724000.0,149127000.0,0.05,0.05,0.05,8561740000.0,,8561740000.0,62594942822.0,30.0,23.288,251330000.0,0.114,1.0,949312000.0,0.47,621519000.0,3597000.0,6114837000.0,,1074413000.0,2991844000.0,485229000.0,2506615000.0,2084093000.0,1881737000.0,202356000.0,64550330822.0,99217000.0,-51051000.0,45922000.0,-674000.0,0.0,45248000.0,-454286000.0,-147075000.0,507490000.0,765000.0,108862000.0,108862000.0,108862000.0,0.0,0.0,0.054,860827000.0,88485000.0,416926000.0,0.0,7.539,42.225,42.391,1777938000.0,0.0,29.25,6.963,6.966,1748598000.0,5204124000.0,2020855000.0,2020855000.0,245627000.0,,,,,38879000.0,617336000.0,1.0,2206848917.0,2207655000,2239799000.0,0.915,10024314000.0,211684000.0,40265000.0,436657000.0,4.541,3858024000.0
61,EMC,MRQ,2001-03-31,2001-03-31,2001-03-31,2018-08-31,-1946000.0,10455529000.0,,5785650000.0,4669879000.0,,3.802,-293730000.0,1969605000.0,1969605000.0,1052284000.0,398795000.0,3.014,0.248,14217000.0,4268000.0,9949000.0,14217000.0,315224000.0,144931000.0,0.0,0.042,1.242,549550000.0,694481000.0,0.296,694481000.0,549550000.0,546292000.0,0.18,0.18,0.18,8378303000.0,,8378303000.0,62370745450.0,25.0,20.189,217571000.0,0.099,1.0,1292511000.0,0.551,592980000.0,3258000.0,5987864000.0,,1067336000.0,2875508000.0,439215000.0,2436293000.0,2077226000.0,1919297000.0,157929000.0,64327693450.0,-13616000.0,0.0,54835000.0,-8484000.0,0.0,-95630000.0,-425552000.0,-131822000.0,511301000.0,-3735000.0,398795000.0,398795000.0,398795000.0,0.0,0.0,0.17,814570000.0,477941000.0,464769000.0,6.9,7.678,34.793,35.0,1640606000.0,0.0,29.4,6.847,6.897,1915406000.0,5095262000.0,2344795000.0,2344795000.0,224040000.0,,,,,90315000.0,593036000.0,1.0,2188016784.0,2203865000,2248773000.0,1.064,9862549000.0,185369000.0,147497000.0,454541000.0,4.475,3866353000.0
62,EMC,MRQ,2000-12-31,2000-12-31,2000-12-31,2018-08-31,-5882000.0,10537799000.0,,6100051000.0,4437748000.0,,3.729,-292973000.0,1983221000.0,1983221000.0,1069678000.0,562873000.0,2.886,0.289,11816000.0,11816000.0,0.0,11816000.0,284965000.0,140175000.0,0.0,0.0,0.0,773640000.0,913815000.0,0.349,913815000.0,773640000.0,771059000.0,0.25,0.25,0.25,8177209000.0,,8177209000.0,143294293136.0,58.0,48.205,212241000.0,0.097,1.0,1551608000.0,0.592,839281000.0,2581000.0,5613466000.0,,1024964000.0,2762110000.0,673731000.0,2088379000.0,2360590000.0,2113647000.0,246943000.0,145503116136.0,-261109000.0,0.0,59519000.0,-813000.0,0.0,58706000.0,-820946000.0,-527973000.0,505214000.0,4338000.0,562873000.0,562873000.0,562873000.0,0.0,0.0,0.215,841144000.0,710464000.0,516469000.0,0.0,17.794,81.648,81.098,1510088000.0,0.0,66.5,16.399,16.22,2114368000.0,5072600000.0,2621286000.0,2621286000.0,222293000.0,,,,,33653000.0,615590000.0,1.0,2188016784.0,2192779000,2254128000.0,1.195,9698518000.0,188074000.0,208186000.0,578231000.0,4.423,3986404000.0
63,EMC,MRQ,2000-09-30,2000-09-30,2000-09-30,2018-08-31,-21494000.0,9675543000.0,,5724766000.0,3950777000.0,,3.436,-229400000.0,2235909000.0,2235909000.0,966596000.0,458178000.0,3.055,0.29,27086000.0,12497000.0,14589000.0,27086000.0,241335000.0,130820000.0,0.0,0.0,0.0,629837000.0,760657000.0,0.333,760657000.0,629837000.0,627641000.0,0.21,0.2,0.21,7503076000.0,,7503076000.0,214633490870.0,109.0,86.959,356799000.0,0.163,1.0,1316409000.0,0.577,583632000.0,2196000.0,5009411000.0,,868594000.0,2401982000.0,472174000.0,1929808000.0,2172467000.0,1873677000.0,298790000.0,216402427870.0,445080000.0,-35303000.0,63222000.0,1098000.0,0.0,440927000.0,-582046000.0,-317343000.0,586199000.0,-4096000.0,458178000.0,458178000.0,458178000.0,0.0,0.0,0.201,740942000.0,575467000.0,477717000.0,0.0,28.842,151.775,148.134,1344952000.0,0.0,99.25,26.627,26.664,1836673000.0,4519023000.0,2283005000.0,2283005000.0,204807000.0,,,,,53520000.0,533124000.0,1.0,2180377107.0,2183409000,2250121000.0,1.046,9091911000.0,271650000.0,169463000.0,572309000.0,4.164,3851089000.0
64,EMC,MRQ,2000-06-30,2000-06-30,2000-06-30,2018-08-31,-35470000.0,8434725000.0,,5144173000.0,3290552000.0,,3.052,-227491000.0,1794925000.0,1794925000.0,902432000.0,429037000.0,3.201,0.271,25988000.0,10852000.0,15136000.0,25988000.0,220479000.0,129637000.0,0.0,0.0,0.0,590678000.0,720315000.0,0.336,720315000.0,590678000.0,587722000.0,0.2,0.19,0.2,6634962000.0,,6634962000.0,165751594139.0,95.0,74.446,253102000.0,0.116,1.0,1243495000.0,0.579,525296000.0,2956000.0,4533676000.0,,757869000.0,1990454000.0,544567000.0,1445887000.0,1799763000.0,1606816000.0,192947000.0,166953785139.0,356263000.0,0.0,47060000.0,998000.0,0.0,48058000.0,-172388000.0,55103000.0,480593000.0,-839000.0,429037000.0,429037000.0,429037000.0,0.0,0.0,0.2,700868000.0,542627000.0,429590000.0,0.0,25.163,132.147,128.233,1225790000.0,0.0,76.94,22.104,22.148,1792678000.0,4060845000.0,2145927000.0,2145927000.0,194286000.0,,,,,55582000.0,506149000.0,1.0,2169921824.0,2174291000,2240805000.0,0.987,7909429000.0,249310000.0,158685000.0,452781000.0,3.638,3537357000.0
65,EMC,MRQ,2000-03-31,2000-03-31,2000-03-31,2018-08-31,-40333000.0,7759196000.0,,4620166000.0,3139030000.0,,2.793,-211131000.0,1439501000.0,1439501000.0,791059000.0,331987000.0,3.086,0.319,237310000.0,9875000.0,227435000.0,237310000.0,185710000.0,116166000.0,0.0,0.0,0.0,461647000.0,577813000.0,0.317,577813000.0,461647000.0,454776000.0,0.16,0.15,0.16,5880507000.0,,5880507000.0,130762347616.0,85.0,65.452,325519000.0,0.155,1.0,1031539000.0,0.566,525266000.0,6871000.0,4534684000.0,,678518000.0,2065312000.0,657027000.0,1408285000.0,1878689000.0,1497055000.0,381634000.0,131176031616.0,333578000.0,-198251000.0,64256000.0,-290000.0,0.0,63966000.0,-267038000.0,142344000.0,536650000.0,-3486000.0,331987000.0,331987000.0,331987000.0,0.0,0.0,0.182,610535000.0,421004000.0,460573000.0,0.0,22.307,117.097,116.667,1114406000.0,0.0,63.0,18.594,18.804,1571613000.0,3631808000.0,1822598000.0,1822598000.0,161780000.0,,,,,64939000.0,448119000.0,1.0,2082159232.0,2105673000,2236181000.0,0.866,7233930000.0,236820000.0,122789000.0,366989000.0,3.435,3123111000.0
66,EMC,MRQ,1999-12-31,1999-12-31,1999-12-31,2018-08-31,-34533000.0,7173288000.0,,4320396000.0,2852892000.0,,2.387,-198559000.0,1109409000.0,1109409000.0,858175000.0,206606000.0,3.091,0.449,695725000.0,9116000.0,686609000.0,695725000.0,158458000.0,122354000.0,0.0,0.0,0.0,287086000.0,409440000.0,0.218,409440000.0,287086000.0,278408000.0,0.1,0.09,0.1,4951786000.0,,4951786000.0,111048735097.0,80.0,61.168,281655000.0,0.136,1.0,1017578000.0,0.542,294771000.0,8678000.0,5066918000.0,,618885000.0,2141085000.0,714730000.0,1426355000.0,2221502000.0,1397915000.0,823587000.0,111213314097.0,238250000.0,0.0,27968000.0,27000.0,0.0,27995000.0,-269959000.0,-71400000.0,480214000.0,5190000.0,206606000.0,206606000.0,206606000.0,0.0,0.0,0.11,769867000.0,247711000.0,370055000.0,0.0,22.459,110.05,111.531,1023179000.0,0.0,54.65,16.56,16.773,1625438000.0,3299821000.0,1875753000.0,1875753000.0,154017000.0,,,,,15878000.0,424814000.0,1.0,2035010322.0,2074454000,2228464000.0,0.904,6878517000.0,256058000.0,71802000.0,374587000.0,3.316,2922481000.0
67,EMC,MRQ,1999-09-30,1999-09-30,1999-09-30,2018-08-31,-17329000.0,5657823000.0,,3197400000.0,2460423000.0,,2.066,-149946000.0,678767000.0,678767000.0,822748000.0,295768000.0,3.916,0.327,514188000.0,8849000.0,505339000.0,514188000.0,69509000.0,111353000.0,0.0,0.0,0.0,407556000.0,518909000.0,0.304,518909000.0,407556000.0,399706000.0,0.14,0.13,0.14,4263417000.0,,4263417000.0,72183238147.0,55.0,39.368,131413000.0,0.064,1.0,886162000.0,0.519,220699000.0,7850000.0,4456021000.0,,529857000.0,2017533000.0,579057000.0,1438476000.0,1394406000.0,816524000.0,577882000.0,72335436147.0,69654000.0,0.0,49815000.0,-390000.0,0.0,49425000.0,-261130000.0,-111184000.0,281359000.0,-4059000.0,295768000.0,295768000.0,295768000.0,0.0,0.0,0.173,512984000.0,373178000.0,255084000.0,0.0,16.967,78.537,81.114,770549000.0,0.0,35.69,9.654,9.827,1260744000.0,3323845000.0,1708910000.0,1708910000.0,149426000.0,,,,,25095000.0,363785000.0,1.0,2026770416.0,2063248000,2219254000.0,0.828,5437124000.0,105282000.0,103938000.0,255854000.0,2.635,2380876000.0
68,EMC,MRQ,1999-06-30,1999-06-30,1999-06-30,2018-08-31,-12832000.0,5269065000.0,,3132645000.0,2136420000.0,,1.889,-156567000.0,666774000.0,666774000.0,811431000.0,285871000.0,3.85,0.356,514576000.0,8939000.0,505637000.0,514576000.0,56957000.0,100653000.0,0.0,0.0,0.0,391011000.0,491664000.0,0.298,491664000.0,391011000.0,382767000.0,0.14,0.13,0.14,3886521000.0,,3886521000.0,55391320440.0,47.0,33.746,159543000.0,0.078,1.0,836211000.0,0.508,237606000.0,8244000.0,4065564000.0,,522456000.0,1828105000.0,679752000.0,1148353000.0,1382544000.0,813697000.0,568847000.0,55678238440.0,-154165000.0,0.0,2805000.0,-14583000.0,0.0,-11778000.0,-458497000.0,-301930000.0,316110000.0,578000.0,285871000.0,285871000.0,285871000.0,0.0,0.0,0.174,474750000.0,361461000.0,256980000.0,0.0,14.326,67.361,68.75,724475000.0,0.0,27.5,8.204,8.337,1135956000.0,3014283000.0,1647642000.0,1647642000.0,139706000.0,,,,,3740000.0,335993000.0,1.0,2024663216.0,2057559000,2214676000.0,0.801,5031459000.0,91123000.0,96896000.0,271262000.0,2.445,2318948000.0
69,EMC,MRQ,1999-03-31,1999-03-31,1999-03-31,2018-08-31,-6816000.0,4858628000.0,,3145024000.0,1713604000.0,,1.754,-125337000.0,816283000.0,816283000.0,765891000.0,222325000.0,4.442,0.352,529365000.0,23763000.0,505602000.0,529365000.0,48031000.0,90443000.0,0.0,0.0,0.0,305002000.0,395445000.0,0.267,395445000.0,305002000.0,296284000.0,0.11,0.1,0.11,3594083000.0,,3594083000.0,64294039925.0,61.0,44.239,186545000.0,0.091,1.0,717414000.0,0.484,235454000.0,8718000.0,3628267000.0,,526624000.0,1496083000.0,694886000.0,801197000.0,1264545000.0,707989000.0,556556000.0,64430959925.0,120203000.0,0.0,20836000.0,-13233000.0,0.0,7603000.0,-199282000.0,-73945000.0,311882000.0,-1708000.0,222325000.0,222325000.0,222325000.0,0.0,0.0,0.15,441020000.0,276394000.0,190853000.0,0.0,17.927,88.239,90.0,666379000.0,0.0,31.95,10.578,10.75,983739000.0,2725395000.0,1483305000.0,1483305000.0,129368000.0,,,,,13320000.0,310916000.0,1.0,2016618464.0,2049362000,2214854000.0,0.724,4623174000.0,66131000.0,73959000.0,225598000.0,2.256,2437035000.0
70,EMC,MRQ,1998-12-31,1998-12-31,1998-12-31,2018-08-31,-7890000.0,5627020000.0,,3866015000.0,1761005000.0,,1.747,-248420000.0,835466000.0,835466000.0,1619597000.0,117077000.0,3.714,0.509,781007000.0,29361000.0,751646000.0,781007000.0,94328000.0,208971000.0,0.0,0.0,0.0,218560000.0,427531000.0,0.161,427531000.0,218560000.0,198365000.0,0.05,0.045,0.05,3728990000.0,,3728990000.0,42319660190.0,45.0,32.529,124824000.0,0.058,1.0,1033667000.0,0.39,314054000.0,20195000.0,4217492000.0,,620025000.0,1579712000.0,982482000.0,597230000.0,1898030000.0,1041015000.0,857015000.0,42657013190.0,-208381000.0,0.0,31257000.0,1886000.0,0.0,33143000.0,-614768000.0,-366348000.0,373244000.0,-1226000.0,117077000.0,117077000.0,117077000.0,0.0,0.0,0.044,857236000.0,176431000.0,299412000.0,0.0,11.439,65.227,66.406,823160000.0,0.0,21.25,7.847,7.938,1292790000.0,2289251000.0,2653264000.0,2653264000.0,215019000.0,,,,,20200000.0,563830000.0,1.0,2007388856.0,2134896000,2298392000.0,1.243,5312966000.0,76243000.0,81288000.0,236082000.0,2.489,2825000000.0
71,EMC,MRQ,1998-09-30,1998-09-30,1998-09-30,2018-08-31,10208000.0,4255269000.0,,2817347000.0,1437922000.0,,1.514,-142436000.0,903726000.0,903726000.0,478187000.0,201290000.0,4.467,0.402,566373000.0,28216000.0,538157000.0,566373000.0,33673000.0,53513000.0,0.0,0.0,0.0,273249000.0,326762000.0,0.326,326762000.0,273249000.0,268387000.0,0.1,0.095,0.1,3034317000.0,,3034317000.0,28246179525.0,28.0,21.58,70625000.0,0.035,1.0,524354000.0,0.523,235597000.0,4862000.0,3051625000.0,,521745000.0,1055863000.0,446954000.0,608909000.0,1220952000.0,630694000.0,590258000.0,28661962525.0,-79895000.0,-34203000.0,16594000.0,-1631000.0,0.0,14963000.0,-307919000.0,-131280000.0,213061000.0,-163000.0,201290000.0,201290000.0,201290000.0,0.0,0.0,0.201,276870000.0,247484000.0,219249000.0,0.0,9.446,38.108,38.562,584575000.0,0.0,14.345,5.505,5.523,837647000.0,2248257000.0,1002541000.0,1002541000.0,80422000.0,,,,,13500000.0,193068000.0,1.0,1998045488.0,2004444000,2161196000.0,0.5,4019672000.0,55025000.0,67097000.0,196661000.0,2.005,2186653000.0
72,EMC,MRQ,1998-06-30,1998-06-30,1998-06-30,2018-08-31,2295000.0,3963199000.0,,2765689000.0,1197510000.0,,1.386,-102551000.0,983784000.0,983784000.0,467480000.0,189496000.0,4.602,0.434,568001000.0,17414000.0,550587000.0,568001000.0,24476000.0,45952000.0,0.0,0.0,0.0,257660000.0,303612000.0,0.319,303612000.0,257660000.0,252661000.0,0.095,0.09,0.095,2764003000.0,,2764003000.0,21653627012.0,23.0,18.029,55052000.0,0.028,1.0,484522000.0,0.509,190842000.0,4999000.0,2755634000.0,,480856000.0,907870000.0,402113000.0,505757000.0,1199196000.0,600940000.0,598256000.0,22300492012.0,-222412000.0,-19700000.0,11949000.0,8542000.0,0.0,20491000.0,-400506000.0,-278255000.0,157603000.0,-131000.0,189496000.0,189496000.0,189496000.0,0.0,0.0,0.199,250816000.0,233706000.0,220160000.0,0.0,8.068,32.629,32.949,487668000.0,0.0,11.203,4.518,4.527,814076000.0,2046967000.0,952002000.0,952002000.0,74228000.0,,,,,6045000.0,177353000.0,1.0,1990671012.0,1994592000,2150198000.0,0.477,3772357000.0,54219000.0,63165000.0,196427000.0,1.891,2164749000.0
73,EMC,MRQ,1998-03-31,1998-03-31,1998-03-31,2018-08-31,1688000.0,3669959000.0,,2810616000.0,859343000.0,,1.273,-62984000.0,1206327000.0,1206327000.0,431136000.0,146115000.0,5.22,0.45,559462000.0,8624000.0,550838000.0,559462000.0,18706000.0,43530000.0,0.0,0.0,0.0,199550000.0,243080000.0,0.293,243080000.0,199550000.0,194820000.0,0.072,0.07,0.072,2531652000.0,,2531652000.0,18405290685.0,22.0,16.6,163778000.0,0.082,1.0,397215000.0,0.48,150217000.0,4730000.0,2334426000.0,,425990000.0,618524000.0,348081000.0,270443000.0,1138307000.0,538451000.0,599856000.0,18793766685.0,252232000.0,0.0,4469000.0,-6657000.0,0.0,-2188000.0,27658000.0,90642000.0,226762000.0,-500000.0,146115000.0,146115000.0,146115000.0,0.0,0.0,0.176,220172000.0,177043000.0,216088000.0,0.0,7.424,30.178,30.492,422851000.0,0.0,9.453,4.001,4.002,745906000.0,1857471000.0,828351000.0,828351000.0,65675000.0,,,,,3925000.0,153496000.0,1.0,1988232392.0,1988936000,2140480000.0,0.416,3519742000.0,52057000.0,48705000.0,196736000.0,1.77,2272165000.0
74,EMC,MRQ,1997-12-31,1997-12-31,1997-12-31,2018-08-31,2418000.0,3490109000.0,,2627026000.0,863083000.0,,1.135,-249457000.0,954595000.0,954595000.0,1500650000.0,215222000.0,5.193,0.469,566119000.0,7665000.0,558454000.0,566119000.0,8784000.0,146290000.0,0.0,0.0,0.0,289149000.0,435439000.0,0.18,435439000.0,289149000.0,268595000.0,0.105,0.1,0.105,2376301000.0,,2376301000.0,13202439084.0,16.0,12.665,85309000.0,0.041,1.0,922733000.0,0.381,155609000.0,20554000.0,2440154000.0,,404660000.0,716051000.0,419262000.0,296789000.0,1113808000.0,505870000.0,607938000.0,13608658084.0,34631000.0,0.0,24586000.0,182881000.0,0.0,217467000.0,-517602000.0,-268145000.0,334766000.0,-5821000.0,215222000.0,215222000.0,215222000.0,0.0,0.0,0.089,666362000.0,256371000.0,187117000.0,0.0,5.727,23.163,23.254,396511000.0,0.0,6.86,3.032,3.06,788869000.0,1711356000.0,2423383000.0,2423383000.0,174010000.0,,,,,2040000.0,492000000.0,1.0,1983769400.0,2092896000,2244620000.0,1.158,3334500000.0,51269000.0,53373000.0,196441000.0,1.593,2121156000.0
75,EMC,MRQ,1997-09-30,1997-09-30,1997-09-30,2018-08-31,2305000.0,3175496000.0,,2509416000.0,666080000.0,,1.108,-50533000.0,971241000.0,971241000.0,391278000.0,132622000.0,6.544,0.448,565022000.0,8293000.0,556729000.0,565022000.0,8153000.0,35864000.0,0.0,0.0,0.0,183082000.0,218946000.0,0.299,218946000.0,183082000.0,178376000.0,0.068,0.063,0.068,2192521000.0,,2192521000.0,14058441950.0,21.0,17.557,145215000.0,0.073,1.0,341292000.0,0.466,142513000.0,4706000.0,2243308000.0,,449024000.0,531133000.0,361607000.0,169526000.0,982975000.0,383456000.0,599519000.0,14403064950.0,211928000.0,0.0,14344000.0,-419000.0,0.0,13925000.0,2255000.0,52788000.0,195748000.0,187000.0,132622000.0,132622000.0,132622000.0,0.0,0.0,0.181,178918000.0,162374000.0,120158000.0,0.0,6.569,29.005,27.642,338583000.0,0.0,7.298,5.294,5.307,663114000.0,1545117000.0,732570000.0,732570000.0,56531000.0,,,,,10760000.0,122093000.0,1.0,1973698520.0,1978668000,2125408000.0,0.37,3032983000.0,49489000.0,45754000.0,172968000.0,1.533,2125960000.0
76,EMC,MRQ,1997-06-30,1997-06-30,1997-06-30,2018-08-31,3138000.0,3041625000.0,,2384667000.0,656958000.0,,1.033,-52190000.0,759126000.0,759126000.0,384545000.0,128799000.0,5.837,0.495,414503000.0,0.0,414503000.0,414503000.0,8219000.0,33394000.0,0.0,0.0,0.0,177873000.0,211267000.0,0.296,211267000.0,177873000.0,173233000.0,0.065,0.063,0.065,2034685000.0,,2034685000.0,,,,-32631000.0,-0.017,1.0,328916000.0,0.461,155367000.0,4640000.0,2133109000.0,,446985000.0,578778000.0,409424000.0,169354000.0,1006940000.0,408526000.0,598414000.0,9621780285.0,59900000.0,0.0,7911000.0,59000.0,0.0,7970000.0,32371000.0,84561000.0,19559000.0,-1300000.0,128799000.0,128799000.0,128799000.0,0.0,0.0,0.181,168455000.0,160461000.0,154880000.0,0.0,4.729,21.179,20.145,318769000.0,0.0,4.875,3.79,3.782,0.0,1412495000.0,713461000.0,713461000.0,53446000.0,,,,,5740000.0,114640000.0,1.0,1973698520.0,1969908000,2111596000.0,0.362,2886258000.0,52425000.0,44434000.0,162958000.0,1.465,1976141000.0
77,EMC,MRQ,1997-03-31,1997-03-31,1997-03-31,2018-08-31,,,,,,,,-42186000.0,,,335985000.0,110868000.0,,,,,,,,26241000.0,,0.0,0.0,150518000.0,176759000.0,0.286,176759000.0,150518000.0,149116000.0,0.058,0.055,0.058,,,,,,,-3207000.0,-0.002,1.0,282452000.0,0.457,,1402000.0,,,,,,,,,,,205254000.0,0.0,4087000.0,498916000.0,0.0,503003000.0,-336728000.0,-294542000.0,38979000.0,-1105000.0,110868000.0,110868000.0,110868000.0,0.0,0.0,0.179,143618000.0,138834000.0,,0.0,,,19.989,,0.0,4.438,,3.681,,,618437000.0,618437000.0,48091000.0,,,,,0.0,97624000.0,1.0,,1966368000,2038824000.0,0.315,,,38248000.0,,,
78,EMC,MRQ,1996-12-31,1996-12-31,1996-12-31,2018-08-31,4919000.0,2293546000.0,,1754136000.0,539410000.0,,0.883,-43144000.0,496377000.0,496377000.0,344407000.0,124283000.0,4.202,0.401,198292000.0,7058000.0,191234000.0,198292000.0,10112000.0,23745000.0,0.0,0.0,0.0,170025000.0,193770000.0,0.295,193770000.0,170025000.0,167159000.0,0.074,0.064,0.074,1636789000.0,,1636789000.0,,,,74281000.0,0.04,1.0,311987000.0,0.475,112846000.0,2866000.0,1465113000.0,,336581000.0,364494000.0,230981000.0,133513000.0,656757000.0,417502000.0,239255000.0,,-96376000.0,0.0,8796000.0,-480000.0,0.0,8316000.0,-222117000.0,-178973000.0,117425000.0,-654000.0,124283000.0,124283000.0,124283000.0,0.0,0.0,0.189,152535000.0,159452000.0,172871000.0,0.0,,,20.0,276387000.0,0.0,4.14,,3.376,627409000.0,1172828000.0,656394000.0,656394000.0,44987000.0,,,,,17746000.0,107883000.0,1.0,,1854192000,1994552000.0,0.354,2180700000.0,60085000.0,42876000.0,150901000.0,1.176,1336634000.0
79,EMC,MRQ,1996-09-30,1996-09-30,1996-09-30,2018-08-31,,,,,,,,-38095000.0,,,306438000.0,90347000.0,,,,,,,,26929000.0,,0.0,0.0,122526000.0,149455000.0,0.271,149455000.0,122526000.0,119481000.0,0.046,0.046,0.046,,,,,,,71078000.0,0.036,1.0,244316000.0,0.444,,3045000.0,,,,,,,,,,,93922000.0,0.0,2029000.0,776000.0,0.0,2805000.0,-18056000.0,20039000.0,109173000.0,-677000.0,90347000.0,90347000.0,90347000.0,0.0,0.0,0.164,131327000.0,112989000.0,,0.0,,,,,0.0,2.813,,,,,550754000.0,550754000.0,41151000.0,,,,,0.0,90268000.0,1.0,,1991984000,1998360000.0,0.276,,,29134000.0,,,
80,EMC,MRQ,1996-06-30,1996-06-29,1996-06-29,2018-08-31,,,,,,,,,,,304941000.0,87054000.0,,,,,,,,,,0.0,0.0,121116000.0,,,,121116000.0,118119000.0,0.045,0.045,0.045,,,,,,,,,1.0,240076000.0,0.44,,2997000.0,,,,,,,,,,,,,,,,,,,,,87054000.0,87054000.0,87054000.0,0.0,0.0,0.16,127001000.0,113075000.0,,0.0,,,,,0.0,2.313,,,,,545017000.0,545017000.0,39632000.0,,,,,,87159000.0,1.0,,1988136000,1988592000.0,0.274,,,31065000.0,,,
0,EMC,MRT,2016-06-30,2016-06-30,2016-06-30,2018-08-31,-561000000.0,46745000000.0,46101250000.0,16550000000.0,30195000000.0,0.533,11.324,-1367000000.0,9354000000.0,9354000000.0,9525000000.0,2288000000.0,1.451,1.02,6279000000.0,800000000.0,5479000000.0,6279000000.0,11171000000.0,1950000000.0,0.0,0.017,0.46,3036000000.0,4986000000.0,0.203,4986000000.0,3036000000.0,2869000000.0,1.08,1.07,1.08,22138000000.0,21323750000.0,22138000000.0,52246354421.0,17.0,10.479,4446000000.0,2.274,1.0,15061000000.0,0.613,19135000000.0,167000000.0,13132000000.0,14528500000.0,1243000000.0,6794000000.0,2407000000.0,4387000000.0,22590000000.0,11403000000.0,11187000000.0,53068354421.0,3551000000.0,-1334000000.0,296000000.0,-1156000000.0,-904000000.0,-1686000000.0,-502000000.0,2128000000.0,5813000000.0,-74000000.0,2100000000.0,2100000000.0,2100000000.0,0.0,188000000.0,0.085,11986000000.0,3075000000.0,1158000000.0,0.426,2.397,25.271,25.157,3725000000.0,0.0,27.17,2.158,2.16,2896000000.0,22679000000.0,24586000000.0,24586000000.0,3232000000.0,0.046,0.098,0.209,0.123,1186000000.0,8414000000.0,1.0,1953196703.0,1955000000,1973000000.0,12.576,27610000000.0,1169000000.0,769000000.0,772000000.0,14.123,5147000000.0
1,EMC,MRT,2016-03-31,2016-03-31,2016-03-31,2018-08-31,-558000000.0,45703000000.0,45631750000.0,14600000000.0,31103000000.0,0.538,11.069,-1488000000.0,7224000000.0,7224000000.0,9654000000.0,2177000000.0,1.294,1.041,6402000000.0,925000000.0,5477000000.0,6402000000.0,11218000000.0,1920000000.0,0.0,0.017,0.46,2889000000.0,4809000000.0,0.196,4809000000.0,2889000000.0,2723000000.0,1.03,1.03,1.03,21573000000.0,20808500000.0,21573000000.0,52113812677.0,18.0,10.837,3750000000.0,1.924,1.0,14912000000.0,0.607,19158000000.0,166000000.0,14437000000.0,15205250000.0,1233000000.0,7746000000.0,2577000000.0,5169000000.0,22453000000.0,11286000000.0,11167000000.0,51888812677.0,2836000000.0,-1297000000.0,-411000000.0,1295000000.0,-902000000.0,-915000000.0,-1487000000.0,1221000000.0,5238000000.0,0.0,2006000000.0,2006000000.0,2006000000.0,0.0,171000000.0,0.082,12039000000.0,2873000000.0,1038000000.0,0.447,2.405,25.867,25.874,3806000000.0,0.0,26.65,2.112,2.114,2941000000.0,22111000000.0,24566000000.0,24566000000.0,3193000000.0,0.044,0.096,0.19,0.118,1113000000.0,8482000000.0,1.0,1947047380.0,1949000000,1965000000.0,12.604,26545000000.0,1173000000.0,717000000.0,590000000.0,13.62,3314000000.0
2,EMC,MRT,2015-12-31,2015-12-31,2015-12-31,2018-08-31,-579000000.0,46612000000.0,45029250000.0,15063000000.0,31549000000.0,0.549,10.874,-1469000000.0,6549000000.0,6549000000.0,9713000000.0,2172000000.0,1.169,1.13,6774000000.0,1299000000.0,5475000000.0,6774000000.0,10802000000.0,1907000000.0,0.0,0.018,0.46,2864000000.0,4771000000.0,0.193,4771000000.0,2864000000.0,2700000000.0,1.02,1.01,1.02,21140000000.0,20527500000.0,21140000000.0,51909342866.0,18.0,10.88,3917000000.0,2.015,1.0,14991000000.0,0.607,19239000000.0,164000000.0,14713000000.0,15522000000.0,1245000000.0,8234000000.0,2726000000.0,5508000000.0,23893000000.0,12885000000.0,11008000000.0,49789342866.0,206000000.0,-1336000000.0,-1741000000.0,1295000000.0,-907000000.0,-2292000000.0,-2754000000.0,-24000000.0,5386000000.0,-134000000.0,1990000000.0,1990000000.0,1990000000.0,0.0,182000000.0,0.081,12150000000.0,2841000000.0,1644000000.0,0.451,2.355,25.02,25.176,3850000000.0,0.0,25.68,2.015,2.021,3977000000.0,21700000000.0,24704000000.0,24704000000.0,3167000000.0,0.044,0.097,0.185,0.116,1036000000.0,8533000000.0,1.0,1938837339.0,1944000000,1962000000.0,12.708,27373000000.0,1164000000.0,710000000.0,1070000000.0,14.081,2178000000.0
3,EMC,MRT,2015-09-30,2015-09-30,2015-09-30,2018-08-31,-533000000.0,45345000000.0,44772500000.0,13737000000.0,31608000000.0,0.553,10.571,-1495000000.0,5324000000.0,5324000000.0,9602000000.0,2551000000.0,1.116,1.144,7444000000.0,1970000000.0,5474000000.0,7444000000.0,10623000000.0,1917000000.0,0.0,0.019,0.46,3282000000.0,5199000000.0,0.21,5199000000.0,3282000000.0,3121000000.0,1.2,1.19,1.2,20444000000.0,20716500000.0,20444000000.0,48118388785.0,15.0,9.255,4252000000.0,2.199,1.0,15136000000.0,0.612,19322000000.0,161000000.0,15832000000.0,15529250000.0,1224000000.0,8960000000.0,2318000000.0,6642000000.0,23390000000.0,12311000000.0,11079000000.0,46501388785.0,-731000000.0,-1703000000.0,-3307000000.0,1968000000.0,-918000000.0,-3345000000.0,-2995000000.0,128000000.0,5747000000.0,-138000000.0,2365000000.0,2365000000.0,2365000000.0,0.0,186000000.0,0.096,11816000000.0,3320000000.0,1115000000.0,0.383,2.275,19.662,20.133,3791000000.0,0.0,24.16,1.88,1.889,3134000000.0,20958000000.0,24738000000.0,24738000000.0,3124000000.0,0.053,0.114,0.211,0.133,967000000.0,8414000000.0,1.0,1924726357.0,1934000000,1948000000.0,12.791,26023000000.0,1088000000.0,756000000.0,905000000.0,13.456,1426000000.0
4,EMC,MRT,2015-06-30,2015-06-30,2015-06-30,2018-08-31,-458000000.0,44867000000.0,44693250000.0,14087000000.0,30780000000.0,0.552,10.419,-1482000000.0,5803000000.0,5803000000.0,9517000000.0,2650000000.0,1.126,1.161,7420000000.0,1948000000.0,5472000000.0,7420000000.0,10701000000.0,1903000000.0,0.0,0.017,0.46,3426000000.0,5329000000.0,0.216,5329000000.0,3426000000.0,3266000000.0,1.24,1.22,1.24,20077000000.0,21272750000.0,20077000000.0,52357994092.0,15.0,9.825,4562000000.0,2.367,1.0,15174000000.0,0.615,18138000000.0,160000000.0,15839000000.0,15672250000.0,1224000000.0,8980000000.0,1939000000.0,7041000000.0,23305000000.0,12507000000.0,10798000000.0,51250994092.0,116000000.0,-637000000.0,-3599000000.0,1948000000.0,-928000000.0,-3466000000.0,-2308000000.0,-187000000.0,6044000000.0,-154000000.0,2472000000.0,2472000000.0,2472000000.0,0.0,178000000.0,0.1,11597000000.0,3577000000.0,1219000000.0,0.371,2.553,20.733,21.282,3788000000.0,0.0,26.39,2.076,2.06,3345000000.0,20516000000.0,24691000000.0,24691000000.0,3089000000.0,0.055,0.116,0.219,0.139,924000000.0,8259000000.0,1.0,1942061163.0,1927000000,1947000000.0,12.813,26729000000.0,1061000000.0,794000000.0,708000000.0,13.871,1580000000.0
5,EMC,MRT,2015-03-31,2015-03-31,2015-03-31,2018-08-31,-457000000.0,43293000000.0,44586000000.0,12563000000.0,30730000000.0,0.551,10.359,-1421000000.0,4388000000.0,4388000000.0,9333000000.0,2753000000.0,1.199,1.041,5495000000.0,0.0,5495000000.0,5495000000.0,10687000000.0,1892000000.0,0.0,0.018,0.46,3538000000.0,5430000000.0,0.221,5430000000.0,3538000000.0,3385000000.0,1.28,1.25,1.28,20449000000.0,21833750000.0,20449000000.0,49967501445.0,14.0,9.202,4844000000.0,2.454,1.0,15241000000.0,0.62,18215000000.0,153000000.0,15704000000.0,15814000000.0,1292000000.0,9084000000.0,2062000000.0,7022000000.0,21289000000.0,10481000000.0,10808000000.0,50815501445.0,-1903000000.0,-1314000000.0,-3495000000.0,0.0,-909000000.0,-5143000000.0,-2842000000.0,-105000000.0,6265000000.0,-183000000.0,2574000000.0,2574000000.0,2574000000.0,0.0,179000000.0,0.105,11470000000.0,3771000000.0,1206000000.0,0.359,2.485,19.742,19.969,3742000000.0,0.0,25.56,2.068,2.053,2966000000.0,20887000000.0,24574000000.0,24574000000.0,3047000000.0,0.058,0.118,0.224,0.144,944000000.0,8167000000.0,1.0,1988086911.0,1974000000,1996000000.0,12.449,25078000000.0,1067000000.0,811000000.0,663000000.0,12.704,2082000000.0
6,EMC,MRT,2014-12-31,2014-12-31,2014-12-31,2018-08-31,-366000000.0,45585000000.0,44774500000.0,14663000000.0,30922000000.0,0.546,10.797,-1488000000.0,6343000000.0,6343000000.0,9191000000.0,2894000000.0,1.252,1.007,5469000000.0,0.0,5469000000.0,5469000000.0,10165000000.0,1864000000.0,0.0,0.018,0.545,3729000000.0,5593000000.0,0.229,5593000000.0,3729000000.0,3582000000.0,1.34,1.32,1.34,21896000000.0,22334500000.0,21896000000.0,59957178820.0,16.0,10.72,5035000000.0,2.483,1.0,15249000000.0,0.624,18259000000.0,147000000.0,14742000000.0,16048750000.0,1276000000.0,8312000000.0,1978000000.0,6334000000.0,22060000000.0,11710000000.0,10350000000.0,60518178820.0,-1548000000.0,-2333000000.0,-2466000000.0,-1665000000.0,-879000000.0,-5437000000.0,-2551000000.0,1348000000.0,6523000000.0,-83000000.0,2714000000.0,2714000000.0,2714000000.0,0.0,180000000.0,0.111,11212000000.0,4037000000.0,1696000000.0,0.407,2.764,22.299,22.194,3766000000.0,0.0,29.74,2.476,2.468,4413000000.0,22242000000.0,24440000000.0,24440000000.0,2991000000.0,0.061,0.122,0.232,0.153,929000000.0,7982000000.0,1.0,2034908501.0,2028000000,2059000000.0,12.051,27326000000.0,952000000.0,868000000.0,1158000000.0,13.474,2953000000.0
7,EMC,MRT,2014-09-30,2014-09-30,2014-09-30,2018-08-31,-198000000.0,45028000000.0,44840500000.0,14419000000.0,30609000000.0,0.537,11.156,-1468000000.0,6055000000.0,6055000000.0,9105000000.0,2771000000.0,1.423,0.915,5494000000.0,0.0,5494000000.0,5494000000.0,9766000000.0,1820000000.0,0.0,0.015,0.43,3575000000.0,5395000000.0,0.224,5395000000.0,3575000000.0,3420000000.0,1.27,1.22,1.27,22669000000.0,22435750000.0,22669000000.0,59165539049.0,17.0,10.967,5014000000.0,2.468,1.0,14968000000.0,0.622,17928000000.0,155000000.0,16404000000.0,16641750000.0,1390000000.0,9325000000.0,2092000000.0,7233000000.0,20737000000.0,10135000000.0,10602000000.0,59358539049.0,-1100000000.0,-2231000000.0,-1939000000.0,-1697000000.0,-850000000.0,-4776000000.0,-2702000000.0,1073000000.0,6482000000.0,-104000000.0,2590000000.0,2590000000.0,2590000000.0,0.0,181000000.0,0.108,11042000000.0,3926000000.0,1109000000.0,0.339,2.618,22.918,23.039,3629000000.0,0.0,29.26,2.466,2.47,3185000000.0,21997000000.0,24073000000.0,24073000000.0,2943000000.0,0.058,0.115,0.215,0.149,906000000.0,7882000000.0,1.0,2028658204.0,2032000000,2057000000.0,11.847,27100000000.0,970000000.0,830000000.0,1100000000.0,13.337,4284000000.0
8,EMC,MRT,2014-06-30,2014-06-30,2014-06-30,2018-08-31,-165000000.0,44438000000.0,44734000000.0,13945000000.0,30493000000.0,0.527,10.958,-1469000000.0,5687000000.0,5687000000.0,8913000000.0,2783000000.0,1.41,0.922,5494000000.0,0.0,5494000000.0,5494000000.0,9725000000.0,1765000000.0,0.0,0.016,0.415,3567000000.0,5332000000.0,0.226,5332000000.0,3567000000.0,3394000000.0,1.26,1.21,1.26,22321000000.0,22347750000.0,22321000000.0,53128872702.0,15.0,9.964,5105000000.0,2.506,1.0,14667000000.0,0.622,17949000000.0,173000000.0,16406000000.0,16968500000.0,1397000000.0,8947000000.0,1962000000.0,6985000000.0,20582000000.0,9890000000.0,10692000000.0,53925872702.0,-1839000000.0,-2566000000.0,-2617000000.0,-1693000000.0,-822000000.0,-5466000000.0,-2924000000.0,1187000000.0,6574000000.0,-23000000.0,2589000000.0,2589000000.0,2589000000.0,0.0,194000000.0,0.11,10781000000.0,3886000000.0,1186000000.0,0.329,2.416,20.829,20.905,3606000000.0,0.0,26.34,2.287,2.275,3344000000.0,21648000000.0,23580000000.0,23580000000.0,2862000000.0,0.058,0.116,0.21,0.151,894000000.0,7701000000.0,1.0,2047299647.0,2037000000,2064000000.0,11.576,26489000000.0,969000000.0,805000000.0,1048000000.0,13.004,4055000000.0
9,EMC,MRT,2014-03-31,2014-03-31,2014-03-31,2018-08-31,-228000000.0,44047000000.0,44724000000.0,14195000000.0,29852000000.0,0.521,11.066,-1529000000.0,6291000000.0,6291000000.0,8792000000.0,2911000000.0,1.516,0.893,5494000000.0,0.0,5494000000.0,5494000000.0,9672000000.0,1716000000.0,0.0,0.015,0.4,3705000000.0,5421000000.0,0.233,5421000000.0,3705000000.0,3535000000.0,1.31,1.25,1.31,22452000000.0,22415000000.0,22452000000.0,54790608972.0,15.0,10.107,5019000000.0,2.474,1.0,14522000000.0,0.623,17242000000.0,170000000.0,16643000000.0,17298000000.0,1421000000.0,8970000000.0,1964000000.0,7006000000.0,20052000000.0,9365000000.0,10687000000.0,55522608972.0,987000000.0,-1932000000.0,-2588000000.0,3754000000.0,-617000000.0,453000000.0,-5977000000.0,-2440000000.0,6548000000.0,-37000000.0,2701000000.0,2701000000.0,2701000000.0,0.0,210000000.0,0.116,10488000000.0,4034000000.0,1070000000.0,0.305,2.473,20.556,20.924,3568000000.0,0.0,27.41,2.382,2.385,2981000000.0,21297000000.0,23314000000.0,23314000000.0,2817000000.0,0.06,0.12,0.214,0.159,826000000.0,7476000000.0,1.0,2025633308.0,2029000000,2076000000.0,11.49,26805000000.0,941000000.0,834000000.0,784000000.0,13.211,4830000000.0
10,EMC,MRT,2013-12-31,2013-12-31,2013-12-31,2018-08-31,-239000000.0,45849000000.0,43270814250.0,17278000000.0,28571000000.0,0.537,10.753,-1408000000.0,7891000000.0,7891000000.0,8749000000.0,3093000000.0,1.464,0.989,7159000000.0,1665000000.0,5494000000.0,7159000000.0,8979000000.0,1665000000.0,0.0,0.008,0.2,3817000000.0,5482000000.0,0.236,5482000000.0,3817000000.0,3661000000.0,1.39,1.33,1.39,22301000000.0,22467177000.0,22301000000.0,51759845260.0,14.0,9.442,5515000000.0,2.659,1.0,14473000000.0,0.623,16204000000.0,156000000.0,17114000000.0,15321716500.0,1334000000.0,9697000000.0,2773000000.0,6924000000.0,22063000000.0,11799000000.0,10264000000.0,51754845260.0,3177000000.0,-1143000000.0,-2673000000.0,5414000000.0,-415000000.0,2076000000.0,-5760000000.0,-3209000000.0,6923000000.0,-62000000.0,2889000000.0,2889000000.0,2889000000.0,0.0,204000000.0,0.124,10323000000.0,4150000000.0,1434000000.0,0.144,2.321,17.914,18.094,3478000000.0,0.0,25.15,2.229,2.246,3861000000.0,21114000000.0,23222000000.0,23222000000.0,2761000000.0,0.067,0.129,0.249,0.164,819000000.0,7338000000.0,1.0,2057846730.0,2074000000,2160000000.0,11.197,29645000000.0,912000000.0,772000000.0,1356000000.0,14.294,5479000000.0
11,EMC,MRT,2013-09-30,2013-09-30,2013-09-30,2018-08-31,-291000000.0,44602000000.0,41299064250.0,16447000000.0,28155000000.0,0.547,10.786,-1414000000.0,7155000000.0,7155000000.0,8431000000.0,2916000000.0,1.529,0.934,7160000000.0,1658000000.0,5502000000.0,7160000000.0,8509000000.0,1615000000.0,0.0,0.008,0.2,3669000000.0,5284000000.0,0.234,5284000000.0,3669000000.0,3538000000.0,1.32,1.24,1.32,22317000000.0,22481177000.0,22317000000.0,52848627857.0,14.0,10.002,5218000000.0,2.522,1.0,14139000000.0,0.626,16137000000.0,131000000.0,17711000000.0,13245466500.0,1375000000.0,10311000000.0,3442000000.0,6869000000.0,20848000000.0,10759000000.0,10089000000.0,53186627857.0,3035000000.0,-1056000000.0,-1796000000.0,5446000000.0,-209000000.0,3050000000.0,-6638000000.0,-4168000000.0,6632000000.0,-9000000.0,2737000000.0,2737000000.0,2737000000.0,0.0,179000000.0,0.121,10180000000.0,3959000000.0,1108000000.0,0.152,2.383,19.432,19.364,3373000000.0,0.0,25.56,2.357,2.343,2934000000.0,20298000000.0,22570000000.0,22570000000.0,2721000000.0,0.066,0.122,0.277,0.163,785000000.0,7235000000.0,1.0,2080853985.0,2069000000,2165000000.0,10.909,28465000000.0,986000000.0,801000000.0,1016000000.0,13.758,5688000000.0
12,EMC,MRT,2013-06-30,2013-06-30,2013-06-30,2018-08-31,-299000000.0,44398000000.0,39274993750.0,17174000000.0,27224000000.0,0.568,10.798,-1355000000.0,7526000000.0,7526000000.0,8324000000.0,2936000000.0,1.634,0.905,7188000000.0,1669000000.0,5519000000.0,7188000000.0,8273000000.0,1588000000.0,0.0,0.004,0.1,3676000000.0,5264000000.0,0.236,5264000000.0,3676000000.0,3582000000.0,1.34,1.25,1.34,22590000000.0,22327833000.0,22590000000.0,46012546784.0,13.0,8.741,4923000000.0,2.353,1.0,13985000000.0,0.627,15827000000.0,94000000.0,17724000000.0,10968899500.0,1233000000.0,10050000000.0,3620000000.0,6430000000.0,20440000000.0,10509000000.0,9931000000.0,49621842784.0,3576000000.0,-1908000000.0,-981000000.0,5443000000.0,0.0,3967000000.0,-6652000000.0,-3389000000.0,6278000000.0,-17000000.0,2777000000.0,2777000000.0,2777000000.0,0.0,159000000.0,0.124,10034000000.0,3951000000.0,1013000000.0,0.075,2.197,17.869,17.627,3291000000.0,0.0,23.62,2.224,2.215,3204000000.0,19922000000.0,22309000000.0,22309000000.0,2688000000.0,0.071,0.124,0.335,0.165,744000000.0,7135000000.0,1.0,2100840084.0,2092000000,2174000000.0,10.664,28571000000.0,940000000.0,805000000.0,972000000.0,13.657,6665000000.0
13,EMC,MRT,2013-03-31,2013-03-31,2013-03-31,2018-08-31,-241971000.0,38234257000.0,36915220750.0,12049008000.0,26185249000.0,0.596,10.781,-1249521000.0,5304305000.0,5304305000.0,8183000000.0,2876000000.0,1.21,0.633,1695009000.0,1653394000.0,41615000.0,1695009000.0,8107070000.0,1551547000.0,0.0,0.0,0.0,3610000000.0,5161547000.0,0.235,5161547000.0,3610000000.0,3529000000.0,1.31,1.22,1.31,22660708000.0,21914689250.0,22660708000.0,47230925963.0,13.0,9.151,5037291000.0,2.396,1.0,13823000000.0,0.628,15931437000.0,81000000.0,8737866000.0,8805331500.0,1180011000.0,6703755000.0,1223463000.0,5480292000.0,14353676000.0,9955658000.0,4398018000.0,50274839963.0,673875000.0,-2482895000.0,-586189000.0,-17571000.0,0.0,-1300832000.0,-4288055000.0,-555639000.0,6286812000.0,-24050000.0,2726000000.0,2726000000.0,2726000000.0,0.0,150000000.0,0.124,9947000000.0,3876000000.0,939295000.0,0.0,2.219,18.443,18.237,3170167000.0,0.0,23.89,2.285,2.282,2784197000.0,19433284000.0,22006000000.0,22006000000.0,2648000000.0,0.074,0.124,0.41,0.164,742452000.0,7067000000.0,1.0,2104430304.0,2102000000,2189000000.0,10.469,22302820000.0,978002000.0,803000000.0,914561000.0,10.61,2093350000.0
14,EMC,MRT,2012-12-31,2012-12-31,2012-12-31,2018-08-31,-208000000.0,37962000000.0,35852968500.0,12019000000.0,25943000000.0,0.606,10.682,-1238000000.0,4714000000.0,4714000000.0,8076000000.0,2886000000.0,1.17,0.643,1710000000.0,1652000000.0,58000000.0,1710000000.0,7551000000.0,1528000000.0,0.0,0.0,0.0,3730000000.0,5258000000.0,0.242,5258000000.0,3730000000.0,3651000000.0,1.31,1.23,1.31,22357000000.0,21263350500.0,22357000000.0,50847746307.0,14.0,9.671,5024000000.0,2.4,1.0,13638000000.0,0.628,15875000000.0,79000000.0,8809000000.0,8676059250.0,1201000000.0,6682000000.0,1422000000.0,5260000000.0,14380000000.0,10274000000.0,4106000000.0,53298376307.0,222000000.0,-2306000000.0,-125000000.0,-1710000000.0,0.0,-2149000000.0,-3906000000.0,-362000000.0,6262000000.0,15000000.0,2733000000.0,2733000000.0,2733000000.0,0.0,153000000.0,0.126,9674000000.0,3964000000.0,1041000000.0,0.0,2.384,19.502,19.313,3145000000.0,0.0,25.3,2.455,2.439,3433000000.0,18853000000.0,21714000000.0,21714000000.0,2560000000.0,0.076,0.129,0.43,0.172,634000000.0,7004000000.0,1.0,2106655190.0,2093000000,2206000000.0,10.375,22087000000.0,784000000.0,918000000.0,1275000000.0,10.553,1745000000.0
15,EMC,MRT,2012-09-30,2012-09-30,2012-09-30,2018-08-31,-155303000.0,36505718000.0,34979785250.0,11111417000.0,25394301000.0,0.608,10.315,-1138649000.0,4160817000.0,4160817000.0,7986607000.0,2847684000.0,1.149,0.626,1710187000.0,1636907000.0,73280000.0,1710187000.0,7237730000.0,1501849000.0,0.0,0.0,0.0,3550411000.0,5052260000.0,0.238,5052260000.0,3550411000.0,3459005000.0,1.3,1.22,1.3,21703624000.0,20502004000.0,21703624000.0,54949336101.0,15.0,10.876,5408754000.0,2.571,1.0,13271614000.0,0.624,15781616000.0,91406000.0,8604732000.0,8740118000.0,1158262000.0,6419183000.0,1284855000.0,5134328000.0,13577168000.0,9668740000.0,3908428000.0,57232088101.0,1035528000.0,-2287752000.0,78581000.0,-1734990000.0,0.0,-1877295000.0,-3617125000.0,-190724000.0,6547403000.0,-17455000.0,2694551000.0,2694551000.0,2694551000.0,0.0,153133000.0,0.127,9437942000.0,3833672000.0,1074079000.0,0.0,2.637,21.24,20.977,2983446000.0,0.0,27.27,2.692,2.699,3164005000.0,17983315000.0,21258221000.0,21258221000.0,2457797000.0,0.077,0.131,0.406,0.167,613484000.0,6870663000.0,1.0,2098719769.0,2104000000,2210000000.0,10.104,20724102000.0,802215000.0,764454000.0,1003429000.0,9.85,1442677000.0
16,EMC,MRT,2012-06-30,2012-06-30,2012-06-30,2018-08-31,-203106000.0,34958908000.0,33961023500.0,10934534000.0,24024374000.0,0.617,9.989,-1122155000.0,3993018000.0,3993018000.0,7910543000.0,2830798000.0,1.189,0.613,1710266000.0,1621577000.0,88689000.0,1710266000.0,7057862000.0,1475925000.0,0.0,0.0,0.0,3539468000.0,5015393000.0,0.239,5015393000.0,3539468000.0,3424740000.0,1.29,1.21,1.29,20937425000.0,19552897000.0,20937425000.0,50868771500.0,14.0,10.143,5273638000.0,2.516,1.0,13049879000.0,0.623,14412959000.0,114728000.0,9069728000.0,8777331500.0,1029483000.0,6913060000.0,1660226000.0,5252834000.0,12830847000.0,9193469000.0,3637378000.0,53815579500.0,94769000.0,-1090635000.0,-609509000.0,-1736522000.0,0.0,-2783550000.0,-3497352000.0,-1284562000.0,6395793000.0,-20122000.0,2674200000.0,2674200000.0,2674200000.0,0.0,156598000.0,0.128,9230179000.0,3819700000.0,880286000.0,0.0,2.57,20.124,19.868,2942110000.0,0.0,25.63,2.567,2.563,2973743000.0,17356977000.0,20960422000.0,20960422000.0,2352818000.0,0.079,0.137,0.403,0.169,566457000.0,6774577000.0,1.0,2099710476.0,2096000000,2208000000.0,10.0,20545949000.0,792019000.0,750540000.0,654559000.0,9.802,1741065000.0
17,EMC,MRT,2012-03-31,2012-03-31,2012-03-31,2018-08-31,-185692000.0,33985248000.0,33304262000.0,11300250000.0,22684998000.0,0.615,9.699,-1375961000.0,4671175000.0,4671175000.0,7911594000.0,2732425000.0,1.272,0.636,1724367000.0,1620721000.0,103646000.0,1724367000.0,6796626000.0,1450181000.0,0.0,0.0,0.0,3423169000.0,4873350000.0,0.238,4873350000.0,3423169000.0,3279965000.0,1.25,1.16,1.25,20055353000.0,18869396000.0,20055353000.0,60239423737.0,18.0,12.361,4846450000.0,2.344,1.0,12583166000.0,0.614,13930539000.0,143204000.0,8220777000.0,8556850250.0,1034250000.0,6207368000.0,1667780000.0,4539588000.0,12746264000.0,8887124000.0,3859140000.0,61346160737.0,568931000.0,-1007155000.0,-503093000.0,-1722712000.0,0.0,-2429183000.0,-3228750000.0,-890634000.0,6222411000.0,4453000.0,2570694000.0,2570694000.0,2570694000.0,0.0,161731000.0,0.125,8965975000.0,3617191000.0,922624000.0,0.0,3.059,23.864,23.904,2879264000.0,0.0,29.88,2.993,3.015,2661923000.0,16707463000.0,20494760000.0,20494760000.0,2236709000.0,0.077,0.136,0.4,0.167,452291000.0,6633266000.0,1.0,2053084362.0,2067828000,2201933000.0,9.911,20054709000.0,750172000.0,709271000.0,862925000.0,9.698,2413126000.0
18,EMC,MRT,2011-12-31,2011-12-31,2011-12-31,2018-08-31,-235009000.0,34469267000.0,32604808000.0,11702223000.0,22767044000.0,0.614,9.393,-1394000000.0,4531036000.0,4531036000.0,7839000000.0,2609000000.0,1.128,0.729,3424299000.0,3304974000.0,119325000.0,3424299000.0,6174050000.0,1422000000.0,0.0,0.0,0.0,3271000000.0,4693000000.0,0.235,4693000000.0,3271000000.0,3101000000.0,1.2,1.1,1.2,19311614000.0,18237264500.0,19311614000.0,44240888165.0,14.0,9.427,4275000000.0,2.079,1.0,12169000000.0,0.608,13921085000.0,170000000.0,9065235000.0,8459111750.0,1009968000.0,6312093000.0,1786987000.0,4525106000.0,14070239000.0,10376210000.0,3694029000.0,43940679165.0,414000000.0,-920000000.0,-1327000000.0,-25000000.0,0.0,-1719000000.0,-3542000000.0,-1228000000.0,5669000000.0,6000000.0,2461000000.0,2461000000.0,2461000000.0,0.0,148000000.0,0.123,8727000000.0,3442000000.0,1101659000.0,0.0,2.275,17.855,17.95,2833149000.0,0.0,21.54,2.196,2.213,2937499000.0,16120621000.0,20008000000.0,20008000000.0,2151000000.0,0.075,0.135,0.387,0.163,461000000.0,6479000000.0,1.0,2039957250.0,2056000000,2229000000.0,9.732,20548182000.0,852848000.0,640000000.0,846665000.0,9.994,1326013000.0
19,EMC,MRT,2011-09-30,2011-09-30,2011-09-30,2018-08-31,-220302000.0,32430671000.0,31695812250.0,9947723000.0,22482948000.0,0.61,8.718,-1388361000.0,3125610000.0,3125610000.0,7709931000.0,2388720000.0,0.998,0.753,3425819000.0,3280957000.0,144862000.0,3425819000.0,5724062000.0,1352737000.0,0.0,0.0,0.0,3161894000.0,4514631000.0,0.234,4514631000.0,3161894000.0,2980311000.0,1.09,1.01,1.09,17907196000.0,17760371000.0,17907196000.0,42894620212.0,14.0,9.501,3608473000.0,1.757,1.0,11611892000.0,0.601,14005618000.0,181583000.0,8753586000.0,8040106750.0,1104143000.0,6134906000.0,1635533000.0,4499373000.0,13480628000.0,9971676000.0,3508952000.0,43343217212.0,-1814982000.0,-3101079000.0,-1369352000.0,2567000.0,0.0,-1611502000.0,-5194599000.0,-705159000.0,4996834000.0,-5715000.0,2257850000.0,2257850000.0,2257850000.0,0.0,130870000.0,0.117,8364576000.0,3247316000.0,1007805000.0,0.0,2.42,19.197,19.257,2756003000.0,0.0,20.99,2.243,2.231,2650392000.0,15288575000.0,19321823000.0,19321823000.0,2081113000.0,0.071,0.127,0.393,0.164,406942000.0,6171579000.0,1.0,2064946032.0,2054007000,2207099000.0,9.407,18425053000.0,642716000.0,722461000.0,867389000.0,8.97,-23953000.0
20,EMC,MRT,2011-06-30,2011-06-30,2011-06-30,2018-08-31,-93597000.0,32331862000.0,30819871500.0,10233410000.0,22098452000.0,0.602,8.833,-1432387000.0,3896369000.0,3896369000.0,7521292000.0,2235680000.0,1.053,0.718,3447772000.0,3271865000.0,175907000.0,3447772000.0,5409850000.0,1290186000.0,0.0,0.0,0.0,3006843000.0,4297029000.0,0.232,4297029000.0,3006843000.0,2824755000.0,1.03,0.96,1.03,18203421000.0,17487941000.0,18203421000.0,56033664389.0,19.0,13.04,3240457000.0,1.572,1.0,11032601000.0,0.595,13980382000.0,182088000.0,8187803000.0,8507247000.0,1005690000.0,5616495000.0,1436290000.0,4180205000.0,13062700000.0,9715080000.0,3347620000.0,56685996389.0,-1888443000.0,-3436730000.0,-696613000.0,2859000.0,0.0,-630935000.0,-5960639000.0,-1091522000.0,4672844000.0,30287000.0,2124717000.0,2124717000.0,2124717000.0,0.0,110963000.0,0.115,8022489000.0,3010112000.0,983589000.0,0.0,3.114,26.679,26.748,2701797000.0,0.0,27.55,3.055,3.06,2620448000.0,14682926000.0,18553893000.0,18553893000.0,2016356000.0,0.069,0.121,0.353,0.162,340809000.0,5901990000.0,1.0,2057567927.0,2060748000,2266465000.0,9.003,18351480000.0,634183000.0,700038000.0,885916000.0,8.905,518330000.0
21,EMC,MRT,2011-03-31,2011-03-31,2011-03-31,2018-08-31,-56903000.0,31187432000.0,29739768750.0,10172458000.0,21014974000.0,0.596,8.483,-1178677000.0,4102332000.0,4102332000.0,7220539000.0,2084550000.0,1.087,0.722,3450000000.0,3244134000.0,205866000.0,3450000000.0,5220677000.0,1225242000.0,0.0,0.0,0.0,2849078000.0,4074320000.0,0.23,4074320000.0,2849078000.0,2668722000.0,0.97,0.92,0.97,17526827000.0,17002915250.0,17526827000.0,54272715612.0,19.0,13.321,3187597000.0,1.543,1.0,10511513000.0,0.593,13346766000.0,180356000.0,7829823000.0,8808565000.0,921004000.0,5368023000.0,1491454000.0,3876569000.0,12648972000.0,9358511000.0,3290461000.0,54941853612.0,-2154294000.0,-2950915000.0,-816988000.0,1432000.0,0.0,-840854000.0,-5686522000.0,-1528578000.0,4366274000.0,6808000.0,2004439000.0,2004439000.0,2004439000.0,0.0,80111000.0,0.113,7657908000.0,2853605000.0,913773000.0,0.0,3.135,27.41,27.381,2565263000.0,0.0,26.56,3.098,3.095,2379175000.0,14136432000.0,17732052000.0,17732052000.0,1955190000.0,0.067,0.118,0.323,0.161,365556000.0,5609952000.0,1.0,2068593886.0,2066136000,2258278000.0,8.582,17840666000.0,631809000.0,664283000.0,977354000.0,8.635,813947000.0
22,EMC,MRT,2010-12-31,2010-12-31,2010-12-31,2018-08-31,-92617000.0,30833284000.0,28809901500.0,9783322000.0,21049962000.0,0.591,8.465,-1108368000.0,4119138000.0,4119138000.0,6984145000.0,1969686000.0,1.043,0.714,3450000000.0,3214771000.0,235229000.0,3450000000.0,4664136000.0,1167550000.0,0.0,0.0,0.0,2716637000.0,3884187000.0,0.228,3884187000.0,2716637000.0,2538292000.0,0.92,0.88,0.92,17404040000.0,16615204500.0,17404040000.0,45427887721.0,17.0,11.696,3440475000.0,1.673,1.0,10030981000.0,0.59,13396917000.0,178345000.0,7389215000.0,8975445250.0,856405000.0,5426917000.0,1256175000.0,4170742000.0,12431279000.0,9378014000.0,3053265000.0,47183062721.0,-2183361000.0,-3224211000.0,-219192000.0,-62000.0,0.0,-243827000.0,-6476049000.0,-2143470000.0,4548843000.0,-12328000.0,1899995000.0,1899995000.0,1899995000.0,0.0,69691000.0,0.112,7347695000.0,2683286000.0,1062600000.0,0.0,2.711,24.833,24.891,2528432000.0,0.0,22.9,2.773,2.767,2569523000.0,13659284000.0,17015126000.0,17015126000.0,1888015000.0,0.066,0.114,0.303,0.16,385856000.0,5375305000.0,1.0,2060395752.0,2055959000,2147931000.0,8.276,17436367000.0,609832000.0,638297000.0,1182288000.0,8.481,405308000.0
23,EMC,MRT,2010-09-30,2010-09-30,2010-09-30,2018-08-31,-120268000.0,28926908000.0,27804581250.0,10596233000.0,18330675000.0,0.584,8.18,-1030436000.0,4940592000.0,4940592000.0,6784285000.0,1718233000.0,1.91,0.678,3185417000.0,0.0,3185417000.0,3185417000.0,4270032000.0,1145056000.0,0.0,0.0,0.0,2378747000.0,3523803000.0,0.217,3523803000.0,2378747000.0,2199637000.0,0.81,0.78,0.81,16817476000.0,16151665000.0,16817476000.0,39078487832.0,16.0,11.09,3014827000.0,1.466,1.0,9442341000.0,0.582,11001001000.0,179110000.0,10622147000.0,9144546250.0,838622000.0,5572472000.0,1712410000.0,3860062000.0,11407072000.0,5548585000.0,5858487000.0,41706923832.0,-577767000.0,-870580000.0,-107336000.0,-284000.0,0.0,-34720000.0,-4572285000.0,-2672453000.0,4045263000.0,-16025000.0,1662032000.0,1662032000.0,1662032000.0,0.0,56201000.0,0.102,7115103000.0,2327238000.0,827181000.0,0.0,2.48,25.094,25.074,2430679000.0,0.0,20.31,2.57,2.573,2120679000.0,13030725000.0,16226626000.0,16226626000.0,1820165000.0,0.06,0.103,0.26,0.147,432293000.0,5230133000.0,1.0,2053516683.0,2055876000,2146753000.0,7.893,17925907000.0,596568000.0,537605000.0,904530000.0,8.719,5047648000.0
24,EMC,MRT,2010-06-30,2010-06-30,2010-06-30,2018-08-31,-144859000.0,28011451000.0,26960790250.0,10546303000.0,17465148000.0,0.576,7.925,-845639000.0,5784812000.0,5784812000.0,6636401000.0,1534027000.0,1.949,0.683,3156376000.0,0.0,3156376000.0,3156376000.0,4092114000.0,1130508000.0,0.0,0.0,0.0,2077750000.0,3208258000.0,0.207,3208258000.0,2077750000.0,1897240000.0,0.73,0.7,0.73,16263318000.0,15649146000.0,16263318000.0,34489085897.0,17.0,10.75,3124873000.0,1.523,1.0,8895584000.0,0.573,10579441000.0,180510000.0,9393075000.0,8418920000.0,813756000.0,4554504000.0,1015143000.0,3539361000.0,11109225000.0,5410499000.0,5698726000.0,37617632897.0,-637948000.0,-2868327000.0,82263000.0,-17000.0,0.0,-7325000.0,-4578319000.0,-865537000.0,3970512000.0,-22816000.0,1487696000.0,1487696000.0,1487696000.0,0.0,46331000.0,0.096,6910601000.0,1984983000.0,824579000.0,0.0,2.313,25.286,25.068,2286042000.0,0.0,18.3,2.422,2.418,1976311000.0,12558209000.0,15531985000.0,15531985000.0,1758993000.0,0.055,0.095,0.247,0.134,534229000.0,5064583000.0,1.0,2055608355.0,2052161000,2132997000.0,7.569,17432010000.0,583425000.0,409544000.0,900474000.0,8.494,5135804000.0
25,EMC,MRT,2010-03-31,2010-03-31,2010-03-31,2018-08-31,-109689000.0,27467963000.0,26079760500.0,10375125000.0,17092838000.0,0.566,7.789,-740361000.0,6256626000.0,6256626000.0,6485677000.0,1304146000.0,1.978,0.684,3128079000.0,0.0,3128079000.0,3128079000.0,3998248000.0,1098917000.0,0.0,0.0,0.0,1757249000.0,2856166000.0,0.193,2856166000.0,1757249000.0,1577325000.0,0.62,0.6,0.62,15975984000.0,15097057250.0,15975984000.0,33828935460.0,19.0,11.844,3047679000.0,1.486,1.0,8280163000.0,0.561,10596955000.0,179924000.0,8497344000.0,8169273250.0,851501000.0,3896217000.0,641576000.0,3254641000.0,10923896000.0,5245117000.0,5678779000.0,37031144460.0,-66826000.0,-2971587000.0,311802000.0,1142000.0,0.0,248446000.0,-4126940000.0,-398474000.0,3788040000.0,23628000.0,1266712000.0,1266712000.0,1266712000.0,0.0,37434000.0,0.086,6621705000.0,1658458000.0,796688000.0,0.0,2.318,29.234,29.097,2226238000.0,0.0,18.04,2.508,2.506,1735043000.0,12131993000.0,14765840000.0,14765840000.0,1679149000.0,0.049,0.084,0.215,0.119,566141000.0,4832136000.0,1.0,2052724194.0,2051030000,2119192000.0,7.199,16871008000.0,580845000.0,310613000.0,921248000.0,8.226,5130008000.0
26,EMC,MRT,2009-12-31,2009-12-31,2009-12-31,2018-08-31,-105722000.0,26812003000.0,25188294500.0,10538302000.0,16273701000.0,0.557,7.689,-716099000.0,6302499000.0,6302499000.0,6281011000.0,1121801000.0,2.047,0.691,3100290000.0,0.0,3100290000.0,3100290000.0,3636766000.0,1073135000.0,0.0,0.0,0.0,1523351000.0,2596486000.0,0.185,2596486000.0,1523351000.0,1340852000.0,0.54,0.53,0.54,15549882000.0,14496769000.0,15549882000.0,33189832706.0,22.0,12.783,2618286000.0,1.295,1.0,7744899000.0,0.552,10396008000.0,182499000.0,8065619000.0,8026231000.0,886289000.0,3085162000.0,392839000.0,2692323000.0,10751529000.0,5148167000.0,5603362000.0,35635686706.0,458814000.0,-2683341000.0,366361000.0,-15866000.0,0.0,211922000.0,-3095488000.0,302768000.0,3334385000.0,7995000.0,1088077000.0,1088077000.0,1088077000.0,0.0,33724000.0,0.078,6330624000.0,1414275000.0,899298000.0,0.0,2.292,32.751,32.352,2224346000.0,0.0,17.47,2.541,2.519,2108575000.0,11759289000.0,14025910000.0,14025910000.0,1627509000.0,0.043,0.075,0.19,0.109,554455000.0,4595625000.0,1.0,2039821792.0,2022371000,2055146000.0,6.935,16415995000.0,564174000.0,252775000.0,986045000.0,8.117,5390135000.0
27,EMC,MRT,2009-09-30,2009-09-30,2009-09-30,2018-08-31,-118369000.0,25551744000.0,24453937500.0,9628565000.0,15923179000.0,0.57,7.304,-791386000.0,5518359000.0,5518359000.0,6349448000.0,1008469000.0,1.958,0.695,3072505000.0,0.0,3072505000.0,3072505000.0,3478478000.0,1062683000.0,0.0,0.0,0.0,1280870000.0,2343553000.0,0.168,2343553000.0,1280870000.0,1100201000.0,0.48,0.47,0.48,14807400000.0,13941409250.0,14807400000.0,31077952354.0,24.0,13.261,2601088000.0,1.283,1.0,7592934000.0,0.545,10468172000.0,180669000.0,7719642000.0,8000321750.0,810925000.0,2909207000.0,617535000.0,2291672000.0,10285476000.0,4918076000.0,5367400000.0,34455690354.0,44659000.0,-2711444000.0,-78953000.0,12888000.0,0.0,136903000.0,-3459904000.0,11048000.0,3392474000.0,-24814000.0,967403000.0,967403000.0,967403000.0,0.0,41066000.0,0.069,6412629000.0,1180305000.0,819204000.0,0.0,2.327,35.617,35.5,2218632000.0,0.0,17.04,2.471,2.478,1864121000.0,11368693000.0,13942382000.0,13942382000.0,1637787000.0,0.04,0.069,0.16,0.092,537704000.0,4464872000.0,1.0,2022047556.0,2027347000,2065951000.0,6.877,15083572000.0,486463000.0,132798000.0,837517000.0,7.44,4710489000.0
28,EMC,MRT,2009-06-30,2009-06-30,2009-06-30,2018-08-31,-141487000.0,24487332000.0,23845758750.0,10686262000.0,13801070000.0,0.593,6.987,-902861000.0,6422760000.0,6422760000.0,6428907000.0,1110145000.0,2.178,0.714,3045022000.0,0.0,3045022000.0,3045022000.0,3345998000.0,1048885000.0,0.0,0.0,0.0,1417082000.0,2465967000.0,0.174,2465967000.0,1417082000.0,1238139000.0,0.52,0.52,0.52,14054963000.0,13503969250.0,14054963000.0,23065133898.0,16.0,9.353,2563437000.0,1.274,1.0,7711437000.0,0.545,7807745000.0,178943000.0,8394488000.0,8260637250.0,773528000.0,3601436000.0,835490000.0,2765946000.0,10038971000.0,4907361000.0,5131610000.0,26370343898.0,1203413000.0,-284593000.0,-633683000.0,12767000.0,0.0,-219857000.0,-1994313000.0,-838737000.0,3466298000.0,-48715000.0,1062634000.0,1062634000.0,1062634000.0,0.0,47511000.0,0.075,6379064000.0,1332373000.0,957514000.0,0.0,1.876,24.816,25.192,2229053000.0,0.0,13.1,1.865,1.864,1855986000.0,11070513000.0,14140344000.0,14140344000.0,1626488000.0,0.045,0.079,0.172,0.1,480758000.0,4459676000.0,1.0,2013003351.0,2011508000,2030048000.0,7.03,16679587000.0,457193000.0,175505000.0,681033000.0,8.292,5778901000.0
29,EMC,MRT,2009-03-31,2009-03-31,2009-03-31,2018-08-31,-200459000.0,23902099000.0,23443113750.0,10596161000.0,13305938000.0,0.621,6.757,-972986000.0,6323452000.0,6323452000.0,6560637000.0,1267366000.0,2.166,0.735,3018242000.0,0.0,3018242000.0,3018242000.0,3349460000.0,1058690000.0,0.0,0.0,0.0,1628247000.0,2686937000.0,0.185,2686937000.0,1628247000.0,1449418000.0,0.6,0.59,0.6,13574831000.0,13225492000.0,13574831000.0,20541698368.0,13.0,7.645,2537501000.0,1.263,1.0,7996229000.0,0.549,7780732000.0,178829000.0,7925175000.0,8384245250.0,820504000.0,3461514000.0,928277000.0,2533237000.0,9978424000.0,4890982000.0,5087442000.0,22935383368.0,1345006000.0,-387712000.0,-709957000.0,12005000.0,0.0,-123158000.0,-1953696000.0,-628960000.0,3510487000.0,-88627000.0,1217526000.0,1217526000.0,1217526000.0,0.0,49840000.0,0.084,6477732000.0,1518497000.0,1004935000.0,0.0,1.69,18.838,19.0,2192096000.0,0.0,11.4,1.576,1.573,1700096000.0,10865281000.0,14556866000.0,14556866000.0,1671109000.0,0.052,0.092,0.194,0.112,425029000.0,4544146000.0,1.0,2011875734.0,2008915000,2021062000.0,7.246,16121367000.0,511680000.0,231892000.0,708774000.0,8.025,5705179000.0
30,EMC,MRT,2008-12-31,2008-12-31,2008-12-31,2018-08-31,-179952000.0,23874575000.0,23021599500.0,10665029000.0,13209546000.0,0.646,6.506,-990872000.0,5843685000.0,5843685000.0,6653794000.0,1319829000.0,2.044,0.767,2991943000.0,0.0,2991943000.0,2991943000.0,3192384000.0,1057511000.0,0.0,0.0,0.0,1731855000.0,2789366000.0,0.188,2789366000.0,1731855000.0,1555500000.0,0.62,0.61,0.62,13328443000.0,12925385750.0,13328443000.0,19342993270.0,11.0,6.935,2574216000.0,1.257,1.0,8222369000.0,0.553,7842415000.0,176355000.0,7961982000.0,8565727750.0,842803000.0,3333785000.0,963292000.0,2370493000.0,10218625000.0,5218436000.0,5000189000.0,21366693270.0,1361474000.0,-725521000.0,-1248441000.0,27556000.0,0.0,-534011000.0,-1614932000.0,69583000.0,3565088000.0,-54671000.0,1275104000.0,1275104000.0,1275104000.0,0.0,44725000.0,0.086,6653433000.0,1568936000.0,1169726000.0,0.0,1.603,16.757,16.887,2223007000.0,0.0,10.47,1.436,1.442,2252640000.0,10671212000.0,14876163000.0,14876163000.0,1721330000.0,0.055,0.099,0.202,0.116,403734000.0,4601588000.0,1.0,2040753894.0,2048506000,2079853000.0,7.262,16032160000.0,477101000.0,280396000.0,781771000.0,7.826,5446593000.0
31,EMC,MRT,2008-09-30,2008-09-30,2008-09-30,2018-08-31,-50688000.0,23119029000.0,22624119250.0,9726964000.0,13392065000.0,0.649,6.374,-965780000.0,5473700000.0,5473700000.0,6574683000.0,1506675000.0,2.182,0.748,3450000000.0,0.0,3450000000.0,3450000000.0,3094596000.0,1033977000.0,0.0,0.0,0.0,2006755000.0,3040732000.0,0.207,3040732000.0,2006755000.0,1759714000.0,0.71,0.69,0.71,13057640000.0,12723604250.0,13057640000.0,22994168717.0,11.0,7.562,2511271000.0,1.226,1.0,8115616000.0,0.552,7875750000.0,247041000.0,8760904000.0,8918395250.0,980939000.0,2887559000.0,392780000.0,2494779000.0,9766100000.0,4458675000.0,5307425000.0,24763515717.0,927690000.0,-1011647000.0,-1065149000.0,-16097000.0,0.0,-781251000.0,-1762923000.0,203644000.0,3477051000.0,-5187000.0,1464213000.0,1464213000.0,1464213000.0,0.0,42462000.0,0.1,6349106000.0,1766510000.0,893392000.0,0.0,1.896,16.913,16.845,2190343000.0,0.0,11.96,1.686,1.668,2064551000.0,10527872000.0,14690299000.0,14690299000.0,1689779000.0,0.065,0.115,0.225,0.137,321305000.0,4519343000.0,1.0,2070528070.0,2048594000,2077474000.0,7.171,15243279000.0,478496000.0,295501000.0,606880000.0,7.441,5268289000.0
32,EMC,MRT,2008-06-30,2008-06-30,2008-06-30,2018-08-31,-25457000.0,22876752000.0,22149855750.0,9808767000.0,13067985000.0,0.644,6.289,-954126000.0,5219347000.0,5219347000.0,6395921000.0,1593051000.0,2.241,0.747,3450000000.0,0.0,3450000000.0,3450000000.0,3073078000.0,996706000.0,0.0,0.0,0.0,2152781000.0,3149487000.0,0.221,3149487000.0,2152781000.0,1932304000.0,0.76,0.73,0.76,12941054000.0,12431372250.0,12941054000.0,28839261079.0,13.0,9.157,2279097000.0,1.108,1.0,7878540000.0,0.552,7840655000.0,220477000.0,8888920000.0,8900364000.0,972032000.0,2909996000.0,642598000.0,2267398000.0,9672132000.0,4377830000.0,5294302000.0,30367707079.0,2065252000.0,-1135789000.0,-679048000.0,935000.0,0.0,859218000.0,-2041175000.0,41880000.0,3233223000.0,13986000.0,1563722000.0,1563722000.0,1563722000.0,0.0,29329000.0,0.11,6122483000.0,1756057000.0,825531000.0,0.0,2.347,19.42,19.329,2168760000.0,0.0,14.69,2.127,2.118,2190188000.0,10116595000.0,14274461000.0,14274461000.0,1662586000.0,0.071,0.126,0.242,0.151,288545000.0,4330538000.0,1.0,2067236697.0,2057766000,2094795000.0,6.937,15036097000.0,475820000.0,368582000.0,578213000.0,7.307,5430937000.0
33,EMC,MRT,2008-03-31,2008-03-31,2008-03-31,2018-08-31,-2964000.0,22216042000.0,21201876000.0,9310094000.0,12905948000.0,0.647,5.963,-909472000.0,4978446000.0,4978446000.0,6174476000.0,1559621000.0,2.154,0.778,3450000000.0,0.0,3450000000.0,3450000000.0,2972630000.0,959045000.0,0.0,0.0,0.0,2099497000.0,3058542000.0,0.223,3058542000.0,2099497000.0,1904928000.0,0.74,0.72,0.74,12374406000.0,11855684750.0,12374406000.0,29089958111.0,14.0,9.511,2326739000.0,1.121,1.0,7550783000.0,0.55,7713894000.0,194569000.0,8651105000.0,8802637250.0,953085000.0,2881998000.0,635056000.0,2246942000.0,9631677000.0,4322597000.0,5309080000.0,30122169111.0,2631072000.0,-1026551000.0,-815717000.0,-1640000.0,0.0,570086000.0,-1190232000.0,747961000.0,3236211000.0,15007000.0,1538005000.0,1538005000.0,1538005000.0,0.0,21616000.0,0.112,5847843000.0,1702940000.0,881481000.0,0.0,2.434,19.585,19.378,2141922000.0,0.0,14.34,2.195,2.168,1897712000.0,9739127000.0,13725259000.0,13725259000.0,1605050000.0,0.073,0.13,0.239,0.153,295663000.0,4119213000.0,1.0,2100569673.0,2075152000,2110805000.0,6.614,14502148000.0,515122000.0,366923000.0,628070000.0,6.988,4987497000.0
34,EMC,MRT,2007-12-31,2007-12-31,2007-12-31,2018-08-31,-8449000.0,22284654000.0,20303442500.0,10053102000.0,12231552000.0,0.652,6.021,-931085000.0,4482211000.0,4482211000.0,6018877000.0,1614420000.0,2.281,0.765,3450000000.0,0.0,3450000000.0,3450000000.0,2778303000.0,917274000.0,0.0,0.0,0.0,2116969000.0,3034243000.0,0.229,3034243000.0,2116969000.0,1947176000.0,0.77,0.74,0.77,12521317000.0,11347027750.0,12521317000.0,37784097341.0,18.0,12.453,2195517000.0,1.056,1.0,7211328000.0,0.545,7471583000.0,169793000.0,9372652000.0,8891672000.0,877243000.0,3470275000.0,1644703000.0,1825572000.0,9574349000.0,4408208000.0,5166141000.0,38880107341.0,2654105000.0,-692003000.0,-671220000.0,2637000.0,0.0,679492000.0,-1162897000.0,460191000.0,3126602000.0,10908000.0,1598965000.0,1598965000.0,1598965000.0,0.0,15455000.0,0.121,5472076000.0,1739252000.0,840886000.0,0.0,3.105,24.316,24.065,2159396000.0,0.0,18.53,2.939,2.913,2307512000.0,9470289000.0,13230205000.0,13230205000.0,1526928000.0,0.079,0.141,0.238,0.16,275622000.0,3912688000.0,1.0,2098224897.0,2079542000,2157873000.0,6.362,14813071000.0,475544000.0,348211000.0,681230000.0,7.123,5644894000.0
35,EMC,MRT,2007-09-30,2007-09-30,2007-09-30,2018-08-31,-34002000.0,21221975000.0,19373840750.0,9380636000.0,11841339000.0,0.651,5.714,-917134000.0,4546010000.0,4546010000.0,5783483000.0,1528703000.0,2.296,0.77,3450000000.0,0.0,3450000000.0,3450000000.0,2522948000.0,877365000.0,0.0,0.0,0.0,1828810000.0,2706175000.0,0.215,2706175000.0,1828810000.0,1748759000.0,0.73,0.72,0.73,11888712000.0,10798125250.0,11888712000.0,43919527266.0,24.0,16.229,1883686000.0,0.905,1.0,6830522000.0,0.542,7351503000.0,80051000.0,8688779000.0,8924926250.0,886729000.0,2981298000.0,1281930000.0,1699368000.0,9159916000.0,4085683000.0,5074233000.0,43623622266.0,3087690000.0,-512763000.0,-1626612000.0,1206188000.0,0.0,621176000.0,-373747000.0,1067010000.0,2800820000.0,39441000.0,1528703000.0,1528703000.0,1528703000.0,0.0,0.0,0.121,5355037000.0,1475485000.0,805592000.0,0.0,3.669,28.536,28.493,2106207000.0,0.0,20.8,3.458,3.431,1920172000.0,8944555000.0,12614005000.0,12614005000.0,1482931000.0,0.079,0.142,0.205,0.145,307127000.0,3697761000.0,1.0,2097289532.0,2080507000,2177259000.0,6.063,13870472000.0,447224000.0,220056000.0,705739000.0,6.667,5294953000.0
36,EMC,MRT,2007-06-30,2007-06-30,2007-06-30,2018-08-31,-61248000.0,19084833000.0,18584834750.0,7783362000.0,11301471000.0,0.653,5.138,-921052000.0,3154095000.0,3154095000.0,5636940000.0,1319447000.0,2.051,0.794,3450000000.0,0.0,3450000000.0,3450000000.0,2371532000.0,837781000.0,0.0,0.0,0.0,1573906000.0,2411687000.0,0.199,2411687000.0,1573906000.0,1505985000.0,0.62,0.62,0.62,10638304000.0,10566117250.0,10638304000.0,39084663708.0,25.0,16.206,1620418000.0,0.783,1.0,6492617000.0,0.535,7087269000.0,67921000.0,8498013000.0,8206524500.0,823281000.0,2780861000.0,1436863000.0,1343998000.0,8446529000.0,3795456000.0,4651073000.0,37982037708.0,1593711000.0,-2482648000.0,-2674806000.0,3389108000.0,0.0,479352000.0,-1447472000.0,1970038000.0,2541470000.0,20361000.0,1319447000.0,1319447000.0,1319447000.0,0.0,0.0,0.109,5123133000.0,1369484000.0,690016000.0,0.0,3.57,28.786,29.194,2081447000.0,0.0,18.1,3.131,3.09,1669203000.0,8451635000.0,12129557000.0,12129557000.0,1411633000.0,0.071,0.125,0.192,0.13,324320000.0,3523073000.0,1.0,2098455122.0,2070636000,2121645000.0,5.858,11997564000.0,546604000.0,186538000.0,300872000.0,5.794,3987906000.0
37,EMC,MRT,2007-03-31,2007-03-31,2007-03-31,2018-08-31,-44825000.0,18622308000.0,17828092500.0,7319663000.0,11302645000.0,0.65,4.971,-924033000.0,2347374000.0,2347374000.0,5429612000.0,1264133000.0,1.944,0.801,3450000000.0,0.0,3450000000.0,3450000000.0,2284867000.0,795616000.0,0.0,0.0,0.0,1455305000.0,2250921000.0,0.194,2250921000.0,1455305000.0,1404899000.0,0.58,0.58,0.58,10339778000.0,10800460000.0,10339778000.0,30819364130.0,21.0,13.692,1387896000.0,0.667,1.0,6149796000.0,0.531,6952049000.0,50406000.0,9007244000.0,7650642500.0,824841000.0,3472595000.0,1936816000.0,1535779000.0,8282530000.0,3765641000.0,4516889000.0,29197470130.0,784589000.0,-2602878000.0,-3469517000.0,3265407000.0,0.0,-455514000.0,-1129657000.0,2411274000.0,2311929000.0,57831000.0,1264133000.0,1264133000.0,1264133000.0,0.0,0.0,0.109,4909776000.0,1240020000.0,726755000.0,0.0,2.824,23.097,23.879,2075989000.0,0.0,13.85,2.521,2.488,1542351000.0,8113609000.0,11579408000.0,11579408000.0,1326096000.0,0.071,0.117,0.19,0.126,351890000.0,3380740000.0,1.0,2108120587.0,2080039000,2121826000.0,5.567,11670259000.0,528974000.0,140766000.0,241018000.0,5.611,3554022000.0
38,EMC,MRT,2006-12-31,2006-12-31,2006-12-31,2018-08-31,-54563000.0,18566247000.0,17338029500.0,6520587000.0,12045660000.0,0.643,4.592,-910990000.0,1828106000.0,1828106000.0,5241891000.0,1227601000.0,1.781,0.798,3450000000.0,0.0,3450000000.0,3450000000.0,2105795000.0,764162000.0,0.0,0.0,0.0,1424388000.0,2188550000.0,0.196,2188550000.0,1424388000.0,1390265000.0,0.55,0.54,0.55,10325707000.0,11244313250.0,10325707000.0,29813392221.0,21.0,13.622,1229434000.0,0.547,1.0,5913199000.0,0.53,7020710000.0,34123000.0,9505669000.0,7191098750.0,834800000.0,3768215000.0,1521925000.0,2246290000.0,8240540000.0,3661762000.0,4578778000.0,29071712221.0,-494264000.0,-2618376000.0,-3397615000.0,3263554000.0,0.0,-391968000.0,-2296660000.0,1253566000.0,2140424000.0,53940000.0,1227601000.0,1227601000.0,1227601000.0,0.0,0.0,0.11,4714007000.0,1199192000.0,680263000.0,0.0,2.815,23.682,24.0,2035559000.0,0.0,13.2,2.606,2.661,1692214000.0,7798112000.0,11155090000.0,11155090000.0,1254193000.0,0.071,0.109,0.198,0.128,378662000.0,3253274000.0,1.0,2202402441.0,2248431000,2286304000.0,4.961,11545537000.0,522592000.0,162664000.0,283148000.0,5.135,2858825000.0
39,EMC,MRT,2006-09-30,2006-09-30,2006-09-30,2018-08-31,-29567000.0,18065951000.0,16894063500.0,5639050000.0,12426901000.0,0.63,4.948,-886752000.0,1458320000.0,1458320000.0,4991370000.0,983508000.0,0.936,0.648,2200000000.0,2200000000.0,0.0,2200000000.0,1988933000.0,721050000.0,0.0,0.0,0.0,1550034000.0,2271084000.0,0.213,2271084000.0,1550034000.0,1539531000.0,0.44,0.43,0.44,10960680000.0,11679244000.0,10960680000.0,25975500371.0,17.0,11.437,1197792000.0,0.541,1.0,5659413000.0,0.531,6969032000.0,10503000.0,5815172000.0,6433328250.0,895091000.0,4020769000.0,1211177000.0,2809592000.0,7105271000.0,6023427000.0,1081844000.0,27535884371.0,-9941000.0,-2797893000.0,-2609714000.0,2071856000.0,0.0,-525822000.0,-1612815000.0,2112690000.0,2084544000.0,44152000.0,983508000.0,983508000.0,983508000.0,0.0,0.0,0.092,4336642000.0,1322771000.0,745678000.0,0.0,2.512,27.998,27.227,1970318000.0,0.0,11.98,2.585,2.491,1449757000.0,7405724000.0,10650783000.0,10650783000.0,1157690000.0,0.058,0.084,0.241,0.146,318678000.0,3045684000.0,1.0,2298487844.0,2215039000,2240291000.0,4.808,11096919000.0,372398000.0,556023000.0,706641000.0,5.01,-384377000.0
40,EMC,MRT,2006-06-30,2006-06-30,2006-06-30,2018-08-31,-75503000.0,16057864000.0,16463952500.0,5414373000.0,10643491000.0,0.62,5.019,-844260000.0,1560384000.0,1560384000.0,4747928000.0,1121516000.0,1.524,0.387,0.0,0.0,0.0,0.0,1960386000.0,688099000.0,0.0,0.0,0.0,1583945000.0,2272044000.0,0.223,2272044000.0,1583945000.0,1577342000.0,0.49,0.47,0.49,11575675000.0,11976087750.0,11575675000.0,24503298199.0,15.0,10.785,1372414000.0,0.595,1.0,5453291000.0,0.535,4670654000.0,6603000.0,6274485000.0,6935104750.0,763771000.0,4724663000.0,1237614000.0,3487049000.0,4482189000.0,3552341000.0,929848000.0,25939490199.0,-292059000.0,-718268000.0,-1851773000.0,-130916000.0,0.0,-1972962000.0,-582989000.0,1019504000.0,2216674000.0,47218000.0,1121516000.0,1121516000.0,1121516000.0,0.0,0.0,0.11,4093435000.0,1359856000.0,616686000.0,0.0,2.241,23.129,22.388,1836399000.0,0.0,10.97,2.543,2.48,1264519000.0,7122060000.0,10201219000.0,10201219000.0,1100108000.0,0.068,0.094,0.228,0.155,251330000.0,2877817000.0,1.0,2364584339.0,2306457000,2341785000.0,4.423,11387210000.0,348122000.0,455826000.0,542669000.0,4.937,1862032000.0
41,EMC,MRT,2006-03-31,2006-03-31,2006-03-31,2018-08-31,-76898000.0,16662056000.0,16492912000.0,6001548000.0,10660508000.0,0.605,5.154,-837240000.0,1562785000.0,1562785000.0,4619570000.0,1135787000.0,1.65,0.375,126593000.0,126593000.0,0.0,126593000.0,1931251000.0,668773000.0,0.0,0.0,0.0,1660301000.0,2329074000.0,0.234,2329074000.0,1660301000.0,1652336000.0,0.49,0.47,0.49,12115191000.0,12089170000.0,12115191000.0,30199702451.0,18.0,12.966,1415804000.0,0.602,1.0,5351941000.0,0.537,4420324000.0,7965000.0,7169069000.0,7188810000.0,693466000.0,5868626000.0,2042374000.0,3826252000.0,4546865000.0,3636471000.0,910394000.0,32395109451.0,-122174000.0,-449518000.0,-960933000.0,-3864000.0,0.0,-958488000.0,-1415199000.0,-93586000.0,2253044000.0,-1531000.0,1135787000.0,1135787000.0,1135787000.0,0.0,0.0,0.114,3897510000.0,1454431000.0,639964000.0,0.0,2.674,28.522,27.816,1800920000.0,0.0,13.63,3.249,3.213,1201812000.0,6842967000.0,9971511000.0,9971511000.0,1054021000.0,0.069,0.094,0.231,0.167,193492000.0,2738455000.0,1.0,2376750510.0,2350606000,2400312000.0,4.242,12241732000.0,330610000.0,516549000.0,582296000.0,5.208,2365077000.0
42,EMC,MRT,2005-12-31,2005-12-31,2005-12-31,2018-08-31,-63687000.0,16790383000.0,16278614250.0,6573976000.0,10216407000.0,0.594,5.063,-768254000.0,2322370000.0,2322370000.0,4471136000.0,1133165000.0,1.789,0.392,126963000.0,0.0,126963000.0,126963000.0,1805149000.0,639974000.0,0.0,0.0,0.0,1660231000.0,2300205000.0,0.238,2300205000.0,1660231000.0,1652243000.0,0.48,0.47,0.48,12065430000.0,11991293750.0,12065430000.0,31220494534.0,19.0,13.573,1448042000.0,0.608,1.0,5192819000.0,0.537,4446531000.0,7988000.0,6474587000.0,7182928000.0,724751000.0,5033084000.0,1615495000.0,3417589000.0,4724953000.0,3673858000.0,1051095000.0,32561222534.0,845567000.0,-683663000.0,-740123000.0,-3501000.0,0.0,-743624000.0,-611685000.0,868387000.0,2216296000.0,-15420000.0,1133165000.0,1133165000.0,1133165000.0,0.0,0.0,0.117,3723022000.0,1469797000.0,583756000.0,0.0,2.699,28.735,28.375,1754035000.0,0.0,13.62,3.369,3.358,1405564000.0,6570511000.0,9663955000.0,9663955000.0,1004829000.0,0.07,0.094,0.231,0.172,124171000.0,2605977000.0,1.0,2390691816.0,2382977000,2432582000.0,4.055,12343852000.0,326318000.0,519078000.0,820886000.0,5.18,2900118000.0
43,EMC,MRT,2005-09-30,2005-09-30,2005-09-30,2018-08-31,-65549000.0,16345507000.0,15936745000.0,6857860000.0,9487647000.0,0.584,5.096,-691540000.0,1468261000.0,1468261000.0,4367192000.0,1305415000.0,2.219,0.346,127533000.0,198000.0,127335000.0,127533000.0,1704128000.0,640323000.0,0.0,0.0,0.0,1598120000.0,2238443000.0,0.24,2238443000.0,1598120000.0,1590256000.0,0.54,0.53,0.54,12148055000.0,11855758000.0,12148055000.0,29469127027.0,18.0,13.165,1576795000.0,0.661,1.0,4944292000.0,0.531,4092104000.0,7864000.0,7822278000.0,7399773000.0,756245000.0,6152136000.0,2996492000.0,3155644000.0,4197452000.0,3090397000.0,1107055000.0,31193614027.0,81666000.0,-396351000.0,-464232000.0,-3730000.0,0.0,-467962000.0,-1692472000.0,-576174000.0,2268335000.0,-26235000.0,1305415000.0,1305415000.0,1305415000.0,0.0,0.0,0.14,3521963000.0,1422329000.0,517523000.0,0.0,2.568,23.896,23.963,1679572000.0,0.0,12.94,3.35,3.313,1166175000.0,6422216000.0,9311484000.0,9311484000.0,964847000.0,0.082,0.11,0.216,0.172,171654000.0,2525350000.0,1.0,2410634778.0,2383770000,2433079000.0,3.906,12253403000.0,295986000.0,284841000.0,630523000.0,5.14,3767463000.0
44,EMC,MRT,2005-06-30,2005-06-30,2005-06-30,2018-08-31,-51190000.0,16173702000.0,15548805750.0,5908744000.0,10264958000.0,0.577,5.029,-613145000.0,1852443000.0,1852443000.0,4264745000.0,1101778000.0,1.884,0.345,127956000.0,249000.0,127707000.0,127956000.0,1625849000.0,635762000.0,0.0,0.0,0.0,1480734000.0,2116496000.0,0.236,2116496000.0,1480734000.0,1472897000.0,0.45,0.45,0.45,12028004000.0,11616735000.0,12028004000.0,31385443215.0,21.0,14.829,1633312000.0,0.683,1.0,4709876000.0,0.525,4023859000.0,7837000.0,7289306000.0,7148867500.0,696738000.0,5821823000.0,1720592000.0,4101231000.0,4145698000.0,3136050000.0,1009648000.0,32941970215.0,504916000.0,-314834000.0,-246373000.0,-4864000.0,0.0,-251237000.0,-1466141000.0,-480170000.0,2246457000.0,-24163000.0,1101778000.0,1101778000.0,1101778000.0,0.0,0.0,0.123,3395320000.0,1314556000.0,479751000.0,0.0,2.739,29.899,30.467,1619452000.0,0.0,13.71,3.671,3.654,1163935000.0,6000544000.0,8974621000.0,8974621000.0,925835000.0,0.071,0.095,0.207,0.165,146947000.0,2441581000.0,1.0,2402769527.0,2391826000,2442359000.0,3.752,12149843000.0,302153000.0,371119000.0,667863000.0,5.08,2772694000.0
45,EMC,MRT,2005-03-31,2005-03-31,2005-03-31,2018-08-31,-69846000.0,15804865000.0,15127738250.0,5210939000.0,10593926000.0,0.569,4.894,-550138000.0,1684959000.0,1684959000.0,4149831000.0,1001218000.0,1.703,0.348,128432000.0,351000.0,128081000.0,128432000.0,1586226000.0,624913000.0,0.0,0.0,0.0,1350974000.0,1975887000.0,0.23,1975887000.0,1350974000.0,1343398000.0,0.41,0.41,0.41,11723686000.0,11367734500.0,11723686000.0,28269212995.0,21.0,14.307,1730022000.0,0.722,1.0,4451159000.0,0.518,4042832000.0,7576000.0,7145541000.0,6976619500.0,594260000.0,5811763000.0,1377973000.0,4433790000.0,4081179000.0,3059965000.0,1021214000.0,29617376995.0,544468000.0,-313650000.0,-408754000.0,-4986000.0,0.0,-413740000.0,-1321962000.0,-383113000.0,2280160000.0,10000.0,1001218000.0,1001218000.0,1001218000.0,0.0,0.0,0.116,3258876000.0,1192283000.0,525344000.0,0.0,2.526,29.581,30.049,1583976000.0,0.0,12.32,3.443,3.431,1085260000.0,5707180000.0,8600990000.0,8600990000.0,877600000.0,0.066,0.088,0.194,0.157,111809000.0,2347786000.0,1.0,2404007873.0,2395509000,2443455000.0,3.59,11762033000.0,307280000.0,342180000.0,608217000.0,4.91,2150974000.0
46,EMC,MRT,2004-12-31,2004-12-31,2004-12-31,2018-08-31,-34922000.0,15422906000.0,14802087250.0,4830926000.0,10591980000.0,0.556,4.797,-537796000.0,1476803000.0,1476803000.0,4014881000.0,871189000.0,1.638,0.338,128456000.0,0.0,128456000.0,128456000.0,1501487000.0,616357000.0,0.0,0.0,0.0,1192546000.0,1808903000.0,0.22,1808903000.0,1192546000.0,1185030000.0,0.36,0.36,0.36,11523287000.0,11206413500.0,11523287000.0,34187887169.0,29.0,18.9,1564499000.0,0.651,1.0,4214607000.0,0.512,3783892000.0,7516000.0,7341967000.0,6849637500.0,514065000.0,5963963000.0,1236726000.0,4727237000.0,3899619000.0,2948700000.0,950919000.0,35632663169.0,-276173000.0,-590410000.0,-315767000.0,-8056000.0,0.0,-323823000.0,-2064700000.0,-858096000.0,2102295000.0,10055000.0,871189000.0,871189000.0,871189000.0,0.0,0.0,0.106,3178787000.0,1035820000.0,522770000.0,0.0,3.092,40.901,41.306,1571810000.0,0.0,14.87,4.33,4.341,1162387000.0,5437346000.0,8229488000.0,8229488000.0,847899000.0,0.059,0.078,0.174,0.145,106017000.0,2266665000.0,1.0,2396278626.0,2402198000,2450570000.0,3.426,11639014000.0,289810000.0,313841000.0,546372000.0,4.845,1882226000.0
47,EMC,MRT,2004-09-30,2004-09-30,2004-09-30,2018-08-31,-26047000.0,14793750000.0,14469575750.0,4359873000.0,10433877000.0,0.535,4.67,-517489000.0,1573670000.0,1573670000.0,3830369000.0,770741000.0,1.585,0.322,128894000.0,62000.0,128832000.0,128894000.0,1407027000.0,581711000.0,0.0,0.0,0.0,1028537000.0,1610248000.0,0.208,1610248000.0,1028537000.0,1022643000.0,0.32,0.33,0.32,11191963000.0,11046772000.0,11191963000.0,26320645576.0,26.0,16.346,1447005000.0,0.604,1.0,3903833000.0,0.505,3778964000.0,5894000.0,6818656000.0,6700009000.0,547028000.0,5461051000.0,877044000.0,4584007000.0,3601787000.0,2751354000.0,850433000.0,27749910576.0,150079000.0,-208513000.0,-265937000.0,-9584000.0,0.0,-275521000.0,-1553460000.0,-736252000.0,1964494000.0,14566000.0,770741000.0,770741000.0,770741000.0,0.0,0.0,0.1,3028713000.0,875120000.0,448427000.0,0.0,2.479,36.004,36.063,1564306000.0,0.0,11.54,3.588,3.576,950216000.0,5116801000.0,7734202000.0,7734202000.0,813821000.0,0.053,0.07,0.154,0.133,34752000.0,2129121000.0,1.0,2404671627.0,2396399000,2433671000.0,3.227,11014786000.0,278417000.0,251902000.0,505386000.0,4.596,1608519000.0
48,EMC,MRT,2004-06-30,2004-06-30,2004-06-30,2018-08-31,-46156000.0,14489432000.0,13285055250.0,4230467000.0,10258965000.0,0.543,4.589,-505009000.0,1562577000.0,1562577000.0,3680421000.0,711795000.0,1.561,0.313,133312000.0,4103000.0,129209000.0,133312000.0,1377701000.0,552139000.0,0.0,0.0,0.0,871699000.0,1423838000.0,0.197,1423838000.0,871699000.0,867013000.0,0.3,0.31,0.3,11032002000.0,10113278750.0,11032002000.0,26209612513.0,30.0,18.408,1289463000.0,0.536,1.0,3535749000.0,0.49,3749702000.0,4686000.0,6600314000.0,6401618250.0,544023000.0,5147560000.0,726488000.0,4421072000.0,3457430000.0,2710151000.0,747279000.0,27589254513.0,-186778000.0,-213771000.0,-258868000.0,-8955000.0,0.0,-267823000.0,-1724834000.0,-929373000.0,1794472000.0,11407000.0,711795000.0,711795000.0,711795000.0,0.0,0.0,0.099,2824567000.0,711182000.0,433805000.0,0.0,2.501,38.76,38.0,1583240000.0,0.0,11.4,3.823,3.797,962155000.0,4898766000.0,7216170000.0,7216170000.0,770971000.0,0.054,0.07,0.136,0.121,34637000.0,1961835000.0,1.0,2420110045.0,2403786000,2445902000.0,3.002,10739730000.0,323491000.0,155218000.0,471374000.0,4.468,1520316000.0
49,EMC,MRT,2004-03-31,2004-03-31,2004-03-31,2018-08-31,4247000.0,14502261000.0,12144835500.0,4438802000.0,10063459000.0,0.554,4.586,-506393000.0,1513441000.0,1513441000.0,3542380000.0,600730000.0,1.646,0.309,133799000.0,4212000.0,129587000.0,133799000.0,1352856000.0,527491000.0,0.0,0.0,0.0,719766000.0,1247257000.0,0.185,1247257000.0,719766000.0,715627000.0,0.26,0.27,0.26,11078402000.0,9201069000.0,11078402000.0,31182688004.0,43.0,25.001,1330624000.0,0.551,1.0,3181906000.0,0.473,3788191000.0,4139000.0,6637613000.0,6059649750.0,545502000.0,5171583000.0,981298000.0,4190285000.0,3423859000.0,2696815000.0,727044000.0,32915044004.0,16459000.0,-205734000.0,-19127000.0,-19788000.0,0.0,-38915000.0,-1796907000.0,-1018642000.0,1837017000.0,15264000.0,600730000.0,600730000.0,600730000.0,0.0,0.0,0.089,2637836000.0,544070000.0,439857000.0,0.0,2.971,54.792,52.346,1593939000.0,0.0,13.61,4.895,4.889,994407000.0,4705962000.0,6724286000.0,6724286000.0,742652000.0,0.049,0.065,0.119,0.107,32709000.0,1806238000.0,1.0,2418445555.0,2415550000,2467209000.0,2.784,10714070000.0,310401000.0,114897000.0,448307000.0,4.435,1741987000.0
50,EMC,MRT,2003-12-31,2003-12-31,2003-12-31,2018-08-31,2197000.0,14092860000.0,10914178250.0,4687304000.0,9405556000.0,0.571,4.922,-481972000.0,1752976000.0,1752976000.0,3394750000.0,496108000.0,1.841,0.295,137070000.0,7104000.0,129966000.0,137070000.0,1130340000.0,520698000.0,0.0,0.0,0.0,574053000.0,1094751000.0,0.176,1094751000.0,574053000.0,571023000.0,0.22,0.22,0.22,10884721000.0,8247265500.0,10884721000.0,26639799268.0,46.0,24.334,1039258000.0,0.47,1.0,2842058000.0,0.456,3186972000.0,3030000.0,6743453000.0,5766396500.0,514015000.0,5154609000.0,1044698000.0,4109911000.0,3208139000.0,2546529000.0,661610000.0,28237179268.0,436631000.0,323930000.0,-14383000.0,-25670000.0,0.0,-40053000.0,-1059394000.0,-839551000.0,1521230000.0,14848000.0,496108000.0,496108000.0,496108000.0,0.0,0.0,0.08,2455808000.0,386250000.0,414251000.0,0.0,2.594,56.917,58.727,1610182000.0,0.0,12.92,4.528,4.581,952421000.0,4566157000.0,6236808000.0,6236808000.0,718470000.0,0.045,0.06,0.1,0.092,10515000.0,1656164000.0,1.0,2185540191.0,2211544000,2237656000.0,2.82,10905888000.0,343765000.0,74915000.0,436434000.0,4.931,2140775000.0
51,EMC,MRT,2003-09-30,2003-09-30,2003-09-30,2018-08-31,-87613000.0,10055668000.0,9788575000.0,4206035000.0,5849633000.0,0.599,3.411,-467558000.0,1606769000.0,1606769000.0,3358909000.0,212095000.0,1.93,0.348,9389000.0,9389000.0,0.0,9389000.0,877383000.0,547120000.0,0.0,0.0,0.0,243981000.0,791101000.0,0.135,791101000.0,243981000.0,238199000.0,0.1,0.1,0.1,7457990000.0,7332585750.0,7457990000.0,25816464334.0,106.0,32.634,737373000.0,0.337,1.0,2504787000.0,0.427,654216000.0,5782000.0,5625093000.0,5484150750.0,525763000.0,4584638000.0,1007053000.0,3577585000.0,2597678000.0,2178979000.0,418699000.0,27708286334.0,61473000.0,-33566000.0,-145526000.0,-38960000.0,0.0,-184486000.0,-963266000.0,-433046000.0,1204931000.0,4294000.0,212095000.0,212095000.0,212095000.0,0.0,0.0,0.036,2480336000.0,24451000.0,392251000.0,0.0,3.715,130.641,126.3,1564999000.0,0.0,12.63,4.725,4.709,722334000.0,4346060000.0,5863696000.0,5863696000.0,716856000.0,0.022,0.029,0.044,0.042,37384000.0,1561031000.0,1.0,2193846899.0,2186213000,2213875000.0,2.682,9401452000.0,291405000.0,26104000.0,367690000.0,4.3,2027056000.0
52,EMC,MRT,2003-06-30,2003-06-30,2003-06-30,2018-08-31,-59217000.0,9928553000.0,9693009500.0,4497263000.0,5431290000.0,0.579,3.376,-472459000.0,1904558000.0,1904558000.0,3308988000.0,74267000.0,2.039,0.345,12736000.0,12736000.0,0.0,12736000.0,776851000.0,584574000.0,0.0,0.0,0.0,17237000.0,601811000.0,0.107,601811000.0,17237000.0,9364000.0,0.04,0.04,0.04,7383163000.0,7326628250.0,7383163000.0,21425520177.0,1243.0,35.602,769101000.0,0.352,1.0,2303299000.0,0.41,599029000.0,7873000.0,5232440000.0,5393936500.0,523148000.0,4156982000.0,969477000.0,3187505000.0,2545390000.0,2205262000.0,340128000.0,22897855177.0,468304000.0,-21993000.0,-84990000.0,-39086000.0,0.0,-124076000.0,-659237000.0,-132115000.0,1241560000.0,10057000.0,74267000.0,74267000.0,74267000.0,0.0,0.0,0.013,2533190000.0,-229891000.0,376880000.0,0.0,3.101,308.318,261.75,1577440000.0,0.0,10.47,4.08,4.08,734255000.0,4186971000.0,5612287000.0,5612287000.0,735681000.0,0.008,0.01,0.003,0.003,34291000.0,1583180000.0,1.0,2186996674.0,2187267000,2210614000.0,2.566,9329524000.0,304342000.0,-64903000.0,438393000.0,4.265,2292001000.0
53,EMC,MRT,2003-03-31,2003-03-31,2003-03-31,2018-08-31,-59125000.0,9579632000.0,9632650000.0,4202797000.0,5376835000.0,0.573,3.321,-477528000.0,1494285000.0,1494285000.0,3304907000.0,-6664000.0,2.045,0.319,21950000.0,21950000.0,0.0,21950000.0,671649000.0,632118000.0,0.0,0.0,0.0,-118373000.0,513745000.0,0.093,513745000.0,-118373000.0,-127791000.0,0.0,0.0,0.0,7263188000.0,7334805500.0,7263188000.0,14145000314.0,-119.0,27.533,687097000.0,0.314,1.0,2215618000.0,0.401,587474000.0,9418000.0,5464600000.0,5428506250.0,572327000.0,4182227000.0,1010818000.0,3171409000.0,2316444000.0,2055223000.0,261221000.0,15804091314.0,-141646000.0,-21993000.0,-290747000.0,-31518000.0,0.0,-322265000.0,-991206000.0,-466641000.0,1164625000.0,7200000.0,-6664000.0,-6664000.0,-6664000.0,0.0,0.0,-0.001,2587756000.0,-372138000.0,443528000.0,,2.176,-2371.562,,1578927000.0,0.0,7.23,2.863,2.864,789858000.0,4105232000.0,5520525000.0,5520525000.0,760920000.0,-0.001,-0.001,-0.022,-0.021,34291000.0,1610697000.0,1.0,2185904746.0,2186771000,2199955000.0,2.525,8992158000.0,295003000.0,-121127000.0,207420000.0,4.112,2147574000.0
54,EMC,MRT,2002-12-31,2002-12-31,2002-12-31,2018-08-31,-53488000.0,9590447000.0,9663980000.0,4217248000.0,5373199000.0,0.563,3.275,-517754000.0,1686598000.0,1686598000.0,3319510000.0,-118706000.0,2.066,0.327,27507000.0,27507000.0,0.0,27507000.0,604771000.0,653686000.0,0.0,0.0,0.0,-285072000.0,368614000.0,0.068,368614000.0,-285072000.0,-296487000.0,-0.05,-0.05,-0.05,7226002000.0,7396459250.0,7226002000.0,11803153013.0,-41.0,32.02,927980000.0,0.421,1.0,2118842000.0,0.39,275236000.0,11415000.0,5614470000.0,5374594500.0,437805000.0,3999033000.0,864743000.0,3134290000.0,2364445000.0,2041650000.0,322795000.0,13506683013.0,-246321000.0,-21993000.0,-282999000.0,-28178000.0,0.0,-311177000.0,-1380293000.0,-815502000.0,1445734000.0,-585000.0,-118706000.0,-118706000.0,-118706000.0,0.0,0.0,-0.022,2660067000.0,-541225000.0,429732000.0,0.0,1.869,-113.783,-122.8,1624396000.0,0.0,6.14,2.484,2.491,881325000.0,4070049000.0,5438352000.0,5438352000.0,781457000.0,-0.012,-0.016,-0.053,-0.052,34291000.0,1680814000.0,1.0,2199785507.0,2206294000,2206294000.0,2.465,9315211000.0,294123000.0,-177781000.0,187695000.0,4.222,2175598000.0
55,EMC,MRT,2002-09-30,2002-09-30,2002-09-30,2018-08-31,7343000.0,9673406000.0,9738777000.0,4148297000.0,5525109000.0,0.561,3.374,-647843000.0,1741396000.0,1741396000.0,3372649000.0,-124952000.0,1.932,0.301,37866000.0,37866000.0,0.0,37866000.0,483233000.0,666537000.0,0.0,0.0,0.0,-299594000.0,366943000.0,0.067,366943000.0,-299594000.0,-308748000.0,-0.05,-0.05,-0.05,7434160000.0,7490163750.0,7434160000.0,8485796974.0,-28.0,23.126,918891000.0,0.417,1.0,2089015000.0,0.382,558965000.0,9154000.0,5264236000.0,5234669250.0,515199000.0,4020590000.0,795352000.0,3225238000.0,2239246000.0,2146675000.0,92571000.0,10070299974.0,-109202000.0,-8566000.0,-143824000.0,24255000.0,0.0,-119569000.0,-1545310000.0,-881522000.0,1566734000.0,-11057000.0,-124952000.0,-124952000.0,-124952000.0,0.0,0.0,-0.023,2639838000.0,-550823000.0,511166000.0,0.0,1.355,-80.593,-91.4,1703955000.0,0.0,4.57,1.844,1.843,753474000.0,4133965000.0,5461664000.0,5461664000.0,811546000.0,-0.013,-0.017,-0.057,-0.055,-134389000.0,1780723000.0,1.0,2203566734.0,2203063000,2207989000.0,2.479,9114441000.0,273534000.0,-183796000.0,238992000.0,4.137,2001622000.0
56,EMC,MRT,2002-06-30,2002-06-30,2002-06-30,2018-08-31,-15479000.0,9687115000.0,9819074250.0,4081616000.0,5605499000.0,0.551,3.358,-743240000.0,1632354000.0,1632354000.0,3755285000.0,-1091420000.0,1.869,0.306,47851000.0,47851000.0,0.0,47851000.0,471930000.0,678353000.0,0.0,0.0,0.0,-1389142000.0,-710789000.0,-0.131,-710789000.0,-1389142000.0,-1399206000.0,-0.49,-0.49,-0.49,7415872000.0,7548477250.0,7415872000.0,15011071138.0,-11.0,-21.119,684821000.0,0.31,1.0,1659214000.0,0.306,547726000.0,10064000.0,5370719000.0,5273028750.0,456935000.0,3830401000.0,591877000.0,3238524000.0,2271243000.0,2184167000.0,87076000.0,16786554138.0,-436468000.0,-60404000.0,-105710000.0,23610000.0,0.0,-82100000.0,-1773389000.0,-987055000.0,1428061000.0,-9040000.0,-1091420000.0,-1091420000.0,-1091420000.0,0.0,0.0,-0.202,3291241000.0,-1632027000.0,415944000.0,0.0,2.264,-15.38,-15.408,1773741000.0,0.0,7.55,3.1,3.079,1022836000.0,4112704000.0,5414499000.0,5414499000.0,862012000.0,-0.111,-0.145,-0.263,-0.257,-129194000.0,1879298000.0,1.0,2223384654.0,2208383000,2215903000.0,2.452,9139389000.0,307092000.0,-307786000.0,350686000.0,4.138,1897449000.0
57,EMC,MRT,2002-03-31,2002-03-31,2002-03-31,2018-08-31,-64632000.0,9704952000.0,10058753750.0,4333566000.0,5371386000.0,0.601,3.38,-860183000.0,1832031000.0,1832031000.0,3995691000.0,-983366000.0,2.057,0.292,56548000.0,56548000.0,0.0,56548000.0,417373000.0,668581000.0,0.0,0.0,0.0,-1222186000.0,-553605000.0,-0.092,-553605000.0,-1222186000.0,-1233127000.0,-0.44,-0.44,-0.44,7509803000.0,7834944250.0,7509803000.0,24398065618.0,-20.0,-44.071,647661000.0,0.292,1.0,2052125000.0,0.339,573952000.0,10941000.0,5248953000.0,5459058250.0,513704000.0,3460001000.0,526393000.0,2933608000.0,2195149000.0,2106564000.0,88585000.0,26470407618.0,-137574000.0,-111455000.0,110032000.0,26338000.0,0.0,136370000.0,-1772020000.0,-817692000.0,1507844000.0,-9768000.0,-983366000.0,-983366000.0,-983366000.0,0.0,0.0,-0.163,3523612000.0,-1471487000.0,437807000.0,0.0,3.525,-26.918,-27.091,1820560000.0,0.0,11.92,4.377,4.379,1072692000.0,4111896000.0,6047816000.0,6047816000.0,905612000.0,-0.098,-0.126,-0.224,-0.202,-90315000.0,2075855000.0,1.0,2220671780.0,2221685000,2221685000.0,2.722,9131000000.0,314665000.0,-249761000.0,267002000.0,4.11,2227002000.0
58,EMC,MRT,2001-12-31,2001-12-31,2001-12-31,2018-08-31,-33007000.0,9889635000.0,10246398000.0,4923242000.0,4966393000.0,0.692,3.437,-1010033000.0,2129019000.0,2129019000.0,4247042000.0,-507712000.0,2.259,0.301,56677000.0,56677000.0,0.0,56677000.0,369263000.0,654698000.0,0.0,0.092,1.242,-565697000.0,89001000.0,0.013,89001000.0,-565697000.0,-577035000.0,-0.23,-0.23,-0.23,7600820000.0,8052069250.0,7600820000.0,27963776837.0,-49.0,314.196,621225000.0,0.281,1.0,2843591000.0,0.401,583110000.0,11338000.0,5054769000.0,5643786000.0,583985000.0,2954540000.0,445428000.0,2509112000.0,2288815000.0,2179414000.0,109401000.0,29777189837.0,145798000.0,-111455000.0,152026000.0,23347000.0,0.0,33392000.0,-1513600000.0,-409422000.0,1631258000.0,-5252000.0,-507712000.0,-507712000.0,-507712000.0,0.0,0.0,-0.072,3674573000.0,-830982000.0,424132000.0,-5.4,3.918,-58.65,-58.435,1827331000.0,0.0,13.44,4.2,4.191,1348569000.0,4188755000.0,7090633000.0,7090633000.0,928701000.0,-0.05,-0.063,-0.1,-0.08,0.0,2214223000.0,1.0,2215564720.0,2211273000,2211273000.0,3.207,9306525000.0,334437000.0,-69323000.0,315368000.0,4.209,2743828000.0
59,EMC,MRT,2001-09-30,2001-09-30,2001-09-30,2018-08-31,14535000.0,9994595000.0,10408439000.0,4936256000.0,5058339000.0,0.788,3.464,-1056268000.0,1850598000.0,1850598000.0,4361950000.0,125323000.0,2.181,0.304,37185000.0,16812000.0,20373000.0,37185000.0,317306000.0,624812000.0,0.0,0.106,1.242,311652000.0,936464000.0,0.114,936464000.0,311652000.0,298543000.0,0.05,0.05,0.05,7667414000.0,8196166500.0,7667414000.0,23932094253.0,77.0,25.556,764218000.0,0.345,1.0,3837259000.0,0.468,499751000.0,13109000.0,5417674000.0,5783460250.0,865960000.0,3265939000.0,461933000.0,2804006000.0,2327181000.0,2263757000.0,63424000.0,25959834253.0,-393732000.0,-102889000.0,167220000.0,-14161000.0,0.0,11078000.0,-2222738000.0,-1063581000.0,1820486000.0,5863000.0,125323000.0,125323000.0,125323000.0,0.0,0.0,0.015,3789358000.0,47901000.0,439263000.0,24.84,3.386,207.143,235.0,1733657000.0,0.0,11.75,3.166,3.172,1268027000.0,4258917000.0,8199209000.0,8199209000.0,934109000.0,0.012,0.015,0.054,0.038,168042000.0,2336850000.0,1.0,2209347596.0,2213328000,2213328000.0,3.704,9494844000.0,392266000.0,173220000.0,377797000.0,4.29,2672499000.0
60,EMC,MRT,2001-06-30,2001-06-30,2001-06-30,2018-08-31,-17753000.0,10645833000.0,10328676000.0,5739761000.0,4906072000.0,0.897,3.878,-1072263000.0,2068822000.0,2068822000.0,4160101000.0,1528708000.0,3.05,0.243,41082000.0,17404000.0,23678000.0,41082000.0,344502000.0,582122000.0,0.0,0.042,1.242,2105751000.0,2687873000.0,0.29,2687873000.0,2105751000.0,2094119000.0,0.69,0.68,0.69,8561740000.0,8155082000.0,8561740000.0,62594942822.0,30.0,23.288,1037941000.0,0.47,1.0,5109840000.0,0.551,621519000.0,11632000.0,6114837000.0,5681394500.0,1074413000.0,2991844000.0,485229000.0,2506615000.0,2084093000.0,1881737000.0,202356000.0,64550330822.0,269572000.0,-86354000.0,223498000.0,-8873000.0,0.0,449251000.0,-2282830000.0,-1124213000.0,2110204000.0,-2728000.0,1528708000.0,1528708000.0,1528708000.0,0.0,0.0,0.165,3257483000.0,1852357000.0,416926000.0,1.8,7.539,42.225,42.391,1777938000.0,0.0,29.25,6.963,6.966,1748598000.0,5204124000.0,9269941000.0,9269941000.0,896767000.0,0.148,0.187,0.371,0.227,216367000.0,2359086000.0,1.0,2206848917.0,2207655000,2239799000.0,4.199,10024314000.0,211684000.0,565411000.0,436657000.0,4.541,3858024000.0
61,EMC,MRT,2001-03-31,2001-03-31,2001-03-31,2018-08-31,-1946000.0,10455529000.0,9775899000.0,5785650000.0,4669879000.0,0.961,3.802,-1043594000.0,1969605000.0,1969605000.0,3990990000.0,1848883000.0,3.014,0.248,14217000.0,4268000.0,9949000.0,14217000.0,315224000.0,545563000.0,0.0,0.042,1.242,2543705000.0,3089268000.0,0.329,3089268000.0,2543705000.0,2532714000.0,0.84,0.82,0.84,8378303000.0,7673387500.0,8378303000.0,62370745450.0,25.0,20.189,1039713000.0,0.472,1.0,5404023000.0,0.575,592980000.0,10991000.0,5987864000.0,5286104250.0,1067336000.0,2875508000.0,439215000.0,2436293000.0,2077226000.0,1919297000.0,157929000.0,64327693450.0,526618000.0,-35303000.0,224636000.0,-7201000.0,0.0,452061000.0,-2000932000.0,-922035000.0,2083307000.0,-4332000.0,1848883000.0,1848883000.0,1848883000.0,0.0,0.0,0.197,3097524000.0,2306499000.0,464769000.0,1.479,7.678,34.793,35.0,1640606000.0,0.0,29.4,6.847,6.897,1915406000.0,5095262000.0,9395013000.0,9395013000.0,845426000.0,0.189,0.241,0.481,0.271,233070000.0,2247899000.0,1.0,2188016784.0,2203865000,2248773000.0,4.263,9862549000.0,185369000.0,683831000.0,454541000.0,4.475,3866353000.0
62,EMC,MRT,2000-12-31,2000-12-31,2000-12-31,2018-08-31,-5882000.0,10537799000.0,9101815750.0,6100051000.0,4437748000.0,0.975,3.778,-960995000.0,1983221000.0,1983221000.0,3729765000.0,1782075000.0,2.886,0.289,11816000.0,11816000.0,0.0,11816000.0,284965000.0,516798000.0,0.0,0.0,0.0,2455802000.0,2972600000.0,0.335,2972600000.0,2455802000.0,2441198000.0,0.82,0.79,0.82,8177209000.0,7048938500.0,8177209000.0,143294293136.0,58.0,48.205,1147661000.0,0.53,1.0,5143051000.0,0.58,839281000.0,14604000.0,5613466000.0,4922809250.0,1024964000.0,2762110000.0,673731000.0,2088379000.0,2360590000.0,2113647000.0,246943000.0,145503116136.0,873812000.0,-233554000.0,234057000.0,993000.0,0.0,611657000.0,-1842418000.0,-647869000.0,2108656000.0,-4083000.0,1782075000.0,1782075000.0,1782075000.0,0.0,0.0,0.201,2893489000.0,2249562000.0,516469000.0,0.0,17.794,81.648,81.098,1510088000.0,0.0,66.5,16.399,16.22,2114368000.0,5072600000.0,8872816000.0,8872816000.0,783166000.0,0.196,0.253,0.499,0.277,207694000.0,2102982000.0,1.0,2188016784.0,2164180000,2245203000.0,4.1,9698518000.0,188074000.0,659123000.0,578231000.0,4.481,3986404000.0
63,EMC,MRT,2000-09-30,2000-09-30,2000-09-30,2018-08-31,-21494000.0,9675543000.0,8260688000.0,5724766000.0,3950777000.0,0.984,3.436,-866581000.0,2235909000.0,2235909000.0,3518262000.0,1425808000.0,3.055,0.29,27086000.0,12497000.0,14589000.0,27086000.0,241335000.0,498977000.0,0.0,0.0,0.0,1969248000.0,2468225000.0,0.304,2468225000.0,1969248000.0,1948547000.0,0.67,0.63,0.67,7503076000.0,6242582750.0,7503076000.0,214633490870.0,109.0,86.959,1217075000.0,0.557,1.0,4609021000.0,0.567,583632000.0,20701000.0,5009411000.0,4786172250.0,868594000.0,2401982000.0,472174000.0,1929808000.0,2172467000.0,1873677000.0,298790000.0,216402427870.0,1373171000.0,-233554000.0,202506000.0,1833000.0,0.0,580946000.0,-1291431000.0,-191296000.0,2083656000.0,-3231000.0,1425808000.0,1425808000.0,1425808000.0,0.0,0.0,0.175,2822212000.0,1786809000.0,477717000.0,0.0,28.842,151.775,148.134,1344952000.0,0.0,99.25,26.627,26.664,1836673000.0,4519023000.0,8127283000.0,8127283000.0,714890000.0,0.173,0.228,0.411,0.242,189919000.0,1912206000.0,1.0,2180377107.0,2183409000,2250121000.0,3.722,9091911000.0,271650000.0,522739000.0,572309000.0,4.164,3851089000.0
64,EMC,MRT,2000-06-30,2000-06-30,2000-06-30,2018-08-31,-35470000.0,8434725000.0,7256258000.0,5144173000.0,3290552000.0,1.041,3.052,-787127000.0,1794925000.0,1794925000.0,3374414000.0,1263398000.0,3.201,0.271,25988000.0,10852000.0,15136000.0,25988000.0,220479000.0,479510000.0,0.0,0.0,0.0,1746967000.0,2226477000.0,0.295,2226477000.0,1746967000.0,1720612000.0,0.6,0.56,0.6,6634962000.0,5432668000.0,6634962000.0,165751594139.0,95.0,74.446,991689000.0,0.456,1.0,4178774000.0,0.553,525296000.0,26355000.0,4533676000.0,4647824750.0,757869000.0,1990454000.0,544567000.0,1445887000.0,1799763000.0,1606816000.0,192947000.0,166953785139.0,997745000.0,-198251000.0,189099000.0,345000.0,0.0,189444000.0,-970515000.0,14863000.0,1778816000.0,-3194000.0,1263398000.0,1263398000.0,1263398000.0,0.0,0.0,0.167,2594254000.0,1584520000.0,429590000.0,0.0,25.163,132.147,128.233,1225790000.0,0.0,76.94,22.104,22.148,1792678000.0,4060845000.0,7553188000.0,7553188000.0,659509000.0,0.174,0.233,0.376,0.231,161494000.0,1742867000.0,1.0,2169921824.0,2174291000,2240805000.0,3.474,7909429000.0,249310000.0,457214000.0,452781000.0,3.638,3537357000.0
65,EMC,MRT,2000-03-31,2000-03-31,2000-03-31,2018-08-31,-40333000.0,7759196000.0,6464843000.0,4620166000.0,3139030000.0,1.091,2.793,-716203000.0,1439501000.0,1439501000.0,3283413000.0,1120232000.0,3.086,0.319,237310000.0,9875000.0,227435000.0,237310000.0,185710000.0,450526000.0,0.0,0.0,0.0,1547300000.0,1997826000.0,0.283,1997826000.0,1547300000.0,1515657000.0,0.54,0.5,0.54,5880507000.0,4745557750.0,5880507000.0,130762347616.0,85.0,65.452,898130000.0,0.427,1.0,3771490000.0,0.535,525266000.0,31643000.0,4534684000.0,4530796750.0,678518000.0,2065312000.0,657027000.0,1408285000.0,1878689000.0,1497055000.0,381634000.0,131176031616.0,487317000.0,-198251000.0,144844000.0,-15236000.0,0.0,129608000.0,-1256624000.0,-342170000.0,1614333000.0,-1777000.0,1120232000.0,1120232000.0,1120232000.0,0.0,0.0,0.159,2368136000.0,1403354000.0,460573000.0,0.0,22.307,117.097,116.667,1114406000.0,0.0,63.0,18.594,18.804,1571613000.0,3631808000.0,7054903000.0,7054903000.0,604929000.0,0.173,0.236,0.342,0.219,109652000.0,1572711000.0,1.0,2082159232.0,2105673000,2236181000.0,3.35,7233930000.0,236820000.0,395425000.0,366989000.0,3.435,3123111000.0
66,EMC,MRT,1999-12-31,1999-12-31,1999-12-31,2018-08-31,-34533000.0,7173288000.0,5739701000.0,4320396000.0,2852892000.0,1.17,2.402,-630409000.0,1109409000.0,1109409000.0,3258245000.0,1010570000.0,3.091,0.449,695725000.0,9116000.0,686609000.0,695725000.0,158458000.0,424803000.0,0.0,0.0,0.0,1390655000.0,1815458000.0,0.27,1815458000.0,1390655000.0,1357165000.0,0.49,0.46,0.49,4951786000.0,4173951750.0,4951786000.0,111048735097.0,80.0,61.168,759156000.0,0.368,1.0,3457365000.0,0.515,294771000.0,33490000.0,5066918000.0,4304192500.0,618885000.0,2141085000.0,714730000.0,1426355000.0,2221502000.0,1397915000.0,823587000.0,111213314097.0,273942000.0,0.0,101424000.0,-28179000.0,0.0,73245000.0,-1188868000.0,-558459000.0,1389565000.0,1000.0,1010570000.0,1010570000.0,1010570000.0,0.0,0.0,0.15,2198621000.0,1258744000.0,370055000.0,0.0,22.459,110.05,111.531,1023179000.0,0.0,54.65,16.56,16.773,1625438000.0,3299821000.0,6715610000.0,6715610000.0,572517000.0,0.176,0.242,0.323,0.207,58033000.0,1435508000.0,1.0,2035010322.0,2061101000,2219065000.0,3.258,6878517000.0,256058000.0,346595000.0,374587000.0,3.337,2922481000.0
67,EMC,MRT,1999-09-30,1999-09-30,1999-09-30,2018-08-31,-17329000.0,5657823000.0,5353134000.0,3197400000.0,2460423000.0,1.4,2.066,-680270000.0,678767000.0,678767000.0,4019667000.0,921041000.0,3.916,0.327,514188000.0,8849000.0,505339000.0,514188000.0,69509000.0,511420000.0,0.0,0.0,0.0,1322129000.0,1833549000.0,0.245,1833549000.0,1322129000.0,1277122000.0,0.44,0.405,0.44,4263417000.0,3868252750.0,4263417000.0,72183238147.0,55.0,39.368,602325000.0,0.292,1.0,3473454000.0,0.464,220699000.0,45007000.0,4456021000.0,4091836000.0,529857000.0,2017533000.0,579057000.0,1438476000.0,1394406000.0,816524000.0,577882000.0,72335436147.0,-172689000.0,0.0,104713000.0,-26320000.0,0.0,78393000.0,-1533677000.0,-853407000.0,1282595000.0,-6415000.0,921041000.0,921041000.0,921041000.0,0.0,0.0,0.123,2285990000.0,1187464000.0,255084000.0,0.0,16.967,78.537,81.114,770549000.0,0.0,35.69,9.654,9.827,1260744000.0,3323845000.0,7493121000.0,7493121000.0,633519000.0,0.172,0.238,0.323,0.176,62355000.0,1574524000.0,1.0,2026770416.0,2063248000,2219254000.0,3.632,5437124000.0,105282000.0,356081000.0,255854000.0,2.635,2380876000.0
68,EMC,MRT,1999-06-30,1999-06-30,1999-06-30,2018-08-31,-12832000.0,5269065000.0,5002495500.0,3132645000.0,2136420000.0,1.357,1.889,-672760000.0,666774000.0,666774000.0,3675106000.0,826563000.0,3.85,0.356,514576000.0,8939000.0,505637000.0,514576000.0,56957000.0,453580000.0,0.0,0.0,0.0,1187822000.0,1641402000.0,0.242,1641402000.0,1187822000.0,1145803000.0,0.4,0.37,0.4,3886521000.0,3560977750.0,3886521000.0,55391320440.0,47.0,33.746,541537000.0,0.263,1.0,3111646000.0,0.458,237606000.0,42019000.0,4065564000.0,3740737000.0,522456000.0,1828105000.0,679752000.0,1148353000.0,1382544000.0,813697000.0,568847000.0,55678238440.0,-322238000.0,-34203000.0,71492000.0,-27561000.0,0.0,43931000.0,-1580466000.0,-873503000.0,1214297000.0,-2519000.0,826563000.0,826563000.0,826563000.0,0.0,0.0,0.122,2049876000.0,1061770000.0,256980000.0,0.0,14.326,67.361,68.75,724475000.0,0.0,27.5,8.204,8.337,1135956000.0,3014283000.0,6786752000.0,6786752000.0,564515000.0,0.165,0.232,0.318,0.175,50760000.0,1403807000.0,1.0,2024663216.0,2057559000,2214676000.0,3.298,5031459000.0,91123000.0,319240000.0,271262000.0,2.445,2318948000.0
69,EMC,MRT,1999-03-31,1999-03-31,1999-03-31,2018-08-31,-6816000.0,4858628000.0,4676029000.0,3145024000.0,1713604000.0,1.303,1.754,-618744000.0,816283000.0,816283000.0,3331155000.0,730188000.0,4.442,0.352,529365000.0,23763000.0,505602000.0,529365000.0,48031000.0,398879000.0,0.0,0.0,0.0,1054471000.0,1453350000.0,0.239,1453350000.0,1054471000.0,1015697000.0,0.355,0.33,0.355,3594083000.0,3280348250.0,3594083000.0,64294039925.0,61.0,44.239,437046000.0,0.213,1.0,2759957000.0,0.453,235454000.0,38774000.0,3628267000.0,3413254500.0,526624000.0,1496083000.0,694886000.0,801197000.0,1264545000.0,707989000.0,556556000.0,64430959925.0,-390485000.0,-53903000.0,80636000.0,-4436000.0,0.0,76200000.0,-1522475000.0,-849828000.0,1055790000.0,-3228000.0,730188000.0,730188000.0,730188000.0,0.0,0.0,0.12,1825942000.0,934015000.0,190853000.0,0.0,17.927,88.239,90.0,666379000.0,0.0,31.95,10.578,10.75,983739000.0,2725395000.0,6091112000.0,6091112000.0,499037000.0,0.156,0.223,0.309,0.173,53065000.0,1245167000.0,1.0,2016618464.0,2049362000,2214854000.0,2.972,4623174000.0,66131000.0,285509000.0,225598000.0,2.256,2437035000.0
70,EMC,MRT,1998-12-31,1998-12-31,1998-12-31,2018-08-31,-7890000.0,5627020000.0,4378861750.0,3866015000.0,1761005000.0,1.241,1.836,-556391000.0,835466000.0,835466000.0,2996400000.0,653978000.0,3.714,0.509,781007000.0,29361000.0,751646000.0,781007000.0,94328000.0,351966000.0,0.0,0.0,0.0,949019000.0,1300985000.0,0.239,1300985000.0,949019000.0,914233000.0,0.32,0.3,0.32,3728990000.0,3014740500.0,3728990000.0,42319660190.0,45.0,32.529,414279000.0,0.204,1.0,2439758000.0,0.449,314054000.0,34786000.0,4217492000.0,3089794250.0,620025000.0,1579712000.0,982482000.0,597230000.0,1898030000.0,1041015000.0,857015000.0,42657013190.0,-258456000.0,-53903000.0,64269000.0,2140000.0,0.0,66409000.0,-1295535000.0,-685241000.0,970670000.0,-2020000.0,653978000.0,653978000.0,653978000.0,0.0,0.0,0.12,1605094000.0,834664000.0,299412000.0,0.0,11.439,65.227,66.406,823160000.0,0.0,21.25,7.847,7.938,1292790000.0,2289251000.0,5436158000.0,5436158000.0,435344000.0,0.149,0.217,0.307,0.175,43670000.0,1087747000.0,1.0,2007388856.0,2030742000,2188430000.0,2.677,5312966000.0,76243000.0,260255000.0,236082000.0,2.616,2825000000.0
71,EMC,MRT,1998-09-30,1998-09-30,1998-09-30,2018-08-31,10208000.0,4255269000.0,3844634000.0,2817347000.0,1437922000.0,1.354,1.514,-557428000.0,903726000.0,903726000.0,2877453000.0,752123000.0,4.467,0.402,566373000.0,28216000.0,538157000.0,566373000.0,33673000.0,289285000.0,0.0,0.0,0.0,1019608000.0,1308893000.0,0.251,1308893000.0,1019608000.0,984463000.0,0.372,0.355,0.372,3034317000.0,2676568250.0,3034317000.0,28246179525.0,28.0,21.58,374764000.0,0.187,1.0,2328824000.0,0.447,235597000.0,35145000.0,3051625000.0,2645459750.0,521745000.0,1055863000.0,446954000.0,608909000.0,1220952000.0,630694000.0,590258000.0,28661962525.0,-15444000.0,-53903000.0,57598000.0,183135000.0,0.0,250733000.0,-1198369000.0,-587038000.0,932192000.0,-6615000.0,752123000.0,752123000.0,752123000.0,0.0,0.0,0.144,1414220000.0,914604000.0,219249000.0,0.0,9.446,38.108,38.562,584575000.0,0.0,14.345,5.505,5.523,837647000.0,2248257000.0,5206277000.0,5206277000.0,394335000.0,0.196,0.281,0.385,0.196,25510000.0,1015917000.0,1.0,1998045488.0,2004444000,2161196000.0,2.597,4019672000.0,55025000.0,232340000.0,196661000.0,2.005,2186653000.0
72,EMC,MRT,1998-06-30,1998-06-30,1998-06-30,2018-08-31,2295000.0,3963199000.0,3574690750.0,2765689000.0,1197510000.0,1.381,1.386,-465525000.0,983784000.0,983784000.0,2790544000.0,683455000.0,4.602,0.434,568001000.0,17414000.0,550587000.0,568001000.0,24476000.0,271636000.0,0.0,0.0,0.0,929441000.0,1201077000.0,0.243,1201077000.0,929441000.0,894452000.0,0.34,0.323,0.34,2764003000.0,2466119250.0,2764003000.0,21653627012.0,23.0,18.029,449354000.0,0.225,1.0,2145762000.0,0.435,190842000.0,34989000.0,2755634000.0,2443380500.0,480856000.0,907870000.0,402113000.0,505757000.0,1199196000.0,600940000.0,598256000.0,22300492012.0,276379000.0,-19700000.0,55348000.0,184347000.0,0.0,249695000.0,-888195000.0,-402970000.0,914879000.0,-6265000.0,683455000.0,683455000.0,683455000.0,0.0,0.0,0.138,1316268000.0,829494000.0,220160000.0,0.0,8.068,32.629,32.949,487668000.0,0.0,11.203,4.518,4.527,814076000.0,2046967000.0,4936306000.0,4936306000.0,370444000.0,0.191,0.277,0.38,0.188,22770000.0,944942000.0,1.0,1990671012.0,1994592000,2150198000.0,2.475,3772357000.0,54219000.0,210997000.0,196427000.0,1.891,2164749000.0
73,EMC,MRT,1998-03-31,1998-03-31,1998-03-31,2018-08-31,1688000.0,3669959000.0,3344297250.0,2810616000.0,859343000.0,1.405,1.273,-415164000.0,1206327000.0,1206327000.0,2707609000.0,622758000.0,5.22,0.45,559462000.0,8624000.0,550838000.0,559462000.0,18706000.0,259078000.0,0.0,0.0,0.0,849654000.0,1108732000.0,0.236,1108732000.0,849654000.0,815024000.0,0.31,0.295,0.31,2531652000.0,2283789750.0,2531652000.0,18405290685.0,22.0,16.6,361671000.0,0.182,1.0,1990156000.0,0.424,150217000.0,34630000.0,2334426000.0,2287749250.0,425990000.0,618524000.0,348081000.0,270443000.0,1138307000.0,538451000.0,599856000.0,18793766685.0,558691000.0,0.0,51310000.0,175864000.0,0.0,237174000.0,-455318000.0,-40154000.0,776835000.0,-7434000.0,622758000.0,622758000.0,622758000.0,0.0,0.0,0.133,1233907000.0,756249000.0,216088000.0,0.0,7.424,30.178,30.492,422851000.0,0.0,9.453,4.001,4.002,745906000.0,1857471000.0,4697765000.0,4697765000.0,349662000.0,0.186,0.273,0.371,0.181,22465000.0,882229000.0,1.0,1988232392.0,1988936000,2140480000.0,2.362,3519742000.0,52057000.0,192266000.0,196736000.0,1.77,2272165000.0
74,EMC,MRT,1997-12-31,1997-12-31,1997-12-31,2018-08-31,2418000.0,3490109000.0,2891827500.0,2627026000.0,863083000.0,1.552,1.187,-394366000.0,954595000.0,954595000.0,2612458000.0,587511000.0,5.193,0.469,566119000.0,7665000.0,558454000.0,566119000.0,8784000.0,241789000.0,0.0,0.0,0.0,800622000.0,1042411000.0,0.232,1042411000.0,800622000.0,769320000.0,0.295,0.28,0.295,2376301000.0,2006545000.0,2376301000.0,13202439084.0,16.0,12.665,194686000.0,0.097,1.0,1875393000.0,0.418,155609000.0,31302000.0,2440154000.0,1952633500.0,404660000.0,716051000.0,419262000.0,296789000.0,1113808000.0,505870000.0,607938000.0,13608658084.0,511713000.0,0.0,50928000.0,681437000.0,0.0,742365000.0,-819704000.0,-425338000.0,589052000.0,-8039000.0,587511000.0,587511000.0,587511000.0,0.0,0.0,0.131,1157353000.0,718040000.0,187117000.0,0.0,5.727,23.163,23.254,396511000.0,0.0,6.86,3.032,3.06,788869000.0,1711356000.0,4487851000.0,4487851000.0,332078000.0,0.203,0.293,0.41,0.178,18540000.0,826357000.0,1.0,1983769400.0,2002032000,2130968000.0,2.242,3334500000.0,51269000.0,181809000.0,196441000.0,1.666,2121156000.0
75,EMC,MRT,1997-09-30,1997-09-30,1997-09-30,2018-08-31,2305000.0,3175496000.0,,2509416000.0,666080000.0,,1.108,-188053000.0,971241000.0,971241000.0,1456215000.0,496572000.0,6.544,0.448,565022000.0,8293000.0,556729000.0,565022000.0,8153000.0,119244000.0,0.0,0.0,0.0,681498000.0,800742000.0,0.294,800742000.0,681498000.0,667884000.0,0.264,0.244,0.264,2192521000.0,,2192521000.0,14058441950.0,21.0,17.557,183658000.0,0.093,1.0,1264647000.0,0.465,142513000.0,13614000.0,2243308000.0,,449024000.0,531133000.0,361607000.0,169526000.0,982975000.0,383456000.0,599519000.0,14403064950.0,380706000.0,0.0,35138000.0,498076000.0,0.0,533214000.0,-524219000.0,-336166000.0,371711000.0,-2872000.0,496572000.0,496572000.0,496572000.0,0.0,0.0,0.183,643526000.0,621121000.0,120158000.0,0.0,6.569,29.005,27.642,338583000.0,0.0,7.298,5.294,5.307,663114000.0,1545117000.0,2720862000.0,2720862000.0,203055000.0,,,,0.25,34246000.0,442240000.0,1.0,1973698520.0,1978668000,2125408000.0,1.375,3032983000.0,49489000.0,171312000.0,172968000.0,1.533,2125960000.0
76,EMC,MRT,1997-06-30,1997-06-30,1997-06-30,2018-08-31,3138000.0,3041625000.0,,2384667000.0,656958000.0,,1.033,-175615000.0,759126000.0,759126000.0,1371375000.0,454297000.0,5.837,0.495,414503000.0,0.0,414503000.0,414503000.0,8219000.0,110309000.0,0.0,0.0,0.0,620942000.0,731251000.0,0.288,731251000.0,620942000.0,608989000.0,0.242,0.227,0.242,2034685000.0,,2034685000.0,,,,109521000.0,0.056,1.0,1167671000.0,0.46,155367000.0,11953000.0,2133109000.0,,446985000.0,578778000.0,409424000.0,169354000.0,1006940000.0,408526000.0,598414000.0,9621780285.0,262700000.0,0.0,22823000.0,499271000.0,0.0,522094000.0,-544530000.0,-368915000.0,285136000.0,-3736000.0,454297000.0,454297000.0,454297000.0,0.0,0.0,0.179,595935000.0,571736000.0,154880000.0,0.0,4.729,21.179,20.145,318769000.0,0.0,4.875,3.79,3.782,0.0,1412495000.0,2539046000.0,2539046000.0,187675000.0,,,,0.245,23486000.0,410415000.0,1.0,1973698520.0,1969908000,2111596000.0,1.289,2886258000.0,52425000.0,154692000.0,162958000.0,1.465,1976141000.0
77,EMC,MRT,1997-03-31,1997-03-31,1997-03-31,2018-08-31,,,,,,,,,,,1291771000.0,412552000.0,,,,,,,,,,0.0,0.0,564185000.0,,,,564185000.0,553875000.0,0.222,0.21,0.222,,,,,,,,,1.0,1078831000.0,0.455,,10310000.0,,,,,,,,,,,,,,,,,,,,,412552000.0,412552000.0,412552000.0,0.0,0.0,0.174,554481000.0,524350000.0,,0.0,,,19.989,,0.0,4.438,,3.681,,,2370602000.0,2370602000.0,173861000.0,,,,0.238,,382934000.0,1.0,,1966368000,2038824000.0,1.206,,,141323000.0,,,
78,EMC,MRT,1996-12-31,1996-12-31,1996-12-31,2018-08-31,4919000.0,2293546000.0,,1754136000.0,539410000.0,,0.883,-149225000.0,496377000.0,496377000.0,1248950000.0,386229000.0,4.202,0.401,198292000.0,7058000.0,191234000.0,198292000.0,10112000.0,86949000.0,0.0,0.0,0.0,531441000.0,618390000.0,0.272,618390000.0,531441000.0,519474000.0,0.207,0.198,0.207,1636789000.0,,1636789000.0,,,,334150000.0,0.18,1.0,1024702000.0,0.451,112846000.0,11967000.0,1465113000.0,,336581000.0,364494000.0,230981000.0,133513000.0,656757000.0,417502000.0,239255000.0,,117330000.0,0.0,5724000.0,2994000.0,0.0,8718000.0,-374763000.0,-219205000.0,483375000.0,-581000.0,386229000.0,386229000.0,386229000.0,0.0,0.0,0.17,527737000.0,496965000.0,172871000.0,0.0,,,20.0,276387000.0,0.0,4.14,,3.376,627409000.0,1172828000.0,2273652000.0,2273652000.0,161088000.0,,,,0.234,17746000.0,367073000.0,1.0,,1854192000,1994360000.0,1.226,2180700000.0,60085000.0,133245000.0,150901000.0,1.176,1336634000.0
79,EMC,MRT,1996-09-30,1996-09-30,1996-09-30,2018-08-31,,,,,,,,,,,,,,,,,,,,,,0.0,0.0,,,,,,,,,,,,,,,,,,1.0,,,,,,,,,,,,,,,,,,,,,,,,,,,,,,,,,,,,,,,,2.813,,,,,,,,,,,,,,1.0,,1991984000,,,,,,,,
80,EMC,MRT,1996-06-30,1996-06-29,1996-06-29,2018-08-31,,,,,,,,,,,,,,,,,,,,,,0.0,0.0,,,,,,,,,,,,,,,,,,1.0,,,,,,,,,,,,,,,,,,,,,,,,,,,,,,,,,,,,,,,,2.313,,,,,,,,,,,,,,1.0,,1988136000,,,,,,,,
81,EMC,MRT,1995-12-31,1995-12-30,1995-12-30,2018-08-31,,,,,,,,-97161000.0,,,1002876000.0,326845000.0,,,,,,,,53617000.0,,0.0,0.0,463678000.0,517295000.0,0.269,517295000.0,463678000.0,450821000.0,0.182,0.168,0.182,,,,,,,80217000.0,0.045,1.0,918399000.0,0.478,,12857000.0,,,,,,,,,,,139405000.0,0.0,19023000.0,-10190000.0,0.0,8833000.0,-46806000.0,50355000.0,177378000.0,-283000.0,326845000.0,326845000.0,326845000.0,0.0,0.0,0.17,478341000.0,440058000.0,,0.0,,,10.563,,0.0,1.923,,1.804,,,1921275000.0,1921275000.0,162611000.0,,,,0.241,11165000.0,320009000.0,,,1802516000,1986148000.0,1.066,,,123976000.0,,,
