None,ticker,dimension,calendardate,datekey,reportperiod,lastupdated,accoci,assets,assetsavg,assetsc,assetsnc,assetturnover,bvps,capex,cashneq,cashnequsd,cor,consolinc,currentratio,de,debt,debtc,debtnc,debtusd,deferredrev,depamor,deposits,divyield,dps,ebit,ebitda,ebitdamargin,ebitdausd,ebitusd,ebt,eps,epsdil,epsusd,equity,equityavg,equityusd,ev,evebit,evebitda,fcf,fcfps,fxusd,gp,grossmargin,intangibles,intexp,invcap,invcapavg,inventory,investments,investmentsc,investmentsnc,liabilities,liabilitiesc,liabilitiesnc,marketcap,ncf,ncfbus,ncfcommon,ncfdebt,ncfdiv,ncff,ncfi,ncfinv,ncfo,ncfx,netinc,netinccmn,netinccmnusd,netincdis,netincnci,netmargin,opex,opinc,payables,payoutratio,pb,pe,pe1,ppnenet,prefdivis,price,ps,ps1,receivables,retearn,revenue,revenueusd,rnd,roa,roe,roic,ros,sbcomp,sgna,sharefactor,sharesbas,shareswa,shareswadil,sps,tangibles,taxassets,taxexp,taxliabilities,tbvps,workingcapital
0,AKAM,MRY,2020-12-31,2020-12-31,2020-12-31,2021-08-07,-20201000.0,7764130000.0,7362819250.0,1929531000.0,5834599000.0,0.434,26.163,-731872000.0,352917000.0,352917000.0,1132672000.0,557054000.0,2.545,0.826,2776912000.0,154801000.0,2622111000.0,2776912000.0,81862000.0,478389000.0,0.0,0.0,0.0,672096000.0,1150485000.0,0.36,1150485000.0,672096000.0,602976000.0,3.43,3.37,3.43,4251296000.0,3983856500.0,4251296000.0,19057877800.0,28.0,16.565,483128000.0,2.973,1.0,2065477000.0,0.646,1909095000.0,69120000.0,7520860000.0,7048977500.0,0.0,2143958000.0,745156000.0,1398802000.0,3512834000.0,758170000.0,2754664000.0,17091740800.0,-40680000.0,-164375000.0,-133813000.0,0.0,0.0,-223641000.0,-1042974000.0,-154848000.0,1215000000.0,10935000.0,557054000.0,557054000.0,557054000.0,0.0,0.0,0.174,1406943000.0,658534000.0,118546000.0,0.0,4.02,30.682,30.609,2272217000.0,0.0,104.99,5.344,5.334,660052000.0,605050000.0,3198149000.0,3198149000.0,269315000.0,0.076,0.14,0.095,0.21,197411000.0,1058293000.0,1.0,162793988.0,162490000,165213000.0,19.682,5855035000.0,106918000.0,45922000.0,37458000.0,36.033,1171361000.0
1,AKAM,MRY,2019-12-31,2019-12-31,2019-12-31,2021-08-07,-45144000.0,7006886000.0,5972579500.0,2231613000.0,4775273000.0,0.484,22.482,-562077000.0,393745000.0,393745000.0,987624000.0,478035000.0,3.219,0.916,2671435000.0,139463000.0,2531972000.0,2671435000.0,75591000.0,440674000.0,0.0,0.0,0.0,580749000.0,1021423000.0,0.353,1021423000.0,580749000.0,531385000.0,2.94,2.9,2.94,3657958000.0,3459384750.0,3657958000.0,15427807520.0,27.0,15.104,496227000.0,3.05,1.0,1905993000.0,0.659,1779696000.0,49364000.0,6811544000.0,4869632250.0,0.0,1978633000.0,1143249000.0,835384000.0,3348928000.0,693336000.0,2655592000.0,13959112520.0,-642841000.0,-165329000.0,-92257000.0,445629000.0,0.0,-35677000.0,-1667934000.0,-940927000.0,1058304000.0,2466000.0,478035000.0,478035000.0,478035000.0,0.0,0.0,0.165,1357075000.0,548918000.0,138946000.0,0.0,3.816,29.201,29.381,1910603000.0,0.0,86.38,4.824,4.857,551943000.0,47996000.0,2893617000.0,2893617000.0,261365000.0,0.08,0.138,0.119,0.201,187140000.0,1039976000.0,1.0,161601210.0,162706000,164573000.0,17.784,5227190000.0,76528000.0,53350000.0,29187000.0,32.127,1538277000.0
2,AKAM,MRY,2018-12-31,2018-12-31,2018-12-31,2021-08-07,-48912000.0,5461770000.0,5279316250.0,2535354000.0,2926416000.0,0.514,19.077,-405741000.0,1036455000.0,1036455000.0,953485000.0,298373000.0,2.094,0.711,1560632000.0,686552000.0,874080000.0,1560632000.0,73640000.0,434520000.0,0.0,0.0,0.0,386291000.0,820811000.0,0.302,820811000.0,386291000.0,343089000.0,1.78,1.76,1.78,3191860000.0,3294731250.0,3191860000.0,10787692868.0,28.0,13.143,602586000.0,3.602,1.0,1760989000.0,0.649,1655752000.0,43202000.0,3119486000.0,2993157500.0,0.0,1064716000.0,855650000.0,209066000.0,2269910000.0,1210709000.0,1059201000.0,9947856868.0,722558000.0,-79000.0,-567447000.0,1132185000.0,0.0,233608000.0,-506533000.0,-98647000.0,1008327000.0,-12844000.0,298373000.0,298373000.0,298373000.0,0.0,0.0,0.11,1398490000.0,362499000.0,99089000.0,0.0,3.117,33.34,34.315,910618000.0,0.0,61.08,3.665,3.765,479889000.0,-430890000.0,2714474000.0,2714474000.0,246165000.0,0.057,0.091,0.129,0.142,183813000.0,1091420000.0,1.0,162866026.0,167312000,169188000.0,16.224,3806018000.0,34913000.0,44716000.0,19624000.0,22.748,1324645000.0
3,AKAM,MRY,2017-12-31,2017-12-31,2017-12-31,2021-08-07,-21930000.0,4648916000.0,4524271000.0,1346246000.0,3302670000.0,0.55,19.599,-414778000.0,313382000.0,313382000.0,875837000.0,222766000.0,2.948,0.383,662913000.0,0.0,662913000.0,662913000.0,76557000.0,372313000.0,0.0,0.0,0.0,333031000.0,705344000.0,0.283,705344000.0,333031000.0,314192000.0,1.3,1.29,1.3,3362469000.0,3295210500.0,3362469000.0,11290608040.0,34.0,16.007,386205000.0,2.251,1.0,1613198000.0,0.648,1699947000.0,18839000.0,2841806000.0,2835723500.0,0.0,966146000.0,398554000.0,567592000.0,1286447000.0,456694000.0,829753000.0,11001629040.0,-10197000.0,-369073000.0,-305514000.0,0.0,0.0,-365005000.0,-459165000.0,326272000.0,800983000.0,12990000.0,222766000.0,222766000.0,222766000.0,0.0,0.0,0.089,1298909000.0,314289000.0,80278000.0,0.0,3.272,49.386,50.031,862535000.0,0.0,65.04,4.42,4.483,461457000.0,-690662000.0,2489035000.0,2489035000.0,222434000.0,0.049,0.068,0.117,0.134,164308000.0,990687000.0,1.0,169151738.0,171559000,172711000.0,14.508,2948969000.0,36231000.0,91426000.0,17823000.0,17.189,889552000.0
4,AKAM,MRY,2016-12-31,2016-12-31,2016-12-31,2021-08-07,-56222000.0,4373146000.0,4295063750.0,1309917000.0,3063229000.0,0.547,18.434,-316289000.0,324169000.0,324169000.0,809106000.0,320727000.0,3.497,0.356,640087000.0,0.0,640087000.0,640087000.0,56730000.0,334302000.0,0.0,0.0,0.0,485000000.0,819302000.0,0.349,819302000.0,485000000.0,466362000.0,1.83,1.82,1.83,3224370000.0,3164339000.0,3224370000.0,11808339065.0,24.0,14.413,555523000.0,3.176,1.0,1538882000.0,0.655,1377966000.0,18638000.0,2936510000.0,2895815500.0,0.0,1292160000.0,512849000.0,779311000.0,1148776000.0,374588000.0,774188000.0,11555638065.0,34716000.0,-95439000.0,-314234000.0,0.0,0.0,-359779000.0,-469426000.0,-58484000.0,871812000.0,-7891000.0,320727000.0,320727000.0,320727000.0,0.0,0.0,0.137,1072372000.0,466510000.0,76120000.0,0.0,3.584,36.03,36.437,801017000.0,0.0,66.68,4.922,4.967,368596000.0,-960729000.0,2347988000.0,2347988000.0,167628000.0,0.075,0.101,0.167,0.207,144506000.0,867801000.0,1.0,173299911.0,174917000,176215000.0,13.423,2995180000.0,8982000.0,145635000.0,11652000.0,17.123,935329000.0
5,AKAM,MRY,2015-12-31,2015-12-31,2015-12-31,2021-08-07,-41453000.0,4181684000.0,4121127750.0,1253188000.0,2928496000.0,0.533,17.495,-444983000.0,289473000.0,289473000.0,725620000.0,321406000.0,3.77,0.34,618047000.0,0.0,618047000.0,618047000.0,58317000.0,299563000.0,0.0,0.0,0.0,475149000.0,774712000.0,0.353,774712000.0,475149000.0,456624000.0,1.8,1.78,1.8,3120878000.0,3058383750.0,3120878000.0,9727821096.0,20.0,12.557,348469000.0,1.953,1.0,1471828000.0,0.67,1306339000.0,18525000.0,2871479000.0,2857727750.0,0.0,1234762000.0,460088000.0,774674000.0,1060806000.0,332440000.0,728366000.0,9364927096.0,50823000.0,-141147000.0,-240815000.0,0.0,0.0,-297029000.0,-435564000.0,153060000.0,793452000.0,-10036000.0,321406000.0,321406000.0,321406000.0,0.0,0.0,0.146,1005678000.0,466150000.0,61982000.0,0.0,3.001,29.137,29.239,753180000.0,0.0,52.63,4.262,4.273,380399000.0,-1276861000.0,2197448000.0,2197448000.0,148591000.0,0.078,0.105,0.166,0.216,126677000.0,829253000.0,1.0,177938953.0,178391000,180415000.0,12.318,2875345000.0,4700000.0,135218000.0,12888000.0,16.118,920748000.0
6,AKAM,MRY,2014-12-31,2014-12-31,2014-12-31,2021-08-07,-17611000.0,4001546000.0,3818996500.0,1262555000.0,2738991000.0,0.514,16.521,-318627000.0,238650000.0,238650000.0,610943000.0,333948000.0,3.78,0.359,604851000.0,0.0,604851000.0,604851000.0,53508000.0,247406000.0,0.0,0.0,0.0,495239000.0,742645000.0,0.378,742645000.0,495239000.0,479776000.0,1.87,1.84,1.87,2945335000.0,2819651000.0,2945335000.0,11592258973.0,23.0,15.609,339443000.0,1.904,1.0,1352931000.0,0.689,1183706000.0,15463000.0,2850030000.0,2691957500.0,0.0,1389634000.0,519642000.0,869992000.0,1056211000.0,334011000.0,722200000.0,11206499973.0,-95241000.0,-386532000.0,-181538000.0,660873000.0,0.0,436027000.0,-1178806000.0,-479392000.0,658070000.0,-10532000.0,333948000.0,333948000.0,333948000.0,0.0,0.0,0.17,863412000.0,489519000.0,77412000.0,0.0,3.805,33.558,33.668,601591000.0,0.0,62.96,5.706,5.715,329578000.0,-1598267000.0,1963874000.0,1963874000.0,125286000.0,0.087,0.118,0.184,0.252,79758000.0,704880000.0,1.0,177993964.0,178279000,181186000.0,11.016,2817840000.0,47659000.0,145828000.0,39299000.0,15.806,928544000.0
7,AKAM,MRY,2013-12-31,2013-12-31,2013-12-31,2021-08-07,-2091000.0,2957685000.0,2803686750.0,1029714000.0,1927971000.0,0.563,14.756,-260073000.0,333891000.0,333891000.0,511087000.0,293487000.0,3.913,0.125,0.0,0.0,0.0,0.0,40151000.0,184431000.0,0.0,0.0,0.0,419554000.0,603985000.0,0.383,603985000.0,419554000.0,419554000.0,1.65,1.61,1.65,2629431000.0,2501302750.0,2629431000.0,8209120002.0,20.0,13.592,303835000.0,1.705,1.0,1066835000.0,0.676,834797000.0,0.0,1525831000.0,1505261250.0,0.0,913031000.0,340005000.0,573026000.0,328254000.0,263166000.0,65088000.0,8444135002.0,131902000.0,-30657000.0,-96712000.0,0.0,0.0,-115243000.0,-313108000.0,-19750000.0,563908000.0,-3655000.0,293487000.0,293487000.0,293487000.0,0.0,0.0,0.186,652867000.0,413968000.0,73710000.0,0.0,3.211,28.772,28.594,450287000.0,0.0,47.18,5.351,5.328,271988000.0,-1932215000.0,1577922000.0,1577922000.0,93879000.0,0.105,0.117,0.279,0.266,73083000.0,535598000.0,1.0,178977003.0,178196000,181783000.0,8.855,2122888000.0,24059000.0,126067000.0,4737000.0,11.913,766548000.0
8,AKAM,MRY,2012-12-31,2012-12-31,2012-12-31,2021-08-07,-1640000.0,2600627000.0,2499943750.0,728384000.0,1872243000.0,0.55,13.186,-220965000.0,201989000.0,201989000.0,529900000.0,203989000.0,3.589,0.109,0.0,0.0,0.0,0.0,28856000.0,204163000.0,0.0,0.0,0.0,321591000.0,525754000.0,0.383,525754000.0,321591000.0,321591000.0,1.15,1.12,1.15,2345754000.0,2255378250.0,2345754000.0,7077559580.0,22.0,13.462,309055000.0,1.737,1.0,844047000.0,0.614,808255000.0,0.0,1387439000.0,1338015000.0,0.0,893251000.0,235592000.0,657659000.0,254873000.0,202944000.0,51929000.0,7260209580.0,-357208000.0,-336680000.0,-96354000.0,0.0,0.0,-108029000.0,-779110000.0,-222277000.0,530020000.0,-89000.0,203989000.0,203989000.0,203989000.0,0.0,0.0,0.148,529560000.0,314487000.0,43291000.0,0.0,3.095,35.591,35.574,345091000.0,0.0,40.91,5.284,5.297,218777000.0,-2225702000.0,1373947000.0,1373947000.0,74744000.0,0.082,0.09,0.24,0.234,67570000.0,433448000.0,1.0,177467846.0,177900000,181749000.0,7.723,1792372000.0,41849000.0,117602000.0,0.0,10.075,525440000.0
9,AKAM,MRY,2011-12-31,2011-12-31,2011-12-31,2021-08-07,-1259000.0,2345501000.0,2356601500.0,1122020000.0,1223481000.0,0.492,11.727,-175939000.0,559197000.0,559197000.0,453705000.0,200904000.0,7.561,0.088,0.0,0.0,0.0,0.0,23814000.0,167878000.0,0.0,0.0,0.0,307195000.0,475073000.0,0.41,475073000.0,307195000.0,307195000.0,1.09,1.07,1.09,2156250000.0,2179191000.0,2156250000.0,5436439684.0,18.0,11.443,270339000.0,1.47,1.0,704833000.0,0.608,498300000.0,0.0,1139612000.0,1377481000.0,0.0,670758000.0,290029000.0,380729000.0,189251000.0,148392000.0,40859000.0,5792038684.0,327331000.0,-550000.0,-298768000.0,0.0,0.0,-294038000.0,177350000.0,354113000.0,446278000.0,-2259000.0,200904000.0,200904000.0,200904000.0,0.0,0.0,0.173,414184000.0,290649000.0,38247000.0,0.0,2.686,28.83,29.615,293043000.0,0.0,32.28,4.999,5.123,210936000.0,-2429691000.0,1158538000.0,1158538000.0,52333000.0,0.085,0.092,0.223,0.265,48182000.0,339895000.0,1.0,179431186.0,183866000,187556000.0,6.301,1847201000.0,49929000.0,106291000.0,0.0,10.046,973628000.0
10,AKAM,MRY,2010-12-31,2010-12-31,2010-12-31,2021-08-07,-5741000.0,2352676000.0,2233777250.0,858467000.0,1494209000.0,0.458,12.281,-191869000.0,231866000.0,231866000.0,303403000.0,171220000.0,5.914,0.08,0.0,0.0,0.0,0.0,27450000.0,143242000.0,0.0,0.0,0.0,264069000.0,407311000.0,0.398,407311000.0,264069000.0,262372000.0,0.97,0.9,0.97,2177605000.0,1991322250.0,2177605000.0,8440239866.0,32.0,20.722,210586000.0,1.188,1.0,720183000.0,0.704,515370000.0,1697000.0,1460289000.0,1401521500.0,0.0,1011536000.0,375005000.0,636531000.0,175071000.0,145151000.0,29920000.0,8579186865.0,50561000.0,-12668000.0,-46649000.0,0.0,0.0,-17676000.0,-335359000.0,-131160000.0,402455000.0,1141000.0,171220000.0,171220000.0,171220000.0,0.0,0.0,0.167,465906000.0,254277000.0,26375000.0,0.0,3.94,50.106,48.505,255929000.0,0.0,47.05,8.382,8.15,175366000.0,-2630595000.0,1023586000.0,1023586000.0,54766000.0,0.077,0.086,0.188,0.258,47495000.0,394483000.0,1.0,182341910.0,177309000,190650000.0,5.773,1837306000.0,103427000.0,91152000.0,0.0,10.362,713316000.0
11,AKAM,MRY,2009-12-31,2009-12-31,2009-12-31,2021-08-07,-10682000.0,2087510000.0,2011115750.0,761173000.0,1326337000.0,0.428,10.143,-108054000.0,181305000.0,181305000.0,249938000.0,145913000.0,2.326,0.201,199755000.0,199755000.0,0.0,199755000.0,36861000.0,122494000.0,0.0,0.0,0.0,240071000.0,362565000.0,0.422,362565000.0,240071000.0,237232000.0,0.85,0.78,0.85,1738722000.0,1687350250.0,1738722000.0,4337174288.0,18.0,11.962,316358000.0,1.845,1.0,609835000.0,0.709,517620000.0,2839000.0,1261047000.0,1302040000.0,0.0,880179000.0,385436000.0,494743000.0,348788000.0,327293000.0,21495000.0,4340221288.0,25231000.0,-4429000.0,-44773000.0,0.0,0.0,-42537000.0,-357498000.0,-245248000.0,424412000.0,854000.0,145913000.0,145913000.0,145913000.0,0.0,0.0,0.17,386355000.0,223480000.0,23997000.0,0.0,2.496,29.745,29.812,182404000.0,0.0,25.34,5.048,5.052,154269000.0,-2801815000.0,859773000.0,859773000.0,43658000.0,0.073,0.086,0.184,0.279,56561000.0,325521000.0,1.0,171279451.0,171425000,188658000.0,5.015,1569890000.0,135668000.0,91319000.0,0.0,9.158,433880000.0
12,AKAM,MRY,2008-12-31,2008-12-31,2008-12-31,2021-08-07,-24350000.0,1880951000.0,1784100500.0,501909000.0,1379042000.0,0.443,9.356,-115304000.0,156074000.0,156074000.0,222610000.0,145138000.0,4.996,0.199,199855000.0,0.0,199855000.0,199855000.0,12757000.0,98080000.0,0.0,0.0,0.0,237360000.0,335440000.0,0.424,335440000.0,237360000.0,234535000.0,0.87,0.79,0.87,1568770000.0,1483779750.0,1568770000.0,2609961316.0,11.0,7.781,228190000.0,1.361,1.0,568314000.0,0.719,534253000.0,2825000.0,1290023000.0,1262032750.0,0.0,615553000.0,174557000.0,440996000.0,312181000.0,100456000.0,211725000.0,2552128316.0,10996000.0,-83719000.0,21966000.0,0.0,0.0,33142000.0,-364440000.0,-165417000.0,343494000.0,-1200000.0,145138000.0,145138000.0,145138000.0,0.0,0.0,0.184,356050000.0,212264000.0,21165000.0,0.0,1.627,17.584,17.345,174483000.0,0.0,15.09,3.227,3.199,139612000.0,-2947728000.0,790924000.0,790924000.0,39243000.0,0.081,0.098,0.188,0.3,46723000.0,300393000.0,1.0,169127125.0,167673000,186685000.0,4.717,1346698000.0,228260000.0,89397000.0,0.0,8.032,401453000.0
13,AKAM,MRY,2007-12-31,2007-12-31,2007-12-31,2021-08-07,3053000.0,1656047000.0,1554319750.0,695042000.0,961005000.0,0.409,8.337,-100462000.0,145078000.0,145078000.0,167444000.0,100967000.0,7.865,0.219,199855000.0,0.0,199855000.0,199855000.0,14448000.0,71895000.0,0.0,0.0,0.0,171291000.0,243186000.0,0.382,243186000.0,171291000.0,168205000.0,0.62,0.56,0.62,1358552000.0,1255492000.0,1358552000.0,5796351073.0,34.0,23.835,136492000.0,0.838,1.0,468962000.0,0.737,449137000.0,3086000.0,1173312000.0,1075101000.0,0.0,488430000.0,401091000.0,87339000.0,297495000.0,88375000.0,209120000.0,5749300073.0,64483000.0,7875000.0,31621000.0,-23000.0,0.0,52460000.0,-226707000.0,-134843000.0,236954000.0,1776000.0,100967000.0,100967000.0,100967000.0,0.0,0.0,0.159,324034000.0,144928000.0,18540000.0,0.0,4.232,56.942,55.806,134546000.0,0.0,34.6,9.034,8.86,118944000.0,-3092866000.0,636406000.0,636406000.0,44141000.0,0.065,0.08,0.159,0.269,45693000.0,268657000.0,1.0,166164742.0,162959000,185094000.0,3.905,1206910000.0,291610000.0,67238000.0,0.0,7.406,606667000.0
14,AKAM,MRY,2006-12-31,2006-12-31,2006-12-31,2021-08-07,1296000.0,1247932000.0,1044092500.0,374673000.0,873259000.0,0.411,6.145,-69328000.0,80595000.0,80595000.0,94100000.0,57401000.0,4.197,0.307,200000000.0,0.0,200000000.0,200000000.0,7525000.0,40585000.0,0.0,0.0,0.0,101640000.0,142225000.0,0.332,142225000.0,101640000.0,98469000.0,0.37,0.34,0.37,954693000.0,761375000.0,954693000.0,8410365826.0,83.0,59.134,63395000.0,0.408,1.0,334572000.0,0.78,298263000.0,3171000.0,979810000.0,912792750.0,0.0,353859000.0,189246000.0,164613000.0,293239000.0,89264000.0,203975000.0,8309488826.0,-11197000.0,-5127000.0,27918000.0,0.0,0.0,60429000.0,-205618000.0,-131563000.0,132723000.0,1269000.0,57401000.0,57401000.0,57401000.0,0.0,0.0,0.134,251466000.0,83106000.0,22630000.0,0.0,8.704,144.762,143.568,86623000.0,0.0,53.12,19.384,19.253,86232000.0,-3193833000.0,428672000.0,428672000.0,33102000.0,0.055,0.075,0.111,0.237,17045000.0,209880000.0,1.0,156428630.0,155366000,176767000.0,2.759,949669000.0,324852000.0,41068000.0,0.0,6.112,285409000.0
15,AKAM,MRY,2005-12-31,2005-12-31,2005-12-31,2021-08-07,471000.0,891499000.0,526219750.0,354998000.0,536501000.0,0.538,4.584,-36160000.0,91792000.0,91792000.0,55655000.0,327998000.0,5.737,0.428,200000000.0,0.0,200000000.0,200000000.0,5656000.0,24153000.0,0.0,0.0,0.0,75734000.0,99887000.0,0.353,99887000.0,75734000.0,70404000.0,2.41,2.11,2.41,624214000.0,233055000.0,624214000.0,3195394379.0,42.0,31.99,46638000.0,0.343,1.0,227460000.0,0.803,136786000.0,5330000.0,801045000.0,537435250.0,0.0,222337000.0,200616000.0,21721000.0,267285000.0,61876000.0,205409000.0,3029058379.0,56474000.0,1717000.0,216530000.0,-57432000.0,0.0,159098000.0,-183775000.0,-149534000.0,82798000.0,-1647000.0,327998000.0,327998000.0,327998000.0,0.0,0.0,1.159,154085000.0,73375000.0,16022000.0,0.0,4.853,9.235,8.27,44885000.0,0.0,19.93,10.699,9.586,52162000.0,-3251234000.0,283115000.0,283115000.0,18071000.0,0.623,1.407,0.141,0.268,3849000.0,130890000.0,1.0,151984866.0,136167000,156944000.0,2.079,754713000.0,332274000.0,-257594000.0,0.0,5.543,293122000.0
16,AKAM,MRY,2004-12-31,2004-12-31,2004-12-31,2021-08-07,1392000.0,182743000.0,201828750.0,108669000.0,74074000.0,1.041,-1.012,-20092000.0,35318000.0,35318000.0,46150000.0,34364000.0,2.324,-2.451,256846000.0,232000.0,256614000.0,256846000.0,2695000.0,18810000.0,0.0,0.0,0.0,45349000.0,64159000.0,0.305,64159000.0,45349000.0,35136000.0,0.28,0.25,0.28,-125931000.0,-148994750.0,-125931000.0,1879246576.0,41.0,29.29,31145000.0,0.25,1.0,163865000.0,0.78,5128000.0,10213000.0,352377000.0,384956750.0,0.0,73099000.0,35312000.0,37787000.0,308674000.0,46766000.0,261908000.0,1643328576.0,-70334000.0,0.0,13754000.0,-145616000.0,0.0,-131862000.0,9083000.0,24079000.0,51237000.0,1208000.0,34364000.0,34364000.0,34364000.0,0.0,0.0,0.164,114898000.0,48967000.0,10349000.0,0.0,-13.049,47.821,46.536,25242000.0,0.0,13.03,7.825,7.719,30333000.0,-3579232000.0,210015000.0,210015000.0,12132000.0,0.17,-0.231,0.118,0.216,1292000.0,102718000.0,1.0,126118847.0,124407000,146595000.0,1.688,177615000.0,0.0,772000.0,0.0,1.428,61903000.0
17,AKAM,MRY,2003-12-31,2003-12-31,2003-12-31,2021-08-07,1379000.0,278941000.0,206473250.0,202416000.0,76525000.0,0.781,-1.485,-8767000.0,110652000.0,110652000.0,60844000.0,-29281000.0,3.23,-2.591,401775000.0,15775000.0,386000000.0,401775000.0,3016000.0,49749000.0,0.0,0.0,0.0,-10328000.0,39421000.0,0.244,39421000.0,-10328000.0,-28652000.0,-0.25,-0.25,-0.25,-175354000.0,-178057500.0,-175354000.0,1511370445.0,-146.0,38.339,-26768000.0,-0.227,1.0,100415000.0,0.623,5176000.0,18324000.0,502228000.0,374651250.0,0.0,97703000.0,59332000.0,38371000.0,454295000.0,62660000.0,391635000.0,1294354445.0,57162000.0,0.0,8585000.0,94362000.0,0.0,105248000.0,-33098000.0,-19331000.0,-18001000.0,3013000.0,-29281000.0,-29281000.0,-29281000.0,0.0,0.0,-0.182,111526000.0,-11111000.0,6711000.0,0.0,-7.381,-44.205,-43.04,23878000.0,0.0,10.76,8.027,7.879,20727000.0,-3613596000.0,161259000.0,161259000.0,12971000.0,-0.142,0.164,-0.028,-0.064,9813000.0,104842000.0,1.0,120293164.0,118075000,118075000.0,1.366,273765000.0,0.0,629000.0,0.0,2.319,139756000.0
18,AKAM,MRY,2002-12-31,2002-12-31,2002-12-31,2021-08-07,-18000.0,229863000.0,289813500.0,141683000.0,88180000.0,0.5,-1.491,-13860000.0,111262000.0,111262000.0,85159000.0,-204437000.0,1.747,-2.367,302213000.0,1207000.0,301006000.0,302213000.0,2361000.0,90418000.0,0.0,0.0,0.0,-185588000.0,-95170000.0,-0.656,-95170000.0,-185588000.0,-203945000.0,-1.81,-1.81,-1.81,-168090000.0,-96618000.0,-168090000.0,380821984.0,-2.0,-4.001,-79617000.0,-0.706,1.0,59817000.0,0.413,7410000.0,18357000.0,332305000.0,407829750.0,0.0,13908000.0,3664000.0,10244000.0,397953000.0,81099000.0,316854000.0,201813984.0,-25562000.0,-6500000.0,2807000.0,-1645000.0,0.0,1162000.0,38041000.0,58401000.0,-65757000.0,992000.0,-204437000.0,-204437000.0,-204437000.0,0.0,0.0,-1.41,242421000.0,-182604000.0,16847000.0,0.0,-1.201,-0.987,-0.956,63159000.0,0.0,1.73,1.392,1.346,17574000.0,-3584315000.0,144976000.0,144976000.0,21766000.0,-0.705,2.116,-0.455,-1.28,21195000.0,162901000.0,1.0,116655482.0,112766000,112766000.0,1.286,222453000.0,0.0,492000.0,0.0,1.973,60584000.0
19,AKAM,MRY,2001-12-31,2001-12-31,2001-12-31,2021-08-07,-515000.0,421478000.0,496608500.0,227999000.0,193479000.0,0.329,0.167,-64237000.0,78774000.0,78774000.0,108335000.0,-2435512000.0,2.497,23.456,300518000.0,405000.0,300113000.0,300518000.0,4948000.0,329624000.0,0.0,0.0,0.0,-2415591000.0,-2085967000.0,-12.781,-2085967000.0,-2415591000.0,-2434450000.0,-23.59,-23.59,-23.59,17234000.0,99920250.0,17234000.0,885078169.0,0.0,-0.424,-183519000.0,-1.778,1.0,54879000.0,0.336,19351000.0,18859000.0,532573000.0,575458750.0,0.0,131737000.0,113906000.0,17831000.0,404244000.0,91298000.0,312946000.0,684932169.0,-71356000.0,0.0,7024000.0,-1176000.0,0.0,8541000.0,39552000.0,103789000.0,-119282000.0,-167000.0,-2435512000.0,-2435512000.0,-2435512000.0,0.0,0.0,-14.922,2468777000.0,-2413898000.0,32076000.0,0.0,39.743,-0.281,-0.252,132237000.0,0.0,5.94,4.197,3.757,20067000.0,-3379878000.0,163214000.0,163214000.0,44844000.0,-4.904,-24.375,-4.198,-14.8,31457000.0,214793000.0,1.0,115308446.0,103233000,103233000.0,1.581,402127000.0,0.0,1062000.0,0.0,3.895,136701000.0
20,AKAM,MRY,2000-12-31,2000-12-31,2000-12-31,2021-08-07,-6882000.0,2790777000.0,2414182250.0,355344000.0,2435433000.0,0.037,27.335,-131859000.0,150130000.0,150130000.0,72207000.0,-885785000.0,4.183,0.161,301501000.0,1080000.0,300421000.0,301501000.0,4335000.0,711694000.0,0.0,0.0,0.0,-876670000.0,-164976000.0,-1.838,-164976000.0,-876670000.0,-885598000.0,-10.07,-10.07,-10.07,2404399000.0,2132593000.0,2404399000.0,2204543206.0,-3.0,-13.363,-254733000.0,-2.896,1.0,17559000.0,0.196,2186157000.0,8928000.0,671043000.0,496275750.0,0.0,236804000.0,159522000.0,77282000.0,386378000.0,84948000.0,301430000.0,2273982206.0,-119424000.0,17207000.0,32581000.0,286696000.0,0.0,320042000.0,-316064000.0,-201412000.0,-122874000.0,-528000.0,-885785000.0,-885785000.0,-885785000.0,0.0,0.0,-9.868,917141000.0,-899582000.0,52212000.0,0.0,0.946,-2.567,-2.092,143041000.0,0.0,21.063,25.332,20.639,22670000.0,-944366000.0,89766000.0,89766000.0,38211000.0,-0.367,-0.415,-1.766,-9.766,26147000.0,201449000.0,1.0,107960984.0,87959000,87959000.0,1.021,604620000.0,0.0,187000.0,0.0,6.874,270396000.0
21,AKAM,MRY,1999-12-31,1999-12-31,1999-12-31,2021-08-07,0.0,300815000.0,154840500.0,273663000.0,27152000.0,0.026,9.326,-25670000.0,269554000.0,269554000.0,6811000.0,-57559000.0,14.684,0.069,3988000.0,3255000.0,733000.0,3988000.0,698000.0,3434000.0,0.0,0.0,0.0,-55414000.0,-51980000.0,-13.041,-51980000.0,-55414000.0,-57559000.0,-1.98,-1.98,-1.98,281445000.0,140648500.0,281445000.0,,,,-57989000.0,-1.922,1.0,-2825000.0,-0.709,434000.0,2145000.0,16178000.0,8545000.0,0.0,0.0,0.0,0.0,19370000.0,18637000.0,733000.0,30489929843.0,262749000.0,0.0,215756000.0,3819000.0,0.0,320963000.0,-25895000.0,-225000.0,-32319000.0,0.0,-57559000.0,-59800000.0,-59800000.0,0.0,0.0,-15.003,53613000.0,-56438000.0,8987000.0,0.0,108.334,-509.865,-165.467,23875000.0,2241000.0,327.625,7649.255,2480.366,1588000.0,-58581000.0,3986000.0,3986000.0,11749000.0,-0.386,-0.425,-6.485,-13.902,10005000.0,28425000.0,1.0,93063502.0,30177000,30177000.0,0.132,300381000.0,0.0,0.0,0.0,9.954,255026000.0
22,AKAM,MRY,1998-12-31,1998-12-31,1998-12-31,2021-08-07,0.0,8866000.0,,6862000.0,2004000.0,,-0.01,-1523000.0,6805000.0,6805000.0,31000.0,-890000.0,9.733,-4.932,37000.0,12000.0,25000.0,37000.0,0.0,50000.0,0.0,,0.0,-880000.0,-830000.0,,-830000.0,-880000.0,-890000.0,-0.06,-0.06,-0.06,-148000.0,,-148000.0,,,,-1521000.0,-0.101,1.0,-31000.0,,481000.0,10000.0,912000.0,,0.0,0.0,0.0,0.0,730000.0,705000.0,25000.0,,6805000.0,0.0,46000.0,-4000.0,0.0,8326000.0,-1523000.0,0.0,2000.0,0.0,-890000.0,-890000.0,-890000.0,0.0,0.0,,869000.0,-900000.0,665000.0,0.0,,,,1523000.0,0.0,,,,0.0,-1022000.0,0.0,0.0,229000.0,,,,,206000.0,426000.0,1.0,,15015000,15015000.0,0.0,8385000.0,0.0,0.0,0.0,0.558,6157000.0
0,AKAM,MRQ,2021-06-30,2021-06-30,2021-06-30,2021-08-07,-31557000.0,7920938000.0,,2253252000.0,5667686000.0,,27.452,-154569000.0,581068000.0,581068000.0,320000000.0,156497000.0,3.48,0.769,2833026000.0,158390000.0,2674636000.0,2833026000.0,99839000.0,137715000.0,0.0,0.0,0.0,192543000.0,330258000.0,0.387,330258000.0,192543000.0,174506000.0,0.96,0.94,0.96,4476657000.0,,4476657000.0,21362060471.0,31.0,17.605,223564000.0,1.371,1.0,532824000.0,0.625,1903378000.0,18037000.0,7622069000.0,,0.0,2000040000.0,835420000.0,1164620000.0,3444281000.0,647449000.0,2796832000.0,19004830471.0,122672000.0,0.0,-86463000.0,0.0,0.0,-98844000.0,-159620000.0,-4660000.0,378133000.0,3003000.0,156497000.0,156497000.0,156497000.0,0.0,0.0,0.184,333390000.0,199434000.0,93465000.0,0.0,4.245,32.532,32.57,2368444000.0,0.0,116.6,5.699,5.702,656609000.0,917242000.0,852824000.0,852824000.0,77255000.0,,,,,50481000.0,246189000.0,1.0,162991685.0,163074000,166263000.0,5.23,6017560000.0,99634000.0,18009000.0,36124000.0,36.901,1605803000.0
1,AKAM,MRQ,2021-03-31,2021-03-31,2021-03-31,2021-08-07,-47347000.0,7817920000.0,,2161402000.0,5656518000.0,,26.502,-164719000.0,456799000.0,456799000.0,306687000.0,155695000.0,3.022,0.809,2814029000.0,156656000.0,2657373000.0,2814029000.0,106601000.0,131471000.0,0.0,0.0,0.0,185427000.0,316898000.0,0.376,316898000.0,185427000.0,167593000.0,0.95,0.94,0.95,4321363000.0,,4321363000.0,19056140513.0,27.0,15.926,85074000.0,0.522,1.0,536021000.0,0.636,1909529000.0,17834000.0,7550490000.0,,0.0,1996833000.0,831260000.0,1165573000.0,3496557000.0,715131000.0,2781426000.0,16632145513.0,105557000.0,-15638000.0,-36831000.0,0.0,0.0,-100777000.0,-36308000.0,143870000.0,249793000.0,-7151000.0,155695000.0,155695000.0,155695000.0,0.0,0.0,0.185,353657000.0,182364000.0,119462000.0,0.0,3.849,28.209,28.149,2337337000.0,0.0,101.9,5.076,5.071,666536000.0,760745000.0,842708000.0,842708000.0,82045000.0,,,,,54305000.0,253069000.0,1.0,163220270.0,163061000,165688000.0,5.168,5908391000.0,103433000.0,11898000.0,35115000.0,36.234,1446271000.0
2,AKAM,MRQ,2020-12-31,2020-12-31,2020-12-31,2021-08-07,-20201000.0,7764130000.0,,1929531000.0,5834599000.0,,26.114,-167445000.0,352917000.0,352917000.0,303847000.0,113370000.0,2.545,0.826,2776912000.0,154801000.0,2622111000.0,2776912000.0,81862000.0,127708000.0,0.0,0.0,0.0,134870000.0,262578000.0,0.31,262578000.0,134870000.0,117528000.0,0.7,0.68,0.7,4251296000.0,,4251296000.0,19057877800.0,28.0,16.565,123648000.0,0.76,1.0,542440000.0,0.641,1909095000.0,17342000.0,7520860000.0,,0.0,2143958000.0,745156000.0,1398802000.0,3512834000.0,758170000.0,2754664000.0,17091740800.0,-390517000.0,-128105000.0,-58547000.0,0.0,0.0,-71076000.0,-617934000.0,-332485000.0,291093000.0,7400000.0,113370000.0,113370000.0,113370000.0,0.0,0.0,0.134,407823000.0,134617000.0,118546000.0,0.0,4.02,30.682,30.609,2272217000.0,0.0,104.99,5.344,5.334,660052000.0,605050000.0,846287000.0,846287000.0,67228000.0,,,,,50510000.0,302854000.0,1.0,162793988.0,162799000,165882000.0,5.198,5855035000.0,106918000.0,4158000.0,37458000.0,35.965,1171361000.0
3,AKAM,MRQ,2020-09-30,2020-09-30,2020-09-30,2021-08-07,-45854000.0,7514393000.0,,2243221000.0,5271172000.0,,25.238,-228759000.0,742521000.0,742521000.0,283439000.0,158623000.0,3.128,0.829,2708658000.0,136292000.0,2572366000.0,2708658000.0,92896000.0,118893000.0,0.0,0.0,0.0,184748000.0,303641000.0,0.383,303641000.0,184748000.0,167424000.0,0.97,0.95,0.97,4107617000.0,,4107617000.0,20098200335.0,29.0,17.475,173214000.0,1.064,1.0,509406000.0,0.643,1783397000.0,17324000.0,6980009000.0,,0.0,1811573000.0,701515000.0,1110058000.0,3406776000.0,717124000.0,2689652000.0,17985395335.0,171111000.0,0.0,2809000.0,0.0,0.0,-10560000.0,-224665000.0,6153000.0,401973000.0,4363000.0,158623000.0,158623000.0,158623000.0,0.0,0.0,0.2,328248000.0,181158000.0,114850000.0,0.0,4.379,31.958,31.856,2128569000.0,0.0,110.54,5.757,5.759,630406000.0,491680000.0,792845000.0,792845000.0,66773000.0,,,,,50217000.0,251114000.0,1.0,162704861.0,162757000,166519000.0,4.871,5730996000.0,97801000.0,8801000.0,31946000.0,35.212,1526097000.0
4,AKAM,MRQ,2020-06-30,2020-06-30,2020-06-30,2021-08-07,-57307000.0,7224798000.0,,2192999000.0,5031799000.0,,24.039,-120239000.0,572288000.0,572288000.0,276804000.0,161915000.0,3.336,0.85,2685093000.0,138478000.0,2546615000.0,2685093000.0,98184000.0,115580000.0,0.0,0.0,0.0,197835000.0,313415000.0,0.394,313415000.0,197835000.0,180586000.0,1.0,0.98,1.0,3904295000.0,,3904295000.0,19665062206.0,30.0,17.778,178452000.0,1.099,1.0,517911000.0,0.652,1790255000.0,17249000.0,6889926000.0,,0.0,1819156000.0,800321000.0,1018835000.0,3320503000.0,657422000.0,2663081000.0,17377973206.0,187043000.0,0.0,-17071000.0,0.0,0.0,-30166000.0,-89637000.0,30447000.0,298691000.0,8155000.0,161915000.0,161915000.0,161915000.0,0.0,0.0,0.204,327482000.0,190429000.0,153958000.0,0.0,4.451,32.06,31.967,2017857000.0,0.0,107.09,5.714,5.719,644659000.0,333057000.0,794715000.0,794715000.0,64090000.0,,,,,49191000.0,253178000.0,1.0,162274472.0,162413000,164768000.0,4.893,5434543000.0,61310000.0,18671000.0,29556000.0,33.461,1535577000.0
5,AKAM,MRQ,2020-03-31,2020-03-31,2020-03-31,2021-08-07,-78995000.0,6947956000.0,,2014584000.0,4933372000.0,,22.669,-215429000.0,384103000.0,384103000.0,268582000.0,123146000.0,3.196,0.892,2671192000.0,141876000.0,2529316000.0,2671192000.0,103283000.0,116208000.0,0.0,0.0,0.0,154643000.0,270851000.0,0.354,270851000.0,154643000.0,137438000.0,0.76,0.75,0.76,3672218000.0,,3672218000.0,17088261097.0,29.0,16.425,7814000.0,0.048,1.0,495720000.0,0.649,1799683000.0,17205000.0,6805115000.0,,0.0,1826318000.0,865168000.0,961150000.0,3275738000.0,630247000.0,2645491000.0,14810571097.0,-8317000.0,-36270000.0,-61004000.0,0.0,0.0,-111839000.0,-110738000.0,141037000.0,223243000.0,-8983000.0,123146000.0,123146000.0,123146000.0,0.0,0.0,0.161,343390000.0,152330000.0,114100000.0,0.0,4.033,29.978,29.997,1918726000.0,0.0,91.49,5.018,5.022,613809000.0,171142000.0,764302000.0,764302000.0,71224000.0,,,,,47493000.0,251147000.0,1.0,161881857.0,161992000,163684000.0,4.718,5148273000.0,80037000.0,14292000.0,29049000.0,31.781,1384337000.0
6,AKAM,MRQ,2019-12-31,2019-12-31,2019-12-31,2021-08-07,-45144000.0,7006886000.0,,2231613000.0,4775273000.0,,22.617,-133666000.0,393745000.0,393745000.0,257750000.0,119100000.0,3.219,0.916,2671435000.0,139463000.0,2531972000.0,2671435000.0,75591000.0,115800000.0,0.0,0.0,0.0,146407000.0,262207000.0,0.34,262207000.0,146407000.0,129732000.0,0.74,0.72,0.74,3657958000.0,,3657958000.0,15427807520.0,27.0,15.104,148474000.0,0.918,1.0,514373000.0,0.666,1779696000.0,16675000.0,6811544000.0,,0.0,1978633000.0,1143249000.0,835384000.0,3348928000.0,693336000.0,2655592000.0,13959112520.0,-345481000.0,-43920000.0,-28823000.0,0.0,0.0,-42973000.0,-589764000.0,-410682000.0,282140000.0,5116000.0,119100000.0,119100000.0,119100000.0,0.0,0.0,0.154,379051000.0,135322000.0,138946000.0,0.0,3.816,29.201,29.381,1910603000.0,0.0,86.38,4.824,4.857,551943000.0,47996000.0,772123000.0,772123000.0,68898000.0,,,,,46878000.0,290169000.0,1.0,161601210.0,161737000,163928000.0,4.774,5227190000.0,76528000.0,10632000.0,29187000.0,32.319,1538277000.0
7,AKAM,MRQ,2019-09-30,2019-09-30,2019-09-30,2021-08-07,-56424000.0,6357434000.0,,2253908000.0,4103526000.0,,21.556,-152633000.0,738462000.0,738462000.0,246938000.0,137890000.0,3.741,0.816,2207157000.0,86959000.0,2120198000.0,2207157000.0,103368000.0,110604000.0,0.0,0.0,0.0,149057000.0,259661000.0,0.366,259661000.0,149057000.0,136930000.0,0.85,0.84,0.85,3501600000.0,,3501600000.0,15848616753.0,28.0,15.799,144752000.0,0.891,1.0,462974000.0,0.652,1749886000.0,12127000.0,5473720000.0,,0.0,1565865000.0,831749000.0,734116000.0,2855834000.0,602523000.0,2253311000.0,15076099753.0,223358000.0,0.0,24041000.0,1135629000.0,0.0,836285000.0,-904984000.0,-752009000.0,297385000.0,-5328000.0,137890000.0,137890000.0,137890000.0,0.0,0.0,0.194,319685000.0,143289000.0,108187000.0,0.0,4.305,33.284,32.871,1429069000.0,0.0,91.38,5.318,5.236,516657000.0,-71104000.0,709912000.0,709912000.0,64887000.0,,,,,46815000.0,245474000.0,1.0,164982488.0,162445000,164558000.0,4.37,4607548000.0,39321000.0,-960000.0,21797000.0,28.364,1651385000.0
8,AKAM,MRQ,2019-06-30,2019-06-30,2019-06-30,2021-08-07,-42484000.0,5343236000.0,,1744794000.0,3598442000.0,,20.775,-133349000.0,515896000.0,515896000.0,242193000.0,113915000.0,2.953,0.574,1288413000.0,96160000.0,1192253000.0,1288413000.0,115954000.0,106065000.0,0.0,0.0,0.0,141614000.0,247679000.0,0.351,247679000.0,141614000.0,133168000.0,0.7,0.69,0.7,3394764000.0,,3394764000.0,13740537486.0,26.0,14.069,184580000.0,1.13,1.0,462881000.0,0.656,1762673000.0,8446000.0,3762266000.0,,0.0,813642000.0,526596000.0,287046000.0,1948472000.0,590814000.0,1357658000.0,13150725486.0,-174115000.0,55000.0,-72377000.0,0.0,0.0,-83694000.0,-409427000.0,-275435000.0,317929000.0,1077000.0,113915000.0,113915000.0,113915000.0,0.0,0.0,0.162,327099000.0,135782000.0,126539000.0,0.0,3.874,31.115,31.062,1378535000.0,0.0,80.14,4.706,4.686,523382000.0,-208994000.0,705074000.0,705074000.0,61439000.0,,,,,48142000.0,255222000.0,1.0,164096899.0,163407000,165019000.0,4.315,3580563000.0,19677000.0,19253000.0,25099000.0,21.912,1153980000.0
9,AKAM,MRQ,2019-03-31,2019-03-31,2019-03-31,2021-08-07,-46979000.0,5182762000.0,,1818418000.0,3364344000.0,,20.113,-142429000.0,688698000.0,688698000.0,240743000.0,107130000.0,3.192,0.579,1278510000.0,101545000.0,1176965000.0,1278510000.0,117149000.0,108205000.0,0.0,0.0,0.0,143671000.0,251876000.0,0.357,251876000.0,143671000.0,131555000.0,0.66,0.65,0.66,3283217000.0,,3283217000.0,12228145160.0,27.0,13.647,18421000.0,0.113,1.0,465765000.0,0.659,1771869000.0,12116000.0,3430999000.0,,0.0,531366000.0,429932000.0,101434000.0,1899545000.0,569706000.0,1329839000.0,11703968160.0,-346603000.0,-121464000.0,-15098000.0,-690000000.0,0.0,-745295000.0,236241000.0,497199000.0,160850000.0,1601000.0,107130000.0,107130000.0,107130000.0,0.0,0.0,0.152,331240000.0,134525000.0,102371000.0,0.0,3.565,33.27,33.667,1309813000.0,0.0,71.71,4.252,4.253,529346000.0,-322909000.0,706508000.0,706508000.0,66141000.0,,,,,45305000.0,249111000.0,1.0,163212497.0,163236000,164787000.0,4.328,3410893000.0,30363000.0,24425000.0,19396000.0,20.895,1248712000.0
10,AKAM,MRQ,2018-12-31,2018-12-31,2018-12-31,2021-08-07,-48912000.0,5461770000.0,,2535354000.0,2926416000.0,,19.587,-117334000.0,1036455000.0,1036455000.0,243927000.0,94015000.0,2.094,0.711,1560632000.0,686552000.0,874080000.0,1560632000.0,73640000.0,116294000.0,0.0,0.0,0.0,127655000.0,243949000.0,0.342,243949000.0,127655000.0,113073000.0,0.57,0.56,0.57,3191860000.0,,3191860000.0,10787692868.0,28.0,13.143,168821000.0,1.036,1.0,469436000.0,0.658,1655752000.0,14582000.0,3119486000.0,,0.0,1064716000.0,855650000.0,209066000.0,2269910000.0,1210709000.0,1059201000.0,9947856868.0,330416000.0,0.0,-113964000.0,0.0,0.0,-126124000.0,171701000.0,288423000.0,286155000.0,-1316000.0,94015000.0,94015000.0,94015000.0,0.0,0.0,0.132,349148000.0,120288000.0,99089000.0,0.0,3.117,33.34,34.315,910618000.0,0.0,61.08,3.665,3.765,479889000.0,-430890000.0,713363000.0,713363000.0,60342000.0,,,,,44998000.0,267362000.0,1.0,162866026.0,162959000,164556000.0,4.378,3806018000.0,34913000.0,19058000.0,19624000.0,23.356,1324645000.0
11,AKAM,MRQ,2018-09-30,2018-09-30,2018-09-30,2021-08-07,-48218000.0,5363887000.0,,2429789000.0,2934098000.0,,19.018,-86698000.0,705407000.0,705407000.0,239246000.0,107583000.0,2.032,0.7,1545243000.0,680564000.0,864679000.0,1545243000.0,98950000.0,107833000.0,0.0,0.0,0.0,125336000.0,233169000.0,0.348,233169000.0,125336000.0,110770000.0,0.65,0.64,0.65,3155530000.0,,3155530000.0,12951782538.0,44.0,18.157,223783000.0,1.349,1.0,430382000.0,0.643,1665508000.0,14566000.0,3342277000.0,,0.0,1353368000.0,1096233000.0,257135000.0,2208357000.0,1195938000.0,1012419000.0,12399263538.0,-271768000.0,0.0,-422019000.0,-437000.0,0.0,-433534000.0,-148647000.0,-59750000.0,310481000.0,-68000.0,107583000.0,107583000.0,107583000.0,0.0,0.0,0.161,313845000.0,116537000.0,96051000.0,0.0,3.929,53.473,52.626,884483000.0,0.0,73.15,4.662,4.564,466364000.0,-524906000.0,669628000.0,669628000.0,61049000.0,,,,,46632000.0,245234000.0,1.0,169504628.0,165924000,167900000.0,4.036,3698379000.0,23688000.0,3187000.0,18827000.0,22.29,1233851000.0
12,AKAM,MRQ,2018-06-30,2018-06-30,2018-06-30,2021-08-07,-41970000.0,5604704000.0,,2484160000.0,3120544000.0,,20.237,-88634000.0,977488000.0,977488000.0,235487000.0,43061000.0,2.186,0.627,1530007000.0,674629000.0,855378000.0,1530007000.0,106389000.0,106298000.0,0.0,0.0,0.0,60757000.0,167055000.0,0.252,167055000.0,60757000.0,51553000.0,0.25,0.25,0.25,3445278000.0,,3445278000.0,12800302018.0,48.0,19.003,131047000.0,0.77,1.0,427272000.0,0.645,1679245000.0,9204000.0,3341650000.0,,0.0,1291229000.0,879483000.0,411746000.0,2159426000.0,1136328000.0,1023098000.0,12495260018.0,612881000.0,0.0,-34417000.0,1132622000.0,0.0,823927000.0,-418102000.0,-329704000.0,219681000.0,-12625000.0,43061000.0,43061000.0,43061000.0,0.0,0.0,0.065,370155000.0,57117000.0,84167000.0,0.0,3.627,66.391,65.973,852950000.0,0.0,73.23,4.779,4.769,479865000.0,-632489000.0,662759000.0,662759000.0,59709000.0,,,,,47497000.0,301886000.0,1.0,170630343.0,170250000,172307000.0,3.893,3925459000.0,44230000.0,8492000.0,18236000.0,23.057,1347832000.0
13,AKAM,MRQ,2018-03-31,2018-03-31,2018-03-31,2021-08-07,-18334000.0,4686904000.0,,1459726000.0,3227178000.0,,19.906,-113075000.0,363703000.0,363703000.0,234825000.0,53714000.0,1.291,0.384,668745000.0,668745000.0,0.0,668745000.0,102539000.0,104095000.0,0.0,0.0,0.0,72543000.0,176638000.0,0.264,176638000.0,72543000.0,67693000.0,0.32,0.31,0.32,3386257000.0,,3386257000.0,12418372903.0,42.0,18.098,78935000.0,0.464,1.0,433899000.0,0.649,1692134000.0,4850000.0,2169217000.0,,0.0,960120000.0,447850000.0,512270000.0,1300647000.0,1130595000.0,170052000.0,12068841903.0,51029000.0,-79000.0,2953000.0,0.0,0.0,-30661000.0,-111485000.0,2384000.0,192010000.0,1165000.0,53714000.0,53714000.0,53714000.0,0.0,0.0,0.08,365342000.0,68557000.0,81239000.0,0.0,3.564,59.777,59.647,845118000.0,0.0,70.98,4.719,4.721,484617000.0,-675550000.0,668724000.0,668724000.0,65065000.0,,,,,44686000.0,276938000.0,1.0,170031585.0,170116000,172004000.0,3.931,2994770000.0,44490000.0,13979000.0,17675000.0,17.604,329131000.0
14,AKAM,MRQ,2017-12-31,2017-12-31,2017-12-31,2021-08-07,-21930000.0,4648916000.0,,1346246000.0,3302670000.0,,19.846,-106852000.0,313382000.0,313382000.0,229940000.0,27520000.0,2.948,0.383,662913000.0,0.0,662913000.0,662913000.0,76557000.0,99396000.0,0.0,0.0,0.0,37069000.0,136465000.0,0.207,136465000.0,37069000.0,32219000.0,0.17,0.16,0.17,3362469000.0,,3362469000.0,11290608040.0,34.0,16.007,90589000.0,0.535,1.0,428530000.0,0.651,1699947000.0,4850000.0,2841806000.0,,0.0,966146000.0,398554000.0,567592000.0,1286447000.0,456694000.0,829753000.0,11001629040.0,-54979000.0,-171872000.0,-40625000.0,0.0,0.0,-50898000.0,-202153000.0,76991000.0,197441000.0,631000.0,27520000.0,27520000.0,27520000.0,0.0,0.0,0.042,396421000.0,32109000.0,80278000.0,0.0,3.272,49.386,50.031,862535000.0,0.0,65.04,4.42,4.483,461457000.0,-690662000.0,658470000.0,658470000.0,59673000.0,,,,,42205000.0,277338000.0,1.0,169151738.0,169429000,170731000.0,3.886,2948969000.0,36231000.0,4699000.0,17823000.0,17.405,889552000.0
15,AKAM,MRQ,2017-09-30,2017-09-30,2017-09-30,2021-08-07,-24833000.0,4509134000.0,,1295783000.0,3213351000.0,,19.141,-119740000.0,368152000.0,368152000.0,225490000.0,63911000.0,3.011,0.378,657131000.0,0.0,657131000.0,657131000.0,68940000.0,97178000.0,0.0,0.0,0.0,96251000.0,193429000.0,0.31,193429000.0,96251000.0,91505000.0,0.37,0.37,0.37,3272655000.0,,3272655000.0,8650634819.0,20.0,10.946,116551000.0,0.682,1.0,398950000.0,0.639,1535050000.0,4746000.0,2832757000.0,,0.0,1045778000.0,383849000.0,661929000.0,1236479000.0,430306000.0,806173000.0,8351735819.0,16281000.0,0.0,-112954000.0,0.0,0.0,-119738000.0,-102379000.0,17384000.0,236291000.0,2107000.0,63911000.0,63911000.0,63911000.0,0.0,0.0,0.102,307697000.0,91253000.0,88339000.0,0.0,2.552,28.653,29.0,883754000.0,0.0,48.72,3.402,3.394,400839000.0,-761515000.0,624440000.0,624440000.0,57226000.0,,,,,41848000.0,242386000.0,1.0,171423149.0,170976000,171505000.0,3.652,2974084000.0,18930000.0,27594000.0,15984000.0,17.395,865477000.0
16,AKAM,MRQ,2017-06-30,2017-06-30,2017-06-30,2021-08-07,-32520000.0,4489039000.0,,1238357000.0,3250682000.0,,19.037,-97005000.0,352501000.0,352501000.0,214680000.0,56752000.0,3.103,0.366,651400000.0,0.0,651400000.0,651400000.0,77620000.0,89206000.0,0.0,0.0,0.0,90437000.0,179643000.0,0.297,179643000.0,90437000.0,85791000.0,0.33,0.33,0.33,3287172000.0,,3287172000.0,8734223058.0,19.0,10.949,127628000.0,0.739,1.0,391152000.0,0.646,1540664000.0,4646000.0,2848210000.0,,0.0,1062401000.0,330620000.0,731781000.0,1201867000.0,399064000.0,802803000.0,8610823058.0,-170584000.0,-197191000.0,-96998000.0,0.0,0.0,-105511000.0,-294939000.0,65000.0,224633000.0,5233000.0,56752000.0,56752000.0,56752000.0,0.0,0.0,0.094,305559000.0,85593000.0,91741000.0,0.0,2.62,28.365,28.463,856039000.0,0.0,49.81,3.567,3.563,395865000.0,-822027000.0,605832000.0,605832000.0,53373000.0,,,,,41269000.0,241462000.0,1.0,172873380.0,172674000,173439000.0,3.509,2948375000.0,7448000.0,29039000.0,21762000.0,17.075,839293000.0
17,AKAM,MRQ,2017-03-31,2017-03-31,2017-03-31,2021-08-07,-45913000.0,4449995000.0,,1398461000.0,3051534000.0,,18.818,-91181000.0,522319000.0,522319000.0,205727000.0,74583000.0,3.662,0.366,645719000.0,0.0,645719000.0,645719000.0,67939000.0,86533000.0,0.0,0.0,0.0,109274000.0,195807000.0,0.326,195807000.0,109274000.0,104677000.0,0.43,0.43,0.43,3258546000.0,,3258546000.0,10655416043.0,22.0,13.039,51437000.0,0.297,1.0,394566000.0,0.657,1371398000.0,4597000.0,2820121000.0,,0.0,1061815000.0,322750000.0,739065000.0,1191449000.0,381876000.0,809573000.0,10339498043.0,199085000.0,-10000.0,-54937000.0,0.0,0.0,-88858000.0,140306000.0,231832000.0,142618000.0,5019000.0,74583000.0,74583000.0,74583000.0,0.0,0.0,0.124,289232000.0,105334000.0,90179000.0,0.0,3.173,32.265,32.446,824724000.0,0.0,59.7,4.343,4.342,400792000.0,-879799000.0,600293000.0,600293000.0,52162000.0,,,,,38986000.0,229501000.0,1.0,173190922.0,173158000,175171000.0,3.467,3078597000.0,7332000.0,30094000.0,39902000.0,17.779,1016585000.0
18,AKAM,MRQ,2016-12-31,2016-12-31,2016-12-31,2021-08-07,-56222000.0,4373146000.0,,1309917000.0,3063229000.0,,18.602,-75938000.0,324169000.0,324169000.0,203580000.0,96234000.0,3.497,0.356,640087000.0,0.0,640087000.0,640087000.0,56730000.0,84008000.0,0.0,0.0,0.0,137410000.0,221418000.0,0.355,221418000.0,137410000.0,132730000.0,0.55,0.55,0.55,3224370000.0,,3224370000.0,11808339065.0,24.0,14.413,108284000.0,0.625,1.0,420483000.0,0.674,1377966000.0,4680000.0,2936510000.0,,0.0,1292160000.0,512849000.0,779311000.0,1148776000.0,374588000.0,774188000.0,11555638065.0,-57614000.0,-92503000.0,-61706000.0,0.0,0.0,-68691000.0,-164719000.0,-209000.0,184222000.0,-8426000.0,96234000.0,96234000.0,96234000.0,0.0,0.0,0.154,290037000.0,130446000.0,76120000.0,0.0,3.584,36.03,36.437,801017000.0,0.0,66.68,4.922,4.967,368596000.0,-960729000.0,624063000.0,624063000.0,46755000.0,,,,,39202000.0,236600000.0,1.0,173299911.0,173336000,175285000.0,3.6,2995180000.0,8982000.0,36496000.0,11652000.0,17.28,935329000.0
19,AKAM,MRQ,2016-09-30,2016-09-30,2016-09-30,2021-08-07,-33462000.0,4353635000.0,,1386964000.0,2966671000.0,,18.167,-79870000.0,381803000.0,381803000.0,204467000.0,76000000.0,3.214,0.374,634504000.0,0.0,634504000.0,634504000.0,65426000.0,84511000.0,0.0,0.0,0.0,116352000.0,200863000.0,0.344,200863000.0,116352000.0,111686000.0,0.44,0.43,0.44,3168931000.0,,3168931000.0,9560974658.0,20.0,11.902,171978000.0,0.986,1.0,379598000.0,0.65,1290086000.0,4666000.0,2884714000.0,,0.0,1297107000.0,529416000.0,767691000.0,1184704000.0,431536000.0,753168000.0,9258648658.0,55159000.0,-2936000.0,-79913000.0,0.0,0.0,-86063000.0,-110472000.0,-26033000.0,251848000.0,-154000.0,76000000.0,76000000.0,76000000.0,0.0,0.0,0.13,267833000.0,111765000.0,74328000.0,0.0,2.922,29.589,29.77,797923000.0,0.0,52.99,4.02,4.013,357997000.0,-1052368000.0,584065000.0,584065000.0,42341000.0,,,,,38652000.0,215946000.0,1.0,174724451.0,174429000,175617000.0,3.348,3063549000.0,21156000.0,35686000.0,8963000.0,17.563,955428000.0
20,AKAM,MRQ,2016-06-30,2016-06-30,2016-06-30,2021-08-07,-31616000.0,4269722000.0,,1365584000.0,2904138000.0,,17.952,-78141000.0,326644000.0,326644000.0,206323000.0,73635000.0,3.627,0.355,628970000.0,0.0,628970000.0,628970000.0,70898000.0,85114000.0,0.0,0.0,0.0,113988000.0,199102000.0,0.348,199102000.0,113988000.0,109349000.0,0.42,0.42,0.42,3150473000.0,,3150473000.0,10131420920.0,21.0,12.73,166228000.0,0.947,1.0,365812000.0,0.639,1292805000.0,4639000.0,2902701000.0,,0.0,1273294000.0,542062000.0,731232000.0,1119249000.0,376542000.0,742707000.0,9820847920.0,13732000.0,0.0,-82240000.0,0.0,0.0,-88154000.0,-138807000.0,-61508000.0,244369000.0,-3676000.0,73635000.0,73635000.0,73635000.0,0.0,0.0,0.129,255632000.0,110180000.0,68249000.0,0.0,3.117,30.222,30.563,786835000.0,0.0,55.93,4.326,4.324,364401000.0,-1128368000.0,572135000.0,572135000.0,37690000.0,,,,,34911000.0,210761000.0,1.0,175591774.0,175499000,176420000.0,3.26,2976917000.0,2455000.0,35714000.0,10248000.0,16.963,989042000.0
21,AKAM,MRQ,2016-03-31,2016-03-31,2016-03-31,2021-08-07,-28792000.0,4183752000.0,,1330828000.0,2852924000.0,,17.65,-82340000.0,312912000.0,312912000.0,194736000.0,74858000.0,3.994,0.344,623485000.0,0.0,623485000.0,623485000.0,69143000.0,80669000.0,0.0,0.0,0.0,117250000.0,197919000.0,0.349,197919000.0,117250000.0,112597000.0,0.42,0.42,0.42,3113582000.0,,3113582000.0,10156675298.0,22.0,13.056,109033000.0,0.618,1.0,372989000.0,0.657,1301755000.0,4653000.0,2859337000.0,,0.0,1210320000.0,524958000.0,685362000.0,1070170000.0,333233000.0,736937000.0,9821860298.0,23439000.0,0.0,-90375000.0,0.0,0.0,-116871000.0,-55428000.0,29266000.0,191373000.0,4365000.0,74858000.0,74858000.0,74858000.0,0.0,0.0,0.132,258870000.0,114119000.0,63822000.0,0.0,3.155,30.836,31.045,770197000.0,0.0,55.57,4.387,4.379,365103000.0,-1202003000.0,567725000.0,567725000.0,40842000.0,,,,,31741000.0,204494000.0,1.0,176747531.0,176403000,177539000.0,3.218,2881997000.0,3490000.0,37739000.0,11706000.0,16.338,997595000.0
22,AKAM,MRQ,2015-12-31,2015-12-31,2015-12-31,2021-08-07,-41453000.0,4181684000.0,,1253188000.0,2928496000.0,,17.554,-78837000.0,289473000.0,289473000.0,193212000.0,88420000.0,3.77,0.34,618047000.0,0.0,618047000.0,618047000.0,58317000.0,80329000.0,0.0,0.0,0.0,125116000.0,205445000.0,0.355,205445000.0,125116000.0,120475000.0,0.5,0.49,0.5,3120878000.0,,3120878000.0,9727821096.0,20.0,12.557,168255000.0,0.946,1.0,385947000.0,0.666,1306339000.0,4641000.0,2871479000.0,,0.0,1234762000.0,460088000.0,774674000.0,1060806000.0,332440000.0,728366000.0,9364927096.0,33002000.0,-18702000.0,-92677000.0,0.0,0.0,-124521000.0,-86872000.0,10124000.0,247092000.0,-2697000.0,88420000.0,88420000.0,88420000.0,0.0,0.0,0.153,263267000.0,122680000.0,61982000.0,0.0,3.001,29.137,29.239,753180000.0,0.0,52.63,4.262,4.273,380399000.0,-1276861000.0,579159000.0,579159000.0,37674000.0,,,,,58562000.0,218560000.0,1.0,177938953.0,177791000,179734000.0,3.258,2875345000.0,4700000.0,32055000.0,12888000.0,16.173,920748000.0
23,AKAM,MRQ,2015-09-30,2015-09-30,2015-09-30,2021-08-07,-33519000.0,4184809000.0,,1210985000.0,2973824000.0,,17.282,-133064000.0,256471000.0,256471000.0,183204000.0,88040000.0,3.647,0.356,619365000.0,0.0,619365000.0,619365000.0,60096000.0,74785000.0,0.0,0.0,0.0,118616000.0,193401000.0,0.351,193401000.0,118616000.0,113986000.0,0.49,0.49,0.49,3085663000.0,,3085663000.0,12690822031.0,26.0,16.367,49544000.0,0.277,1.0,367826000.0,0.668,1294478000.0,4630000.0,2921219000.0,,0.0,1248402000.0,411382000.0,837020000.0,1099146000.0,332006000.0,767140000.0,12333786031.0,-977000.0,500000.0,-58582000.0,0.0,0.0,-65085000.0,-114452000.0,19240000.0,182608000.0,-4048000.0,88040000.0,88040000.0,88040000.0,0.0,0.0,0.16,252137000.0,115689000.0,60902000.0,0.0,3.997,37.365,37.33,734540000.0,0.0,69.06,5.724,5.723,365957000.0,-1365281000.0,551030000.0,551030000.0,38396000.0,,,,,28932000.0,206969000.0,1.0,178595222.0,178547000,180364000.0,3.086,2890331000.0,63462000.0,25946000.0,49925000.0,16.188,878979000.0
24,AKAM,MRQ,2015-06-30,2015-06-30,2015-06-30,2021-08-07,-24379000.0,4131105000.0,,1151476000.0,2979629000.0,,17.043,-96013000.0,257448000.0,257448000.0,179910000.0,67200000.0,3.307,0.357,614484000.0,0.0,614484000.0,614484000.0,60759000.0,73989000.0,0.0,0.0,0.0,107196000.0,181185000.0,0.335,181185000.0,107196000.0,102518000.0,0.38,0.37,0.38,3045312000.0,,3045312000.0,12744061576.0,26.0,16.519,168010000.0,0.94,1.0,360813000.0,0.667,1301677000.0,4678000.0,2838222000.0,,0.0,1267507000.0,386055000.0,881452000.0,1085793000.0,348242000.0,737551000.0,12466971576.0,-75109000.0,-106883000.0,-51316000.0,0.0,0.0,-51210000.0,-291378000.0,-86655000.0,264023000.0,3456000.0,67200000.0,67200000.0,67200000.0,0.0,0.0,0.124,254553000.0,106260000.0,85311000.0,0.0,4.094,37.415,37.337,704571000.0,0.0,69.82,5.932,5.936,342930000.0,-1453321000.0,540723000.0,540723000.0,36693000.0,,,,,22642000.0,210653000.0,1.0,178558745.0,178682000,180738000.0,3.026,2829428000.0,47568000.0,35318000.0,38833000.0,15.835,803234000.0
25,AKAM,MRQ,2015-03-31,2015-03-31,2015-03-31,2021-08-07,-23913000.0,3986913000.0,,1241579000.0,2745334000.0,,16.7,-137069000.0,332557000.0,332557000.0,169294000.0,77746000.0,4.61,0.337,609647000.0,0.0,609647000.0,609647000.0,59483000.0,70460000.0,0.0,0.0,0.0,124221000.0,194681000.0,0.37,194681000.0,124221000.0,119645000.0,0.44,0.43,0.44,2981682000.0,,2981682000.0,13072338724.0,26.0,17.151,-37340000.0,-0.209,1.0,357242000.0,0.678,1194681000.0,4576000.0,2799991000.0,,0.0,1182582000.0,380728000.0,801854000.0,1005231000.0,269331000.0,735900000.0,12706137724.0,93907000.0,-16062000.0,-38240000.0,0.0,0.0,-56213000.0,57138000.0,210351000.0,99729000.0,-6747000.0,77746000.0,77746000.0,77746000.0,0.0,0.0,0.148,235721000.0,121521000.0,67637000.0,0.0,4.261,37.493,37.395,666093000.0,0.0,71.05,6.238,6.228,356629000.0,-1520521000.0,526536000.0,526536000.0,35828000.0,,,,,16541000.0,193071000.0,1.0,178833747.0,178545000,180825000.0,2.949,2792232000.0,43516000.0,41899000.0,44580000.0,15.639,972248000.0
26,AKAM,MRQ,2014-12-31,2014-12-31,2014-12-31,2021-08-07,-17611000.0,4001546000.0,,1262555000.0,2738991000.0,,16.533,-92320000.0,238650000.0,238650000.0,163201000.0,97107000.0,3.78,0.359,604851000.0,0.0,604851000.0,604851000.0,53508000.0,67763000.0,0.0,0.0,0.0,138381000.0,206144000.0,0.384,206144000.0,138381000.0,133857000.0,0.54,0.53,0.54,2945335000.0,,2945335000.0,11592258973.0,23.0,15.609,103221000.0,0.579,1.0,373094000.0,0.696,1183706000.0,4524000.0,2850030000.0,,0.0,1389634000.0,519642000.0,869992000.0,1056211000.0,334011000.0,722200000.0,11206499973.0,24311000.0,0.0,-30386000.0,0.0,0.0,-29550000.0,-136413000.0,-42616000.0,195541000.0,-5267000.0,97107000.0,97107000.0,97107000.0,0.0,0.0,0.181,237012000.0,136082000.0,77412000.0,0.0,3.805,33.558,33.668,601591000.0,0.0,62.96,5.706,5.715,329578000.0,-1598267000.0,536295000.0,536295000.0,32417000.0,,,,,18916000.0,196192000.0,1.0,177993964.0,178144000,180910000.0,3.01,2817840000.0,47659000.0,36750000.0,39299000.0,15.818,928544000.0
27,AKAM,MRQ,2014-09-30,2014-09-30,2014-09-30,2021-08-07,-9545000.0,3854291000.0,,1152676000.0,2701615000.0,,15.985,-71782000.0,214339000.0,214339000.0,158812000.0,91155000.0,3.822,0.353,600098000.0,0.0,600098000.0,600098000.0,54229000.0,67415000.0,0.0,0.0,0.0,122061000.0,189476000.0,0.38,189476000.0,122061000.0,117579000.0,0.51,0.5,0.51,2848380000.0,,2848380000.0,10995375294.0,23.0,15.632,101500000.0,0.57,1.0,339230000.0,0.681,1189862000.0,4482000.0,2748587000.0,,0.0,1347420000.0,496573000.0,850847000.0,1005911000.0,301601000.0,704310000.0,10654155294.0,-39826000.0,0.0,-21660000.0,0.0,0.0,-27895000.0,-177895000.0,-111307000.0,173282000.0,-7318000.0,91155000.0,91155000.0,91155000.0,0.0,0.0,0.183,218991000.0,120239000.0,74801000.0,0.0,3.74,33.589,33.596,559194000.0,0.0,59.8,5.717,5.718,326747000.0,-1695374000.0,498042000.0,498042000.0,32583000.0,,,,,23711000.0,178120000.0,1.0,178163132.0,178186000,180955000.0,2.795,2664429000.0,27374000.0,26424000.0,25099000.0,14.953,851075000.0
28,AKAM,MRQ,2014-06-30,2014-06-30,2014-06-30,2021-08-07,2497000.0,3768657000.0,,1199667000.0,2568990000.0,,15.57,-70519000.0,254165000.0,254165000.0,149318000.0,72886000.0,4.235,0.359,595385000.0,0.0,595385000.0,595385000.0,52238000.0,58712000.0,0.0,0.0,0.0,113192000.0,171904000.0,0.361,171904000.0,113192000.0,108676000.0,0.41,0.4,0.41,2772744000.0,,2772744000.0,11210733395.0,25.0,16.921,129705000.0,0.728,1.0,326717000.0,0.686,1198265000.0,4516000.0,2628320000.0,,0.0,1238237000.0,502608000.0,735629000.0,995913000.0,283292000.0,712621000.0,10868745395.0,5439000.0,115000.0,-57674000.0,-868000.0,0.0,-62036000.0,-134040000.0,-66496000.0,200224000.0,1291000.0,72886000.0,72886000.0,72886000.0,0.0,0.0,0.153,214366000.0,112351000.0,70534000.0,0.0,3.92,35.543,35.5,536637000.0,0.0,61.06,6.171,6.174,325385000.0,-1786529000.0,476035000.0,476035000.0,32052000.0,,,,,27195000.0,173342000.0,1.0,178001071.0,178081000,180841000.0,2.673,2570392000.0,31779000.0,35790000.0,40385000.0,14.434,916375000.0
29,AKAM,MRQ,2014-03-31,2014-03-31,2014-03-31,2021-08-07,-1637000.0,3651492000.0,,1127300000.0,2524192000.0,,15.177,-84006000.0,248726000.0,248726000.0,139612000.0,72800000.0,4.617,0.346,590714000.0,0.0,590714000.0,590714000.0,52540000.0,53516000.0,0.0,0.0,0.0,121605000.0,175121000.0,0.386,175121000.0,121605000.0,119664000.0,0.41,0.4,0.41,2712145000.0,,2712145000.0,10058685602.0,23.0,15.864,5017000.0,0.028,1.0,313890000.0,0.692,1208401000.0,1941000.0,2540893000.0,,0.0,1170675000.0,449404000.0,721271000.0,939347000.0,244186000.0,695161000.0,10392576602.0,-85165000.0,-386647000.0,-71818000.0,661741000.0,0.0,555508000.0,-730458000.0,-258973000.0,89023000.0,762000.0,72800000.0,72800000.0,72800000.0,0.0,0.0,0.161,193043000.0,120847000.0,61707000.0,0.0,3.832,35.253,35.066,503601000.0,0.0,58.21,6.248,6.254,301954000.0,-1859415000.0,453502000.0,453502000.0,28234000.0,,,,,9936000.0,157226000.0,1.0,178535932.0,178705000,182038000.0,2.538,2443091000.0,40494000.0,46864000.0,28445000.0,13.671,883114000.0
30,AKAM,MRQ,2013-12-31,2013-12-31,2013-12-31,2021-08-07,-2091000.0,2957685000.0,,1029714000.0,1927971000.0,,14.709,-63096000.0,333891000.0,333891000.0,133951000.0,80349000.0,3.913,0.125,0.0,0.0,0.0,0.0,40151000.0,49976000.0,0.0,0.0,0.0,116895000.0,166871000.0,0.383,166871000.0,116895000.0,116895000.0,0.45,0.44,0.45,2629431000.0,,2629431000.0,8209120002.0,20.0,13.592,108636000.0,0.608,1.0,302029000.0,0.693,834797000.0,0.0,1525831000.0,,0.0,913031000.0,340005000.0,573026000.0,328254000.0,263166000.0,65088000.0,8444135002.0,98876000.0,-3237000.0,-38722000.0,0.0,0.0,-46846000.0,-26537000.0,39104000.0,171732000.0,527000.0,80349000.0,80349000.0,80349000.0,0.0,0.0,0.184,186273000.0,115756000.0,73710000.0,0.0,3.211,28.772,28.594,450287000.0,0.0,47.18,5.351,5.328,271988000.0,-1932215000.0,435980000.0,435980000.0,26520000.0,,,,,19024000.0,153907000.0,1.0,178977003.0,178760000,182263000.0,2.439,2122888000.0,24059000.0,36546000.0,4737000.0,11.876,766548000.0
31,AKAM,MRQ,2013-09-30,2013-09-30,2013-09-30,2021-08-07,-5434000.0,2885125000.0,,910642000.0,1974483000.0,,14.268,-60054000.0,235015000.0,235015000.0,132039000.0,79756000.0,3.19,0.134,0.0,0.0,0.0,0.0,39668000.0,47954000.0,0.0,0.0,0.0,100674000.0,148628000.0,0.376,148628000.0,100674000.0,100674000.0,0.45,0.44,0.45,2543130000.0,,2543130000.0,9005947442.0,23.0,15.275,97834000.0,0.549,1.0,263751000.0,0.666,831074000.0,0.0,1533612000.0,,0.0,951504000.0,331300000.0,620204000.0,341995000.0,285424000.0,56571000.0,9210812442.0,30150000.0,-27500000.0,-3469000.0,0.0,0.0,-2373000.0,-126684000.0,-36172000.0,157888000.0,1319000.0,79756000.0,79756000.0,79756000.0,0.0,0.0,0.202,164230000.0,99521000.0,49073000.0,0.0,3.622,32.729,32.516,424605000.0,0.0,51.7,6.06,6.063,256453000.0,-2012564000.0,395790000.0,395790000.0,24857000.0,,,,,15949000.0,134445000.0,1.0,178158848.0,178235000,181922000.0,2.221,2054051000.0,41094000.0,20918000.0,0.0,11.524,625218000.0
32,AKAM,MRQ,2013-06-30,2013-06-30,2013-06-30,2021-08-07,-10955000.0,2725270000.0,,859384000.0,1865886000.0,,13.761,-76354000.0,204865000.0,204865000.0,124705000.0,61895000.0,3.793,0.113,0.0,0.0,0.0,0.0,34914000.0,44126000.0,0.0,0.0,0.0,99321000.0,143447000.0,0.379,143447000.0,99321000.0,99321000.0,0.35,0.34,0.35,2447873000.0,,2447873000.0,7395879445.0,19.0,12.841,64710000.0,0.364,1.0,253401000.0,0.67,797948000.0,0.0,1495883000.0,,0.0,913547000.0,326077000.0,587470000.0,277397000.0,226574000.0,50823000.0,7561154445.0,39590000.0,80000.0,-24607000.0,0.0,0.0,-22914000.0,-75648000.0,988000.0,141064000.0,-2912000.0,61895000.0,61895000.0,61895000.0,0.0,0.0,0.164,155898000.0,97503000.0,50370000.0,0.0,3.089,30.256,30.177,405653000.0,0.0,42.55,5.146,5.151,237286000.0,-2092320000.0,378106000.0,378106000.0,20597000.0,,,,,19298000.0,129176000.0,1.0,177700457.0,177891000,181388000.0,2.125,1927322000.0,34949000.0,37426000.0,0.0,10.834,632810000.0
33,AKAM,MRQ,2013-03-31,2013-03-31,2013-03-31,2021-08-07,-5583000.0,2646667000.0,,831653000.0,1815014000.0,,13.405,-60569000.0,165275000.0,165275000.0,120392000.0,71487000.0,3.925,0.11,0.0,0.0,0.0,0.0,36680000.0,42375000.0,0.0,0.0,0.0,102664000.0,145039000.0,0.394,145039000.0,102664000.0,102664000.0,0.4,0.39,0.4,2384777000.0,,2384777000.0,6080809986.0,17.0,11.008,32655000.0,0.184,1.0,247654000.0,0.673,803764000.0,0.0,1465719000.0,,0.0,917159000.0,347951000.0,569208000.0,261890000.0,211909000.0,49981000.0,6282798986.0,-36714000.0,0.0,-29914000.0,0.0,0.0,-43110000.0,-84239000.0,-23670000.0,93224000.0,-2589000.0,71487000.0,71487000.0,71487000.0,0.0,0.0,0.194,146466000.0,101188000.0,57574000.0,0.0,2.635,27.052,26.962,369555000.0,0.0,35.32,4.417,4.417,232328000.0,-2154215000.0,368046000.0,368046000.0,21905000.0,,,,,18812000.0,118070000.0,1.0,177882191.0,177899000,181562000.0,2.069,1842903000.0,34134000.0,31177000.0,0.0,10.359,619744000.0
34,AKAM,MRQ,2012-12-31,2012-12-31,2012-12-31,2021-08-07,-1640000.0,2600627000.0,,728384000.0,1872243000.0,,13.217,-61940000.0,201989000.0,201989000.0,139494000.0,68292000.0,3.589,0.109,0.0,0.0,0.0,0.0,28856000.0,54960000.0,0.0,0.0,0.0,97528000.0,152488000.0,0.404,152488000.0,97528000.0,97528000.0,0.39,0.37,0.39,2345754000.0,,2345754000.0,7077559580.0,22.0,13.462,90773000.0,0.511,1.0,238378000.0,0.631,808255000.0,0.0,1387439000.0,,0.0,893251000.0,235592000.0,657659000.0,254873000.0,202944000.0,51929000.0,7260209580.0,19339000.0,-30650000.0,-18465000.0,0.0,0.0,-21163000.0,-110883000.0,-18126000.0,152713000.0,-1328000.0,68292000.0,68292000.0,68292000.0,0.0,0.0,0.181,142640000.0,95738000.0,43291000.0,0.0,3.095,35.591,35.574,345091000.0,0.0,40.91,5.284,5.297,218777000.0,-2225702000.0,377872000.0,377872000.0,20371000.0,,,,,15979000.0,116526000.0,1.0,177467846.0,177480000,181782000.0,2.129,1792372000.0,41849000.0,29236000.0,0.0,10.099,525440000.0
35,AKAM,MRQ,2012-09-30,2012-09-30,2012-09-30,2021-08-07,483000.0,2539454000.0,,753689000.0,1785765000.0,,12.735,-60154000.0,182650000.0,182650000.0,134221000.0,48231000.0,3.54,0.124,0.0,0.0,0.0,0.0,30024000.0,53457000.0,0.0,0.0,0.0,81511000.0,134968000.0,0.391,134968000.0,81511000.0,81511000.0,0.27,0.27,0.27,2259938000.0,,2259938000.0,6600750231.0,21.0,13.069,75098000.0,0.423,1.0,211100000.0,0.611,803976000.0,0.0,1339908000.0,,0.0,875684000.0,282579000.0,593105000.0,279516000.0,212920000.0,66596000.0,6783746231.0,-346000.0,-14392000.0,-25332000.0,0.0,0.0,-25162000.0,-112809000.0,-39242000.0,135252000.0,2373000.0,48231000.0,48231000.0,48231000.0,0.0,0.0,0.14,130941000.0,80159000.0,52749000.0,0.0,3.002,34.65,35.101,331218000.0,0.0,38.26,5.14,5.144,236232000.0,-2293994000.0,345321000.0,345321000.0,19351000.0,,,,,20095000.0,106209000.0,1.0,177306488.0,177455000,181053000.0,1.946,1735478000.0,48545000.0,33280000.0,0.0,9.78,540769000.0
36,AKAM,MRQ,2012-06-30,2012-06-30,2012-06-30,2021-08-07,-4108000.0,2445576000.0,,756605000.0,1688971000.0,,12.404,-55537000.0,182996000.0,182996000.0,131260000.0,44239000.0,4.562,0.104,0.0,0.0,0.0,0.0,27914000.0,50112000.0,0.0,0.0,0.0,69768000.0,119880000.0,0.362,119880000.0,69768000.0,69768000.0,0.25,0.24,0.25,2214633000.0,,2214633000.0,5544418006.0,19.0,11.551,94015000.0,0.527,1.0,200046000.0,0.604,793724000.0,0.0,1303004000.0,,0.0,835449000.0,313564000.0,521885000.0,230943000.0,165852000.0,65091000.0,5689142006.0,38272000.0,0.0,-51722000.0,0.0,0.0,-52628000.0,-57211000.0,-1674000.0,149552000.0,-1441000.0,44239000.0,44239000.0,44239000.0,0.0,0.0,0.134,133035000.0,67011000.0,44546000.0,0.0,2.569,29.969,30.238,315866000.0,0.0,31.75,4.528,4.512,206316000.0,-2342225000.0,331306000.0,331306000.0,17542000.0,,,,,23986000.0,110076000.0,1.0,179185575.0,178547000,181817000.0,1.856,1651852000.0,49626000.0,25529000.0,0.0,9.252,590753000.0
37,AKAM,MRQ,2012-03-31,2012-03-31,2012-03-31,2021-08-07,-307000.0,2414118000.0,,679541000.0,1734577000.0,,12.358,-43334000.0,144724000.0,144724000.0,124925000.0,43227000.0,4.575,0.097,0.0,0.0,0.0,0.0,25419000.0,45634000.0,0.0,0.0,0.0,72784000.0,118418000.0,0.371,118418000.0,72784000.0,72784000.0,0.24,0.24,0.24,2201188000.0,,2201188000.0,5966094195.0,20.0,12.49,49169000.0,0.276,1.0,194523000.0,0.609,799147000.0,0.0,1321709000.0,,0.0,833996000.0,259818000.0,574178000.0,212930000.0,148538000.0,64392000.0,6525291195.0,-414473000.0,-291638000.0,-835000.0,0.0,0.0,-9076000.0,-498207000.0,-163235000.0,92503000.0,307000.0,43227000.0,43227000.0,43227000.0,0.0,0.0,0.135,122944000.0,71579000.0,32944000.0,0.0,2.964,33.72,34.623,303518000.0,0.0,36.7,5.429,5.438,215855000.0,-2386464000.0,319448000.0,319448000.0,17480000.0,,,,,7510000.0,100637000.0,1.0,177800850.0,178120000,182342000.0,1.793,1614971000.0,49718000.0,29557000.0,0.0,9.067,531003000.0
38,AKAM,MRQ,2011-12-31,2011-12-31,2011-12-31,2021-08-07,-1259000.0,2345501000.0,,1122020000.0,1223481000.0,,12.052,-39782000.0,559197000.0,559197000.0,181706000.0,60081000.0,7.561,0.088,0.0,0.0,0.0,0.0,23814000.0,43650000.0,0.0,0.0,0.0,88154000.0,131804000.0,0.407,131804000.0,88154000.0,88154000.0,0.33,0.33,0.33,2156250000.0,,2156250000.0,5436439684.0,18.0,11.443,89848000.0,0.502,1.0,142034000.0,0.439,498300000.0,0.0,1139612000.0,,0.0,670758000.0,290029000.0,380729000.0,189251000.0,148392000.0,40859000.0,5792038684.0,203598000.0,0.0,-64335000.0,0.0,0.0,-65385000.0,141169000.0,181446000.0,129630000.0,-1816000.0,60081000.0,60081000.0,60081000.0,0.0,0.0,0.186,62698000.0,79336000.0,38247000.0,0.0,2.686,28.83,29.615,293043000.0,0.0,32.28,4.999,5.123,210936000.0,-2429691000.0,323740000.0,323740000.0,15191000.0,,,,,17177000.0,38463000.0,1.0,179431186.0,178919000,182957000.0,1.809,1847201000.0,49929000.0,28073000.0,0.0,10.324,973628000.0
39,AKAM,MRQ,2011-09-30,2011-09-30,2011-09-30,2021-08-07,-9299000.0,2301957000.0,,924479000.0,1377478000.0,,11.59,-47270000.0,355599000.0,355599000.0,93284000.0,42285000.0,6.657,0.085,0.0,0.0,0.0,0.0,26256000.0,41761000.0,0.0,0.0,0.0,68147000.0,109908000.0,0.39,109908000.0,68147000.0,68147000.0,0.23,0.23,0.23,2122011000.0,,2122011000.0,3459791684.0,12.0,7.578,69019000.0,0.377,1.0,188572000.0,0.669,502616000.0,0.0,1304864000.0,,0.0,835396000.0,331967000.0,503429000.0,179946000.0,138878000.0,41068000.0,3665420684.0,149970000.0,0.0,-153942000.0,0.0,0.0,-155505000.0,192395000.0,239665000.0,116289000.0,-3209000.0,42285000.0,42285000.0,42285000.0,0.0,0.0,0.15,123239000.0,65333000.0,30349000.0,0.0,1.727,18.959,18.933,285476000.0,0.0,19.88,3.274,3.251,182665000.0,-2489772000.0,281856000.0,281856000.0,13542000.0,,,,,14531000.0,105354000.0,1.0,184377298.0,183085000,185704000.0,1.539,1799341000.0,83910000.0,25862000.0,0.0,9.828,785601000.0
40,AKAM,MRQ,2011-06-30,2011-06-30,2011-06-30,2021-08-07,298000.0,2404149000.0,,750953000.0,1653196000.0,,11.941,-42677000.0,205629000.0,205629000.0,89647000.0,47921000.0,5.414,0.079,0.0,0.0,0.0,0.0,25845000.0,41333000.0,0.0,0.0,0.0,76221000.0,117554000.0,0.424,117554000.0,76221000.0,76221000.0,0.26,0.25,0.26,2228315000.0,,2228315000.0,5658495259.0,20.0,12.755,69171000.0,0.371,1.0,187342000.0,0.676,506801000.0,0.0,1553011000.0,,0.0,1079844000.0,291647000.0,788197000.0,175834000.0,138708000.0,37126000.0,5875669259.0,-11545000.0,-375000.0,-40772000.0,0.0,0.0,-42441000.0,-81702000.0,-38650000.0,111848000.0,750000.0,47921000.0,47921000.0,47921000.0,0.0,0.0,0.173,114110000.0,73232000.0,29053000.0,0.0,2.637,30.802,30.26,274377000.0,0.0,31.47,5.385,5.382,178260000.0,-2532057000.0,276989000.0,276989000.0,11006000.0,,,,,9774000.0,98812000.0,1.0,186706999.0,186612000,190179000.0,1.484,1897348000.0,102350000.0,28300000.0,0.0,10.167,612245000.0
41,AKAM,MRQ,2011-03-31,2011-03-31,2011-03-31,2021-08-07,-2458000.0,2374799000.0,,816814000.0,1557985000.0,,11.829,-46210000.0,217174000.0,217174000.0,89068000.0,50617000.0,6.091,0.074,0.0,0.0,0.0,0.0,24389000.0,41134000.0,0.0,0.0,0.0,74673000.0,115807000.0,0.42,115807000.0,74673000.0,74673000.0,0.27,0.26,0.27,2210188000.0,,2210188000.0,6879850302.0,26.0,16.349,42301000.0,0.226,1.0,186885000.0,0.677,511093000.0,0.0,1512437000.0,,0.0,1040063000.0,346395000.0,693668000.0,164611000.0,134095000.0,30516000.0,7111716302.0,-14692000.0,-175000.0,-39719000.0,0.0,0.0,-30707000.0,-74512000.0,-28348000.0,88511000.0,2016000.0,50617000.0,50617000.0,50617000.0,0.0,0.0,0.183,114137000.0,72748000.0,28548000.0,0.0,3.218,39.3,38.0,266968000.0,0.0,38.0,6.712,6.701,169656000.0,-2579978000.0,275953000.0,275953000.0,12594000.0,,,,,6700000.0,97266000.0,1.0,187150429.0,186849000,191383000.0,1.477,1863706000.0,102965000.0,24056000.0,0.0,9.974,682719000.0
42,AKAM,MRQ,2010-12-31,2010-12-31,2010-12-31,2021-08-07,-5741000.0,2352676000.0,,858467000.0,1494209000.0,,11.876,-48576000.0,231866000.0,231866000.0,86277000.0,52510000.0,5.914,0.08,0.0,0.0,0.0,0.0,27450000.0,39129000.0,0.0,0.0,0.0,74133000.0,113262000.0,0.398,113262000.0,74133000.0,73985000.0,0.29,0.27,0.29,2177605000.0,,2177605000.0,8440239866.0,32.0,20.722,61783000.0,0.337,1.0,198411000.0,0.697,515370000.0,148000.0,1460289000.0,,0.0,1011536000.0,375005000.0,636531000.0,175071000.0,145151000.0,29920000.0,8579186865.0,34299000.0,-458000.0,-13469000.0,0.0,0.0,-6875000.0,-68459000.0,-19755000.0,110359000.0,-726000.0,52510000.0,52510000.0,52510000.0,0.0,0.0,0.184,126065000.0,72346000.0,26375000.0,0.0,3.94,50.106,48.505,255929000.0,0.0,47.05,8.382,8.15,175366000.0,-2630595000.0,284688000.0,284688000.0,13775000.0,,,,,11901000.0,108023000.0,1.0,182341910.0,183360000,191838000.0,1.553,1837306000.0,103427000.0,21475000.0,0.0,10.02,713316000.0
43,AKAM,MRQ,2010-09-30,2010-09-30,2010-09-30,2021-08-07,-5389000.0,2262752000.0,,855808000.0,1406944000.0,,11.21,-42044000.0,197567000.0,197567000.0,77812000.0,39709000.0,4.254,0.112,58620000.0,58620000.0,0.0,58620000.0,29807000.0,36479000.0,0.0,0.0,0.0,60534000.0,97013000.0,0.383,97013000.0,60534000.0,60312000.0,0.22,0.21,0.22,2034147000.0,,2034147000.0,9056017280.0,35.0,23.108,75919000.0,0.418,1.0,175739000.0,0.693,519673000.0,222000.0,1402967000.0,,0.0,992638000.0,410029000.0,582609000.0,228605000.0,201165000.0,27440000.0,9112961280.0,77061000.0,-200000.0,-11552000.0,0.0,0.0,-2096000.0,-43192000.0,-948000.0,117963000.0,4386000.0,39709000.0,39709000.0,39709000.0,0.0,0.0,0.157,116697000.0,59042000.0,29649000.0,0.0,4.48,57.39,55.143,239508000.0,0.0,50.18,9.326,9.318,158115000.0,-2683105000.0,253551000.0,253551000.0,14235000.0,,,,,9133000.0,98332000.0,1.0,181605446.0,181457000,191271000.0,1.397,1743079000.0,66627000.0,20603000.0,0.0,9.606,654643000.0
44,AKAM,MRQ,2010-06-30,2010-06-30,2010-06-30,2021-08-07,-13118000.0,2202998000.0,,778167000.0,1424831000.0,,11.384,-66082000.0,120506000.0,120506000.0,71840000.0,38123000.0,3.894,0.117,63562000.0,63562000.0,0.0,63562000.0,34684000.0,34674000.0,0.0,0.0,0.0,60056000.0,94730000.0,0.386,94730000.0,60056000.0,59438000.0,0.22,0.2,0.22,1973088000.0,,1973088000.0,7009358971.0,28.0,18.443,20298000.0,0.117,1.0,173478000.0,0.707,523803000.0,618000.0,1422417000.0,,0.0,991769000.0,383682000.0,608087000.0,229910000.0,199834000.0,30076000.0,6982857971.0,-52718000.0,-12010000.0,-3429000.0,0.0,0.0,6321000.0,-143541000.0,-65449000.0,86380000.0,-1878000.0,38123000.0,38123000.0,38123000.0,0.0,0.0,0.155,116639000.0,56839000.0,33529000.0,0.0,3.539,45.993,46.102,227888000.0,0.0,40.57,7.507,7.559,164574000.0,-2722814000.0,245318000.0,245318000.0,13577000.0,,,,,10526000.0,98910000.0,1.0,172118757.0,173317000,190479000.0,1.415,1679195000.0,89376000.0,21315000.0,0.0,9.689,578333000.0
45,AKAM,MRQ,2010-03-31,2010-03-31,2010-03-31,2021-08-07,-12462000.0,2116683000.0,,854425000.0,1262258000.0,,10.406,-35167000.0,173224000.0,173224000.0,67474000.0,40878000.0,2.763,0.189,199725000.0,199725000.0,0.0,199725000.0,33988000.0,32960000.0,0.0,0.0,0.0,69346000.0,102306000.0,0.426,102306000.0,69346000.0,68637000.0,0.24,0.22,0.24,1780449000.0,,1780449000.0,5425370315.0,22.0,14.516,52586000.0,0.307,1.0,172555000.0,0.719,513512000.0,709000.0,1320413000.0,,0.0,923157000.0,431898000.0,491259000.0,336234000.0,309259000.0,26975000.0,5406920315.0,-8081000.0,0.0,-18199000.0,0.0,0.0,-15026000.0,-80167000.0,-45008000.0,87753000.0,-641000.0,40878000.0,40878000.0,40878000.0,0.0,0.0,0.17,106505000.0,66050000.0,25953000.0,0.0,3.037,36.116,36.115,190211000.0,0.0,31.42,6.079,6.044,148696000.0,-2760937000.0,240029000.0,240029000.0,13179000.0,,,,,15935000.0,89218000.0,1.0,172085306.0,171101000,189013000.0,1.403,1603171000.0,110978000.0,27759000.0,0.0,9.37,545166000.0
46,AKAM,MRQ,2009-12-31,2009-12-31,2009-12-31,2021-08-07,-10682000.0,2087510000.0,,761173000.0,1326337000.0,,10.172,-29183000.0,181305000.0,181305000.0,67580000.0,40080000.0,2.326,0.201,199755000.0,199755000.0,0.0,199755000.0,36861000.0,32573000.0,0.0,0.0,0.0,65278000.0,97851000.0,0.411,97851000.0,65278000.0,64569000.0,0.23,0.21,0.23,1738722000.0,,1738722000.0,4337174288.0,18.0,11.962,95686000.0,0.56,1.0,170725000.0,0.716,517620000.0,709000.0,1261047000.0,,0.0,880179000.0,385436000.0,494743000.0,348788000.0,327293000.0,21495000.0,4340221288.0,-21497000.0,0.0,-6964000.0,0.0,0.0,-6099000.0,-139939000.0,-110756000.0,124869000.0,-328000.0,40080000.0,40080000.0,40080000.0,0.0,0.0,0.168,108503000.0,62222000.0,23997000.0,0.0,2.496,29.745,29.812,182404000.0,0.0,25.34,5.048,5.052,154269000.0,-2801815000.0,238305000.0,238305000.0,12520000.0,,,,,15933000.0,91841000.0,1.0,171279451.0,170936000,188619000.0,1.394,1569890000.0,135668000.0,24489000.0,0.0,9.184,433880000.0
47,AKAM,MRQ,2009-09-30,2009-09-30,2009-09-30,2021-08-07,-9527000.0,2028671000.0,,776572000.0,1252099000.0,,9.893,-31155000.0,202802000.0,202802000.0,61987000.0,32745000.0,7.04,0.194,199755000.0,0.0,199755000.0,199755000.0,33377000.0,31565000.0,0.0,0.0,0.0,53603000.0,85168000.0,0.412,85168000.0,53603000.0,52893000.0,0.19,0.18,0.19,1698446000.0,,1698446000.0,3271626967.0,14.0,9.269,74088000.0,0.432,1.0,144513000.0,0.7,522290000.0,710000.0,1393029000.0,,0.0,770474000.0,379268000.0,391206000.0,330225000.0,110305000.0,219920000.0,3392854967.0,-118281000.0,0.0,-31667000.0,0.0,0.0,-30954000.0,-193334000.0,-162282000.0,105243000.0,764000.0,32745000.0,32745000.0,32745000.0,0.0,0.0,0.159,93768000.0,50745000.0,24142000.0,0.0,1.998,23.181,22.884,179826000.0,0.0,19.68,4.068,4.051,152132000.0,-2841895000.0,206500000.0,206500000.0,10904000.0,,,,,12899000.0,78761000.0,1.0,172401167.0,171686000,188273000.0,1.203,1506381000.0,158788000.0,20148000.0,0.0,8.774,666267000.0
48,AKAM,MRQ,2009-06-30,2009-06-30,2009-06-30,2021-08-07,-12500000.0,1988970000.0,,802266000.0,1186704000.0,,9.741,-24651000.0,321083000.0,321083000.0,60009000.0,36007000.0,8.921,0.183,199855000.0,0.0,199855000.0,199855000.0,31576000.0,29678000.0,0.0,0.0,0.0,58742000.0,88420000.0,0.432,88420000.0,58742000.0,58032000.0,0.21,0.19,0.21,1680891000.0,,1680891000.0,3299400152.0,14.0,9.428,79180000.0,0.459,1.0,144591000.0,0.707,526393000.0,710000.0,1251421000.0,,0.0,605695000.0,298943000.0,306752000.0,308079000.0,89928000.0,218151000.0,3314755152.0,105873000.0,1350000.0,-9906000.0,0.0,0.0,-9573000.0,9823000.0,32994000.0,103831000.0,1792000.0,36007000.0,36007000.0,36007000.0,0.0,0.0,0.176,90197000.0,54394000.0,19279000.0,0.0,1.972,22.552,22.046,174742000.0,0.0,19.18,4.019,4.012,144537000.0,-2874640000.0,204600000.0,204600000.0,9378000.0,,,,,12987000.0,76581000.0,1.0,172823522.0,172561000,189556000.0,1.186,1462577000.0,178291000.0,22025000.0,0.0,8.476,712338000.0
49,AKAM,MRQ,2009-03-31,2009-03-31,2009-03-31,2021-08-07,-19428000.0,1939312000.0,,638496000.0,1300816000.0,,9.567,-23065000.0,215210000.0,215210000.0,60362000.0,37081000.0,7.019,0.189,199855000.0,0.0,199855000.0,199855000.0,29718000.0,28678000.0,0.0,0.0,0.0,62448000.0,91126000.0,0.433,91126000.0,62448000.0,61738000.0,0.22,0.2,0.22,1631342000.0,,1631342000.0,3351350457.0,14.0,9.803,67404000.0,0.395,1.0,150006000.0,0.713,530325000.0,710000.0,1302663000.0,,0.0,633269000.0,238794000.0,394475000.0,307970000.0,90969000.0,217001000.0,3307569457.0,59136000.0,-5779000.0,3764000.0,0.0,0.0,4089000.0,-34048000.0,-5204000.0,90469000.0,-1374000.0,37081000.0,37081000.0,37081000.0,0.0,0.0,0.176,93887000.0,56119000.0,17391000.0,0.0,2.028,22.762,22.299,174651000.0,0.0,19.4,4.062,4.063,149280000.0,-2910647000.0,210368000.0,210368000.0,10856000.0,,,,,14742000.0,78338000.0,1.0,170493271.0,170519000,188183000.0,1.234,1408987000.0,200592000.0,24657000.0,0.0,8.263,547527000.0
50,AKAM,MRQ,2008-12-31,2008-12-31,2008-12-31,2021-08-07,-24350000.0,1880951000.0,,501909000.0,1379042000.0,,9.291,-20430000.0,156074000.0,156074000.0,60688000.0,40533000.0,4.996,0.199,199855000.0,0.0,199855000.0,199855000.0,12757000.0,27452000.0,0.0,0.0,0.0,60794000.0,88246000.0,0.415,88246000.0,60794000.0,60073000.0,0.24,0.23,0.24,1568770000.0,,1568770000.0,2609961316.0,11.0,7.781,72043000.0,0.427,1.0,151866000.0,0.714,534253000.0,721000.0,1290023000.0,,0.0,615553000.0,174557000.0,440996000.0,312181000.0,100456000.0,211725000.0,2552128316.0,14052000.0,-83719000.0,2164000.0,0.0,0.0,2307000.0,-80467000.0,23682000.0,92473000.0,-261000.0,40533000.0,40533000.0,40533000.0,0.0,0.0,0.191,97026000.0,54840000.0,21165000.0,0.0,1.627,17.584,17.345,174483000.0,0.0,15.09,3.227,3.199,139612000.0,-2947728000.0,212554000.0,212554000.0,10477000.0,,,,,15386000.0,80389000.0,1.0,169127125.0,168843000,182215000.0,1.259,1346698000.0,228260000.0,19540000.0,0.0,7.976,401453000.0
51,AKAM,MRQ,2008-09-30,2008-09-30,2008-09-30,2021-08-07,-19094000.0,1800857000.0,,463140000.0,1337717000.0,,8.94,-36426000.0,142022000.0,142022000.0,56659000.0,33360000.0,5.556,0.196,199855000.0,0.0,199855000.0,199855000.0,11901000.0,24570000.0,0.0,0.0,0.0,57602000.0,82172000.0,0.416,82172000.0,57602000.0,56918000.0,0.2,0.18,0.2,1506133000.0,,1506133000.0,2983867221.0,13.0,9.149,56792000.0,0.337,1.0,140688000.0,0.713,438891000.0,684000.0,1336443000.0,,0.0,646679000.0,159393000.0,487286000.0,294724000.0,83356000.0,211368000.0,2949429221.0,-23395000.0,0.0,1670000.0,0.0,0.0,2421000.0,-116881000.0,-80455000.0,93218000.0,-2153000.0,33360000.0,33360000.0,33360000.0,0.0,0.0,0.169,88919000.0,51769000.0,26239000.0,0.0,1.958,20.995,20.518,174469000.0,0.0,17.44,3.873,3.858,126934000.0,-2988261000.0,197347000.0,197347000.0,9943000.0,,,,,13371000.0,75803000.0,1.0,169118648.0,168474000,187769000.0,1.171,1361966000.0,237254000.0,23558000.0,0.0,8.084,379784000.0
52,AKAM,MRQ,2008-06-30,2008-06-30,2008-06-30,2021-08-07,-13146000.0,1755417000.0,,454217000.0,1301200000.0,,8.736,-30303000.0,165417000.0,165417000.0,53688000.0,34334000.0,5.584,0.2,199855000.0,0.0,199855000.0,199855000.0,15738000.0,23411000.0,0.0,0.0,0.0,56899000.0,80310000.0,0.414,80310000.0,56899000.0,56189000.0,0.21,0.19,0.21,1462597000.0,,1462597000.0,5844439898.0,26.0,19.042,39491000.0,0.236,1.0,140316000.0,0.723,442064000.0,710000.0,1266449000.0,,0.0,580225000.0,126280000.0,453945000.0,292820000.0,81342000.0,211478000.0,5853079898.0,-43078000.0,0.0,13623000.0,0.0,0.0,20628000.0,-133231000.0,-102928000.0,69794000.0,-269000.0,34334000.0,34334000.0,34334000.0,0.0,0.0,0.177,88001000.0,52315000.0,25852000.0,0.0,4.002,44.548,43.487,158067000.0,0.0,34.79,8.068,8.028,125765000.0,-3021621000.0,194004000.0,194004000.0,9519000.0,,,,,9992000.0,74991000.0,1.0,168240296.0,167417000,187641000.0,1.159,1313353000.0,247768000.0,21855000.0,0.0,7.845,372875000.0
53,AKAM,MRQ,2008-03-31,2008-03-31,2008-03-31,2021-08-07,-11267000.0,1699177000.0,,474927000.0,1224250000.0,,8.421,-28145000.0,208495000.0,208495000.0,51575000.0,36911000.0,5.291,0.216,199855000.0,0.0,199855000.0,199855000.0,17151000.0,22647000.0,0.0,0.0,0.0,62065000.0,84712000.0,0.453,84712000.0,62065000.0,61355000.0,0.22,0.2,0.22,1397619000.0,,1397619000.0,4761133808.0,24.0,16.968,59864000.0,0.361,1.0,135444000.0,0.724,445555000.0,710000.0,1155216000.0,,0.0,478599000.0,113771000.0,364828000.0,301558000.0,89766000.0,211792000.0,4706356808.0,63417000.0,0.0,4509000.0,0.0,0.0,7786000.0,-33861000.0,-5716000.0,88009000.0,1483000.0,36911000.0,36911000.0,36911000.0,0.0,0.0,0.197,82104000.0,53340000.0,23153000.0,0.0,3.367,39.65,39.111,145962000.0,0.0,28.16,6.879,6.831,122708000.0,-3055955000.0,187019000.0,187019000.0,9304000.0,,,,,7974000.0,69210000.0,1.0,167129148.0,165959000,185744000.0,1.127,1253622000.0,268525000.0,24444000.0,0.0,7.554,385161000.0
54,AKAM,MRQ,2007-12-31,2007-12-31,2007-12-31,2021-08-07,3053000.0,1656047000.0,,695042000.0,961005000.0,,8.491,-15910000.0,145078000.0,145078000.0,49394000.0,35878000.0,7.865,0.219,199855000.0,0.0,199855000.0,199855000.0,14448000.0,20226000.0,0.0,0.0,0.0,58712000.0,78938000.0,0.431,78938000.0,58712000.0,57940000.0,0.22,0.2,0.22,1358552000.0,,1358552000.0,5796351073.0,34.0,23.835,55609000.0,0.348,1.0,133844000.0,0.73,449137000.0,772000.0,1173312000.0,,0.0,488430000.0,401091000.0,87339000.0,297495000.0,88375000.0,209120000.0,5749300073.0,-7726000.0,0.0,9035000.0,0.0,0.0,11586000.0,-91345000.0,-75435000.0,71519000.0,514000.0,35878000.0,35878000.0,35878000.0,0.0,0.0,0.196,82798000.0,51046000.0,18540000.0,0.0,4.232,56.942,55.806,134546000.0,0.0,34.6,9.034,8.86,118944000.0,-3092866000.0,183238000.0,183238000.0,10466000.0,,,,,13057000.0,69497000.0,1.0,166164742.0,159995000,184740000.0,1.145,1206910000.0,291610000.0,22062000.0,0.0,7.543,606667000.0
55,AKAM,MRQ,2007-09-30,2007-09-30,2007-09-30,2021-08-07,2840000.0,1574620000.0,,570670000.0,1003950000.0,,7.686,-23317000.0,152804000.0,152804000.0,43811000.0,24264000.0,6.04,0.238,199855000.0,0.0,199855000.0,199855000.0,13100000.0,19242000.0,0.0,0.0,0.0,43727000.0,62969000.0,0.391,62969000.0,43727000.0,42956000.0,0.15,0.13,0.15,1271797000.0,,1271797000.0,4857552424.0,34.0,23.337,53470000.0,0.323,1.0,117429000.0,0.728,458243000.0,771000.0,1068945000.0,,0.0,413132000.0,284057000.0,129075000.0,302823000.0,94483000.0,208340000.0,4757754424.0,52642000.0,0.0,4835000.0,0.0,0.0,7173000.0,-31975000.0,-9381000.0,76787000.0,657000.0,24264000.0,24264000.0,24264000.0,0.0,0.0,0.15,81658000.0,35771000.0,27464000.0,0.0,3.741,55.509,54.208,134185000.0,0.0,28.73,8.219,8.213,108205000.0,-3128744000.0,161240000.0,161240000.0,11408000.0,,,,,14571000.0,67415000.0,1.0,165602312.0,165474000,185106000.0,0.974,1116377000.0,277750000.0,18692000.0,0.0,6.747,476187000.0
56,AKAM,MRQ,2007-06-30,2007-06-30,2007-06-30,2021-08-07,1454000.0,1519975000.0,,479626000.0,1040349000.0,,7.466,-29692000.0,100162000.0,100162000.0,39759000.0,21646000.0,5.784,0.235,199960000.0,0.0,199960000.0,199960000.0,11716000.0,17578000.0,0.0,0.0,0.0,36403000.0,53981000.0,0.354,53981000.0,36403000.0,35631000.0,0.13,0.12,0.13,1230301000.0,,1230301000.0,8097536402.0,64.0,44.53,6083000.0,0.037,1.0,112895000.0,0.74,468077000.0,772000.0,1068769000.0,,0.0,403764000.0,256321000.0,147443000.0,289674000.0,82927000.0,206747000.0,8021821402.0,-24083000.0,2440000.0,11059000.0,-23000.0,0.0,15654000.0,-75669000.0,-48417000.0,35775000.0,157000.0,21646000.0,21646000.0,21646000.0,0.0,0.0,0.142,81935000.0,30960000.0,26349000.0,0.0,6.52,106.296,103.489,125777000.0,0.0,48.64,15.161,15.149,99157000.0,-3153008000.0,152654000.0,152654000.0,11663000.0,,,,,12590000.0,67518000.0,1.0,164922315.0,164798000,185601000.0,0.926,1051898000.0,294134000.0,13985000.0,0.0,6.383,396699000.0
57,AKAM,MRQ,2007-03-31,2007-03-31,2007-03-31,2021-08-07,1846000.0,1466637000.0,,452845000.0,1013792000.0,,7.188,-31543000.0,124245000.0,124245000.0,34480000.0,19179000.0,4.566,0.263,199960000.0,0.0,199960000.0,199960000.0,12746000.0,14849000.0,0.0,0.0,0.0,32450000.0,47299000.0,0.34,47299000.0,32450000.0,31678000.0,0.12,0.11,0.12,1161318000.0,,1161318000.0,8158266359.0,72.0,51.21,21330000.0,0.132,1.0,104794000.0,0.752,453794000.0,772000.0,989378000.0,,0.0,355786000.0,217947000.0,137839000.0,305319000.0,99180000.0,206139000.0,8038861359.0,43650000.0,5435000.0,6692000.0,0.0,0.0,18047000.0,-27718000.0,-1610000.0,52873000.0,448000.0,19179000.0,19179000.0,19179000.0,0.0,0.0,0.138,77643000.0,27151000.0,35399000.0,0.0,6.922,123.513,121.756,109547000.0,0.0,49.92,16.849,16.905,86873000.0,-3174654000.0,139274000.0,139274000.0,10604000.0,,,,,5475000.0,64227000.0,1.0,161034883.0,161569000,183157000.0,0.862,1012843000.0,307712000.0,12499000.0,0.0,6.269,353665000.0
58,AKAM,MRQ,2006-12-31,2006-12-31,2006-12-31,2021-08-07,1296000.0,1247932000.0,,374673000.0,873259000.0,,6.073,-22476000.0,80595000.0,80595000.0,28605000.0,20623000.0,4.197,0.307,200000000.0,0.0,200000000.0,200000000.0,7525000.0,11803000.0,0.0,0.0,0.0,32100000.0,43903000.0,0.349,43903000.0,32100000.0,31330000.0,0.13,0.12,0.13,954693000.0,,954693000.0,8410365826.0,83.0,59.134,850000.0,0.005,1.0,97098000.0,0.772,298263000.0,770000.0,979810000.0,,0.0,353859000.0,189246000.0,164613000.0,293239000.0,89264000.0,203975000.0,8309488826.0,-18528000.0,-5127000.0,9267000.0,0.0,0.0,22177000.0,-64692000.0,-37089000.0,23326000.0,661000.0,20623000.0,20623000.0,20623000.0,0.0,0.0,0.164,70695000.0,26403000.0,22630000.0,0.0,8.704,144.762,143.568,86623000.0,0.0,53.12,19.384,19.253,86232000.0,-3193833000.0,125703000.0,125703000.0,9141000.0,,,,,1870000.0,59507000.0,1.0,156428630.0,157205000,175198000.0,0.8,949669000.0,324852000.0,10707000.0,0.0,6.041,285409000.0
59,AKAM,MRQ,2006-09-30,2006-09-30,2006-09-30,2021-08-07,1112000.0,1027695000.0,,359468000.0,668227000.0,,4.762,-16451000.0,99123000.0,99123000.0,24984000.0,14019000.0,4.404,0.386,200000000.0,0.0,200000000.0,200000000.0,7049000.0,10522000.0,0.0,0.0,0.0,26139000.0,36661000.0,0.329,36661000.0,26139000.0,25283000.0,0.09,0.08,0.09,741695000.0,,741695000.0,7906866065.0,85.0,61.014,32039000.0,0.206,1.0,86511000.0,0.776,129007000.0,856000.0,917946000.0,,0.0,316959000.0,178584000.0,138375000.0,286000000.0,81619000.0,204381000.0,7780368065.0,25621000.0,0.0,7186000.0,0.0,0.0,15921000.0,-38728000.0,-22277000.0,48490000.0,-62000.0,14019000.0,14019000.0,14019000.0,0.0,0.0,0.126,64750000.0,21761000.0,19926000.0,0.0,10.49,124.412,142.829,71923000.0,0.0,49.99,20.176,20.189,67375000.0,-3214456000.0,111495000.0,111495000.0,8862000.0,,,,,5779000.0,53945000.0,1.0,155638489.0,155739000,177063000.0,0.716,898688000.0,324353000.0,11264000.0,0.0,5.77,277849000.0
60,AKAM,MRQ,2006-06-30,2006-06-30,2006-06-30,2021-08-07,620000.0,969477000.0,,337089000.0,632388000.0,,4.487,-14227000.0,73502000.0,73502000.0,21195000.0,11264000.0,4.764,0.397,200000000.0,0.0,200000000.0,200000000.0,8079000.0,9567000.0,0.0,0.0,0.0,21879000.0,31446000.0,0.312,31446000.0,21879000.0,21106000.0,0.07,0.07,0.07,694106000.0,,694106000.0,5726803000.0,67.0,48.279,13519000.0,0.087,1.0,79454000.0,0.789,132074000.0,773000.0,893144000.0,,0.0,293980000.0,185759000.0,108221000.0,275371000.0,70757000.0,204614000.0,5591825000.0,8480000.0,0.0,6822000.0,0.0,0.0,12289000.0,-32185000.0,-17958000.0,27746000.0,630000.0,11264000.0,11264000.0,11264000.0,0.0,0.0,0.112,62161000.0,17293000.0,17081000.0,0.0,8.056,17.432,16.302,63243000.0,0.0,36.19,15.984,16.003,63963000.0,-3228475000.0,100649000.0,100649000.0,8373000.0,,,,,7708000.0,51590000.0,1.0,154512987.0,154702000,175612000.0,0.651,837403000.0,324064000.0,9842000.0,0.0,5.413,266332000.0
61,AKAM,MRQ,2006-03-31,2006-03-31,2006-03-31,2021-08-07,524000.0,931266000.0,,354193000.0,577073000.0,,4.258,-16174000.0,65022000.0,65022000.0,19316000.0,11495000.0,4.943,0.422,200000000.0,0.0,200000000.0,200000000.0,8820000.0,8693000.0,0.0,0.0,0.0,21522000.0,30215000.0,0.333,30215000.0,21522000.0,20750000.0,0.07,0.07,0.07,655006000.0,,655006000.0,5173684651.0,64.0,47.026,16987000.0,0.11,1.0,71509000.0,0.787,134318000.0,772000.0,860271000.0,,0.0,276401000.0,219923000.0,56478000.0,276260000.0,71655000.0,204605000.0,5065476651.0,-26770000.0,0.0,4643000.0,0.0,0.0,10042000.0,-70013000.0,-54239000.0,33161000.0,40000.0,11495000.0,11495000.0,11495000.0,0.0,0.0,0.127,53860000.0,17649000.0,18411000.0,0.0,7.733,15.566,14.489,54939000.0,0.0,32.89,16.14,16.12,55798000.0,-3239740000.0,90825000.0,90825000.0,6726000.0,,,,,1688000.0,44838000.0,1.0,154012668.0,153819000,173811000.0,0.59,796948000.0,326609000.0,9255000.0,0.0,5.181,282538000.0
62,AKAM,MRQ,2005-12-31,2005-12-31,2005-12-31,2021-08-07,471000.0,891499000.0,,354998000.0,536501000.0,,4.209,-8105000.0,91792000.0,91792000.0,16084000.0,25759000.0,5.737,0.428,200000000.0,0.0,200000000.0,200000000.0,5656000.0,7954000.0,0.0,0.0,0.0,23314000.0,31268000.0,0.378,31268000.0,23314000.0,22552000.0,0.12,0.11,0.12,624214000.0,,624214000.0,3195394379.0,42.0,31.99,19568000.0,0.132,1.0,66573000.0,0.805,136786000.0,762000.0,801045000.0,,0.0,222337000.0,200616000.0,21721000.0,267285000.0,61876000.0,205409000.0,3029058379.0,57708000.0,0.0,208809000.0,-420000.0,0.0,208389000.0,-177985000.0,-169880000.0,27673000.0,-369000.0,25759000.0,25759000.0,25759000.0,0.0,0.0,0.312,45509000.0,21064000.0,16022000.0,0.0,4.853,9.235,8.27,44885000.0,0.0,19.93,10.699,9.586,52162000.0,-3251234000.0,82657000.0,82657000.0,4982000.0,,,,,1582000.0,38231000.0,1.0,151984866.0,148293000,170768000.0,0.557,754713000.0,332274000.0,-3207000.0,0.0,5.089,293122000.0
63,AKAM,MRQ,2005-09-30,2005-09-30,2005-09-30,2021-08-07,594000.0,647039000.0,,120129000.0,526910000.0,,2.713,-8531000.0,34084000.0,34084000.0,15295000.0,272260000.0,2.075,0.714,200420000.0,420000.0,200000000.0,200420000.0,4709000.0,7537000.0,0.0,0.0,0.0,18154000.0,25691000.0,0.339,25691000.0,18154000.0,16771000.0,1.96,1.71,1.96,377592000.0,,377592000.0,2425720389.0,36.0,27.606,10968000.0,0.079,1.0,60418000.0,0.798,139503000.0,1383000.0,615973000.0,,0.0,52419000.0,32962000.0,19457000.0,269447000.0,57899000.0,211548000.0,2219544389.0,-16944000.0,0.0,1933000.0,-56785000.0,0.0,-54852000.0,18668000.0,26997000.0,19499000.0,-259000.0,272260000.0,272260000.0,272260000.0,0.0,0.0,3.596,41620000.0,18798000.0,12863000.0,0.0,5.878,7.032,6.935,42529000.0,0.0,15.95,8.602,8.605,43935000.0,-3276993000.0,75713000.0,75713000.0,4953000.0,,,,,1383000.0,34371000.0,1.0,139156388.0,139204000,160362000.0,0.544,507536000.0,320413000.0,-255489000.0,0.0,3.646,62230000.0
64,AKAM,MRQ,2005-06-30,2005-06-30,2005-06-30,2021-08-07,785000.0,364731000.0,,152956000.0,211775000.0,,0.314,-9805000.0,51028000.0,51028000.0,12752000.0,15900000.0,2.504,7.914,257204000.0,590000.0,256614000.0,257204000.0,3408000.0,4796000.0,0.0,0.0,0.0,18047000.0,22843000.0,0.353,22843000.0,18047000.0,16473000.0,0.12,0.11,0.12,40917000.0,,40917000.0,1893213637.0,30.0,23.755,7119000.0,0.055,1.0,51897000.0,0.803,140023000.0,1574000.0,369797000.0,,0.0,79688000.0,52865000.0,26823000.0,323814000.0,61087000.0,262727000.0,1676382637.0,11147000.0,1717000.0,4145000.0,-93000.0,0.0,4052000.0,-9398000.0,-1310000.0,16924000.0,-431000.0,15900000.0,15900000.0,15900000.0,0.0,0.0,0.246,34731000.0,17166000.0,18116000.0,0.0,40.97,30.692,30.535,39308000.0,0.0,13.13,7.115,7.251,40366000.0,-3549253000.0,64649000.0,64649000.0,4507000.0,,,,,657000.0,29704000.0,1.0,127675753.0,130119000,149986000.0,0.497,224708000.0,0.0,573000.0,0.0,1.727,91869000.0
65,AKAM,MRQ,2005-03-31,2005-03-31,2005-03-31,2021-08-07,869000.0,201610000.0,,125037000.0,76573000.0,,-0.87,-9719000.0,39881000.0,39881000.0,11524000.0,14079000.0,2.481,-2.824,256712000.0,98000.0,256614000.0,256712000.0,2816000.0,3866000.0,0.0,0.0,0.0,16219000.0,20085000.0,0.334,20085000.0,16219000.0,14608000.0,0.11,0.1,0.11,-110503000.0,,-110503000.0,1841109850.0,34.0,25.936,8983000.0,0.071,1.0,48572000.0,0.808,5116000.0,1611000.0,362926000.0,,0.0,78140000.0,44534000.0,33606000.0,312113000.0,50399000.0,261714000.0,1619581850.0,4563000.0,0.0,1643000.0,-134000.0,0.0,1509000.0,-15060000.0,-5341000.0,18702000.0,-588000.0,14079000.0,14079000.0,14079000.0,0.0,0.0,0.234,32225000.0,16347000.0,13202000.0,0.0,-14.656,35.578,34.405,31007000.0,0.0,12.73,7.304,7.294,34285000.0,-3565153000.0,60096000.0,60096000.0,3629000.0,,,,,227000.0,28584000.0,1.0,127225597.0,127051000,147282000.0,0.473,196494000.0,0.0,529000.0,0.0,1.547,74638000.0
66,AKAM,MRQ,2004-12-31,2004-12-31,2004-12-31,2021-08-07,1392000.0,182743000.0,,108669000.0,74074000.0,,-0.997,-7138000.0,35318000.0,35318000.0,11173000.0,13391000.0,2.324,-2.451,256846000.0,232000.0,256614000.0,256846000.0,2695000.0,3751000.0,0.0,0.0,0.0,15500000.0,19251000.0,0.334,19251000.0,15500000.0,13578000.0,0.11,0.09,0.11,-125931000.0,,-125931000.0,1879246576.0,41.0,29.29,8437000.0,0.067,1.0,46403000.0,0.806,5128000.0,1922000.0,352377000.0,,0.0,73099000.0,35312000.0,37787000.0,308674000.0,46766000.0,261908000.0,1643328576.0,-10903000.0,0.0,3864000.0,-25016000.0,0.0,-21152000.0,-6912000.0,226000.0,15575000.0,1586000.0,13391000.0,13391000.0,13391000.0,0.0,0.0,0.233,31836000.0,14567000.0,10349000.0,0.0,-13.049,47.821,46.536,25242000.0,0.0,13.03,7.825,7.719,30333000.0,-3579232000.0,57576000.0,57576000.0,3344000.0,,,,,236000.0,28480000.0,1.0,126118847.0,126261000,146595000.0,0.456,177615000.0,0.0,187000.0,0.0,1.407,61903000.0
67,AKAM,MRQ,2004-09-30,2004-09-30,2004-09-30,2021-08-07,1202000.0,188987000.0,,108286000.0,80701000.0,,-1.143,-5346000.0,45943000.0,45943000.0,11748000.0,11249000.0,2.371,-2.316,281861000.0,372000.0,281489000.0,281861000.0,1844000.0,4158000.0,0.0,0.0,0.0,13360000.0,17518000.0,0.329,17518000.0,13360000.0,11320000.0,0.09,0.08,0.09,-143611000.0,,-143611000.0,2016835944.0,62.0,36.887,9202000.0,0.073,1.0,41538000.0,0.78,5140000.0,2040000.0,374097000.0,,0.0,73853000.0,26629000.0,47224000.0,332598000.0,45668000.0,286930000.0,1765803944.0,761000.0,0.0,1095000.0,-13252000.0,0.0,-12157000.0,-1987000.0,3263000.0,14548000.0,357000.0,11249000.0,11249000.0,11249000.0,0.0,0.0,0.211,28073000.0,13465000.0,9517000.0,0.0,-12.296,93.458,93.667,21811000.0,0.0,14.05,8.936,8.931,28525000.0,-3592623000.0,53286000.0,53286000.0,3222000.0,,,,,249000.0,24839000.0,1.0,125679996.0,125618000,147294000.0,0.424,183847000.0,0.0,71000.0,0.0,1.464,62618000.0
68,AKAM,MRQ,2004-06-30,2004-06-30,2004-06-30,2021-08-07,704000.0,190422000.0,,102987000.0,87435000.0,,-1.267,-4575000.0,44082000.0,44082000.0,11083000.0,6803000.0,2.167,-2.215,295114000.0,510000.0,294604000.0,295114000.0,3873000.0,4404000.0,0.0,0.0,0.0,9728000.0,14132000.0,0.278,14132000.0,9728000.0,7233000.0,0.06,0.05,0.06,-156702000.0,,-156702000.0,2437791807.0,121.0,49.564,7903000.0,0.064,1.0,39703000.0,0.782,5152000.0,2495000.0,388782000.0,,0.0,78044000.0,23371000.0,54673000.0,347124000.0,47520000.0,299604000.0,2206873807.0,-84021000.0,0.0,6617000.0,-68657000.0,0.0,-62040000.0,-34292000.0,-29717000.0,12478000.0,-167000.0,6803000.0,6803000.0,6803000.0,0.0,0.0,0.134,27076000.0,12627000.0,13840000.0,0.0,-14.083,590.705,598.333,20596000.0,0.0,17.95,11.859,11.927,26151000.0,-3603872000.0,50786000.0,50786000.0,2872000.0,,,,,274000.0,24192000.0,1.0,122945616.0,123645000,146408000.0,0.411,185270000.0,0.0,430000.0,0.0,1.498,55467000.0
69,AKAM,MRQ,2004-03-31,2004-03-31,2004-03-31,2021-08-07,1363000.0,245163000.0,,174057000.0,71106000.0,,-1.39,-3033000.0,132853000.0,132853000.0,12146000.0,2921000.0,3.756,-2.444,363771000.0,500000.0,363271000.0,363771000.0,4299000.0,6497000.0,0.0,0.0,0.0,6761000.0,13258000.0,0.274,13258000.0,6761000.0,3005000.0,0.02,0.02,0.02,-169735000.0,,-169735000.0,1848104704.0,4379.0,47.538,5603000.0,0.046,1.0,36221000.0,0.749,5164000.0,3756000.0,424571000.0,,0.0,44195000.0,7493000.0,36702000.0,414898000.0,46346000.0,368552000.0,1611403704.0,23829000.0,0.0,2178000.0,-38691000.0,0.0,-36513000.0,52274000.0,50307000.0,8636000.0,-568000.0,2921000.0,2921000.0,2921000.0,0.0,0.0,0.06,27913000.0,8308000.0,12837000.0,0.0,-9.494,-90.973,-82.125,20879000.0,0.0,13.14,9.311,9.271,24505000.0,-3610675000.0,48367000.0,48367000.0,2694000.0,,,,,533000.0,25207000.0,1.0,122633463.0,122104000,133825000.0,0.396,239999000.0,0.0,84000.0,0.0,1.966,127711000.0
70,AKAM,MRQ,2003-12-31,2003-12-31,2003-12-31,2021-08-07,1379000.0,278941000.0,,202416000.0,76525000.0,,-1.459,-2712000.0,110652000.0,110652000.0,13055000.0,-2079000.0,3.23,-2.591,401775000.0,15775000.0,386000000.0,401775000.0,3016000.0,6915000.0,0.0,0.0,0.0,2853000.0,9768000.0,0.216,9768000.0,2853000.0,-1728000.0,-0.02,-0.02,-0.02,-175354000.0,,-175354000.0,1511370445.0,-146.0,38.339,5025000.0,0.042,1.0,32114000.0,0.711,5176000.0,4581000.0,502228000.0,,0.0,97703000.0,59332000.0,38371000.0,454295000.0,62660000.0,391635000.0,1294354445.0,84528000.0,0.0,6689000.0,95663000.0,0.0,102883000.0,-27611000.0,-19899000.0,7737000.0,1519000.0,-2079000.0,-2079000.0,-2079000.0,0.0,0.0,-0.046,27690000.0,4424000.0,6711000.0,0.0,-7.381,-44.205,-43.04,23878000.0,0.0,10.76,8.027,7.879,20727000.0,-3613596000.0,45169000.0,45169000.0,2909000.0,,,,,1518000.0,24769000.0,1.0,120293164.0,120196000,120196000.0,0.376,273765000.0,0.0,351000.0,0.0,2.278,139756000.0
71,AKAM,MRQ,2003-09-30,2003-09-30,2003-09-30,2021-08-07,811000.0,170407000.0,,117338000.0,53069000.0,,-1.539,-2082000.0,83896000.0,83896000.0,14207000.0,-3909000.0,2.476,-1.933,300912000.0,912000.0,300000000.0,300912000.0,2953000.0,11298000.0,0.0,0.0,0.0,729000.0,12027000.0,0.288,12027000.0,729000.0,-3827000.0,-0.03,-0.03,-0.03,-182575000.0,,-182575000.0,722941407.0,-12.0,-155.271,-988000.0,-0.008,1.0,27560000.0,0.66,5188000.0,4556000.0,334849000.0,,0.0,15069000.0,2127000.0,12942000.0,352982000.0,47386000.0,305596000.0,512606407.0,-6823000.0,0.0,161000.0,-142000.0,0.0,1789000.0,-10271000.0,-8189000.0,1094000.0,565000.0,-3909000.0,-3909000.0,-3909000.0,0.0,0.0,-0.094,28712000.0,-1152000.0,13334000.0,0.0,-2.808,-6.19,-6.042,29287000.0,0.0,4.29,3.385,3.36,25349000.0,-3611517000.0,41767000.0,41767000.0,3595000.0,,,,,2056000.0,25105000.0,1.0,119488673.0,118596000,118596000.0,0.352,165219000.0,0.0,82000.0,0.0,1.393,69952000.0
72,AKAM,MRQ,2003-06-30,2003-06-30,2003-06-30,2021-08-07,939000.0,177021000.0,,123615000.0,53406000.0,,-1.543,-1815000.0,90719000.0,90719000.0,15832000.0,-14646000.0,2.375,-1.979,301054000.0,1054000.0,300000000.0,301054000.0,2424000.0,13744000.0,0.0,0.0,0.0,-9921000.0,3823000.0,0.101,3823000.0,-9921000.0,-14523000.0,-0.13,-0.13,-0.13,-180748000.0,,-180748000.0,768557880.0,-7.0,-21.921,-15646000.0,-0.134,1.0,21927000.0,0.581,5200000.0,4602000.0,330111000.0,,0.0,5626000.0,1608000.0,4018000.0,357769000.0,52045000.0,305724000.0,565283880.0,-7913000.0,0.0,1571000.0,-852000.0,0.0,719000.0,4373000.0,6188000.0,-13831000.0,826000.0,-14646000.0,-14646000.0,-14646000.0,0.0,0.0,-0.388,32274000.0,-10347000.0,13630000.0,0.0,-3.127,-4.471,-4.345,38143000.0,0.0,4.78,3.897,3.859,22004000.0,-3607608000.0,37759000.0,37759000.0,2995000.0,,,,,3268000.0,27968000.0,1.0,118260226.0,117109000,117109000.0,0.322,171821000.0,0.0,123000.0,0.0,1.467,71570000.0
73,AKAM,MRQ,2003-03-31,2003-03-31,2003-03-31,2021-08-07,63000.0,199524000.0,,134730000.0,64794000.0,,-1.491,-2158000.0,98632000.0,98632000.0,17885000.0,-8647000.0,2.036,-2.15,301906000.0,1896000.0,300010000.0,301906000.0,2590000.0,17792000.0,0.0,0.0,0.0,-3989000.0,13803000.0,0.378,13803000.0,-3989000.0,-8574000.0,-0.07,-0.07,-0.07,-173553000.0,,-173553000.0,357241328.0,-3.0,-6.76,-15159000.0,-0.13,1.0,18679000.0,0.511,5212000.0,4585000.0,331417000.0,,0.0,11310000.0,8099000.0,3211000.0,373077000.0,66169000.0,306908000.0,166290328.0,-12630000.0,0.0,164000.0,-307000.0,0.0,-143000.0,411000.0,2569000.0,-13001000.0,103000.0,-8647000.0,-8647000.0,-8647000.0,0.0,0.0,-0.236,23010000.0,-4331000.0,15215000.0,0.0,-0.958,-1.08,-1.044,49965000.0,0.0,1.41,1.158,1.143,21066000.0,-3592962000.0,36564000.0,36564000.0,3472000.0,,,,,2971000.0,27160000.0,1.0,117936403.0,116398000,116398000.0,0.314,194312000.0,0.0,73000.0,0.0,1.669,68561000.0
74,AKAM,MRQ,2002-12-31,2002-12-31,2002-12-31,2021-08-07,-18000.0,229863000.0,,141683000.0,88180000.0,,-1.463,-856000.0,111262000.0,111262000.0,17272000.0,-55604000.0,1.747,-2.367,302213000.0,1207000.0,301006000.0,302213000.0,2361000.0,14072000.0,0.0,0.0,0.0,-48381000.0,-34309000.0,-0.97,-34309000.0,-48381000.0,-55481000.0,-0.48,-0.48,-0.48,-168090000.0,,-168090000.0,380821984.0,-2.0,-4.001,-11232000.0,-0.098,1.0,18080000.0,0.511,7410000.0,7100000.0,332305000.0,,0.0,13908000.0,3664000.0,10244000.0,397953000.0,81099000.0,316854000.0,201813984.0,-70282000.0,-6500000.0,1131000.0,-296000.0,0.0,835000.0,-61016000.0,-53660000.0,-10376000.0,275000.0,-55604000.0,-55604000.0,-55604000.0,0.0,0.0,-1.573,69875000.0,-51795000.0,16847000.0,0.0,-1.201,-0.987,-0.956,63159000.0,0.0,1.73,1.392,1.346,17574000.0,-3584315000.0,35352000.0,35352000.0,4037000.0,,,,,5562000.0,36932000.0,1.0,116655482.0,114866000,114866000.0,0.308,222453000.0,0.0,123000.0,0.0,1.937,60584000.0
75,AKAM,MRQ,2002-09-30,2002-09-30,2002-09-30,2021-08-07,-7000.0,266384000.0,,162375000.0,104009000.0,,-0.987,-6771000.0,123494000.0,123494000.0,21609000.0,-47533000.0,2.249,-3.361,302502000.0,1199000.0,301303000.0,302502000.0,3079000.0,25083000.0,0.0,0.0,0.0,-43460000.0,-18377000.0,-0.519,-18377000.0,-43460000.0,-47410000.0,-0.42,-0.42,-0.42,-112811000.0,,-112811000.0,311365204.0,-2.0,-0.155,-18172000.0,-0.159,1.0,13766000.0,0.389,9641000.0,3950000.0,363548000.0,,0.0,18488000.0,13416000.0,5072000.0,379195000.0,72203000.0,306992000.0,96624204.0,35353000.0,0.0,53000.0,-498000.0,0.0,-445000.0,46703000.0,53474000.0,-11401000.0,496000.0,-47533000.0,-47533000.0,-47533000.0,0.0,0.0,-1.344,55915000.0,-42149000.0,25406000.0,0.0,-0.857,-0.452,-0.525,81273000.0,0.0,0.83,0.658,0.646,16059000.0,-3528711000.0,35375000.0,35375000.0,6132000.0,,,,,4616000.0,41414000.0,1.0,116414704.0,114251000,114251000.0,0.31,256743000.0,0.0,123000.0,0.0,2.247,90172000.0
76,AKAM,MRQ,2002-06-30,2002-06-30,2002-06-30,2021-08-07,-466000.0,312202000.0,,181106000.0,131096000.0,,-0.63,-3633000.0,88141000.0,88141000.0,22966000.0,-42242000.0,2.439,-5.416,302882000.0,1313000.0,301569000.0,302882000.0,4181000.0,24425000.0,0.0,0.0,0.0,-38386000.0,-13961000.0,-0.384,-13961000.0,-38386000.0,-42119000.0,-0.38,-0.38,-0.38,-70690000.0,,-70690000.0,387246226.0,-2.0,-0.193,-11644000.0,-0.104,1.0,13356000.0,0.368,11872000.0,3733000.0,440809000.0,,0.0,72101000.0,62788000.0,9313000.0,382892000.0,74262000.0,308630000.0,150804226.0,24332000.0,0.0,1220000.0,-584000.0,0.0,636000.0,31481000.0,35114000.0,-8011000.0,226000.0,-42242000.0,-42242000.0,-42242000.0,0.0,0.0,-1.163,50983000.0,-37627000.0,22175000.0,0.0,-2.133,-0.681,-0.769,97458000.0,0.0,1.3,0.979,0.947,17032000.0,-3481178000.0,36322000.0,36322000.0,5209000.0,,,,,4646000.0,42941000.0,1.0,116003251.0,112253000,112253000.0,0.324,300330000.0,0.0,123000.0,0.0,2.675,106844000.0
77,AKAM,MRQ,2002-03-31,2002-03-31,2002-03-31,2021-08-07,-794000.0,350805000.0,,197959000.0,152846000.0,,-0.318,-2600000.0,63809000.0,63809000.0,23311000.0,-59058000.0,2.522,-11.057,300251000.0,172000.0,300079000.0,300251000.0,5335000.0,26838000.0,0.0,0.0,0.0,-55361000.0,-28523000.0,-0.752,-28523000.0,-55361000.0,-58935000.0,-0.54,-0.54,-0.54,-34881000.0,,-34881000.0,686848316.0,-3.0,-0.333,-38569000.0,-0.352,1.0,14616000.0,0.385,14104000.0,3574000.0,494657000.0,,0.0,107916000.0,100313000.0,7603000.0,385686000.0,78486000.0,307200000.0,465104316.0,-14965000.0,0.0,403000.0,-267000.0,0.0,136000.0,20873000.0,23473000.0,-35969000.0,-5000.0,-59058000.0,-59058000.0,-59058000.0,0.0,0.0,-1.557,65649000.0,-51033000.0,28209000.0,0.0,-13.334,-1.711,-1.802,114717000.0,0.0,4.0,2.89,2.726,17294000.0,-3438936000.0,37927000.0,37927000.0,6388000.0,,,,,6371000.0,41615000.0,1.0,116276079.0,109693000,109693000.0,0.346,336701000.0,0.0,123000.0,0.0,3.069,119473000.0
78,AKAM,MRQ,2001-12-31,2001-12-31,2001-12-31,2021-08-07,-515000.0,421478000.0,,227999000.0,193479000.0,,0.159,-6946000.0,78774000.0,78774000.0,57192000.0,-64765000.0,2.497,23.456,300518000.0,405000.0,300113000.0,300518000.0,4948000.0,-1894158000.0,0.0,0.0,0.0,-48895000.0,-1943053000.0,-52.359,-1943053000.0,-48895000.0,-64488000.0,-0.24,-0.24,-0.24,17234000.0,,17234000.0,885078169.0,0.0,-0.424,-40571000.0,-0.374,1.0,-20082000.0,-0.541,19351000.0,15593000.0,532573000.0,,0.0,131737000.0,113906000.0,17831000.0,404244000.0,91298000.0,312946000.0,684932169.0,-21880000.0,0.0,1980000.0,-281000.0,0.0,4392000.0,7639000.0,14585000.0,-33625000.0,-286000.0,-64765000.0,-64765000.0,-64765000.0,0.0,0.0,-1.745,41078000.0,-61160000.0,32076000.0,0.0,39.743,-0.281,-0.252,132237000.0,0.0,5.94,4.197,3.757,20067000.0,-3379878000.0,37110000.0,37110000.0,16339000.0,,,,,7188000.0,84580000.0,1.0,115308446.0,108357000,108357000.0,0.342,402127000.0,0.0,277000.0,0.0,3.711,136701000.0
79,AKAM,MRQ,2001-09-30,2001-09-30,2001-09-30,2021-08-07,-894000.0,468708000.0,,273199000.0,195509000.0,,0.671,-14743000.0,100654000.0,100654000.0,15870000.0,-55359000.0,3.098,5.711,300800000.0,680000.0,300120000.0,300800000.0,5294000.0,28722000.0,0.0,0.0,0.0,-52872000.0,-24150000.0,-0.565,-24150000.0,-52872000.0,-55082000.0,-0.53,-0.53,-0.53,69846000.0,,69846000.0,515862552.0,0.0,-2.818,-25986000.0,-0.249,1.0,26884000.0,0.629,23371000.0,2210000.0,557308000.0,,0.0,138952000.0,138952000.0,0.0,398862000.0,88175000.0,310687000.0,335030552.0,-19600000.0,0.0,113000.0,-286000.0,0.0,-173000.0,-8259000.0,6484000.0,-11243000.0,75000.0,-55359000.0,-55359000.0,-55359000.0,0.0,0.0,-1.295,80545000.0,-53661000.0,40110000.0,0.0,4.797,-0.125,-0.107,146383000.0,0.0,2.91,2.051,1.856,19614000.0,-3315113000.0,42754000.0,42754000.0,7626000.0,,,,,8717000.0,37646000.0,1.0,115130774.0,104166000,104166000.0,0.41,445337000.0,0.0,277000.0,0.0,4.275,185024000.0
80,AKAM,MRQ,2001-06-30,2001-06-30,2001-06-30,2021-08-07,227000.0,519595000.0,,310824000.0,208771000.0,,1.152,-18218000.0,120254000.0,120254000.0,16439000.0,-92608000.0,3.614,3.439,301086000.0,915000.0,300171000.0,301086000.0,5334000.0,26092000.0,0.0,0.0,0.0,-90627000.0,-64535000.0,-1.496,-64535000.0,-90627000.0,-92264000.0,-0.91,-0.91,-0.91,117041000.0,,117041000.0,1168497809.0,0.0,-5.484,-48849000.0,-0.481,1.0,26702000.0,0.619,30811000.0,1637000.0,583606000.0,,0.0,146849000.0,146849000.0,0.0,402554000.0,86010000.0,316544000.0,1001303809.0,-13892000.0,0.0,2174000.0,-281000.0,0.0,1893000.0,14803000.0,33021000.0,-30631000.0,43000.0,-92608000.0,-92608000.0,-92608000.0,0.0,0.0,-2.147,116176000.0,-89474000.0,38112000.0,0.0,8.555,-0.343,-0.307,150824000.0,0.0,9.18,6.777,6.314,25226000.0,-3259754000.0,43141000.0,43141000.0,9595000.0,,,,,11038000.0,45617000.0,1.0,109074489.0,101629000,101629000.0,0.424,488784000.0,0.0,344000.0,0.0,4.809,224814000.0
81,AKAM,MRQ,2001-03-31,2001-03-31,2001-03-31,2021-08-07,-881000.0,576653000.0,,360030000.0,216623000.0,,1.98,-24330000.0,134146000.0,134146000.0,18834000.0,-2222780000.0,4.523,1.949,301340000.0,1111000.0,300229000.0,301340000.0,6001000.0,2168968000.0,0.0,0.0,0.0,-2222616000.0,-53648000.0,-1.334,-53648000.0,-2222616000.0,-2222616000.0,-22.5,-22.5,-22.5,195560000.0,,195560000.0,1084011010.0,0.0,-5.55,-68113000.0,-0.69,1.0,21375000.0,0.532,35903000.0,0.0,628348000.0,,0.0,178968000.0,178968000.0,0.0,381093000.0,79596000.0,301497000.0,932640010.0,-15984000.0,0.0,2757000.0,-328000.0,0.0,2429000.0,25369000.0,49699000.0,-43783000.0,1000.0,-2222780000.0,-2222780000.0,-2222780000.0,0.0,0.0,-55.281,2230978000.0,-2209603000.0,49037000.0,0.0,4.769,-0.303,-0.269,151089000.0,0.0,8.563,7.598,6.891,23865000.0,-3167146000.0,40209000.0,40209000.0,11284000.0,,,,,4514000.0,46950000.0,1.0,108915101.0,98780000,98780000.0,0.407,540750000.0,0.0,164000.0,0.0,5.474,280434000.0
82,AKAM,MRQ,2000-12-31,2000-12-31,2000-12-31,2021-08-07,-6882000.0,2790777000.0,,355344000.0,2435433000.0,,25.019,-35847000.0,150130000.0,150130000.0,46490000.0,-303077000.0,4.183,0.161,301501000.0,1080000.0,300421000.0,301501000.0,4335000.0,253335000.0,0.0,0.0,0.0,-294094000.0,-40759000.0,-1.094,-40759000.0,-294094000.0,-303022000.0,-3.23,-3.23,-3.23,2404399000.0,,2404399000.0,2204543206.0,-3.0,-13.363,-59618000.0,-0.62,1.0,-9246000.0,-0.248,2186157000.0,8928000.0,671043000.0,,0.0,236804000.0,159522000.0,77282000.0,386378000.0,84948000.0,301430000.0,2273982206.0,-221065000.0,0.0,8371000.0,-555000.0,0.0,8581000.0,-205653000.0,-169806000.0,-23771000.0,-222000.0,-303077000.0,-303077000.0,-303077000.0,0.0,0.0,-8.138,296708000.0,-305954000.0,52212000.0,0.0,0.946,-2.567,-2.092,143041000.0,0.0,21.063,25.332,20.639,22670000.0,-944366000.0,37244000.0,37244000.0,13000.0,,,,,4884000.0,100208000.0,1.0,107960984.0,96104000,96104000.0,0.388,604620000.0,0.0,55000.0,0.0,6.291,270396000.0
83,AKAM,MRQ,2000-09-30,2000-09-30,2000-09-30,2021-08-07,143000.0,3058326000.0,,473900000.0,2584426000.0,,29.026,-40388000.0,371195000.0,371195000.0,12056000.0,-304075000.0,8.686,0.132,301756000.0,1067000.0,300689000.0,301756000.0,5073000.0,249911000.0,0.0,0.0,0.0,-304055000.0,-54144000.0,-1.994,-54144000.0,-304055000.0,-304055000.0,-3.27,-3.27,-3.27,2702295000.0,,2702295000.0,5534663436.0,-9.0,-37.033,-90299000.0,-0.97,1.0,15100000.0,0.556,2425207000.0,0.0,509118000.0,,0.0,80185000.0,67548000.0,12637000.0,356031000.0,54562000.0,301469000.0,5587279436.0,16655000.0,-259000.0,9223000.0,75000.0,0.0,9298000.0,57558000.0,98205000.0,-49911000.0,-290000.0,-304075000.0,-304075000.0,-304075000.0,0.0,0.0,-11.197,322779000.0,-307679000.0,28883000.0,0.0,2.068,-9.122,-7.47,121812000.0,0.0,52.516,101.18,88.539,15592000.0,-641289000.0,27156000.0,27156000.0,18352000.0,,,,,9653000.0,44863000.0,1.0,106391946.0,93099000,93099000.0,0.292,633119000.0,0.0,20000.0,0.0,6.8,419338000.0
84,AKAM,MRQ,2000-06-30,2000-06-30,2000-06-30,2021-08-07,728000.0,3335813000.0,,537795000.0,2798018000.0,,34.16,-33537000.0,354540000.0,354540000.0,8631000.0,-243236000.0,10.826,0.118,301924000.0,1023000.0,300901000.0,301924000.0,4437000.0,196385000.0,0.0,0.0,0.0,-243166000.0,-46781000.0,-2.578,-46781000.0,-243166000.0,-243166000.0,-2.78,-2.78,-2.78,2984713000.0,,2984713000.0,12357246980.0,-38.0,-109.51,-68059000.0,-0.779,1.0,9513000.0,0.524,2656074000.0,0.0,577447000.0,,0.0,178691000.0,161133000.0,17558000.0,351100000.0,49676000.0,301424000.0,12382524980.0,327928000.0,29182000.0,14803000.0,289989000.0,0.0,304792000.0,57668000.0,62023000.0,-34522000.0,-10000.0,-243236000.0,-243236000.0,-243236000.0,0.0,0.0,-13.406,256482000.0,-246969000.0,29212000.0,0.0,4.149,-37.711,-26.038,92563000.0,0.0,118.734,427.751,358.376,11650000.0,-337214000.0,18144000.0,18144000.0,12931000.0,,,,,9421000.0,36373000.0,1.0,104287946.0,87374000,87374000.0,0.208,679739000.0,0.0,70000.0,0.0,7.78,488119000.0
85,AKAM,MRQ,2000-03-31,2000-03-31,2000-03-31,2021-08-07,6715000.0,471813000.0,,237080000.0,234733000.0,,5.851,-22087000.0,26612000.0,26612000.0,5030000.0,-35397000.0,7.371,0.075,1334000.0,652000.0,682000.0,1334000.0,3586000.0,12063000.0,0.0,0.0,0.0,-35355000.0,-23292000.0,-3.225,-23292000.0,-35355000.0,-35355000.0,-0.47,-0.47,-0.47,438965000.0,,438965000.0,14700254947.0,-167.0,-202.614,-36757000.0,-0.49,1.0,2192000.0,0.304,186874000.0,0.0,227495000.0,,0.0,198554000.0,198554000.0,0.0,32848000.0,32166000.0,682000.0,14965820947.0,-242942000.0,-11716000.0,184000.0,-2813000.0,0.0,-2629000.0,-225637000.0,-191834000.0,-14670000.0,-6000.0,-35397000.0,-35397000.0,-35397000.0,0.0,0.0,-4.901,41172000.0,-38980000.0,17071000.0,0.0,34.093,-162.133,-75.855,43475000.0,0.0,160.813,1335.28,1076.52,3136000.0,-93978000.0,7222000.0,7222000.0,6915000.0,,,,,2189000.0,20005000.0,1.0,93063502.0,75029000,75029000.0,0.096,284939000.0,0.0,42000.0,0.0,3.798,204914000.0
86,AKAM,MRQ,1999-12-31,1999-12-31,1999-12-31,2021-08-07,0.0,300815000.0,,273663000.0,27152000.0,,9.326,-12902000.0,269554000.0,269554000.0,2278000.0,-29234000.0,14.684,0.069,3988000.0,3255000.0,733000.0,3988000.0,698000.0,1855000.0,0.0,0.0,0.0,-27089000.0,-25234000.0,-9.349,-25234000.0,-27089000.0,-29234000.0,-0.51,-0.51,-0.51,281445000.0,,281445000.0,,,,-30831000.0,-1.022,1.0,421000.0,0.156,434000.0,2145000.0,16178000.0,,0.0,0.0,0.0,0.0,19370000.0,18637000.0,733000.0,30489929843.0,177570000.0,0.0,215433000.0,-12366000.0,0.0,208151000.0,-12652000.0,250000.0,-17929000.0,0.0,-29234000.0,-29830000.0,-29830000.0,0.0,0.0,-11.052,28545000.0,-28124000.0,8987000.0,0.0,108.334,-509.865,-165.467,23875000.0,596000.0,327.625,7649.255,2480.366,1588000.0,-58581000.0,2699000.0,2699000.0,6375000.0,,,,,2387000.0,16385000.0,1.0,93063502.0,30177000,30177000.0,0.089,300381000.0,0.0,0.0,0.0,9.954,255026000.0
87,AKAM,MRQ,1999-09-30,1999-09-30,1999-09-30,2021-08-07,,,,,,,,-7460000.0,,,3125000.0,-18542000.0,,,,,,,,1008000.0,,,0.0,-18542000.0,-17534000.0,-19.857,-17534000.0,-18542000.0,-18542000.0,-0.8,-0.8,-0.8,,,,,,,-16943000.0,-0.682,1.0,-2242000.0,-2.539,,0.0,,,,,,,,,,,46930000.0,0.0,30000.0,-111000.0,0.0,63873000.0,-7460000.0,0.0,-9483000.0,0.0,-18542000.0,-19892000.0,-19892000.0,0.0,0.0,-22.528,16433000.0,-18675000.0,,0.0,,,,,1350000.0,,,,,,883000.0,883000.0,3320000.0,,,,,6279000.0,6820000.0,1.0,,24849000,24849000.0,0.036,,,0.0,,,
88,AKAM,MRQ,1999-06-30,1999-06-30,1999-06-30,2021-08-07,,,,,,,,-4353000.0,,,1222000.0,-6896000.0,,,,,,,,403000.0,,,0.0,-6896000.0,-6493000.0,-16.072,-6493000.0,-6896000.0,-6896000.0,-0.34,-0.34,-0.34,,,,,,,-6847000.0,-0.323,1.0,-818000.0,-2.025,,0.0,,,,,,,,,,,40368000.0,0.0,0.0,14865000.0,0.0,47215000.0,-4353000.0,0.0,-2494000.0,0.0,-6896000.0,-7187000.0,-7187000.0,0.0,0.0,-17.79,5901000.0,-6719000.0,,0.0,,,,,291000.0,,,,,,404000.0,404000.0,1299000.0,,,,,461000.0,4130000.0,1.0,,21166000,21166000.0,0.019,,,0.0,,,
89,AKAM,MRQ,1999-03-31,1999-03-31,1999-03-31,2021-08-07,,,,,,,,-955000.0,,,186000.0,-2887000.0,,,,,,,,168000.0,,,0.0,-2887000.0,-2719000.0,,-2719000.0,-2887000.0,-2887000.0,-0.17,-0.17,-0.17,,,,,,,-3368000.0,-0.198,1.0,-186000.0,,,0.0,,,,,,,,,,,-2119000.0,0.0,293000.0,1431000.0,0.0,1724000.0,-1430000.0,-475000.0,-2413000.0,0.0,-2887000.0,-2891000.0,-2891000.0,0.0,0.0,,2734000.0,-2920000.0,,0.0,,,,,4000.0,,,,,,0.0,0.0,755000.0,,,,,878000.0,1090000.0,1.0,,17045000,17045000.0,0.0,,,0.0,,,
90,AKAM,MRQ,1998-12-31,1998-12-31,1998-12-31,2021-08-07,0.0,8866000.0,,6862000.0,2004000.0,,-0.01,,6805000.0,6805000.0,,,9.733,-4.932,37000.0,12000.0,25000.0,37000.0,0.0,,0.0,,0.0,,,,,,,,,,-148000.0,,-148000.0,,,,,,1.0,,,481000.0,,912000.0,,0.0,0.0,0.0,0.0,730000.0,705000.0,25000.0,,,,,,,,,,,,,,,,,,,,665000.0,,,,,1523000.0,,,,,0.0,-1022000.0,,,,,,,,,,1.0,,15015000,,,8385000.0,0.0,,0.0,0.558,6157000.0
0,AKAM,MRT,2021-06-30,2021-06-30,2021-06-30,2021-08-07,-31557000.0,7920938000.0,7754345250.0,2253252000.0,5667686000.0,0.43,27.452,-715492000.0,581068000.0,581068000.0,1213973000.0,584185000.0,3.48,0.769,2833026000.0,158390000.0,2674636000.0,2833026000.0,99839000.0,515787000.0,0.0,0.0,0.0,697588000.0,1213375000.0,0.364,1213375000.0,697588000.0,627051000.0,3.58,3.51,3.58,4476657000.0,4289233250.0,4476657000.0,21362060471.0,31.0,17.605,605500000.0,3.713,1.0,2120691000.0,0.636,1903378000.0,70537000.0,7622069000.0,7418357000.0,0.0,2000040000.0,835420000.0,1164620000.0,3444281000.0,647449000.0,2796832000.0,19004830471.0,8823000.0,-143743000.0,-179032000.0,0.0,0.0,-281257000.0,-1038527000.0,-187122000.0,1320992000.0,7615000.0,584185000.0,584185000.0,584185000.0,0.0,0.0,0.175,1423118000.0,697573000.0,93465000.0,0.0,4.245,32.532,32.57,2368444000.0,0.0,116.6,5.699,5.702,656609000.0,917242000.0,3334664000.0,3334664000.0,293301000.0,0.075,0.136,0.094,0.209,205513000.0,1053226000.0,1.0,162991685.0,163074000,166263000.0,20.449,6017560000.0,99634000.0,42866000.0,36124000.0,36.901,1605803000.0
1,AKAM,MRT,2021-03-31,2021-03-31,2021-03-31,2021-08-07,-47347000.0,7817920000.0,7580310250.0,2161402000.0,5656518000.0,0.432,26.502,-681162000.0,456799000.0,456799000.0,1170777000.0,589603000.0,3.022,0.809,2814029000.0,156656000.0,2657373000.0,2814029000.0,106601000.0,493652000.0,0.0,0.0,0.0,702880000.0,1196532000.0,0.365,1196532000.0,702880000.0,633131000.0,3.62,3.55,3.62,4321363000.0,4146142750.0,4321363000.0,19056140513.0,27.0,15.926,560388000.0,3.437,1.0,2105778000.0,0.643,1909529000.0,69749000.0,7550490000.0,7235321250.0,0.0,1996833000.0,831260000.0,1165573000.0,3496557000.0,715131000.0,2781426000.0,16632145513.0,73194000.0,-143743000.0,-109640000.0,0.0,0.0,-212579000.0,-968544000.0,-152015000.0,1241550000.0,12767000.0,589603000.0,589603000.0,589603000.0,0.0,0.0,0.18,1417210000.0,688568000.0,119462000.0,0.0,3.849,28.209,28.149,2337337000.0,0.0,101.9,5.076,5.071,666536000.0,760745000.0,3276555000.0,3276555000.0,280136000.0,0.078,0.142,0.097,0.215,204223000.0,1060215000.0,1.0,163220270.0,163061000,165688000.0,20.094,5908391000.0,103433000.0,43528000.0,35115000.0,36.234,1446271000.0
2,AKAM,MRT,2020-12-31,2020-12-31,2020-12-31,2021-08-07,-20201000.0,7764130000.0,7362819250.0,1929531000.0,5834599000.0,0.434,26.163,-731872000.0,352917000.0,352917000.0,1132672000.0,557054000.0,2.545,0.826,2776912000.0,154801000.0,2622111000.0,2776912000.0,81862000.0,478389000.0,0.0,0.0,0.0,672096000.0,1150485000.0,0.36,1150485000.0,672096000.0,602976000.0,3.43,3.37,3.43,4251296000.0,3983856500.0,4251296000.0,19057877800.0,28.0,16.565,483128000.0,2.973,1.0,2065477000.0,0.646,1909095000.0,69120000.0,7520860000.0,7048977500.0,0.0,2143958000.0,745156000.0,1398802000.0,3512834000.0,758170000.0,2754664000.0,17091740800.0,-40680000.0,-164375000.0,-133813000.0,0.0,0.0,-223641000.0,-1042974000.0,-154848000.0,1215000000.0,10935000.0,557054000.0,557054000.0,557054000.0,0.0,0.0,0.174,1406943000.0,658534000.0,118546000.0,0.0,4.02,30.682,30.609,2272217000.0,0.0,104.99,5.344,5.334,660052000.0,605050000.0,3198149000.0,3198149000.0,269315000.0,0.076,0.14,0.095,0.21,197411000.0,1058293000.0,1.0,162793988.0,162490000,165213000.0,19.682,5855035000.0,106918000.0,45922000.0,37458000.0,36.033,1171361000.0
3,AKAM,MRT,2020-09-30,2020-09-30,2020-09-30,2021-08-07,-45854000.0,7514393000.0,7173508250.0,2243221000.0,5271172000.0,0.435,25.238,-698093000.0,742521000.0,742521000.0,1086575000.0,562784000.0,3.128,0.829,2708658000.0,136292000.0,2572366000.0,2708658000.0,92896000.0,466481000.0,0.0,0.0,0.0,683633000.0,1150114000.0,0.368,1150114000.0,683633000.0,615180000.0,3.47,3.4,3.47,4107617000.0,3835522000.0,4107617000.0,20098200335.0,29.0,17.475,507954000.0,3.121,1.0,2037410000.0,0.652,1783397000.0,68453000.0,6980009000.0,6871648500.0,0.0,1811573000.0,701515000.0,1110058000.0,3406776000.0,717124000.0,2689652000.0,17985395335.0,4356000.0,-80190000.0,-104089000.0,0.0,0.0,-195538000.0,-1014804000.0,-233045000.0,1206047000.0,8651000.0,562784000.0,562784000.0,562784000.0,0.0,0.0,0.18,1378171000.0,659239000.0,114850000.0,0.0,4.379,31.958,31.856,2128569000.0,0.0,110.54,5.757,5.759,630406000.0,491680000.0,3123985000.0,3123985000.0,270985000.0,0.078,0.147,0.099,0.219,193779000.0,1045608000.0,1.0,162704861.0,162757000,166519000.0,19.194,5730996000.0,97801000.0,52396000.0,31946000.0,35.212,1526097000.0
4,AKAM,MRT,2020-06-30,2020-06-30,2020-06-30,2021-08-07,-57307000.0,7224798000.0,6884268500.0,2192999000.0,5031799000.0,0.442,24.039,-621967000.0,572288000.0,572288000.0,1050074000.0,542051000.0,3.336,0.85,2685093000.0,138478000.0,2546615000.0,2685093000.0,98184000.0,458192000.0,0.0,0.0,0.0,647942000.0,1106134000.0,0.364,1106134000.0,647942000.0,584686000.0,3.35,3.29,3.35,3904295000.0,3684017750.0,3904295000.0,19665062206.0,30.0,17.778,479492000.0,2.952,1.0,1990978000.0,0.655,1790255000.0,63256000.0,6889926000.0,6495076250.0,0.0,1819156000.0,800321000.0,1018835000.0,3320503000.0,657422000.0,2663081000.0,17377973206.0,56603000.0,-80190000.0,-82857000.0,1135629000.0,0.0,651307000.0,-1695123000.0,-991207000.0,1101459000.0,-1040000.0,542051000.0,542051000.0,542051000.0,0.0,0.0,0.178,1369608000.0,621370000.0,153958000.0,0.0,4.451,32.06,31.967,2017857000.0,0.0,107.09,5.714,5.719,644659000.0,333057000.0,3041052000.0,3041052000.0,269099000.0,0.079,0.147,0.1,0.213,190377000.0,1039968000.0,1.0,162274472.0,162413000,164768000.0,18.724,5434543000.0,61310000.0,42635000.0,29556000.0,33.461,1535577000.0
5,AKAM,MRT,2020-03-31,2020-03-31,2020-03-31,2021-08-07,-78995000.0,6947956000.0,6413878000.0,2014584000.0,4933372000.0,0.46,22.669,-635077000.0,384103000.0,384103000.0,1015463000.0,494051000.0,3.196,0.892,2671192000.0,141876000.0,2529316000.0,2671192000.0,103283000.0,448677000.0,0.0,0.0,0.0,591721000.0,1040398000.0,0.353,1040398000.0,591721000.0,537268000.0,3.05,3.0,3.05,3672218000.0,3556635000.0,3672218000.0,17088261097.0,29.0,16.425,485620000.0,2.998,1.0,1935948000.0,0.656,1799683000.0,54453000.0,6805115000.0,5713161250.0,0.0,1826318000.0,865168000.0,961150000.0,3275738000.0,630247000.0,2645491000.0,14810571097.0,-304555000.0,-80135000.0,-138163000.0,1135629000.0,0.0,597779000.0,-2014913000.0,-1297089000.0,1120697000.0,-8118000.0,494051000.0,494051000.0,494051000.0,0.0,0.0,0.167,1369225000.0,566723000.0,114100000.0,0.0,4.033,29.978,29.997,1918726000.0,0.0,91.49,5.018,5.022,613809000.0,171142000.0,2951411000.0,2951411000.0,266448000.0,0.077,0.139,0.104,0.2,189328000.0,1042012000.0,1.0,161881857.0,161992000,163684000.0,18.219,5148273000.0,80037000.0,43217000.0,29049000.0,31.781,1384337000.0
6,AKAM,MRT,2019-12-31,2019-12-31,2019-12-31,2021-08-07,-45144000.0,7006886000.0,5972579500.0,2231613000.0,4775273000.0,0.484,22.482,-562077000.0,393745000.0,393745000.0,987624000.0,478035000.0,3.219,0.916,2671435000.0,139463000.0,2531972000.0,2671435000.0,75591000.0,440674000.0,0.0,0.0,0.0,580749000.0,1021423000.0,0.353,1021423000.0,580749000.0,531385000.0,2.94,2.9,2.94,3657958000.0,3459384750.0,3657958000.0,15427807520.0,27.0,15.104,496227000.0,3.05,1.0,1905993000.0,0.659,1779696000.0,49364000.0,6811544000.0,4869632250.0,0.0,1978633000.0,1143249000.0,835384000.0,3348928000.0,693336000.0,2655592000.0,13959112520.0,-642841000.0,-165329000.0,-92257000.0,445629000.0,0.0,-35677000.0,-1667934000.0,-940927000.0,1058304000.0,2466000.0,478035000.0,478035000.0,478035000.0,0.0,0.0,0.165,1357075000.0,548918000.0,138946000.0,0.0,3.816,29.201,29.381,1910603000.0,0.0,86.38,4.824,4.857,551943000.0,47996000.0,2893617000.0,2893617000.0,261365000.0,0.08,0.138,0.119,0.201,187140000.0,1039976000.0,1.0,161601210.0,162706000,164573000.0,17.784,5227190000.0,76528000.0,53350000.0,29187000.0,32.127,1538277000.0
7,AKAM,MRT,2019-09-30,2019-09-30,2019-09-30,2021-08-07,-56424000.0,6357434000.0,5586300500.0,2253908000.0,4103526000.0,0.507,21.556,-545745000.0,738462000.0,738462000.0,973801000.0,452950000.0,3.741,0.816,2207157000.0,86959000.0,2120198000.0,2207157000.0,103368000.0,441168000.0,0.0,0.0,0.0,561997000.0,1003165000.0,0.354,1003165000.0,561997000.0,514726000.0,2.78,2.74,2.78,3501600000.0,3342860250.0,3501600000.0,15848616753.0,28.0,15.799,516574000.0,3.18,1.0,1861056000.0,0.656,1749886000.0,47271000.0,5473720000.0,3946617750.0,0.0,1565865000.0,831749000.0,734116000.0,2855834000.0,602523000.0,2253311000.0,15076099753.0,33056000.0,-121409000.0,-177398000.0,445629000.0,0.0,-118828000.0,-906469000.0,-241822000.0,1062319000.0,-3966000.0,452950000.0,452950000.0,452950000.0,0.0,0.0,0.16,1327172000.0,533884000.0,108187000.0,0.0,4.305,33.284,32.871,1429069000.0,0.0,91.38,5.318,5.236,516657000.0,-71104000.0,2834857000.0,2834857000.0,252809000.0,0.081,0.135,0.142,0.198,185260000.0,1017169000.0,1.0,164982488.0,162445000,164558000.0,17.451,4607548000.0,39321000.0,61776000.0,21797000.0,28.364,1651385000.0
8,AKAM,MRT,2019-06-30,2019-06-30,2019-06-30,2021-08-07,-42484000.0,5343236000.0,5337913750.0,1744794000.0,3598442000.0,0.524,20.775,-479810000.0,515896000.0,515896000.0,966109000.0,422643000.0,2.953,0.574,1288413000.0,96160000.0,1192253000.0,1288413000.0,115954000.0,438397000.0,0.0,0.0,0.0,538276000.0,976673000.0,0.349,976673000.0,538276000.0,488566000.0,2.58,2.54,2.58,3394764000.0,3256342750.0,3394764000.0,13740537486.0,26.0,14.069,595605000.0,3.645,1.0,1828464000.0,0.654,1762673000.0,49710000.0,3762266000.0,3413757000.0,0.0,813642000.0,526596000.0,287046000.0,1948472000.0,590814000.0,1357658000.0,13150725486.0,-462070000.0,-121409000.0,-623458000.0,-690437000.0,0.0,-1388647000.0,-150132000.0,450437000.0,1075415000.0,1294000.0,422643000.0,422643000.0,422643000.0,0.0,0.0,0.151,1321332000.0,507132000.0,126539000.0,0.0,3.874,31.115,31.062,1378535000.0,0.0,80.14,4.706,4.686,523382000.0,-208994000.0,2794573000.0,2794573000.0,248971000.0,0.079,0.13,0.158,0.193,185077000.0,1016929000.0,1.0,164096899.0,163407000,165019000.0,17.102,3580563000.0,19677000.0,65923000.0,25099000.0,21.912,1153980000.0
9,AKAM,MRT,2019-03-31,2019-03-31,2019-03-31,2021-08-07,-46979000.0,5182762000.0,5403280750.0,1818418000.0,3364344000.0,0.509,20.113,-435095000.0,688698000.0,688698000.0,959403000.0,351789000.0,3.192,0.579,1278510000.0,101545000.0,1176965000.0,1278510000.0,117149000.0,438630000.0,0.0,0.0,0.0,457419000.0,896049000.0,0.326,896049000.0,457419000.0,406951000.0,2.13,2.1,2.13,3283217000.0,3268971250.0,3283217000.0,12228145160.0,27.0,13.647,542072000.0,3.321,1.0,1792855000.0,0.651,1771869000.0,50468000.0,3430999000.0,3308603000.0,0.0,531366000.0,429932000.0,101434000.0,1899545000.0,569706000.0,1329839000.0,11703968160.0,324926000.0,-121464000.0,-585498000.0,442185000.0,0.0,-481026000.0,-158807000.0,396168000.0,977167000.0,-12408000.0,351789000.0,351789000.0,351789000.0,0.0,0.0,0.128,1364388000.0,428467000.0,102371000.0,0.0,3.565,33.27,33.667,1309813000.0,0.0,71.71,4.252,4.253,529346000.0,-322909000.0,2752258000.0,2752258000.0,247241000.0,0.065,0.108,0.138,0.166,184432000.0,1063593000.0,1.0,163212497.0,163236000,164787000.0,16.861,3410893000.0,30363000.0,55162000.0,19396000.0,20.895,1248712000.0
10,AKAM,MRT,2018-12-31,2018-12-31,2018-12-31,2021-08-07,-48912000.0,5461770000.0,5279316250.0,2535354000.0,2926416000.0,0.514,19.077,-405741000.0,1036455000.0,1036455000.0,953485000.0,298373000.0,2.094,0.711,1560632000.0,686552000.0,874080000.0,1560632000.0,73640000.0,434520000.0,0.0,0.0,0.0,386291000.0,820811000.0,0.302,820811000.0,386291000.0,343089000.0,1.78,1.76,1.78,3191860000.0,3294731250.0,3191860000.0,10787692868.0,28.0,13.143,602586000.0,3.602,1.0,1760989000.0,0.649,1655752000.0,43202000.0,3119486000.0,2993157500.0,0.0,1064716000.0,855650000.0,209066000.0,2269910000.0,1210709000.0,1059201000.0,9947856868.0,722558000.0,-79000.0,-567447000.0,1132185000.0,0.0,233608000.0,-506533000.0,-98647000.0,1008327000.0,-12844000.0,298373000.0,298373000.0,298373000.0,0.0,0.0,0.11,1398490000.0,362499000.0,99089000.0,0.0,3.117,33.34,34.315,910618000.0,0.0,61.08,3.665,3.765,479889000.0,-430890000.0,2714474000.0,2714474000.0,246165000.0,0.057,0.091,0.129,0.142,183813000.0,1091420000.0,1.0,162866026.0,167312000,169188000.0,16.224,3806018000.0,34913000.0,44716000.0,19624000.0,22.748,1324645000.0
11,AKAM,MRT,2018-09-30,2018-09-30,2018-09-30,2021-08-07,-48218000.0,5363887000.0,5076102750.0,2429789000.0,2934098000.0,0.524,19.018,-395259000.0,705407000.0,705407000.0,939498000.0,231878000.0,2.032,0.7,1545243000.0,680564000.0,864679000.0,1545243000.0,98950000.0,417622000.0,0.0,0.0,0.0,295705000.0,713327000.0,0.268,713327000.0,295705000.0,262235000.0,1.39,1.36,1.39,3155530000.0,3337383500.0,3155530000.0,12951782538.0,44.0,18.157,524354000.0,3.16,1.0,1720083000.0,0.647,1665508000.0,33470000.0,3342277000.0,2923737500.0,0.0,1353368000.0,1096233000.0,257135000.0,2208357000.0,1195938000.0,1012419000.0,12399263538.0,337163000.0,-171951000.0,-494108000.0,1132185000.0,0.0,308834000.0,-880387000.0,-310079000.0,919613000.0,-10897000.0,231878000.0,231878000.0,231878000.0,0.0,0.0,0.087,1445763000.0,274320000.0,96051000.0,0.0,3.929,53.473,52.626,884483000.0,0.0,73.15,4.662,4.564,466364000.0,-524906000.0,2659581000.0,2659581000.0,245496000.0,0.046,0.069,0.101,0.111,181020000.0,1101396000.0,1.0,169504628.0,165924000,167900000.0,16.029,3698379000.0,23688000.0,30357000.0,18827000.0,22.29,1233851000.0
12,AKAM,MRT,2018-06-30,2018-06-30,2018-06-30,2021-08-07,-41970000.0,5604704000.0,4862414500.0,2484160000.0,3120544000.0,0.538,20.237,-428301000.0,977488000.0,977488000.0,925742000.0,188206000.0,2.186,0.627,1530007000.0,674629000.0,855378000.0,1530007000.0,106389000.0,406967000.0,0.0,0.0,0.0,266620000.0,673587000.0,0.258,673587000.0,266620000.0,242970000.0,1.11,1.09,1.11,3445278000.0,3366664750.0,3445278000.0,12800302018.0,48.0,19.003,417122000.0,2.45,1.0,1688651000.0,0.646,1679245000.0,23650000.0,3341650000.0,2796357500.0,0.0,1291229000.0,879483000.0,411746000.0,2159426000.0,1136328000.0,1023098000.0,12495260018.0,625212000.0,-171951000.0,-185043000.0,1132622000.0,0.0,622630000.0,-834119000.0,-232945000.0,845423000.0,-8722000.0,188206000.0,188206000.0,188206000.0,0.0,0.0,0.072,1439615000.0,249036000.0,84167000.0,0.0,3.627,66.391,65.973,852950000.0,0.0,73.23,4.779,4.769,479865000.0,-632489000.0,2614393000.0,2614393000.0,241673000.0,0.039,0.056,0.095,0.102,176236000.0,1098548000.0,1.0,170630343.0,170250000,172307000.0,15.356,3925459000.0,44230000.0,54764000.0,18236000.0,23.057,1347832000.0
13,AKAM,MRT,2018-03-31,2018-03-31,2018-03-31,2021-08-07,-18334000.0,4686904000.0,4583498250.0,1459726000.0,3227178000.0,0.558,19.906,-436672000.0,363703000.0,363703000.0,904935000.0,201897000.0,1.291,0.384,668745000.0,668745000.0,0.0,668745000.0,102539000.0,389875000.0,0.0,0.0,0.0,296300000.0,686175000.0,0.268,686175000.0,296300000.0,277208000.0,1.19,1.17,1.19,3386257000.0,3327138250.0,3386257000.0,12418372903.0,42.0,18.098,413703000.0,2.432,1.0,1652531000.0,0.646,1692134000.0,19092000.0,2169217000.0,2672997500.0,0.0,960120000.0,447850000.0,512270000.0,1300647000.0,1130595000.0,170052000.0,12068841903.0,-158253000.0,-369142000.0,-247624000.0,0.0,0.0,-306808000.0,-710956000.0,96824000.0,850375000.0,9136000.0,201897000.0,201897000.0,201897000.0,0.0,0.0,0.079,1375019000.0,277512000.0,81239000.0,0.0,3.564,59.777,59.647,845118000.0,0.0,70.98,4.719,4.721,484617000.0,-675550000.0,2557466000.0,2557466000.0,235337000.0,0.044,0.061,0.111,0.116,170008000.0,1038124000.0,1.0,170031585.0,170116000,172004000.0,15.034,2994770000.0,44490000.0,75311000.0,17675000.0,17.604,329131000.0
14,AKAM,MRT,2017-12-31,2017-12-31,2017-12-31,2021-08-07,-21930000.0,4648916000.0,4524271000.0,1346246000.0,3302670000.0,0.55,19.599,-414778000.0,313382000.0,313382000.0,875837000.0,222766000.0,2.948,0.383,662913000.0,0.0,662913000.0,662913000.0,76557000.0,372313000.0,0.0,0.0,0.0,333031000.0,705344000.0,0.283,705344000.0,333031000.0,314192000.0,1.3,1.29,1.3,3362469000.0,3295210500.0,3362469000.0,11290608040.0,34.0,16.007,386205000.0,2.251,1.0,1613198000.0,0.648,1699947000.0,18839000.0,2841806000.0,2835723500.0,0.0,966146000.0,398554000.0,567592000.0,1286447000.0,456694000.0,829753000.0,11001629040.0,-10197000.0,-369073000.0,-305514000.0,0.0,0.0,-365005000.0,-459165000.0,326272000.0,800983000.0,12990000.0,222766000.0,222766000.0,222766000.0,0.0,0.0,0.089,1298909000.0,314289000.0,80278000.0,0.0,3.272,49.386,50.031,862535000.0,0.0,65.04,4.42,4.483,461457000.0,-690662000.0,2489035000.0,2489035000.0,222434000.0,0.049,0.068,0.117,0.134,164308000.0,990687000.0,1.0,169151738.0,171559000,172711000.0,14.508,2948969000.0,36231000.0,91426000.0,17823000.0,17.189,889552000.0
15,AKAM,MRT,2017-09-30,2017-09-30,2017-09-30,2021-08-07,-24833000.0,4509134000.0,4455328500.0,1295783000.0,3213351000.0,0.551,19.141,-383864000.0,368152000.0,368152000.0,849477000.0,291480000.0,3.011,0.378,657131000.0,0.0,657131000.0,657131000.0,68940000.0,356925000.0,0.0,0.0,0.0,433372000.0,790297000.0,0.322,790297000.0,433372000.0,414703000.0,1.68,1.68,1.68,3272655000.0,3260685750.0,3272655000.0,8650634819.0,20.0,10.946,403900000.0,2.362,1.0,1605151000.0,0.654,1535050000.0,18669000.0,2832757000.0,2859399500.0,0.0,1045778000.0,383849000.0,661929000.0,1236479000.0,430306000.0,806173000.0,8351735819.0,-12832000.0,-289704000.0,-326595000.0,0.0,0.0,-382798000.0,-421731000.0,249072000.0,787764000.0,3933000.0,291480000.0,291480000.0,291480000.0,0.0,0.0,0.119,1192525000.0,412626000.0,88339000.0,0.0,2.552,28.653,29.0,883754000.0,0.0,48.72,3.402,3.394,400839000.0,-761515000.0,2454628000.0,2454628000.0,209516000.0,0.065,0.089,0.152,0.177,161305000.0,949949000.0,1.0,171423149.0,170976000,171505000.0,14.357,2974084000.0,18930000.0,123223000.0,15984000.0,17.395,865477000.0
16,AKAM,MRT,2017-06-30,2017-06-30,2017-06-30,2021-08-07,-32520000.0,4489039000.0,4416453750.0,1238357000.0,3250682000.0,0.547,19.037,-343994000.0,352501000.0,352501000.0,828454000.0,303569000.0,3.103,0.366,651400000.0,0.0,651400000.0,651400000.0,77620000.0,344258000.0,0.0,0.0,0.0,453473000.0,797731000.0,0.33,797731000.0,453473000.0,434884000.0,1.75,1.74,1.75,3287172000.0,3234754750.0,3287172000.0,8734223058.0,19.0,10.949,459327000.0,2.66,1.0,1585799000.0,0.657,1540664000.0,18589000.0,2848210000.0,2872388750.0,0.0,1062401000.0,330620000.0,731781000.0,1201867000.0,399064000.0,802803000.0,8610823058.0,26046000.0,-292640000.0,-293554000.0,0.0,0.0,-349123000.0,-429824000.0,205655000.0,803321000.0,1672000.0,303569000.0,303569000.0,303569000.0,0.0,0.0,0.126,1152661000.0,433138000.0,91741000.0,0.0,2.62,28.365,28.463,856039000.0,0.0,49.81,3.567,3.563,395865000.0,-822027000.0,2414253000.0,2414253000.0,194631000.0,0.069,0.094,0.158,0.188,158109000.0,923509000.0,1.0,172873380.0,172674000,173439000.0,13.982,2948375000.0,7448000.0,131315000.0,21762000.0,17.075,839293000.0
17,AKAM,MRT,2017-03-31,2017-03-31,2017-03-31,2021-08-07,-45913000.0,4449995000.0,4361624500.0,1398461000.0,3051534000.0,0.546,18.818,-325130000.0,522319000.0,522319000.0,820097000.0,320452000.0,3.662,0.366,645719000.0,0.0,645719000.0,645719000.0,67939000.0,340166000.0,0.0,0.0,0.0,477024000.0,817190000.0,0.343,817190000.0,477024000.0,458442000.0,1.84,1.83,1.84,3258546000.0,3200580000.0,3258546000.0,10655416043.0,22.0,13.039,497927000.0,2.876,1.0,1560459000.0,0.656,1371398000.0,18582000.0,2820121000.0,2886011500.0,0.0,1061815000.0,322750000.0,739065000.0,1191449000.0,381876000.0,809573000.0,10339498043.0,210362000.0,-95449000.0,-278796000.0,0.0,0.0,-331766000.0,-273692000.0,144082000.0,823057000.0,-7237000.0,320452000.0,320452000.0,320452000.0,0.0,0.0,0.135,1102734000.0,457725000.0,90179000.0,0.0,3.173,32.265,32.446,824724000.0,0.0,59.7,4.343,4.342,400792000.0,-879799000.0,2380556000.0,2380556000.0,178948000.0,0.073,0.1,0.165,0.2,151751000.0,892808000.0,1.0,173190922.0,173158000,175171000.0,13.748,3078597000.0,7332000.0,137990000.0,39902000.0,17.779,1016585000.0
18,AKAM,MRT,2016-12-31,2016-12-31,2016-12-31,2021-08-07,-56222000.0,4373146000.0,4295063750.0,1309917000.0,3063229000.0,0.547,18.434,-316289000.0,324169000.0,324169000.0,809106000.0,320727000.0,3.497,0.356,640087000.0,0.0,640087000.0,640087000.0,56730000.0,334302000.0,0.0,0.0,0.0,485000000.0,819302000.0,0.349,819302000.0,485000000.0,466362000.0,1.83,1.82,1.83,3224370000.0,3164339000.0,3224370000.0,11808339065.0,24.0,14.413,555523000.0,3.176,1.0,1538882000.0,0.655,1377966000.0,18638000.0,2936510000.0,2895815500.0,0.0,1292160000.0,512849000.0,779311000.0,1148776000.0,374588000.0,774188000.0,11555638065.0,34716000.0,-95439000.0,-314234000.0,0.0,0.0,-359779000.0,-469426000.0,-58484000.0,871812000.0,-7891000.0,320727000.0,320727000.0,320727000.0,0.0,0.0,0.137,1072372000.0,466510000.0,76120000.0,0.0,3.584,36.03,36.437,801017000.0,0.0,66.68,4.922,4.967,368596000.0,-960729000.0,2347988000.0,2347988000.0,167628000.0,0.075,0.101,0.167,0.207,144506000.0,867801000.0,1.0,173299911.0,174917000,176215000.0,13.423,2995180000.0,8982000.0,145635000.0,11652000.0,17.123,935329000.0
19,AKAM,MRT,2016-09-30,2016-09-30,2016-09-30,2021-08-07,-33462000.0,4353635000.0,4247198250.0,1386964000.0,2966671000.0,0.542,18.167,-319188000.0,381803000.0,381803000.0,798738000.0,312913000.0,3.214,0.374,634504000.0,0.0,634504000.0,634504000.0,65426000.0,330623000.0,0.0,0.0,0.0,472706000.0,803329000.0,0.349,803329000.0,472706000.0,454107000.0,1.78,1.76,1.78,3168931000.0,3138466000.0,3168931000.0,9560974658.0,20.0,11.902,615494000.0,3.529,1.0,1504346000.0,0.653,1290086000.0,18599000.0,2884714000.0,2879557750.0,0.0,1297107000.0,529416000.0,767691000.0,1184704000.0,431536000.0,753168000.0,9258648658.0,125332000.0,-21638000.0,-345205000.0,0.0,0.0,-415609000.0,-391579000.0,-48151000.0,934682000.0,-2162000.0,312913000.0,312913000.0,312913000.0,0.0,0.0,0.136,1045602000.0,458744000.0,74328000.0,0.0,2.922,29.589,29.77,797923000.0,0.0,52.99,4.02,4.013,357997000.0,-1052368000.0,2303084000.0,2303084000.0,158547000.0,0.074,0.1,0.164,0.205,163866000.0,849761000.0,1.0,174724451.0,174429000,175617000.0,13.204,3063549000.0,21156000.0,141194000.0,8963000.0,17.563,955428000.0
20,AKAM,MRT,2016-06-30,2016-06-30,2016-06-30,2021-08-07,-31616000.0,4269722000.0,4204991750.0,1365584000.0,2904138000.0,0.54,17.952,-372382000.0,326644000.0,326644000.0,777475000.0,324953000.0,3.627,0.355,628970000.0,0.0,628970000.0,628970000.0,70898000.0,320897000.0,0.0,0.0,0.0,474970000.0,795867000.0,0.351,795867000.0,474970000.0,456407000.0,1.83,1.82,1.83,3150473000.0,3117649000.0,3150473000.0,10131420920.0,21.0,12.73,493060000.0,2.809,1.0,1492574000.0,0.658,1292805000.0,18563000.0,2902701000.0,2888684000.0,0.0,1273294000.0,542062000.0,731232000.0,1119249000.0,376542000.0,742707000.0,9820847920.0,69196000.0,-18202000.0,-323874000.0,0.0,0.0,-394631000.0,-395559000.0,-2878000.0,865442000.0,-6056000.0,324953000.0,324953000.0,324953000.0,0.0,0.0,0.143,1029906000.0,462668000.0,68249000.0,0.0,3.117,30.222,30.563,786835000.0,0.0,55.93,4.326,4.324,364401000.0,-1128368000.0,2270049000.0,2270049000.0,154602000.0,0.077,0.104,0.164,0.209,154146000.0,840784000.0,1.0,175591774.0,175499000,176420000.0,12.935,2976917000.0,2455000.0,131454000.0,10248000.0,16.963,989042000.0
21,AKAM,MRT,2016-03-31,2016-03-31,2016-03-31,2021-08-07,-28792000.0,4183752000.0,4170337500.0,1330828000.0,2852924000.0,0.537,17.65,-390254000.0,312912000.0,312912000.0,751062000.0,318518000.0,3.994,0.344,623485000.0,0.0,623485000.0,623485000.0,69143000.0,309772000.0,0.0,0.0,0.0,468178000.0,777950000.0,0.348,777950000.0,468178000.0,449576000.0,1.79,1.77,1.79,3113582000.0,3091358750.0,3113582000.0,10156675298.0,22.0,13.056,494842000.0,2.805,1.0,1487575000.0,0.665,1301755000.0,18602000.0,2859337000.0,2872564250.0,0.0,1210320000.0,524958000.0,685362000.0,1070170000.0,333233000.0,736937000.0,9821860298.0,-19645000.0,-125085000.0,-292950000.0,0.0,0.0,-357687000.0,-548130000.0,-28025000.0,885096000.0,1076000.0,318518000.0,318518000.0,318518000.0,0.0,0.0,0.142,1028827000.0,458748000.0,63822000.0,0.0,3.155,30.836,31.045,770197000.0,0.0,55.57,4.387,4.379,365103000.0,-1202003000.0,2238637000.0,2238637000.0,153605000.0,0.076,0.103,0.163,0.209,141877000.0,840676000.0,1.0,176747531.0,176403000,177539000.0,12.69,2881997000.0,3490000.0,131058000.0,11706000.0,16.338,997595000.0
22,AKAM,MRT,2015-12-31,2015-12-31,2015-12-31,2021-08-07,-41453000.0,4181684000.0,4121127750.0,1253188000.0,2928496000.0,0.533,17.495,-444983000.0,289473000.0,289473000.0,725620000.0,321406000.0,3.77,0.34,618047000.0,0.0,618047000.0,618047000.0,58317000.0,299563000.0,0.0,0.0,0.0,475149000.0,774712000.0,0.353,774712000.0,475149000.0,456624000.0,1.8,1.78,1.8,3120878000.0,3058383750.0,3120878000.0,9727821096.0,20.0,12.557,348469000.0,1.953,1.0,1471828000.0,0.67,1306339000.0,18525000.0,2871479000.0,2857727750.0,0.0,1234762000.0,460088000.0,774674000.0,1060806000.0,332440000.0,728366000.0,9364927096.0,50823000.0,-141147000.0,-240815000.0,0.0,0.0,-297029000.0,-435564000.0,153060000.0,793452000.0,-10036000.0,321406000.0,321406000.0,321406000.0,0.0,0.0,0.146,1005678000.0,466150000.0,61982000.0,0.0,3.001,29.137,29.239,753180000.0,0.0,52.63,4.262,4.273,380399000.0,-1276861000.0,2197448000.0,2197448000.0,148591000.0,0.078,0.105,0.166,0.216,126677000.0,829253000.0,1.0,177938953.0,178391000,180415000.0,12.318,2875345000.0,4700000.0,135218000.0,12888000.0,16.118,920748000.0
23,AKAM,MRT,2015-09-30,2015-09-30,2015-09-30,2021-08-07,-33519000.0,4184809000.0,4076093250.0,1210985000.0,2973824000.0,0.529,17.282,-458466000.0,256471000.0,256471000.0,695609000.0,330093000.0,3.647,0.356,619365000.0,0.0,619365000.0,619365000.0,60096000.0,286997000.0,0.0,0.0,0.0,488414000.0,775411000.0,0.36,775411000.0,488414000.0,470006000.0,1.85,1.82,1.85,3085663000.0,3014498000.0,3085663000.0,12690822031.0,26.0,16.367,283435000.0,1.587,1.0,1458975000.0,0.677,1294478000.0,18408000.0,2921219000.0,2852365500.0,0.0,1248402000.0,411382000.0,837020000.0,1099146000.0,332006000.0,767140000.0,12333786031.0,42132000.0,-122445000.0,-178524000.0,0.0,0.0,-202058000.0,-485105000.0,100320000.0,741901000.0,-12606000.0,330093000.0,330093000.0,330093000.0,0.0,0.0,0.153,979423000.0,479552000.0,60902000.0,0.0,3.997,37.365,37.33,734540000.0,0.0,69.06,5.724,5.723,365957000.0,-1365281000.0,2154584000.0,2154584000.0,143334000.0,0.081,0.11,0.171,0.227,87031000.0,806885000.0,1.0,178595222.0,178547000,180364000.0,12.067,2890331000.0,63462000.0,139913000.0,49925000.0,16.188,878979000.0
24,AKAM,MRT,2015-06-30,2015-06-30,2015-06-30,2021-08-07,-24379000.0,4131105000.0,3993463750.0,1151476000.0,2979629000.0,0.526,17.043,-397184000.0,257448000.0,257448000.0,671217000.0,333208000.0,3.307,0.357,614484000.0,0.0,614484000.0,614484000.0,60759000.0,279627000.0,0.0,0.0,0.0,491859000.0,771486000.0,0.367,771486000.0,491859000.0,473599000.0,1.87,1.83,1.87,3045312000.0,2955177250.0,3045312000.0,12744061576.0,26.0,16.519,335391000.0,1.877,1.0,1430379000.0,0.681,1301677000.0,18260000.0,2838222000.0,2809207500.0,0.0,1267507000.0,386055000.0,881452000.0,1085793000.0,348242000.0,737551000.0,12466971576.0,3283000.0,-122945000.0,-141602000.0,0.0,0.0,-164868000.0,-548548000.0,-30227000.0,732575000.0,-15876000.0,333208000.0,333208000.0,333208000.0,0.0,0.0,0.159,946277000.0,484102000.0,85311000.0,0.0,4.094,37.415,37.337,704571000.0,0.0,69.82,5.932,5.936,342930000.0,-1453321000.0,2101596000.0,2101596000.0,137521000.0,0.083,0.113,0.175,0.234,81810000.0,778036000.0,1.0,178558745.0,178682000,180738000.0,11.762,2829428000.0,47568000.0,140391000.0,38833000.0,15.835,803234000.0
25,AKAM,MRT,2015-03-31,2015-03-31,2015-03-31,2021-08-07,-23913000.0,3986913000.0,3902851750.0,1241579000.0,2745334000.0,0.522,16.7,-371690000.0,332557000.0,332557000.0,640625000.0,338894000.0,4.61,0.337,609647000.0,0.0,609647000.0,609647000.0,59483000.0,264350000.0,0.0,0.0,0.0,497855000.0,762205000.0,0.374,762205000.0,497855000.0,479757000.0,1.9,1.86,1.9,2981682000.0,2887035250.0,2981682000.0,13072338724.0,26.0,17.151,297086000.0,1.664,1.0,1396283000.0,0.685,1194681000.0,18098000.0,2799991000.0,2756732000.0,0.0,1182582000.0,380728000.0,801854000.0,1005231000.0,269331000.0,735900000.0,12706137724.0,83831000.0,-15947000.0,-147960000.0,-868000.0,0.0,-175694000.0,-391210000.0,-10068000.0,668776000.0,-18041000.0,338894000.0,338894000.0,338894000.0,0.0,0.0,0.166,906090000.0,490193000.0,67637000.0,0.0,4.261,37.493,37.395,666093000.0,0.0,71.05,6.238,6.228,356629000.0,-1520521000.0,2036908000.0,2036908000.0,132880000.0,0.087,0.117,0.181,0.244,86363000.0,740725000.0,1.0,178833747.0,178545000,180825000.0,11.408,2792232000.0,43516000.0,140863000.0,44580000.0,15.639,972248000.0
26,AKAM,MRT,2014-12-31,2014-12-31,2014-12-31,2021-08-07,-17611000.0,4001546000.0,3818996500.0,1262555000.0,2738991000.0,0.514,16.521,-318627000.0,238650000.0,238650000.0,610943000.0,333948000.0,3.78,0.359,604851000.0,0.0,604851000.0,604851000.0,53508000.0,247406000.0,0.0,0.0,0.0,495239000.0,742645000.0,0.378,742645000.0,495239000.0,479776000.0,1.87,1.84,1.87,2945335000.0,2819651000.0,2945335000.0,11592258973.0,23.0,15.609,339443000.0,1.904,1.0,1352931000.0,0.689,1183706000.0,15463000.0,2850030000.0,2691957500.0,0.0,1389634000.0,519642000.0,869992000.0,1056211000.0,334011000.0,722200000.0,11206499973.0,-95241000.0,-386532000.0,-181538000.0,660873000.0,0.0,436027000.0,-1178806000.0,-479392000.0,658070000.0,-10532000.0,333948000.0,333948000.0,333948000.0,0.0,0.0,0.17,863412000.0,489519000.0,77412000.0,0.0,3.805,33.558,33.668,601591000.0,0.0,62.96,5.706,5.715,329578000.0,-1598267000.0,1963874000.0,1963874000.0,125286000.0,0.087,0.118,0.184,0.252,79758000.0,704880000.0,1.0,177993964.0,178279000,181186000.0,11.016,2817840000.0,47659000.0,145828000.0,39299000.0,15.806,928544000.0
27,AKAM,MRT,2014-09-30,2014-09-30,2014-09-30,2021-08-07,-9545000.0,3854291000.0,3558031250.0,1152676000.0,2701615000.0,0.524,15.985,-289403000.0,214339000.0,214339000.0,581693000.0,317190000.0,3.822,0.353,600098000.0,0.0,600098000.0,600098000.0,54229000.0,229619000.0,0.0,0.0,0.0,473753000.0,703372000.0,0.377,703372000.0,473753000.0,462814000.0,1.78,1.74,1.78,2848380000.0,2740675000.0,2848380000.0,10995375294.0,23.0,15.632,344858000.0,1.935,1.0,1281866000.0,0.688,1189862000.0,10939000.0,2748587000.0,2360907750.0,0.0,1347420000.0,496573000.0,850847000.0,1005911000.0,301601000.0,704310000.0,10654155294.0,-20676000.0,-389769000.0,-189874000.0,660873000.0,0.0,418731000.0,-1068930000.0,-397672000.0,634261000.0,-4738000.0,317190000.0,317190000.0,317190000.0,0.0,0.0,0.17,812673000.0,469193000.0,74801000.0,0.0,3.74,33.589,33.596,559194000.0,0.0,59.8,5.717,5.718,326747000.0,-1695374000.0,1863559000.0,1863559000.0,119389000.0,0.089,0.116,0.201,0.254,79866000.0,662595000.0,1.0,178163132.0,178186000,180955000.0,10.459,2664429000.0,27374000.0,145624000.0,25099000.0,14.953,851075000.0
28,AKAM,MRT,2014-06-30,2014-06-30,2014-06-30,2021-08-07,2497000.0,3768657000.0,3315739750.0,1199667000.0,2568990000.0,0.531,15.57,-277675000.0,254165000.0,254165000.0,554920000.0,305791000.0,4.235,0.359,595385000.0,0.0,595385000.0,595385000.0,52238000.0,210158000.0,0.0,0.0,0.0,452366000.0,662524000.0,0.376,662524000.0,452366000.0,445909000.0,1.72,1.68,1.72,2772744000.0,2664362500.0,2772744000.0,11210733395.0,25.0,16.921,341192000.0,1.916,1.0,1206387000.0,0.685,1198265000.0,6457000.0,2628320000.0,2057164000.0,0.0,1238237000.0,502608000.0,735629000.0,995913000.0,283292000.0,712621000.0,10868745395.0,49300000.0,-417269000.0,-171683000.0,660873000.0,0.0,444253000.0,-1017719000.0,-322537000.0,618867000.0,3899000.0,305791000.0,305791000.0,305791000.0,0.0,0.0,0.174,757912000.0,448475000.0,70534000.0,0.0,3.92,35.543,35.5,536637000.0,0.0,61.06,6.171,6.174,325385000.0,-1786529000.0,1761307000.0,1761307000.0,111663000.0,0.092,0.115,0.22,0.257,72104000.0,618920000.0,1.0,178001071.0,178081000,180841000.0,9.89,2570392000.0,31779000.0,140118000.0,40385000.0,14.434,916375000.0
29,AKAM,MRT,2014-03-31,2014-03-31,2014-03-31,2021-08-07,-1637000.0,3651492000.0,3054893000.0,1127300000.0,2524192000.0,0.544,15.177,-283510000.0,248726000.0,248726000.0,530307000.0,294800000.0,4.617,0.346,590714000.0,0.0,590714000.0,590714000.0,52540000.0,195572000.0,0.0,0.0,0.0,438495000.0,634067000.0,0.381,634067000.0,438495000.0,436554000.0,1.66,1.62,1.66,2712145000.0,2583144750.0,2712145000.0,10058685602.0,23.0,15.864,276197000.0,1.546,1.0,1133071000.0,0.681,1208401000.0,1941000.0,2540893000.0,1774054750.0,0.0,1170675000.0,449404000.0,721271000.0,939347000.0,244186000.0,695161000.0,10392576602.0,83451000.0,-417304000.0,-138616000.0,661741000.0,0.0,483375000.0,-959327000.0,-255053000.0,559707000.0,-304000.0,294800000.0,294800000.0,294800000.0,0.0,0.0,0.177,699444000.0,433627000.0,61707000.0,0.0,3.832,35.253,35.066,503601000.0,0.0,58.21,6.248,6.254,301954000.0,-1859415000.0,1663378000.0,1663378000.0,100208000.0,0.097,0.114,0.247,0.264,64207000.0,574754000.0,1.0,178535932.0,178705000,182038000.0,9.308,2443091000.0,40494000.0,141754000.0,28445000.0,13.671,883114000.0
30,AKAM,MRT,2013-12-31,2013-12-31,2013-12-31,2021-08-07,-2091000.0,2957685000.0,2803686750.0,1029714000.0,1927971000.0,0.563,14.756,-260073000.0,333891000.0,333891000.0,511087000.0,293487000.0,3.913,0.125,0.0,0.0,0.0,0.0,40151000.0,184431000.0,0.0,0.0,0.0,419554000.0,603985000.0,0.383,603985000.0,419554000.0,419554000.0,1.65,1.61,1.65,2629431000.0,2501302750.0,2629431000.0,8209120002.0,20.0,13.592,303835000.0,1.705,1.0,1066835000.0,0.676,834797000.0,0.0,1525831000.0,1505261250.0,0.0,913031000.0,340005000.0,573026000.0,328254000.0,263166000.0,65088000.0,8444135002.0,131902000.0,-30657000.0,-96712000.0,0.0,0.0,-115243000.0,-313108000.0,-19750000.0,563908000.0,-3655000.0,293487000.0,293487000.0,293487000.0,0.0,0.0,0.186,652867000.0,413968000.0,73710000.0,0.0,3.211,28.772,28.594,450287000.0,0.0,47.18,5.351,5.328,271988000.0,-1932215000.0,1577922000.0,1577922000.0,93879000.0,0.105,0.117,0.279,0.266,73083000.0,535598000.0,1.0,178977003.0,178196000,181783000.0,8.855,2122888000.0,24059000.0,126067000.0,4737000.0,11.913,766548000.0
31,AKAM,MRT,2013-09-30,2013-09-30,2013-09-30,2021-08-07,-5434000.0,2885125000.0,2714422250.0,910642000.0,1974483000.0,0.56,14.268,-258917000.0,235015000.0,235015000.0,516630000.0,281430000.0,3.19,0.134,0.0,0.0,0.0,0.0,39668000.0,189415000.0,0.0,0.0,0.0,400187000.0,589602000.0,0.388,589602000.0,400187000.0,400187000.0,1.59,1.54,1.59,2543130000.0,2430383500.0,2543130000.0,9005947442.0,23.0,15.275,285972000.0,1.604,1.0,1003184000.0,0.66,831074000.0,0.0,1533612000.0,1470663250.0,0.0,951504000.0,331300000.0,620204000.0,341995000.0,285424000.0,56571000.0,9210812442.0,52365000.0,-58070000.0,-76455000.0,0.0,0.0,-89560000.0,-397454000.0,-76980000.0,544889000.0,-5510000.0,281430000.0,281430000.0,281430000.0,0.0,0.0,0.185,609234000.0,393950000.0,49073000.0,0.0,3.622,32.729,32.516,424605000.0,0.0,51.7,6.06,6.063,256453000.0,-2012564000.0,1519814000.0,1519814000.0,87730000.0,0.104,0.116,0.272,0.263,70038000.0,498217000.0,1.0,178158848.0,178235000,181922000.0,8.527,2054051000.0,41094000.0,118757000.0,0.0,11.524,625218000.0
32,AKAM,MRT,2013-06-30,2013-06-30,2013-06-30,2021-08-07,-10955000.0,2725270000.0,2628004500.0,859384000.0,1865886000.0,0.559,13.761,-259017000.0,204865000.0,204865000.0,518812000.0,249905000.0,3.793,0.113,0.0,0.0,0.0,0.0,34914000.0,194918000.0,0.0,0.0,0.0,381024000.0,575942000.0,0.392,575942000.0,381024000.0,381024000.0,1.41,1.37,1.41,2447873000.0,2359585500.0,2447873000.0,7395879445.0,19.0,12.841,263236000.0,1.48,1.0,950533000.0,0.647,797948000.0,0.0,1495883000.0,1422237250.0,0.0,913547000.0,326077000.0,587470000.0,277397000.0,226574000.0,50823000.0,7561154445.0,21869000.0,-44962000.0,-98318000.0,0.0,0.0,-112349000.0,-383579000.0,-80050000.0,522253000.0,-4456000.0,249905000.0,249905000.0,249905000.0,0.0,0.0,0.17,575945000.0,374588000.0,50370000.0,0.0,3.089,30.256,30.177,405653000.0,0.0,42.55,5.146,5.151,237286000.0,-2092320000.0,1469345000.0,1469345000.0,82224000.0,0.095,0.106,0.268,0.259,74184000.0,469981000.0,1.0,177700457.0,177891000,181388000.0,8.26,1927322000.0,34949000.0,131119000.0,0.0,10.834,632810000.0
33,AKAM,MRT,2013-03-31,2013-03-31,2013-03-31,2021-08-07,-5583000.0,2646667000.0,2558081000.0,831653000.0,1815014000.0,0.556,13.405,-238200000.0,165275000.0,165275000.0,525367000.0,232249000.0,3.925,0.11,0.0,0.0,0.0,0.0,36680000.0,200904000.0,0.0,0.0,0.0,351471000.0,552375000.0,0.388,552375000.0,351471000.0,351471000.0,1.31,1.27,1.31,2384777000.0,2301275500.0,2384777000.0,6080809986.0,17.0,11.008,292541000.0,1.644,1.0,897178000.0,0.631,803764000.0,0.0,1465719000.0,1374017500.0,0.0,917159000.0,347951000.0,569208000.0,261890000.0,211909000.0,49981000.0,6282798986.0,20551000.0,-45042000.0,-125433000.0,0.0,0.0,-142063000.0,-365142000.0,-82712000.0,530741000.0,-2985000.0,232249000.0,232249000.0,232249000.0,0.0,0.0,0.163,553082000.0,344096000.0,57574000.0,0.0,2.635,27.052,26.962,369555000.0,0.0,35.32,4.417,4.417,232328000.0,-2154215000.0,1422545000.0,1422545000.0,79169000.0,0.091,0.101,0.256,0.247,78872000.0,450881000.0,1.0,177882191.0,177899000,181562000.0,7.996,1842903000.0,34134000.0,119222000.0,0.0,10.359,619744000.0
34,AKAM,MRT,2012-12-31,2012-12-31,2012-12-31,2021-08-07,-1640000.0,2600627000.0,2499943750.0,728384000.0,1872243000.0,0.55,13.186,-220965000.0,201989000.0,201989000.0,529900000.0,203989000.0,3.589,0.109,0.0,0.0,0.0,0.0,28856000.0,204163000.0,0.0,0.0,0.0,321591000.0,525754000.0,0.383,525754000.0,321591000.0,321591000.0,1.15,1.12,1.15,2345754000.0,2255378250.0,2345754000.0,7077559580.0,22.0,13.462,309055000.0,1.737,1.0,844047000.0,0.614,808255000.0,0.0,1387439000.0,1338015000.0,0.0,893251000.0,235592000.0,657659000.0,254873000.0,202944000.0,51929000.0,7260209580.0,-357208000.0,-336680000.0,-96354000.0,0.0,0.0,-108029000.0,-779110000.0,-222277000.0,530020000.0,-89000.0,203989000.0,203989000.0,203989000.0,0.0,0.0,0.148,529560000.0,314487000.0,43291000.0,0.0,3.095,35.591,35.574,345091000.0,0.0,40.91,5.284,5.297,218777000.0,-2225702000.0,1373947000.0,1373947000.0,74744000.0,0.082,0.09,0.24,0.234,67570000.0,433448000.0,1.0,177467846.0,177900000,181749000.0,7.723,1792372000.0,41849000.0,117602000.0,0.0,10.075,525440000.0
35,AKAM,MRT,2012-09-30,2012-09-30,2012-09-30,2021-08-07,483000.0,2539454000.0,2436162250.0,753689000.0,1785765000.0,0.542,12.735,-198807000.0,182650000.0,182650000.0,572112000.0,195778000.0,3.54,0.124,0.0,0.0,0.0,0.0,30024000.0,192853000.0,0.0,0.0,0.0,312217000.0,505070000.0,0.383,505070000.0,312217000.0,312217000.0,1.09,1.08,1.09,2259938000.0,2208002250.0,2259938000.0,6600750231.0,21.0,13.069,308130000.0,1.736,1.0,747703000.0,0.567,803976000.0,0.0,1339908000.0,1276058250.0,0.0,875684000.0,282579000.0,593105000.0,279516000.0,212920000.0,66596000.0,6783746231.0,-172949000.0,-306030000.0,-142224000.0,0.0,0.0,-152251000.0,-527058000.0,-22705000.0,506937000.0,-577000.0,195778000.0,195778000.0,195778000.0,0.0,0.0,0.148,449618000.0,298085000.0,52749000.0,0.0,3.002,34.65,35.101,331218000.0,0.0,38.26,5.14,5.144,236232000.0,-2293994000.0,1319815000.0,1319815000.0,69564000.0,0.08,0.089,0.245,0.237,68768000.0,355385000.0,1.0,177306488.0,177455000,181053000.0,7.437,1735478000.0,48545000.0,116439000.0,0.0,9.78,540769000.0
36,AKAM,MRT,2012-06-30,2012-06-30,2012-06-30,2021-08-07,-4108000.0,2445576000.0,2376788000.0,756605000.0,1688971000.0,0.529,12.404,-185923000.0,182996000.0,182996000.0,531175000.0,189832000.0,4.562,0.104,0.0,0.0,0.0,0.0,27914000.0,181157000.0,0.0,0.0,0.0,298853000.0,480010000.0,0.382,480010000.0,298853000.0,298853000.0,1.05,1.04,1.05,2214633000.0,2173520500.0,2214633000.0,5544418006.0,19.0,11.551,302051000.0,1.692,1.0,725175000.0,0.577,793724000.0,0.0,1303004000.0,1267297250.0,0.0,835449000.0,313564000.0,521885000.0,230943000.0,165852000.0,65091000.0,5689142006.0,-22633000.0,-291638000.0,-270834000.0,0.0,0.0,-282594000.0,-221854000.0,256202000.0,487974000.0,-6159000.0,189832000.0,189832000.0,189832000.0,0.0,0.0,0.151,441916000.0,283259000.0,44546000.0,0.0,2.569,29.969,30.238,315866000.0,0.0,31.75,4.528,4.512,206316000.0,-2342225000.0,1256350000.0,1256350000.0,63755000.0,0.08,0.087,0.236,0.238,63204000.0,354530000.0,1.0,179185575.0,178547000,181817000.0,7.037,1651852000.0,49626000.0,109021000.0,0.0,9.252,590753000.0
37,AKAM,MRT,2012-03-31,2012-03-31,2012-03-31,2021-08-07,-307000.0,2414118000.0,2366431250.0,679541000.0,1734577000.0,0.508,12.358,-173063000.0,144724000.0,144724000.0,489562000.0,193514000.0,4.575,0.097,0.0,0.0,0.0,0.0,25419000.0,172378000.0,0.0,0.0,0.0,305306000.0,477684000.0,0.397,477684000.0,305306000.0,305306000.0,1.06,1.05,1.06,2201188000.0,2176941000.0,2201188000.0,5966094195.0,20.0,12.49,277207000.0,1.556,1.0,712471000.0,0.593,799147000.0,0.0,1321709000.0,1329799000.0,0.0,833996000.0,259818000.0,574178000.0,212930000.0,148538000.0,64392000.0,6525291195.0,-72450000.0,-292013000.0,-259884000.0,0.0,0.0,-272407000.0,-246345000.0,219226000.0,450270000.0,-3968000.0,193514000.0,193514000.0,193514000.0,0.0,0.0,0.161,422991000.0,289480000.0,32944000.0,0.0,2.964,33.72,34.623,303518000.0,0.0,36.7,5.429,5.438,215855000.0,-2386464000.0,1202033000.0,1202033000.0,57219000.0,0.082,0.089,0.23,0.254,48992000.0,343266000.0,1.0,177800850.0,178120000,182342000.0,6.748,1614971000.0,49718000.0,111792000.0,0.0,9.067,531003000.0
38,AKAM,MRT,2011-12-31,2011-12-31,2011-12-31,2021-08-07,-1259000.0,2345501000.0,2356601500.0,1122020000.0,1223481000.0,0.492,11.727,-175939000.0,559197000.0,559197000.0,453705000.0,200904000.0,7.561,0.088,0.0,0.0,0.0,0.0,23814000.0,167878000.0,0.0,0.0,0.0,307195000.0,475073000.0,0.41,475073000.0,307195000.0,307195000.0,1.09,1.07,1.09,2156250000.0,2179191000.0,2156250000.0,5436439684.0,18.0,11.443,270339000.0,1.47,1.0,704833000.0,0.608,498300000.0,0.0,1139612000.0,1377481000.0,0.0,670758000.0,290029000.0,380729000.0,189251000.0,148392000.0,40859000.0,5792038684.0,327331000.0,-550000.0,-298768000.0,0.0,0.0,-294038000.0,177350000.0,354113000.0,446278000.0,-2259000.0,200904000.0,200904000.0,200904000.0,0.0,0.0,0.173,414184000.0,290649000.0,38247000.0,0.0,2.686,28.83,29.615,293043000.0,0.0,32.28,4.999,5.123,210936000.0,-2429691000.0,1158538000.0,1158538000.0,52333000.0,0.085,0.092,0.223,0.265,48182000.0,339895000.0,1.0,179431186.0,183866000,187556000.0,6.301,1847201000.0,49929000.0,106291000.0,0.0,10.046,973628000.0
39,AKAM,MRT,2011-09-30,2011-09-30,2011-09-30,2021-08-07,-9299000.0,2301957000.0,2358395250.0,924479000.0,1377478000.0,0.475,11.59,-184733000.0,355599000.0,355599000.0,358276000.0,193333000.0,6.657,0.085,0.0,0.0,0.0,0.0,26256000.0,163357000.0,0.0,0.0,0.0,293174000.0,456531000.0,0.408,456531000.0,293174000.0,293026000.0,1.05,1.01,1.05,2122011000.0,2184529750.0,2122011000.0,3459791684.0,12.0,7.578,242274000.0,1.323,1.0,761210000.0,0.68,502616000.0,148000.0,1304864000.0,1457650250.0,0.0,835396000.0,331967000.0,503429000.0,179946000.0,138878000.0,41068000.0,3665420684.0,158032000.0,-1008000.0,-247902000.0,0.0,0.0,-235528000.0,-32278000.0,152912000.0,427007000.0,-1169000.0,193333000.0,193333000.0,193333000.0,0.0,0.0,0.173,477551000.0,283659000.0,30349000.0,0.0,1.727,18.959,18.933,285476000.0,0.0,19.88,3.274,3.251,182665000.0,-2489772000.0,1119486000.0,1119486000.0,50917000.0,0.082,0.089,0.201,0.262,42906000.0,409455000.0,1.0,184377298.0,183085000,185704000.0,6.115,1799341000.0,83910000.0,99693000.0,0.0,9.828,785601000.0
40,AKAM,MRT,2011-06-30,2011-06-30,2011-06-30,2021-08-07,298000.0,2404149000.0,2348594000.0,750953000.0,1653196000.0,0.465,11.941,-179507000.0,205629000.0,205629000.0,342804000.0,190757000.0,5.414,0.079,0.0,0.0,0.0,0.0,25845000.0,158075000.0,0.0,0.0,0.0,285561000.0,443636000.0,0.407,443636000.0,285561000.0,285191000.0,1.04,0.99,1.04,2228315000.0,2162563750.0,2228315000.0,5658495259.0,20.0,12.755,249174000.0,1.335,1.0,748377000.0,0.686,506801000.0,370000.0,1553011000.0,1482176000.0,0.0,1079844000.0,291647000.0,788197000.0,175834000.0,138708000.0,37126000.0,5875669259.0,85123000.0,-1208000.0,-105512000.0,0.0,0.0,-82119000.0,-267865000.0,-87701000.0,428681000.0,6426000.0,190757000.0,190757000.0,190757000.0,0.0,0.0,0.175,471009000.0,277368000.0,29053000.0,0.0,2.637,30.802,30.26,274377000.0,0.0,31.47,5.385,5.382,178260000.0,-2532057000.0,1091181000.0,1091181000.0,51610000.0,0.081,0.088,0.193,0.262,37508000.0,402433000.0,1.0,186706999.0,186612000,190179000.0,5.847,1897348000.0,102350000.0,94434000.0,0.0,10.167,612245000.0
41,AKAM,MRT,2011-03-31,2011-03-31,2011-03-31,2021-08-07,-2458000.0,2374799000.0,2298306250.0,816814000.0,1557985000.0,0.461,11.829,-202912000.0,217174000.0,217174000.0,324997000.0,180959000.0,6.091,0.074,0.0,0.0,0.0,0.0,24389000.0,151416000.0,0.0,0.0,0.0,269396000.0,420812000.0,0.397,420812000.0,269396000.0,268408000.0,1.0,0.94,1.0,2210188000.0,2098757000.0,2210188000.0,6879850302.0,26.0,16.349,200301000.0,1.072,1.0,734513000.0,0.693,511093000.0,988000.0,1512437000.0,1449527500.0,0.0,1040063000.0,346395000.0,693668000.0,164611000.0,134095000.0,30516000.0,7111716302.0,43950000.0,-12843000.0,-68169000.0,0.0,0.0,-33357000.0,-329704000.0,-114500000.0,403213000.0,3798000.0,180959000.0,180959000.0,180959000.0,0.0,0.0,0.171,473538000.0,260975000.0,28548000.0,0.0,3.218,39.3,38.0,266968000.0,0.0,38.0,6.712,6.701,169656000.0,-2579978000.0,1059510000.0,1059510000.0,54181000.0,0.079,0.086,0.186,0.254,38260000.0,402531000.0,1.0,187150429.0,186849000,191383000.0,5.67,1863706000.0,102965000.0,87449000.0,0.0,9.974,682719000.0
42,AKAM,MRT,2010-12-31,2010-12-31,2010-12-31,2021-08-07,-5741000.0,2352676000.0,2233777250.0,858467000.0,1494209000.0,0.458,12.281,-191869000.0,231866000.0,231866000.0,303403000.0,171220000.0,5.914,0.08,0.0,0.0,0.0,0.0,27450000.0,143242000.0,0.0,0.0,0.0,264069000.0,407311000.0,0.398,407311000.0,264069000.0,262372000.0,0.97,0.9,0.97,2177605000.0,1991322250.0,2177605000.0,8440239866.0,32.0,20.722,210586000.0,1.188,1.0,720183000.0,0.704,515370000.0,1697000.0,1460289000.0,1401521500.0,0.0,1011536000.0,375005000.0,636531000.0,175071000.0,145151000.0,29920000.0,8579186865.0,50561000.0,-12668000.0,-46649000.0,0.0,0.0,-17676000.0,-335359000.0,-131160000.0,402455000.0,1141000.0,171220000.0,171220000.0,171220000.0,0.0,0.0,0.167,465906000.0,254277000.0,26375000.0,0.0,3.94,50.106,48.505,255929000.0,0.0,47.05,8.382,8.15,175366000.0,-2630595000.0,1023586000.0,1023586000.0,54766000.0,0.077,0.086,0.188,0.258,47495000.0,394483000.0,1.0,182341910.0,177309000,190650000.0,5.773,1837306000.0,103427000.0,91152000.0,0.0,10.362,713316000.0
43,AKAM,MRT,2010-09-30,2010-09-30,2010-09-30,2021-08-07,-5389000.0,2262752000.0,2167485750.0,855808000.0,1406944000.0,0.451,11.21,-172476000.0,197567000.0,197567000.0,284706000.0,158790000.0,4.254,0.112,58620000.0,58620000.0,0.0,58620000.0,29807000.0,136686000.0,0.0,0.0,0.0,255214000.0,391900000.0,0.401,391900000.0,255214000.0,252956000.0,0.91,0.84,0.91,2034147000.0,1881601500.0,2034147000.0,9056017280.0,35.0,23.108,244489000.0,1.347,1.0,692497000.0,0.709,519673000.0,2258000.0,1402967000.0,1351711000.0,0.0,992638000.0,410029000.0,582609000.0,228605000.0,201165000.0,27440000.0,9112961280.0,-5235000.0,-12210000.0,-40144000.0,0.0,0.0,-16900000.0,-406839000.0,-222161000.0,416965000.0,1539000.0,158790000.0,158790000.0,158790000.0,0.0,0.0,0.162,448344000.0,244153000.0,29649000.0,0.0,4.48,57.39,55.143,239508000.0,0.0,50.18,9.326,9.318,158115000.0,-2683105000.0,977203000.0,977203000.0,53511000.0,0.073,0.084,0.189,0.261,51527000.0,378301000.0,1.0,181605446.0,181457000,191271000.0,5.385,1743079000.0,66627000.0,94166000.0,0.0,9.606,654643000.0
44,AKAM,MRT,2010-06-30,2010-06-30,2010-06-30,2021-08-07,-13118000.0,2202998000.0,2108965500.0,778167000.0,1424831000.0,0.441,11.384,-161587000.0,120506000.0,120506000.0,268881000.0,151826000.0,3.894,0.117,63562000.0,63562000.0,0.0,63562000.0,34684000.0,131772000.0,0.0,0.0,0.0,248283000.0,380055000.0,0.409,380055000.0,248283000.0,245537000.0,0.88,0.81,0.88,1973088000.0,1797676250.0,1973088000.0,7009358971.0,28.0,18.443,242658000.0,1.4,1.0,661271000.0,0.711,523803000.0,2746000.0,1422417000.0,1349226500.0,0.0,991769000.0,383682000.0,608087000.0,229910000.0,199834000.0,30076000.0,6982857971.0,-200577000.0,-12010000.0,-60259000.0,0.0,0.0,-45758000.0,-556981000.0,-383495000.0,404245000.0,-2083000.0,151826000.0,151826000.0,151826000.0,0.0,0.0,0.163,425415000.0,235856000.0,33529000.0,0.0,3.539,45.993,46.102,227888000.0,0.0,40.57,7.507,7.559,164574000.0,-2722814000.0,930152000.0,930152000.0,50180000.0,0.072,0.084,0.184,0.267,55293000.0,358730000.0,1.0,172118757.0,173317000,190479000.0,5.367,1679195000.0,89376000.0,93711000.0,0.0,9.689,578333000.0
45,AKAM,MRT,2010-03-31,2010-03-31,2010-03-31,2021-08-07,-12462000.0,2116683000.0,2055458500.0,854425000.0,1262258000.0,0.433,10.406,-120156000.0,173224000.0,173224000.0,257050000.0,149710000.0,2.763,0.189,199725000.0,199725000.0,0.0,199725000.0,33988000.0,126776000.0,0.0,0.0,0.0,246969000.0,373745000.0,0.42,373745000.0,246969000.0,244131000.0,0.87,0.8,0.87,1780449000.0,1724627000.0,1780449000.0,5425370315.0,22.0,14.516,301540000.0,1.762,1.0,632384000.0,0.711,513512000.0,2838000.0,1320413000.0,1306477500.0,0.0,923157000.0,431898000.0,491259000.0,336234000.0,309259000.0,26975000.0,5406920315.0,-41986000.0,1350000.0,-66736000.0,0.0,0.0,-61652000.0,-403617000.0,-285052000.0,421696000.0,1587000.0,149710000.0,149710000.0,149710000.0,0.0,0.0,0.168,398973000.0,233411000.0,25953000.0,0.0,3.037,36.116,36.115,190211000.0,0.0,31.42,6.079,6.044,148696000.0,-2760937000.0,889434000.0,889434000.0,45981000.0,0.073,0.087,0.189,0.278,57754000.0,336401000.0,1.0,172085306.0,171101000,189013000.0,5.198,1603171000.0,110978000.0,94421000.0,0.0,9.37,545166000.0
46,AKAM,MRT,2009-12-31,2009-12-31,2009-12-31,2021-08-07,-10682000.0,2087510000.0,2011115750.0,761173000.0,1326337000.0,0.428,10.143,-108054000.0,181305000.0,181305000.0,249938000.0,145913000.0,2.326,0.201,199755000.0,199755000.0,0.0,199755000.0,36861000.0,122494000.0,0.0,0.0,0.0,240071000.0,362565000.0,0.422,362565000.0,240071000.0,237232000.0,0.85,0.78,0.85,1738722000.0,1687350250.0,1738722000.0,4337174288.0,18.0,11.962,316358000.0,1.845,1.0,609835000.0,0.709,517620000.0,2839000.0,1261047000.0,1302040000.0,0.0,880179000.0,385436000.0,494743000.0,348788000.0,327293000.0,21495000.0,4340221288.0,25231000.0,-4429000.0,-44773000.0,0.0,0.0,-42537000.0,-357498000.0,-245248000.0,424412000.0,854000.0,145913000.0,145913000.0,145913000.0,0.0,0.0,0.17,386355000.0,223480000.0,23997000.0,0.0,2.496,29.745,29.812,182404000.0,0.0,25.34,5.048,5.052,154269000.0,-2801815000.0,859773000.0,859773000.0,43658000.0,0.073,0.086,0.184,0.279,56561000.0,325521000.0,1.0,171279451.0,171425000,188658000.0,5.015,1569890000.0,135668000.0,91319000.0,0.0,9.158,433880000.0
47,AKAM,MRT,2009-09-30,2009-09-30,2009-09-30,2021-08-07,-9527000.0,2028671000.0,1959476000.0,776572000.0,1252099000.0,0.426,9.893,-99301000.0,202802000.0,202802000.0,243046000.0,146366000.0,7.04,0.194,199755000.0,0.0,199755000.0,199755000.0,33377000.0,117373000.0,0.0,0.0,0.0,235587000.0,352960000.0,0.423,352960000.0,235587000.0,232736000.0,0.86,0.8,0.86,1698446000.0,1644862250.0,1698446000.0,3271626967.0,14.0,9.269,292715000.0,1.705,1.0,590976000.0,0.709,522290000.0,2851000.0,1393029000.0,1309284000.0,0.0,770474000.0,379268000.0,391206000.0,330225000.0,110305000.0,219920000.0,3392854967.0,60780000.0,-88148000.0,-35645000.0,0.0,0.0,-34131000.0,-298026000.0,-110810000.0,392016000.0,921000.0,146366000.0,146366000.0,146366000.0,0.0,0.0,0.175,374878000.0,216098000.0,24142000.0,0.0,1.998,23.181,22.884,179826000.0,0.0,19.68,4.068,4.051,152132000.0,-2841895000.0,834022000.0,834022000.0,41615000.0,0.075,0.089,0.18,0.282,56014000.0,314069000.0,1.0,172401167.0,171686000,188273000.0,4.858,1506381000.0,158788000.0,86370000.0,0.0,8.774,666267000.0
48,AKAM,MRT,2009-06-30,2009-06-30,2009-06-30,2021-08-07,-12500000.0,1988970000.0,1902522500.0,802266000.0,1186704000.0,0.434,9.741,-104572000.0,321083000.0,321083000.0,237718000.0,146981000.0,8.921,0.183,199855000.0,0.0,199855000.0,199855000.0,31576000.0,110378000.0,0.0,0.0,0.0,239586000.0,349964000.0,0.424,349964000.0,239586000.0,236761000.0,0.87,0.8,0.87,1680891000.0,1596784000.0,1680891000.0,3299400152.0,14.0,9.428,275419000.0,1.596,1.0,587151000.0,0.712,526393000.0,2825000.0,1251421000.0,1295137500.0,0.0,605695000.0,298943000.0,306752000.0,308079000.0,89928000.0,218151000.0,3314755152.0,155666000.0,-88148000.0,-2308000.0,0.0,0.0,-756000.0,-221573000.0,-28983000.0,379991000.0,-1996000.0,146981000.0,146981000.0,146981000.0,0.0,0.0,0.178,370029000.0,217122000.0,19279000.0,0.0,1.972,22.552,22.046,174742000.0,0.0,19.18,4.019,4.012,144537000.0,-2874640000.0,824869000.0,824869000.0,40654000.0,0.077,0.092,0.185,0.29,56486000.0,311111000.0,1.0,172823522.0,172561000,189556000.0,4.78,1462577000.0,178291000.0,89780000.0,0.0,8.476,712338000.0
49,AKAM,MRT,2009-03-31,2009-03-31,2009-03-31,2021-08-07,-19428000.0,1939312000.0,1844134250.0,638496000.0,1300816000.0,0.442,9.567,-110224000.0,215210000.0,215210000.0,231397000.0,145308000.0,7.019,0.189,199855000.0,0.0,199855000.0,199855000.0,29718000.0,104111000.0,0.0,0.0,0.0,237743000.0,341854000.0,0.42,341854000.0,237743000.0,234918000.0,0.87,0.8,0.87,1631342000.0,1542210500.0,1631342000.0,3351350457.0,14.0,9.803,235730000.0,1.382,1.0,582876000.0,0.716,530325000.0,2825000.0,1302663000.0,1298894500.0,0.0,633269000.0,238794000.0,394475000.0,307970000.0,90969000.0,217001000.0,3307569457.0,6715000.0,-89498000.0,21221000.0,0.0,0.0,29445000.0,-364627000.0,-164905000.0,345954000.0,-4057000.0,145308000.0,145308000.0,145308000.0,0.0,0.0,0.178,367833000.0,215043000.0,17391000.0,0.0,2.028,22.762,22.299,174651000.0,0.0,19.4,4.062,4.063,149280000.0,-2910647000.0,814273000.0,814273000.0,40795000.0,0.079,0.094,0.183,0.292,53491000.0,309521000.0,1.0,170493271.0,170519000,188183000.0,4.775,1408987000.0,200592000.0,89610000.0,0.0,8.263,547527000.0
50,AKAM,MRT,2008-12-31,2008-12-31,2008-12-31,2021-08-07,-24350000.0,1880951000.0,1784100500.0,501909000.0,1379042000.0,0.443,9.356,-115304000.0,156074000.0,156074000.0,222610000.0,145138000.0,4.996,0.199,199855000.0,0.0,199855000.0,199855000.0,12757000.0,98080000.0,0.0,0.0,0.0,237360000.0,335440000.0,0.424,335440000.0,237360000.0,234535000.0,0.87,0.79,0.87,1568770000.0,1483779750.0,1568770000.0,2609961316.0,11.0,7.781,228190000.0,1.361,1.0,568314000.0,0.719,534253000.0,2825000.0,1290023000.0,1262032750.0,0.0,615553000.0,174557000.0,440996000.0,312181000.0,100456000.0,211725000.0,2552128316.0,10996000.0,-83719000.0,21966000.0,0.0,0.0,33142000.0,-364440000.0,-165417000.0,343494000.0,-1200000.0,145138000.0,145138000.0,145138000.0,0.0,0.0,0.184,356050000.0,212264000.0,21165000.0,0.0,1.627,17.584,17.345,174483000.0,0.0,15.09,3.227,3.199,139612000.0,-2947728000.0,790924000.0,790924000.0,39243000.0,0.081,0.098,0.188,0.3,46723000.0,300393000.0,1.0,169127125.0,167673000,186685000.0,4.717,1346698000.0,228260000.0,89397000.0,0.0,8.032,401453000.0
51,AKAM,MRT,2008-09-30,2008-09-30,2008-09-30,2021-08-07,-19094000.0,1800857000.0,1727874500.0,463140000.0,1337717000.0,0.441,8.94,-110784000.0,142022000.0,142022000.0,211316000.0,140483000.0,5.556,0.196,199855000.0,0.0,199855000.0,199855000.0,11901000.0,90854000.0,0.0,0.0,0.0,235278000.0,326132000.0,0.428,326132000.0,235278000.0,232402000.0,0.85,0.77,0.85,1506133000.0,1431225250.0,1506133000.0,2983867221.0,13.0,9.149,211756000.0,1.257,1.0,550292000.0,0.723,438891000.0,2876000.0,1336443000.0,1232855000.0,0.0,646679000.0,159393000.0,487286000.0,294724000.0,83356000.0,211368000.0,2949429221.0,-10782000.0,0.0,28837000.0,0.0,0.0,42421000.0,-375318000.0,-264534000.0,322540000.0,-425000.0,140483000.0,140483000.0,140483000.0,0.0,0.0,0.184,341822000.0,208470000.0,26239000.0,0.0,1.958,20.995,20.518,174469000.0,0.0,17.44,3.873,3.858,126934000.0,-2988261000.0,761608000.0,761608000.0,39232000.0,0.081,0.098,0.191,0.309,44394000.0,289501000.0,1.0,169118648.0,168474000,187769000.0,4.521,1361966000.0,237254000.0,91919000.0,0.0,8.084,379784000.0
52,AKAM,MRT,2008-06-30,2008-06-30,2008-06-30,2021-08-07,-13146000.0,1755417000.0,1671315250.0,454217000.0,1301200000.0,0.434,8.736,-97675000.0,165417000.0,165417000.0,198468000.0,131387000.0,5.584,0.2,199855000.0,0.0,199855000.0,199855000.0,15738000.0,85526000.0,0.0,0.0,0.0,221403000.0,306929000.0,0.423,306929000.0,221403000.0,218440000.0,0.8,0.72,0.8,1462597000.0,1372641250.0,1462597000.0,5844439898.0,26.0,19.042,208434000.0,1.245,1.0,527033000.0,0.726,442064000.0,2963000.0,1266449000.0,1165980500.0,0.0,580225000.0,126280000.0,453945000.0,292820000.0,81342000.0,211478000.0,5853079898.0,65255000.0,0.0,32002000.0,0.0,0.0,47173000.0,-290412000.0,-193460000.0,306109000.0,2385000.0,131387000.0,131387000.0,131387000.0,0.0,0.0,0.181,334561000.0,192472000.0,25852000.0,0.0,4.002,44.548,43.487,158067000.0,0.0,34.79,8.068,8.028,125765000.0,-3021621000.0,725501000.0,725501000.0,40697000.0,0.079,0.096,0.19,0.305,45594000.0,281113000.0,1.0,168240296.0,167417000,187641000.0,4.333,1313353000.0,247768000.0,87053000.0,0.0,7.845,372875000.0
53,AKAM,MRT,2008-03-31,2008-03-31,2008-03-31,2021-08-07,-11267000.0,1699177000.0,1612454750.0,474927000.0,1224250000.0,0.424,8.421,-97064000.0,208495000.0,208495000.0,184539000.0,118699000.0,5.291,0.216,199855000.0,0.0,199855000.0,199855000.0,17151000.0,79693000.0,0.0,0.0,0.0,200907000.0,280600000.0,0.41,280600000.0,200907000.0,197882000.0,0.72,0.65,0.72,1397619000.0,1314567250.0,1397619000.0,4761133808.0,24.0,16.968,175026000.0,1.055,1.0,499612000.0,0.73,445555000.0,3025000.0,1155216000.0,1116560500.0,0.0,478599000.0,113771000.0,364828000.0,301558000.0,89766000.0,211792000.0,4706356808.0,84250000.0,2440000.0,29438000.0,-23000.0,0.0,42199000.0,-232850000.0,-138949000.0,272090000.0,2811000.0,118699000.0,118699000.0,118699000.0,0.0,0.0,0.173,328495000.0,171117000.0,23153000.0,0.0,3.367,39.65,39.111,145962000.0,0.0,28.16,6.879,6.831,122708000.0,-3055955000.0,684151000.0,684151000.0,42841000.0,0.074,0.09,0.18,0.294,48192000.0,273640000.0,1.0,167129148.0,165959000,185744000.0,4.122,1253622000.0,268525000.0,79183000.0,0.0,7.554,385161000.0
54,AKAM,MRT,2007-12-31,2007-12-31,2007-12-31,2021-08-07,3053000.0,1656047000.0,1554319750.0,695042000.0,961005000.0,0.409,8.337,-100462000.0,145078000.0,145078000.0,167444000.0,100967000.0,7.865,0.219,199855000.0,0.0,199855000.0,199855000.0,14448000.0,71895000.0,0.0,0.0,0.0,171291000.0,243186000.0,0.382,243186000.0,171291000.0,168205000.0,0.62,0.56,0.62,1358552000.0,1255492000.0,1358552000.0,5796351073.0,34.0,23.835,136492000.0,0.838,1.0,468962000.0,0.737,449137000.0,3086000.0,1173312000.0,1075101000.0,0.0,488430000.0,401091000.0,87339000.0,297495000.0,88375000.0,209120000.0,5749300073.0,64483000.0,7875000.0,31621000.0,-23000.0,0.0,52460000.0,-226707000.0,-134843000.0,236954000.0,1776000.0,100967000.0,100967000.0,100967000.0,0.0,0.0,0.159,324034000.0,144928000.0,18540000.0,0.0,4.232,56.942,55.806,134546000.0,0.0,34.6,9.034,8.86,118944000.0,-3092866000.0,636406000.0,636406000.0,44141000.0,0.065,0.08,0.159,0.269,45693000.0,268657000.0,1.0,166164742.0,162959000,185094000.0,3.905,1206910000.0,291610000.0,67238000.0,0.0,7.406,606667000.0
55,AKAM,MRT,2007-09-30,2007-09-30,2007-09-30,2021-08-07,2840000.0,1574620000.0,1452291000.0,570670000.0,1003950000.0,0.399,7.686,-107028000.0,152804000.0,152804000.0,146655000.0,85712000.0,6.04,0.238,199855000.0,0.0,199855000.0,199855000.0,13100000.0,63472000.0,0.0,0.0,0.0,144680000.0,208152000.0,0.36,208152000.0,144680000.0,141595000.0,0.53,0.48,0.53,1271797000.0,1154527250.0,1271797000.0,4857552424.0,34.0,23.337,81733000.0,0.494,1.0,432216000.0,0.747,458243000.0,3085000.0,1068945000.0,1026725500.0,0.0,413132000.0,284057000.0,129075000.0,302823000.0,94483000.0,208340000.0,4757754424.0,53681000.0,2748000.0,31853000.0,-23000.0,0.0,63051000.0,-200054000.0,-96497000.0,188761000.0,1923000.0,85712000.0,85712000.0,85712000.0,0.0,0.0,0.148,311931000.0,120285000.0,27464000.0,0.0,3.741,55.509,54.208,134185000.0,0.0,28.73,8.219,8.213,108205000.0,-3128744000.0,578871000.0,578871000.0,42816000.0,0.059,0.074,0.141,0.25,34506000.0,258667000.0,1.0,165602312.0,165474000,185106000.0,3.498,1116377000.0,277750000.0,55883000.0,0.0,6.747,476187000.0
56,AKAM,MRT,2007-06-30,2007-06-30,2007-06-30,2021-08-07,1454000.0,1519975000.0,1315559750.0,479626000.0,1040349000.0,0.402,7.466,-100162000.0,100162000.0,100162000.0,127828000.0,75467000.0,5.784,0.235,199960000.0,0.0,199960000.0,199960000.0,11716000.0,54752000.0,0.0,0.0,0.0,127092000.0,181844000.0,0.344,181844000.0,127092000.0,123922000.0,0.47,0.43,0.47,1230301000.0,1022001750.0,1230301000.0,8097536402.0,64.0,44.53,60302000.0,0.366,1.0,401298000.0,0.758,468077000.0,3170000.0,1068769000.0,988975750.0,0.0,403764000.0,256321000.0,147443000.0,289674000.0,82927000.0,206747000.0,8021821402.0,26660000.0,2748000.0,34204000.0,-23000.0,0.0,71799000.0,-206807000.0,-109393000.0,160464000.0,1204000.0,75467000.0,75467000.0,75467000.0,0.0,0.0,0.143,295023000.0,106275000.0,26349000.0,0.0,6.52,106.296,103.489,125777000.0,0.0,48.64,15.161,15.149,99157000.0,-3153008000.0,529126000.0,529126000.0,40270000.0,0.057,0.074,0.129,0.24,25714000.0,245197000.0,1.0,164922315.0,164798000,185601000.0,3.211,1051898000.0,294134000.0,48455000.0,0.0,6.383,396699000.0
57,AKAM,MRT,2007-03-31,2007-03-31,2007-03-31,2021-08-07,1846000.0,1466637000.0,1177935250.0,452845000.0,1013792000.0,0.405,7.188,-84697000.0,124245000.0,124245000.0,109264000.0,65085000.0,4.566,0.263,199960000.0,0.0,199960000.0,199960000.0,12746000.0,46741000.0,0.0,0.0,0.0,112568000.0,159309000.0,0.334,159309000.0,112568000.0,109397000.0,0.41,0.38,0.41,1161318000.0,887953000.0,1161318000.0,8158266359.0,72.0,51.21,67738000.0,0.419,1.0,367857000.0,0.771,453794000.0,3171000.0,989378000.0,945069500.0,0.0,355786000.0,217947000.0,137839000.0,305319000.0,99180000.0,206139000.0,8038861359.0,59223000.0,308000.0,29967000.0,0.0,0.0,68434000.0,-163323000.0,-78934000.0,152435000.0,1677000.0,65085000.0,65085000.0,65085000.0,0.0,0.0,0.136,275249000.0,92608000.0,35399000.0,0.0,6.922,123.513,121.756,109547000.0,0.0,49.92,16.849,16.905,86873000.0,-3174654000.0,477121000.0,477121000.0,36980000.0,0.055,0.073,0.119,0.236,20832000.0,229269000.0,1.0,161034883.0,161569000,183157000.0,2.953,1012843000.0,307712000.0,44312000.0,0.0,6.269,353665000.0
58,AKAM,MRT,2006-12-31,2006-12-31,2006-12-31,2021-08-07,1296000.0,1247932000.0,1044092500.0,374673000.0,873259000.0,0.411,6.145,-69328000.0,80595000.0,80595000.0,94100000.0,57401000.0,4.197,0.307,200000000.0,0.0,200000000.0,200000000.0,7525000.0,40585000.0,0.0,0.0,0.0,101640000.0,142225000.0,0.332,142225000.0,101640000.0,98469000.0,0.37,0.34,0.37,954693000.0,761375000.0,954693000.0,8410365826.0,83.0,59.134,63395000.0,0.408,1.0,334572000.0,0.78,298263000.0,3171000.0,979810000.0,912792750.0,0.0,353859000.0,189246000.0,164613000.0,293239000.0,89264000.0,203975000.0,8309488826.0,-11197000.0,-5127000.0,27918000.0,0.0,0.0,60429000.0,-205618000.0,-131563000.0,132723000.0,1269000.0,57401000.0,57401000.0,57401000.0,0.0,0.0,0.134,251466000.0,83106000.0,22630000.0,0.0,8.704,144.762,143.568,86623000.0,0.0,53.12,19.384,19.253,86232000.0,-3193833000.0,428672000.0,428672000.0,33102000.0,0.055,0.075,0.111,0.237,17045000.0,209880000.0,1.0,156428630.0,155366000,176767000.0,2.759,949669000.0,324852000.0,41068000.0,0.0,6.112,285409000.0
59,AKAM,MRT,2006-09-30,2006-09-30,2006-09-30,2021-08-07,1112000.0,1027695000.0,954984250.0,359468000.0,668227000.0,0.404,4.762,-54957000.0,99123000.0,99123000.0,81579000.0,62537000.0,4.404,0.386,200000000.0,0.0,200000000.0,200000000.0,7049000.0,36736000.0,0.0,0.0,0.0,92854000.0,129590000.0,0.336,129590000.0,92854000.0,89691000.0,0.35,0.33,0.35,741695000.0,678755250.0,741695000.0,7906866065.0,85.0,61.014,82113000.0,0.527,1.0,304047000.0,0.788,129007000.0,3163000.0,917946000.0,868101500.0,0.0,316959000.0,178584000.0,138375000.0,286000000.0,81619000.0,204381000.0,7780368065.0,65039000.0,0.0,227460000.0,-420000.0,0.0,246641000.0,-318911000.0,-264354000.0,137070000.0,239000.0,62537000.0,62537000.0,62537000.0,0.0,0.0,0.162,226280000.0,77767000.0,19926000.0,0.0,10.49,124.412,142.829,71923000.0,0.0,49.99,20.176,20.189,67375000.0,-3214456000.0,385626000.0,385626000.0,28943000.0,0.065,0.092,0.107,0.241,16757000.0,188604000.0,1.0,155638489.0,155739000,177063000.0,2.476,898688000.0,324353000.0,27154000.0,0.0,5.77,277849000.0
60,AKAM,MRT,2006-06-30,2006-06-30,2006-06-30,2021-08-07,620000.0,969477000.0,859820250.0,337089000.0,632388000.0,0.407,4.487,-47037000.0,73502000.0,73502000.0,71890000.0,320778000.0,4.764,0.397,200000000.0,0.0,200000000.0,200000000.0,8079000.0,33751000.0,0.0,0.0,0.0,84869000.0,118620000.0,0.339,118620000.0,84869000.0,81179000.0,2.22,1.96,2.22,694106000.0,587729500.0,694106000.0,5726803000.0,67.0,48.279,61042000.0,0.395,1.0,277954000.0,0.795,132074000.0,3690000.0,893144000.0,792608250.0,0.0,293980000.0,185759000.0,108221000.0,275371000.0,70757000.0,204614000.0,5591825000.0,22474000.0,0.0,222207000.0,-57205000.0,0.0,175868000.0,-261515000.0,-215080000.0,108079000.0,42000.0,320778000.0,320778000.0,320778000.0,0.0,0.0,0.917,203150000.0,74804000.0,17081000.0,0.0,8.056,17.432,16.302,63243000.0,0.0,36.19,15.984,16.003,63963000.0,-3228475000.0,349844000.0,349844000.0,25034000.0,0.373,0.546,0.107,0.243,12361000.0,169030000.0,1.0,154512987.0,154702000,175612000.0,2.261,837403000.0,324064000.0,-239599000.0,0.0,5.413,266332000.0
61,AKAM,MRT,2006-03-31,2006-03-31,2006-03-31,2021-08-07,524000.0,931266000.0,708633750.0,354193000.0,577073000.0,0.443,4.258,-42615000.0,65022000.0,65022000.0,63447000.0,325414000.0,4.943,0.422,200000000.0,0.0,200000000.0,200000000.0,8820000.0,28980000.0,0.0,0.0,0.0,81037000.0,110017000.0,0.351,110017000.0,81037000.0,76546000.0,2.27,2.0,2.27,655006000.0,424432250.0,655006000.0,5173684651.0,64.0,47.026,54642000.0,0.355,1.0,250397000.0,0.798,134318000.0,4491000.0,860271000.0,661771500.0,0.0,276401000.0,219923000.0,56478000.0,276260000.0,71655000.0,204605000.0,5065476651.0,25141000.0,1717000.0,219530000.0,-57298000.0,0.0,167631000.0,-238728000.0,-198432000.0,97257000.0,-1019000.0,325414000.0,325414000.0,325414000.0,0.0,0.0,1.037,175720000.0,74677000.0,18411000.0,0.0,7.733,15.566,14.489,54939000.0,0.0,32.89,16.14,16.12,55798000.0,-3239740000.0,313844000.0,313844000.0,21168000.0,0.459,0.767,0.122,0.258,5310000.0,147144000.0,1.0,154012668.0,153819000,173811000.0,2.04,796948000.0,326609000.0,-248868000.0,0.0,5.181,282538000.0
62,AKAM,MRT,2005-12-31,2005-12-31,2005-12-31,2021-08-07,471000.0,891499000.0,526219750.0,354998000.0,536501000.0,0.538,4.584,-36160000.0,91792000.0,91792000.0,55655000.0,327998000.0,5.737,0.428,200000000.0,0.0,200000000.0,200000000.0,5656000.0,24153000.0,0.0,0.0,0.0,75734000.0,99887000.0,0.353,99887000.0,75734000.0,70404000.0,2.41,2.11,2.41,624214000.0,233055000.0,624214000.0,3195394379.0,42.0,31.99,46638000.0,0.343,1.0,227460000.0,0.803,136786000.0,5330000.0,801045000.0,537435250.0,0.0,222337000.0,200616000.0,21721000.0,267285000.0,61876000.0,205409000.0,3029058379.0,56474000.0,1717000.0,216530000.0,-57432000.0,0.0,159098000.0,-183775000.0,-149534000.0,82798000.0,-1647000.0,327998000.0,327998000.0,327998000.0,0.0,0.0,1.159,154085000.0,73375000.0,16022000.0,0.0,4.853,9.235,8.27,44885000.0,0.0,19.93,10.699,9.586,52162000.0,-3251234000.0,283115000.0,283115000.0,18071000.0,0.623,1.407,0.141,0.268,3849000.0,130890000.0,1.0,151984866.0,136167000,156944000.0,2.079,754713000.0,332274000.0,-257594000.0,0.0,5.543,293122000.0
63,AKAM,MRT,2005-09-30,2005-09-30,2005-09-30,2021-08-07,594000.0,647039000.0,349030750.0,120129000.0,526910000.0,0.739,2.713,-35193000.0,34084000.0,34084000.0,50744000.0,315630000.0,2.075,0.714,200420000.0,420000.0,200000000.0,200420000.0,4709000.0,19950000.0,0.0,0.0,0.0,67920000.0,87870000.0,0.341,87870000.0,67920000.0,61430000.0,2.3,2.01,2.3,377592000.0,45518750.0,377592000.0,2425720389.0,36.0,27.606,35507000.0,0.255,1.0,207290000.0,0.803,139503000.0,6490000.0,615973000.0,425268250.0,0.0,52419000.0,32962000.0,19457000.0,269447000.0,57899000.0,211548000.0,2219544389.0,-12137000.0,1717000.0,11585000.0,-82028000.0,0.0,-70443000.0,-12702000.0,20572000.0,70700000.0,308000.0,315630000.0,315630000.0,315630000.0,0.0,0.0,1.223,140412000.0,66878000.0,12863000.0,0.0,5.878,7.032,6.935,42529000.0,0.0,15.95,8.602,8.605,43935000.0,-3276993000.0,258034000.0,258034000.0,16433000.0,0.904,6.934,0.16,0.263,2503000.0,121139000.0,1.0,139156388.0,139204000,160362000.0,1.854,507536000.0,320413000.0,-254200000.0,0.0,3.646,62230000.0
64,AKAM,MRT,2005-06-30,2005-06-30,2005-06-30,2021-08-07,785000.0,364731000.0,234517750.0,152956000.0,211775000.0,1.005,0.314,-32008000.0,51028000.0,51028000.0,47197000.0,54619000.0,2.504,7.914,257204000.0,590000.0,256614000.0,257204000.0,3408000.0,16571000.0,0.0,0.0,0.0,63126000.0,79697000.0,0.338,79697000.0,63126000.0,55979000.0,0.43,0.38,0.43,40917000.0,-84782000.0,40917000.0,1893213637.0,30.0,23.755,33741000.0,0.259,1.0,188410000.0,0.8,140023000.0,7147000.0,369797000.0,364799250.0,0.0,79688000.0,52865000.0,26823000.0,323814000.0,61087000.0,262727000.0,1676382637.0,5568000.0,1717000.0,10747000.0,-38495000.0,0.0,-27748000.0,-33357000.0,-3162000.0,65749000.0,924000.0,54619000.0,54619000.0,54619000.0,0.0,0.0,0.232,126865000.0,61545000.0,18116000.0,0.0,40.97,30.692,30.535,39308000.0,0.0,13.13,7.115,7.251,40366000.0,-3549253000.0,235607000.0,235607000.0,14702000.0,0.233,-0.644,0.173,0.268,1369000.0,111607000.0,1.0,127675753.0,130119000,149986000.0,1.811,224708000.0,0.0,1360000.0,0.0,1.727,91869000.0
65,AKAM,MRT,2005-03-31,2005-03-31,2005-03-31,2021-08-07,869000.0,201610000.0,190940500.0,125037000.0,76573000.0,1.161,-0.87,-26778000.0,39881000.0,39881000.0,45528000.0,45522000.0,2.481,-2.824,256712000.0,98000.0,256614000.0,256712000.0,2816000.0,16179000.0,0.0,0.0,0.0,54807000.0,70986000.0,0.32,70986000.0,54807000.0,46739000.0,0.37,0.32,0.37,-110503000.0,-134186750.0,-110503000.0,1841109850.0,34.0,25.936,34525000.0,0.272,1.0,176216000.0,0.795,5116000.0,8068000.0,362926000.0,369545500.0,0.0,78140000.0,44534000.0,33606000.0,312113000.0,50399000.0,261714000.0,1619581850.0,-89600000.0,0.0,13219000.0,-107059000.0,0.0,-93840000.0,-58251000.0,-31569000.0,61303000.0,1188000.0,45522000.0,45522000.0,45522000.0,0.0,0.0,0.205,119210000.0,57006000.0,13202000.0,0.0,-14.656,35.578,34.405,31007000.0,0.0,12.73,7.304,7.294,34285000.0,-3565153000.0,221744000.0,221744000.0,13067000.0,0.238,-0.339,0.148,0.247,986000.0,106095000.0,1.0,127225597.0,127051000,147282000.0,1.745,196494000.0,0.0,1217000.0,0.0,1.547,74638000.0
66,AKAM,MRT,2004-12-31,2004-12-31,2004-12-31,2021-08-07,1392000.0,182743000.0,201828750.0,108669000.0,74074000.0,1.041,-1.012,-20092000.0,35318000.0,35318000.0,46150000.0,34364000.0,2.324,-2.451,256846000.0,232000.0,256614000.0,256846000.0,2695000.0,18810000.0,0.0,0.0,0.0,45349000.0,64159000.0,0.305,64159000.0,45349000.0,35136000.0,0.28,0.25,0.28,-125931000.0,-148994750.0,-125931000.0,1879246576.0,41.0,29.29,31145000.0,0.25,1.0,163865000.0,0.78,5128000.0,10213000.0,352377000.0,384956750.0,0.0,73099000.0,35312000.0,37787000.0,308674000.0,46766000.0,261908000.0,1643328576.0,-70334000.0,0.0,13754000.0,-145616000.0,0.0,-131862000.0,9083000.0,24079000.0,51237000.0,1208000.0,34364000.0,34364000.0,34364000.0,0.0,0.0,0.164,114898000.0,48967000.0,10349000.0,0.0,-13.049,47.821,46.536,25242000.0,0.0,13.03,7.825,7.719,30333000.0,-3579232000.0,210015000.0,210015000.0,12132000.0,0.17,-0.231,0.118,0.216,1292000.0,102718000.0,1.0,126118847.0,124407000,146595000.0,1.688,177615000.0,0.0,772000.0,0.0,1.428,61903000.0
67,AKAM,MRT,2004-09-30,2004-09-30,2004-09-30,2021-08-07,1202000.0,188987000.0,225878250.0,108286000.0,80701000.0,0.875,-1.143,-15666000.0,45943000.0,45943000.0,48032000.0,18894000.0,2.371,-2.316,281861000.0,372000.0,281489000.0,281861000.0,1844000.0,21974000.0,0.0,0.0,0.0,32702000.0,54676000.0,0.277,54676000.0,32702000.0,19830000.0,0.15,0.13,0.15,-143611000.0,-161350500.0,-143611000.0,2016835944.0,62.0,36.887,27733000.0,0.221,1.0,149576000.0,0.757,5140000.0,12872000.0,374097000.0,422419500.0,0.0,73853000.0,26629000.0,47224000.0,332598000.0,45668000.0,286930000.0,1765803944.0,25097000.0,0.0,16579000.0,-24937000.0,0.0,-7827000.0,-11616000.0,3954000.0,43399000.0,1141000.0,18894000.0,18894000.0,18894000.0,0.0,0.0,0.096,110752000.0,38824000.0,9517000.0,0.0,-12.296,93.458,93.667,21811000.0,0.0,14.05,8.936,8.931,28525000.0,-3592623000.0,197608000.0,197608000.0,11697000.0,0.084,-0.117,0.077,0.165,2574000.0,99007000.0,1.0,125679996.0,125618000,147294000.0,1.573,183847000.0,0.0,936000.0,0.0,1.464,62618000.0
68,AKAM,MRT,2004-06-30,2004-06-30,2004-06-30,2021-08-07,704000.0,190422000.0,221233250.0,102987000.0,87435000.0,0.841,-1.267,-12402000.0,44082000.0,44082000.0,50491000.0,3736000.0,2.167,-2.215,295114000.0,510000.0,294604000.0,295114000.0,3873000.0,29114000.0,0.0,0.0,0.0,20071000.0,49185000.0,0.264,49185000.0,20071000.0,4683000.0,0.03,0.02,0.03,-156702000.0,-171091500.0,-156702000.0,2437791807.0,121.0,49.564,17543000.0,0.142,1.0,135598000.0,0.729,5152000.0,15388000.0,388782000.0,412607500.0,0.0,78044000.0,23371000.0,54673000.0,347124000.0,47520000.0,299604000.0,2206873807.0,17513000.0,0.0,15645000.0,-11827000.0,0.0,6119000.0,-19900000.0,-7498000.0,29945000.0,1349000.0,3736000.0,3736000.0,3736000.0,0.0,0.0,0.02,111391000.0,24207000.0,13840000.0,0.0,-14.083,590.705,598.333,20596000.0,0.0,17.95,11.859,11.927,26151000.0,-3603872000.0,186089000.0,186089000.0,12070000.0,0.017,-0.022,0.049,0.108,4381000.0,99273000.0,1.0,122945616.0,123645000,146408000.0,1.505,185270000.0,0.0,947000.0,0.0,1.498,55467000.0
69,AKAM,MRT,2004-03-31,2004-03-31,2004-03-31,2021-08-07,1363000.0,245163000.0,217883000.0,174057000.0,71106000.0,0.794,-1.39,-9642000.0,132853000.0,132853000.0,55240000.0,-17713000.0,3.756,-2.444,363771000.0,500000.0,363271000.0,363771000.0,4299000.0,38454000.0,0.0,0.0,0.0,422000.0,38876000.0,0.225,38876000.0,422000.0,-17073000.0,-0.16,-0.16,-0.16,-169735000.0,-177103000.0,-169735000.0,1848104704.0,4379.0,47.538,-6006000.0,-0.049,1.0,117822000.0,0.681,5164000.0,17495000.0,424571000.0,397939750.0,0.0,44195000.0,7493000.0,36702000.0,414898000.0,46346000.0,368552000.0,1611403704.0,93621000.0,0.0,10599000.0,55978000.0,0.0,68878000.0,18765000.0,28407000.0,3636000.0,2342000.0,-17713000.0,-17713000.0,-17713000.0,0.0,0.0,-0.102,116589000.0,1233000.0,12837000.0,0.0,-9.494,-90.973,-82.125,20879000.0,0.0,13.14,9.311,9.271,24505000.0,-3610675000.0,173062000.0,173062000.0,12193000.0,-0.081,0.1,0.001,0.002,7375000.0,103049000.0,1.0,122633463.0,122104000,133825000.0,1.417,239999000.0,0.0,640000.0,0.0,1.966,127711000.0
70,AKAM,MRT,2003-12-31,2003-12-31,2003-12-31,2021-08-07,1379000.0,278941000.0,206473250.0,202416000.0,76525000.0,0.781,-1.485,-8767000.0,110652000.0,110652000.0,60844000.0,-29281000.0,3.23,-2.591,401775000.0,15775000.0,386000000.0,401775000.0,3016000.0,49749000.0,0.0,0.0,0.0,-10328000.0,39421000.0,0.244,39421000.0,-10328000.0,-28652000.0,-0.25,-0.25,-0.25,-175354000.0,-178057500.0,-175354000.0,1511370445.0,-146.0,38.339,-26768000.0,-0.227,1.0,100415000.0,0.623,5176000.0,18324000.0,502228000.0,374651250.0,0.0,97703000.0,59332000.0,38371000.0,454295000.0,62660000.0,391635000.0,1294354445.0,57162000.0,0.0,8585000.0,94362000.0,0.0,105248000.0,-33098000.0,-19331000.0,-18001000.0,3013000.0,-29281000.0,-29281000.0,-29281000.0,0.0,0.0,-0.182,111526000.0,-11111000.0,6711000.0,0.0,-7.381,-44.205,-43.04,23878000.0,0.0,10.76,8.027,7.879,20727000.0,-3613596000.0,161259000.0,161259000.0,12971000.0,-0.142,0.164,-0.028,-0.064,9813000.0,104842000.0,1.0,120293164.0,118075000,118075000.0,1.366,273765000.0,0.0,629000.0,0.0,2.319,139756000.0
71,AKAM,MRT,2003-09-30,2003-09-30,2003-09-30,2021-08-07,811000.0,170407000.0,194203750.0,117338000.0,53069000.0,0.78,-1.539,-6911000.0,83896000.0,83896000.0,65196000.0,-82806000.0,2.476,-1.933,300912000.0,912000.0,300000000.0,300912000.0,2953000.0,56906000.0,0.0,0.0,0.0,-61562000.0,-4656000.0,-0.031,-4656000.0,-61562000.0,-82405000.0,-0.71,-0.71,-0.71,-182575000.0,-176241500.0,-182575000.0,722941407.0,-12.0,-155.271,-43025000.0,-0.363,1.0,86246000.0,0.569,5188000.0,20843000.0,334849000.0,332170500.0,0.0,15069000.0,2127000.0,12942000.0,352982000.0,47386000.0,305596000.0,512606407.0,-97648000.0,-6500000.0,3027000.0,-1597000.0,0.0,3200000.0,-66503000.0,-53092000.0,-36114000.0,1769000.0,-82806000.0,-82806000.0,-82806000.0,0.0,0.0,-0.547,153871000.0,-67625000.0,13334000.0,0.0,-2.808,-6.19,-6.042,29287000.0,0.0,4.29,3.385,3.36,25349000.0,-3611517000.0,151442000.0,151442000.0,14099000.0,-0.426,0.47,-0.185,-0.407,13857000.0,117165000.0,1.0,119488673.0,118596000,118596000.0,1.277,165219000.0,0.0,401000.0,0.0,1.393,69952000.0
72,AKAM,MRT,2003-06-30,2003-06-30,2003-06-30,2021-08-07,939000.0,177021000.0,218198000.0,123615000.0,53406000.0,0.665,-1.543,-11600000.0,90719000.0,90719000.0,72598000.0,-126430000.0,2.375,-1.979,301054000.0,1054000.0,300000000.0,301054000.0,2424000.0,70691000.0,0.0,0.0,0.0,-105751000.0,-35060000.0,-0.242,-35060000.0,-105751000.0,-125988000.0,-1.1,-1.1,-1.1,-180748000.0,-158800500.0,-180748000.0,768557880.0,-7.0,-21.921,-60209000.0,-0.514,1.0,72452000.0,0.499,5200000.0,20237000.0,330111000.0,339345250.0,0.0,5626000.0,1608000.0,4018000.0,357769000.0,52045000.0,305724000.0,565283880.0,-55472000.0,-6500000.0,2919000.0,-1953000.0,0.0,966000.0,-9529000.0,8571000.0,-48609000.0,1700000.0,-126430000.0,-126430000.0,-126430000.0,0.0,0.0,-0.872,181074000.0,-108622000.0,13630000.0,0.0,-3.127,-4.471,-4.345,38143000.0,0.0,4.78,3.897,3.859,22004000.0,-3607608000.0,145050000.0,145050000.0,16636000.0,-0.579,0.796,-0.312,-0.729,16417000.0,133474000.0,1.0,118260226.0,117109000,117109000.0,1.239,171821000.0,0.0,442000.0,0.0,1.467,71570000.0
73,AKAM,MRT,2003-03-31,2003-03-31,2003-03-31,2021-08-07,63000.0,199524000.0,251993250.0,134730000.0,64794000.0,0.57,-1.491,-13418000.0,98632000.0,98632000.0,79732000.0,-154026000.0,2.036,-2.15,301906000.0,1896000.0,300010000.0,301906000.0,2590000.0,81372000.0,0.0,0.0,0.0,-134216000.0,-52844000.0,-0.368,-52844000.0,-134216000.0,-153584000.0,-1.35,-1.35,-1.35,-173553000.0,-131286000.0,-173553000.0,357241328.0,-3.0,-6.76,-56207000.0,-0.483,1.0,63881000.0,0.445,5212000.0,19368000.0,331417000.0,367019750.0,0.0,11310000.0,8099000.0,3211000.0,373077000.0,66169000.0,306908000.0,166290328.0,-23227000.0,-6500000.0,2568000.0,-1685000.0,0.0,883000.0,17579000.0,37497000.0,-42789000.0,1100000.0,-154026000.0,-154026000.0,-154026000.0,0.0,0.0,-1.073,199783000.0,-135902000.0,15215000.0,0.0,-0.958,-1.08,-1.044,49965000.0,0.0,1.41,1.158,1.143,21066000.0,-3592962000.0,143613000.0,143613000.0,18850000.0,-0.611,1.173,-0.366,-0.935,17795000.0,148447000.0,1.0,117936403.0,116398000,116398000.0,1.234,194312000.0,0.0,442000.0,0.0,1.669,68561000.0
74,AKAM,MRT,2002-12-31,2002-12-31,2002-12-31,2021-08-07,-18000.0,229863000.0,289813500.0,141683000.0,88180000.0,0.5,-1.491,-13860000.0,111262000.0,111262000.0,85159000.0,-204437000.0,1.747,-2.367,302213000.0,1207000.0,301006000.0,302213000.0,2361000.0,90418000.0,0.0,0.0,0.0,-185588000.0,-95170000.0,-0.656,-95170000.0,-185588000.0,-203945000.0,-1.81,-1.81,-1.81,-168090000.0,-96618000.0,-168090000.0,380821984.0,-2.0,-4.001,-79617000.0,-0.706,1.0,59817000.0,0.413,7410000.0,18357000.0,332305000.0,407829750.0,0.0,13908000.0,3664000.0,10244000.0,397953000.0,81099000.0,316854000.0,201813984.0,-25562000.0,-6500000.0,2807000.0,-1645000.0,0.0,1162000.0,38041000.0,58401000.0,-65757000.0,992000.0,-204437000.0,-204437000.0,-204437000.0,0.0,0.0,-1.41,242421000.0,-182604000.0,16847000.0,0.0,-1.201,-0.987,-0.956,63159000.0,0.0,1.73,1.392,1.346,17574000.0,-3584315000.0,144976000.0,144976000.0,21766000.0,-0.705,2.116,-0.455,-1.28,21195000.0,162901000.0,1.0,116655482.0,112766000,112766000.0,1.286,222453000.0,0.0,492000.0,0.0,1.973,60584000.0
75,AKAM,MRT,2002-09-30,2002-09-30,2002-09-30,2021-08-07,-7000.0,266384000.0,337717250.0,162375000.0,104009000.0,0.434,-0.987,-19950000.0,123494000.0,123494000.0,125078000.0,-213598000.0,2.249,-3.361,302502000.0,1199000.0,301303000.0,302502000.0,3079000.0,-1817812000.0,0.0,0.0,0.0,-186102000.0,-2003914000.0,-13.657,-2003914000.0,-186102000.0,-212952000.0,-1.58,-1.58,-1.58,-112811000.0,-50287000.0,-112811000.0,311365204.0,-2.0,-0.155,-108956000.0,-0.954,1.0,21656000.0,0.148,9641000.0,26850000.0,363548000.0,457896750.0,0.0,18488000.0,13416000.0,5072000.0,379195000.0,72203000.0,306992000.0,96624204.0,22840000.0,0.0,3656000.0,-1630000.0,0.0,4719000.0,106696000.0,126646000.0,-89006000.0,431000.0,-213598000.0,-213598000.0,-213598000.0,0.0,0.0,-1.456,213625000.0,-191969000.0,25406000.0,0.0,-0.857,-0.452,-0.525,81273000.0,0.0,0.83,0.658,0.646,16059000.0,-3528711000.0,146734000.0,146734000.0,34068000.0,-0.632,4.248,-0.406,-1.268,22821000.0,210550000.0,1.0,116414704.0,114251000,114251000.0,1.284,256743000.0,0.0,646000.0,0.0,2.247,90172000.0
76,AKAM,MRT,2002-06-30,2002-06-30,2002-06-30,2021-08-07,-466000.0,312202000.0,388298250.0,181106000.0,131096000.0,0.397,-0.63,-27922000.0,88141000.0,88141000.0,119339000.0,-221424000.0,2.439,-5.416,302882000.0,1313000.0,301569000.0,302882000.0,4181000.0,-1814173000.0,0.0,0.0,0.0,-195514000.0,-2009687000.0,-13.04,-2009687000.0,-195514000.0,-220624000.0,-1.69,-1.69,-1.69,-70690000.0,-4622750.0,-70690000.0,387246226.0,-2.0,-0.193,-116770000.0,-1.04,1.0,34774000.0,0.226,11872000.0,25110000.0,440809000.0,506336750.0,0.0,72101000.0,62788000.0,9313000.0,382892000.0,74262000.0,308630000.0,150804226.0,-32113000.0,0.0,3716000.0,-1418000.0,0.0,4991000.0,51734000.0,79656000.0,-88848000.0,10000.0,-221424000.0,-221424000.0,-221424000.0,0.0,0.0,-1.437,238255000.0,-203481000.0,22175000.0,0.0,-2.133,-0.681,-0.769,97458000.0,0.0,1.3,0.979,0.947,17032000.0,-3481178000.0,154113000.0,154113000.0,35562000.0,-0.57,47.899,-0.386,-1.269,26922000.0,206782000.0,1.0,116003251.0,112253000,112253000.0,1.373,300330000.0,0.0,800000.0,0.0,2.675,106844000.0
77,AKAM,MRT,2002-03-31,2002-03-31,2002-03-31,2021-08-07,-794000.0,350805000.0,440146500.0,197959000.0,152846000.0,0.366,-0.318,-42507000.0,63809000.0,63809000.0,112812000.0,-271790000.0,2.522,-11.057,300251000.0,172000.0,300079000.0,300251000.0,5335000.0,-1812506000.0,0.0,0.0,0.0,-247755000.0,-2060261000.0,-12.802,-2060261000.0,-247755000.0,-270769000.0,-2.22,-2.22,-2.22,-34881000.0,42310000.0,-34881000.0,686848316.0,-3.0,-0.333,-153975000.0,-1.404,1.0,48120000.0,0.299,14104000.0,23014000.0,494657000.0,542036000.0,0.0,107916000.0,100313000.0,7603000.0,385686000.0,78486000.0,307200000.0,465104316.0,-70337000.0,0.0,4670000.0,-1115000.0,0.0,6248000.0,35056000.0,77563000.0,-111468000.0,-173000.0,-271790000.0,-271790000.0,-271790000.0,0.0,0.0,-1.689,303448000.0,-255328000.0,28209000.0,0.0,-13.334,-1.711,-1.802,114717000.0,0.0,4.0,2.89,2.726,17294000.0,-3438936000.0,160932000.0,160932000.0,39948000.0,-0.617,-6.424,-0.457,-1.54,33314000.0,209458000.0,1.0,116276079.0,109693000,109693000.0,1.467,336701000.0,0.0,1021000.0,0.0,3.069,119473000.0
78,AKAM,MRT,2001-12-31,2001-12-31,2001-12-31,2021-08-07,-515000.0,421478000.0,496608500.0,227999000.0,193479000.0,0.329,0.167,-64237000.0,78774000.0,78774000.0,108335000.0,-2435512000.0,2.497,23.456,300518000.0,405000.0,300113000.0,300518000.0,4948000.0,329624000.0,0.0,0.0,0.0,-2415591000.0,-2085967000.0,-12.781,-2085967000.0,-2415591000.0,-2434450000.0,-23.59,-23.59,-23.59,17234000.0,99920250.0,17234000.0,885078169.0,0.0,-0.424,-183519000.0,-1.778,1.0,54879000.0,0.336,19351000.0,18859000.0,532573000.0,575458750.0,0.0,131737000.0,113906000.0,17831000.0,404244000.0,91298000.0,312946000.0,684932169.0,-71356000.0,0.0,7024000.0,-1176000.0,0.0,8541000.0,39552000.0,103789000.0,-119282000.0,-167000.0,-2435512000.0,-2435512000.0,-2435512000.0,0.0,0.0,-14.922,2468777000.0,-2413898000.0,32076000.0,0.0,39.743,-0.281,-0.252,132237000.0,0.0,5.94,4.197,3.757,20067000.0,-3379878000.0,163214000.0,163214000.0,44844000.0,-4.904,-24.375,-4.198,-14.8,31457000.0,214793000.0,1.0,115308446.0,103233000,103233000.0,1.581,402127000.0,0.0,1062000.0,0.0,3.895,136701000.0
79,AKAM,MRT,2001-09-30,2001-09-30,2001-09-30,2021-08-07,-894000.0,468708000.0,1088933250.0,273199000.0,195509000.0,0.15,0.671,-93138000.0,100654000.0,100654000.0,97633000.0,-2673824000.0,3.098,5.711,300800000.0,680000.0,300120000.0,300800000.0,5294000.0,2477117000.0,0.0,0.0,0.0,-2660209000.0,-183092000.0,-1.121,-183092000.0,-2660209000.0,-2672984000.0,-27.17,-27.17,-27.17,69846000.0,696711500.0,69846000.0,515862552.0,0.0,-2.818,-202566000.0,-1.945,1.0,65715000.0,0.402,23371000.0,12775000.0,557308000.0,610076250.0,0.0,138952000.0,138952000.0,0.0,398862000.0,88175000.0,310687000.0,335030552.0,-270541000.0,0.0,13415000.0,-1450000.0,0.0,12730000.0,-173740000.0,-80602000.0,-109428000.0,-103000.0,-2673824000.0,-2673824000.0,-2673824000.0,0.0,0.0,-16.369,2724407000.0,-2658692000.0,40110000.0,0.0,4.797,-0.125,-0.107,146383000.0,0.0,2.91,2.051,1.856,19614000.0,-3315113000.0,163348000.0,163348000.0,28518000.0,-2.455,-3.838,-4.36,-16.286,29153000.0,230421000.0,1.0,115130774.0,104166000,104166000.0,1.568,445337000.0,0.0,840000.0,0.0,4.275,185024000.0
80,AKAM,MRT,2001-06-30,2001-06-30,2001-06-30,2021-08-07,227000.0,519595000.0,1736337750.0,310824000.0,208771000.0,0.085,1.152,-118783000.0,120254000.0,120254000.0,93819000.0,-2922540000.0,3.614,3.439,301086000.0,915000.0,300171000.0,301086000.0,5334000.0,2698306000.0,0.0,0.0,0.0,-2911392000.0,-213086000.0,-1.442,-213086000.0,-2911392000.0,-2921957000.0,-29.91,-29.91,-29.91,117041000.0,1354823750.0,117041000.0,1168497809.0,0.0,-5.484,-266879000.0,-2.626,1.0,53931000.0,0.365,30811000.0,10565000.0,583606000.0,598028750.0,0.0,146849000.0,146849000.0,0.0,402554000.0,86010000.0,316544000.0,1001303809.0,-234286000.0,-259000.0,22525000.0,-1089000.0,0.0,22201000.0,-107923000.0,11119000.0,-148096000.0,-468000.0,-2922540000.0,-2922540000.0,-2922540000.0,0.0,0.0,-19.78,2966641000.0,-2912710000.0,38112000.0,0.0,8.555,-0.343,-0.307,150824000.0,0.0,9.18,6.777,6.314,25226000.0,-3259754000.0,147750000.0,147750000.0,39244000.0,-1.683,-2.157,-4.868,-19.705,30089000.0,237638000.0,1.0,109074489.0,101629000,101629000.0,1.454,488784000.0,0.0,583000.0,0.0,4.809,224814000.0
81,AKAM,MRT,2001-03-31,2001-03-31,2001-03-31,2021-08-07,-881000.0,576653000.0,2440392250.0,360030000.0,216623000.0,0.05,1.98,-134102000.0,134146000.0,134146000.0,86011000.0,-3073168000.0,4.523,1.949,301340000.0,1111000.0,300229000.0,301340000.0,6001000.0,2868599000.0,0.0,0.0,0.0,-3063931000.0,-195332000.0,-1.591,-195332000.0,-3063931000.0,-3072859000.0,-31.78,-31.78,-31.78,195560000.0,2071741750.0,195560000.0,1084011010.0,0.0,-5.55,-286089000.0,-2.896,1.0,36742000.0,0.299,35903000.0,8928000.0,628348000.0,596489000.0,0.0,178968000.0,178968000.0,0.0,381093000.0,79596000.0,301497000.0,932640010.0,107534000.0,28923000.0,35154000.0,289181000.0,0.0,325100000.0,-65058000.0,40121000.0,-151987000.0,-521000.0,-3073168000.0,-3073168000.0,-3073168000.0,0.0,0.0,-25.035,3106947000.0,-3070205000.0,49037000.0,0.0,4.769,-0.303,-0.269,151089000.0,0.0,8.563,7.598,6.891,23865000.0,-3167146000.0,122753000.0,122753000.0,42580000.0,-1.259,-1.483,-5.137,-24.96,28472000.0,228394000.0,1.0,108915101.0,98780000,98780000.0,1.243,540750000.0,0.0,309000.0,0.0,5.474,280434000.0
82,AKAM,MRT,2000-12-31,2000-12-31,2000-12-31,2021-08-07,-6882000.0,2790777000.0,2414182250.0,355344000.0,2435433000.0,0.037,27.335,-131859000.0,150130000.0,150130000.0,72207000.0,-885785000.0,4.183,0.161,301501000.0,1080000.0,300421000.0,301501000.0,4335000.0,711694000.0,0.0,0.0,0.0,-876670000.0,-164976000.0,-1.838,-164976000.0,-876670000.0,-885598000.0,-10.07,-10.07,-10.07,2404399000.0,2132593000.0,2404399000.0,2204543206.0,-3.0,-13.363,-254733000.0,-2.896,1.0,17559000.0,0.196,2186157000.0,8928000.0,671043000.0,496275750.0,0.0,236804000.0,159522000.0,77282000.0,386378000.0,84948000.0,301430000.0,2273982206.0,-119424000.0,17207000.0,32581000.0,286696000.0,0.0,320042000.0,-316064000.0,-201412000.0,-122874000.0,-528000.0,-885785000.0,-885785000.0,-885785000.0,0.0,0.0,-9.868,917141000.0,-899582000.0,52212000.0,0.0,0.946,-2.567,-2.092,143041000.0,0.0,21.063,25.332,20.639,22670000.0,-944366000.0,89766000.0,89766000.0,38211000.0,-0.367,-0.415,-1.766,-9.766,26147000.0,201449000.0,1.0,107960984.0,87959000,87959000.0,1.021,604620000.0,0.0,187000.0,0.0,6.874,270396000.0
83,AKAM,MRT,2000-09-30,2000-09-30,2000-09-30,2021-08-07,143000.0,3058326000.0,1791691750.0,473900000.0,2584426000.0,0.031,29.026,-108914000.0,371195000.0,371195000.0,27995000.0,-611942000.0,8.686,0.132,301756000.0,1067000.0,300689000.0,301756000.0,5073000.0,460214000.0,0.0,0.0,0.0,-609665000.0,-149451000.0,-2.706,-149451000.0,-609665000.0,-611810000.0,-7.03,-7.03,-7.03,2702295000.0,1601854500.0,2702295000.0,5534663436.0,-9.0,-37.033,-225946000.0,-2.427,1.0,27226000.0,0.493,2425207000.0,2145000.0,509118000.0,332559500.0,0.0,80185000.0,67548000.0,12637000.0,356031000.0,54562000.0,301469000.0,5587279436.0,279211000.0,17207000.0,239643000.0,274885000.0,0.0,519612000.0,-123063000.0,-31356000.0,-117032000.0,-306000.0,-611942000.0,-612538000.0,-612538000.0,0.0,0.0,-11.092,648978000.0,-621752000.0,28883000.0,0.0,2.068,-9.122,-7.47,121812000.0,596000.0,52.516,101.18,88.539,15592000.0,-641289000.0,55221000.0,55221000.0,44573000.0,-0.342,-0.382,-1.833,-11.04,23650000.0,117626000.0,1.0,106391946.0,93099000,93099000.0,0.593,633119000.0,0.0,132000.0,0.0,6.8,419338000.0
84,AKAM,MRT,2000-06-30,2000-06-30,2000-06-30,2021-08-07,728000.0,3335813000.0,,537795000.0,2798018000.0,,34.16,-75986000.0,354540000.0,354540000.0,19064000.0,-326409000.0,10.826,0.118,301924000.0,1023000.0,300901000.0,301924000.0,4437000.0,211311000.0,0.0,0.0,0.0,-324152000.0,-112841000.0,-3.898,-112841000.0,-324152000.0,-326297000.0,-4.56,-4.56,-4.56,2984713000.0,,2984713000.0,12357246980.0,-38.0,-109.51,-152590000.0,-1.746,1.0,9884000.0,0.341,2656074000.0,2145000.0,577447000.0,,0.0,178691000.0,161133000.0,17558000.0,351100000.0,49676000.0,301424000.0,12382524980.0,309486000.0,17466000.0,230450000.0,274699000.0,0.0,574187000.0,-188081000.0,-129561000.0,-76604000.0,-16000.0,-326409000.0,-328355000.0,-328355000.0,0.0,0.0,-11.343,342632000.0,-332748000.0,29212000.0,0.0,4.149,-37.711,-26.038,92563000.0,1946000.0,118.734,427.751,358.376,11650000.0,-337214000.0,28948000.0,28948000.0,29541000.0,,,,-11.198,20276000.0,79583000.0,1.0,104287946.0,87374000,87374000.0,0.331,679739000.0,0.0,112000.0,0.0,7.78,488119000.0
85,AKAM,MRT,2000-03-31,2000-03-31,2000-03-31,2021-08-07,6715000.0,471813000.0,,237080000.0,234733000.0,,5.851,-46802000.0,26612000.0,26612000.0,11655000.0,-90069000.0,7.371,0.075,1334000.0,652000.0,682000.0,1334000.0,3586000.0,15329000.0,0.0,0.0,0.0,-87882000.0,-72553000.0,-6.473,-72553000.0,-87882000.0,-90027000.0,-2.12,-2.12,-2.12,438965000.0,,438965000.0,14700254947.0,-167.0,-202.614,-91378000.0,-1.218,1.0,-447000.0,-0.04,186874000.0,2145000.0,227495000.0,,0.0,198554000.0,198554000.0,0.0,32848000.0,32166000.0,682000.0,14965820947.0,21926000.0,-11716000.0,215647000.0,-425000.0,0.0,316610000.0,-250102000.0,-191584000.0,-44576000.0,-6000.0,-90069000.0,-92306000.0,-92306000.0,0.0,0.0,-8.236,92051000.0,-92498000.0,17071000.0,0.0,34.093,-162.133,-75.855,43475000.0,2237000.0,160.813,1335.28,1076.52,3136000.0,-93978000.0,11208000.0,11208000.0,17909000.0,,,,-7.841,11316000.0,47340000.0,1.0,93063502.0,75029000,75029000.0,0.149,284939000.0,0.0,42000.0,0.0,3.798,204914000.0
86,AKAM,MRT,1999-12-31,1999-12-31,1999-12-31,2021-08-07,0.0,300815000.0,154840500.0,273663000.0,27152000.0,0.026,9.326,-25670000.0,269554000.0,269554000.0,6811000.0,-57559000.0,14.684,0.069,3988000.0,3255000.0,733000.0,3988000.0,698000.0,3434000.0,0.0,0.0,0.0,-55414000.0,-51980000.0,-13.041,-51980000.0,-55414000.0,-57559000.0,-1.98,-1.98,-1.98,281445000.0,140648500.0,281445000.0,,,,-57989000.0,-1.922,1.0,-2825000.0,-0.709,434000.0,2145000.0,16178000.0,8545000.0,0.0,0.0,0.0,0.0,19370000.0,18637000.0,733000.0,30489929843.0,262749000.0,0.0,215756000.0,3819000.0,0.0,320963000.0,-25895000.0,-225000.0,-32319000.0,0.0,-57559000.0,-59800000.0,-59800000.0,0.0,0.0,-15.003,53613000.0,-56438000.0,8987000.0,0.0,108.334,-509.865,-165.467,23875000.0,2241000.0,327.625,7649.255,2480.366,1588000.0,-58581000.0,3986000.0,3986000.0,11749000.0,-0.386,-0.425,-6.485,-13.902,10005000.0,28425000.0,1.0,93063502.0,30177000,30177000.0,0.132,300381000.0,0.0,0.0,0.0,9.954,255026000.0
87,AKAM,MRT,1999-09-30,1999-09-30,1999-09-30,2021-08-07,,,,,,,,,,,,,,,,,,,,,,,0.0,,,,,,,,,,,,,,,,,,1.0,,,,,,,,,,,,,,,,,,,,,,,,,,,,,,,,,,,,,,,,,,,,,,,,,,,,,,1.0,,24849000,,,,,,,,
88,AKAM,MRT,1999-06-30,1999-06-30,1999-06-30,2021-08-07,,,,,,,,,,,,,,,,,,,,,,,0.0,,,,,,,,,,,,,,,,,,1.0,,,,,,,,,,,,,,,,,,,,,,,,,,,,,,,,,,,,,,,,,,,,,,,,,,,,,,1.0,,21166000,,,,,,,,
89,AKAM,MRT,1999-03-31,1999-03-31,1999-03-31,2021-08-07,,,,,,,,,,,,,,,,,,,,,,,0.0,,,,,,,,,,,,,,,,,,1.0,,,,,,,,,,,,,,,,,,,,,,,,,,,,,,,,,,,,,,,,,,,,,,,,,,,,,,1.0,,17045000,,,,,,,,
90,AKAM,MRT,1998-12-31,1998-12-31,1998-12-31,2021-08-07,0.0,8866000.0,,6862000.0,2004000.0,,-0.01,-1523000.0,6805000.0,6805000.0,31000.0,-890000.0,9.733,-4.932,37000.0,12000.0,25000.0,37000.0,0.0,50000.0,0.0,,0.0,-880000.0,-830000.0,,-830000.0,-880000.0,-890000.0,-0.06,-0.06,-0.06,-148000.0,,-148000.0,,,,-1521000.0,-0.101,1.0,-31000.0,,481000.0,10000.0,912000.0,,0.0,0.0,0.0,0.0,730000.0,705000.0,25000.0,,6805000.0,0.0,46000.0,-4000.0,0.0,8326000.0,-1523000.0,0.0,2000.0,0.0,-890000.0,-890000.0,-890000.0,0.0,0.0,,869000.0,-900000.0,665000.0,0.0,,,,1523000.0,0.0,,,,0.0,-1022000.0,0.0,0.0,229000.0,,,,,206000.0,426000.0,1.0,,15015000,15015000.0,0.0,8385000.0,0.0,0.0,0.0,0.558,6157000.0
