None,ticker,dimension,calendardate,datekey,reportperiod,lastupdated,accoci,assets,assetsavg,assetsc,assetsnc,assetturnover,bvps,capex,cashneq,cashnequsd,cor,consolinc,currentratio,de,debt,debtc,debtnc,debtusd,deferredrev,depamor,deposits,divyield,dps,ebit,ebitda,ebitdamargin,ebitdausd,ebitusd,ebt,eps,epsdil,epsusd,equity,equityavg,equityusd,ev,evebit,evebitda,fcf,fcfps,fxusd,gp,grossmargin,intangibles,intexp,invcap,invcapavg,inventory,investments,investmentsc,investmentsnc,liabilities,liabilitiesc,liabilitiesnc,marketcap,ncf,ncfbus,ncfcommon,ncfdebt,ncfdiv,ncff,ncfi,ncfinv,ncfo,ncfx,netinc,netinccmn,netinccmnusd,netincdis,netincnci,netmargin,opex,opinc,payables,payoutratio,pb,pe,pe1,ppnenet,prefdivis,price,ps,ps1,receivables,retearn,revenue,revenueusd,rnd,roa,roe,roic,ros,sbcomp,sgna,sharefactor,sharesbas,shareswa,shareswadil,sps,tangibles,taxassets,taxexp,taxliabilities,tbvps,workingcapital
0,LH,MRY,2020-12-31,2020-12-31,2020-12-31,2021-08-05,-161900000.0,20071700000.0,18489700000.0,5125400000.0,14946300000.0,0.756,96.095,-381700000.0,1320800000.0,1320800000.0,9025700000.0,1557000000.0,1.665,1.142,6756400000.0,575400000.0,6181000000.0,6756400000.0,506500000.0,825000000.0,0.0,0.0,0.0,2425600000.0,3250600000.0,0.233,3250600000.0,2425600000.0,2218200000.0,15.99,15.88,15.99,9359700000.0,7992900000.0,9359700000.0,25842370000.0,11.0,7.95,1753600000.0,18.004,1.0,4952800000.0,0.354,11712600000.0,207400000.0,10716200000.0,10335175000.0,423200000.0,73500000.0,0.0,73500000.0,10691300000.0,3078500000.0,7612800000.0,19825770000.0,983300000.0,-267600000.0,-78600000.0,-412200000.0,0.0,-517400000.0,-643200000.0,-39100000.0,2135300000.0,8600000.0,1556100000.0,1556100000.0,1556100000.0,0.0,900000.0,0.111,2507400000.0,2445400000.0,638900000.0,0.0,2.118,12.741,12.73,2729600000.0,0.0,203.55,1.418,1.418,3016600000.0,9402300000.0,13978500000.0,13978500000.0,0.0,0.084,0.195,0.235,0.174,111700000.0,1729300000.0,1.0,97400000.0,97400000.0,,143.516,8359100000.0,20600000.0,662100000.0,905400000.0,85.822,2046900000.0
1,LH,MRY,2019-12-31,2019-12-31,2019-12-31,2021-08-05,-372400000.0,18046400000.0,17652350000.0,2981200000.0,15065200000.0,0.655,77.93,-400200000.0,337500000.0,337500000.0,8302300000.0,824900000.0,1.123,1.382,7107600000.0,630100000.0,6477500000.0,7107600000.0,451000000.0,771300000.0,0.0,0.0,0.0,1344500000.0,2115800000.0,0.183,2115800000.0,1344500000.0,1103800000.0,8.42,8.35,8.42,7567000000.0,7263450000.0,7567000000.0,23503107000.0,17.0,11.108,1044500000.0,10.757,1.0,3252500000.0,0.281,11899500000.0,240700000.0,10261200000.0,10267150000.0,244700000.0,84900000.0,0.0,84900000.0,10459300000.0,2655800000.0,7803500000.0,16426407000.0,-89300000.0,-876000000.0,-425900000.0,198500000.0,0.0,-252700000.0,-1283100000.0,-16300000.0,1444700000.0,1800000.0,823800000.0,823800000.0,823800000.0,0.0,1100000.0,0.071,1922300000.0,1330200000.0,632300000.0,0.0,2.171,19.94,20.091,2636600000.0,0.0,169.17,1.422,1.422,2025300000.0,7903600000.0,11554800000.0,11554800000.0,0.0,0.047,0.113,0.131,0.116,107000000.0,1624500000.0,1.0,97100000.0,97100000.0,,118.999,6146900000.0,8800000.0,280000000.0,942800000.0,63.305,325400000.0
2,LH,MRY,2018-12-31,2018-12-31,2018-12-31,2021-08-05,-463100000.0,16185300000.0,16545725000.0,2835400000.0,13349900000.0,0.685,69.092,-379800000.0,426800000.0,426800000.0,8157000000.0,883900000.0,1.509,1.319,6059800000.0,17900000.0,6041900000.0,6059800000.0,356400000.0,552100000.0,0.0,0.0,0.0,1512300000.0,2064400000.0,0.182,2064400000.0,1512300000.0,1268100000.0,8.71,8.61,8.71,6971400000.0,7060300000.0,6971400000.0,18319524000.0,12.0,8.874,925600000.0,9.173,1.0,3176400000.0,0.28,11271400000.0,244200000.0,8668000000.0,8953825000.0,237300000.0,60500000.0,0.0,60500000.0,9194800000.0,1878900000.0,7315900000.0,12749724000.0,110200000.0,540400000.0,-678900000.0,-695000000.0,0.0,-1389900000.0,206700000.0,-22300000.0,1305400000.0,-12000000.0,883700000.0,883700000.0,883700000.0,0.0,200000.0,0.078,1850700000.0,1325700000.0,634600000.0,0.0,1.829,14.428,14.507,1740300000.0,0.0,126.36,1.125,1.125,1862300000.0,7079800000.0,11333400000.0,11333400000.0,0.0,0.053,0.125,0.169,0.133,91600000.0,1570900000.0,1.0,100900000.0,100900000.0,,112.323,4913900000.0,1700000.0,384400000.0,940000000.0,48.701,956500000.0
3,LH,MRY,2017-12-31,2017-12-31,2017-12-31,2021-08-05,-333700000.0,16673000000.0,15673825000.0,2733800000.0,13939200000.0,0.658,66.838,-312900000.0,316600000.0,316600000.0,7216200000.0,1232900000.0,1.251,1.447,6762100000.0,417500000.0,6344600000.0,6762100000.0,380800000.0,533200000.0,0.0,0.0,0.0,1306800000.0,1840000000.0,0.179,1840000000.0,1306800000.0,1071700000.0,11.99,11.81,11.99,6804100000.0,6114700000.0,6804100000.0,23047218000.0,18.0,12.526,1185200000.0,11.642,1.0,3091800000.0,0.3,11567000000.0,235100000.0,9365800000.0,9127625000.0,227200000.0,58400000.0,0.0,58400000.0,9848100000.0,2185700000.0,7662400000.0,16238118000.0,-116900000.0,-1882600000.0,-311900000.0,941600000.0,0.0,593200000.0,-2228700000.0,-36200000.0,1498100000.0,20500000.0,1227100000.0,1227100000.0,1227100000.0,0.0,5800000.0,0.119,1786600000.0,1305200000.0,573900000.0,0.0,2.387,13.233,13.304,1706600000.0,0.0,159.51,1.575,1.575,1847500000.0,6196100000.0,10308000000.0,10308000000.0,0.0,0.078,0.201,0.143,0.127,109700000.0,1499200000.0,1.0,101800000.0,101800000.0,,101.257,5106000000.0,1900000.0,-155400000.0,875500000.0,50.157,548100000.0
4,LH,MRY,2016-12-31,2016-12-31,2016-12-31,2021-08-05,-581100000.0,14247000000.0,14334850000.0,2478700000.0,11768300000.0,0.666,53.454,-278900000.0,433600000.0,433600000.0,6698900000.0,712900000.0,1.356,1.585,5849500000.0,549500000.0,5300000000.0,5849500000.0,176000000.0,499200000.0,0.0,0.0,0.0,1291600000.0,1790800000.0,0.187,1790800000.0,1291600000.0,1072500000.0,6.94,6.82,6.94,5505800000.0,5377175000.0,5505800000.0,18826940000.0,15.0,10.513,918200000.0,8.915,1.0,2854000000.0,0.299,9824900000.0,219100000.0,8010400000.0,8477225000.0,205200000.0,57600000.0,0.0,57600000.0,8726000000.0,1827600000.0,6898400000.0,13223140000.0,-282800000.0,-548600000.0,-7900000.0,-653400000.0,0.0,-671000000.0,-795700000.0,1000000.0,1197100000.0,-13200000.0,711800000.0,711800000.0,711800000.0,0.0,1100000.0,0.075,1583400000.0,1270600000.0,508400000.0,0.0,2.402,18.577,18.499,1718600000.0,0.0,128.38,1.384,1.384,1518700000.0,4955800000.0,9552900000.0,9552900000.0,0.0,0.05,0.132,0.152,0.135,109600000.0,1345500000.0,1.0,103000000.0,103000000.0,,92.747,4422100000.0,2100000.0,360700000.0,1206400000.0,42.933,651100000.0
5,LH,MRY,2015-12-31,2015-12-31,2015-12-31,2021-08-05,-287000000.0,14104700000.0,14285700000.0,2621200000.0,11483500000.0,0.608,48.865,-255800000.0,716400000.0,716400000.0,5776800000.0,438700000.0,1.541,1.849,6364200000.0,423900000.0,5940300000.0,6364200000.0,146100000.0,457800000.0,0.0,0.0,0.0,999800000.0,1457600000.0,0.168,1457600000.0,999800000.0,724900000.0,4.43,4.35,4.43,4945100000.0,4786475000.0,4945100000.0,18480568000.0,18.0,12.679,726600000.0,7.18,1.0,2903300000.0,0.334,9525600000.0,274900000.0,8526400000.0,8956175000.0,191000000.0,58200000.0,0.0,58200000.0,9144700000.0,1700500000.0,7444200000.0,12512368000.0,136400000.0,-3736000000.0,98900000.0,3072700000.0,0.0,3184600000.0,-3994900000.0,-3700000.0,982400000.0,-35700000.0,437600000.0,437600000.0,437600000.0,0.0,1100000.0,0.05,1906500000.0,996800000.0,497400000.0,0.0,2.53,28.593,27.91,1747400000.0,0.0,123.64,1.442,1.442,1374500000.0,4223700000.0,8680100000.0,8680100000.0,0.0,0.031,0.091,0.112,0.115,102100000.0,1628100000.0,1.0,101200000.0,101200000.0,,85.772,4579100000.0,2300000.0,287300000.0,1180800000.0,45.248,920700000.0
6,LH,MRY,2014-12-31,2014-12-31,2014-12-31,2021-08-05,-10500000.0,7301800000.0,7167700000.0,1692700000.0,5609100000.0,0.839,33.379,-203500000.0,580000000.0,580000000.0,3808500000.0,512600000.0,1.734,1.583,3029800000.0,347100000.0,2682700000.0,3029800000.0,0.0,245500000.0,0.0,0.0,0.0,928700000.0,1174200000.0,0.195,1174200000.0,928700000.0,819200000.0,6.03,5.91,6.03,2820500000.0,2687250000.0,2820500000.0,11556550000.0,12.0,9.842,535500000.0,6.337,1.0,2203100000.0,0.366,4575200000.0,109500000.0,4200100000.0,4296450000.0,139500000.0,92600000.0,0.0,92600000.0,4463600000.0,976300000.0,3487300000.0,9117550000.0,176000000.0,-159400000.0,-154200000.0,-44400000.0,0.0,-200600000.0,-350100000.0,11400000.0,739000000.0,-12300000.0,511200000.0,511200000.0,511200000.0,0.0,1400000.0,0.085,1298800000.0,904300000.0,282300000.0,0.0,3.233,17.836,17.894,786500000.0,0.0,107.9,1.517,1.517,815700000.0,3786100000.0,6011600000.0,6011600000.0,0.0,0.071,0.19,0.216,0.154,45700000.0,1204300000.0,1.0,84500000.0,84500000.0,,71.143,2726600000.0,0.0,308000000.0,535900000.0,32.267,716400000.0
7,LH,MRY,2013-12-31,2013-12-31,2013-12-31,2021-08-05,66200000.0,6965900000.0,6703475000.0,1432100000.0,5533800000.0,0.866,28.505,-202200000.0,404000000.0,404000000.0,3585100000.0,575400000.0,1.947,1.788,3000400000.0,111300000.0,2889100000.0,3000400000.0,0.0,230100000.0,0.0,0.0,0.0,1010500000.0,1240600000.0,0.214,1240600000.0,1010500000.0,914000000.0,6.36,6.25,6.36,2491300000.0,2624650000.0,2491300000.0,10475538000.0,10.0,8.444,616500000.0,7.054,1.0,2223200000.0,0.383,4594800000.0,96500000.0,4231800000.0,3826200000.0,136500000.0,88500000.0,0.0,88500000.0,4455200000.0,735700000.0,3719500000.0,7985738000.0,-62800000.0,-159500000.0,-841600000.0,318800000.0,0.0,-518300000.0,-359600000.0,1000000.0,818700000.0,-3600000.0,573800000.0,573800000.0,573800000.0,0.0,1600000.0,0.099,1232300000.0,990900000.0,304500000.0,0.0,3.205,13.917,14.366,707400000.0,0.0,91.37,1.375,1.375,784700000.0,3373500000.0,5808300000.0,5808300000.0,0.0,0.086,0.219,0.264,0.174,37300000.0,1128800000.0,1.0,87400000.0,87400000.0,,66.457,2371100000.0,0.0,340200000.0,573800000.0,27.129,696400000.0
8,LH,MRY,2012-12-31,2012-12-31,2012-12-31,2021-08-05,69400000.0,6795000000.0,6459550000.0,1391800000.0,5403200000.0,0.878,28.725,-173800000.0,466800000.0,466800000.0,3421700000.0,584800000.0,1.353,1.493,2655000000.0,480000000.0,2175000000.0,2655000000.0,0.0,229800000.0,0.0,0.0,0.0,1037000000.0,1266800000.0,0.223,1266800000.0,1037000000.0,942500000.0,6.09,5.99,6.09,2717400000.0,2665875000.0,2717400000.0,10388352000.0,10.0,8.2,667600000.0,7.057,1.0,2249700000.0,0.397,4569400000.0,94500000.0,3385300000.0,3215600000.0,121000000.0,78100000.0,0.0,78100000.0,4056900000.0,1028500000.0,3028400000.0,8194252000.0,307500000.0,-335100000.0,-430700000.0,422900000.0,0.0,-800000.0,-534200000.0,-26000000.0,841400000.0,1100000.0,583100000.0,583100000.0,583100000.0,0.0,1700000.0,0.103,1226200000.0,1023500000.0,236900000.0,0.0,3.015,14.053,14.223,630800000.0,0.0,86.62,1.445,1.445,718500000.0,3588500000.0,5671400000.0,5671400000.0,0.0,0.09,0.219,0.322,0.183,40700000.0,1114600000.0,1.0,94600000.0,94600000.0,,59.951,2225600000.0,10900000.0,359400000.0,546000000.0,23.526,363300000.0
9,LH,MRY,2011-12-31,2011-12-31,2011-12-31,2021-08-05,45500000.0,6111800000.0,6133725000.0,1060000000.0,5051800000.0,0.904,25.262,-145700000.0,159300000.0,159300000.0,3267600000.0,533100000.0,1.447,1.433,2221000000.0,135500000.0,2085500000.0,2221000000.0,0.0,231400000.0,0.0,0.0,0.0,940200000.0,1171600000.0,0.211,1171600000.0,940200000.0,852700000.0,5.2,5.11,5.2,2503500000.0,2506750000.0,2503500000.0,10417427000.0,11.0,8.892,709900000.0,7.163,1.0,2274700000.0,0.41,4302500000.0,87500000.0,3138400000.0,2825325000.0,110800000.0,76800000.0,0.0,76800000.0,3588100000.0,732600000.0,2855500000.0,8519627000.0,-71400000.0,-138300000.0,-525500000.0,25400000.0,0.0,-645000000.0,-280300000.0,0.0,855600000.0,-1700000.0,519700000.0,519700000.0,519700000.0,0.0,13400000.0,0.094,1326300000.0,948400000.0,257800000.0,0.0,3.403,16.393,16.533,578300000.0,0.0,85.97,1.537,1.537,699800000.0,3387200000.0,5542300000.0,5542300000.0,0.0,0.085,0.207,0.333,0.17,48900000.0,1159600000.0,1.0,99100000.0,99100000.0,,55.926,1809300000.0,10500000.0,333000000.0,477900000.0,18.257,327400000.0
10,LH,MRY,2010-12-31,2010-12-31,2010-12-31,2021-08-05,88500000.0,6187800000.0,5282000000.0,1143800000.0,5044000000.0,0.947,24.251,-126100000.0,230700000.0,230700000.0,2906100000.0,571600000.0,1.021,1.501,2188400000.0,361700000.0,1826700000.0,2188400000.0,0.0,203600000.0,0.0,0.0,0.0,972200000.0,1175800000.0,0.235,1175800000.0,972200000.0,902200000.0,5.42,5.29,5.42,2466300000.0,2275975000.0,2466300000.0,10190564000.0,10.0,8.667,757500000.0,7.448,1.0,2097800000.0,0.419,4275400000.0,70000000.0,2749600000.0,2124575000.0,103400000.0,78500000.0,0.0,78500000.0,3700900000.0,1120500000.0,2580400000.0,8941464000.0,82200000.0,-1185800000.0,-254700000.0,777500000.0,0.0,515300000.0,-1317500000.0,-10000000.0,883600000.0,800000.0,558200000.0,558200000.0,558200000.0,0.0,13400000.0,0.112,1119000000.0,978800000.0,257800000.0,0.0,3.625,16.018,16.221,586900000.0,0.0,87.92,1.787,1.787,655600000.0,3246600000.0,5003900000.0,5003900000.0,0.0,0.106,0.245,0.458,0.194,40000000.0,1034300000.0,1.0,101700000.0,101700000.0,,49.203,1912400000.0,58400000.0,344000000.0,602300000.0,18.804,23300000.0
11,LH,MRY,2009-12-31,2009-12-31,2009-12-31,2021-08-05,61500000.0,4837800000.0,4802175000.0,935600000.0,3902200000.0,0.978,19.831,-114700000.0,148500000.0,148500000.0,2723800000.0,555600000.0,0.919,1.297,1394400000.0,417200000.0,977200000.0,1394400000.0,0.0,195100000.0,0.0,0.0,0.0,935200000.0,1130300000.0,0.241,1130300000.0,935200000.0,872300000.0,5.06,4.98,5.06,2106100000.0,1990550000.0,2106100000.0,9222008000.0,10.0,8.159,747700000.0,7.04,1.0,1970900000.0,0.42,3239300000.0,62900000.0,1826000000.0,2264150000.0,90000000.0,71400000.0,0.0,71400000.0,2731700000.0,1018400000.0,1713300000.0,7948008000.0,-71200000.0,-215900000.0,-248200000.0,-341900000.0,0.0,-600900000.0,-334000000.0,-4300000.0,862400000.0,1300000.0,543300000.0,543300000.0,543300000.0,0.0,12300000.0,0.116,1035000000.0,935900000.0,183100000.0,0.0,3.774,14.629,14.791,500800000.0,0.0,74.84,1.693,1.693,574200000.0,2927900000.0,4694700000.0,4694700000.0,0.0,0.113,0.273,0.413,0.199,36400000.0,958900000.0,1.0,106200000.0,106200000.0,,44.206,1598500000.0,42800000.0,329000000.0,577700000.0,15.052,-82800000.0
12,LH,MRY,2008-12-31,2008-12-31,2008-12-31,2021-08-05,-16700000.0,4669500000.0,4639700000.0,1032800000.0,3636700000.0,0.971,15.632,-156700000.0,219700000.0,219700000.0,2631400000.0,477800000.0,1.888,1.694,1721300000.0,120800000.0,1600500000.0,1721300000.0,0.0,179700000.0,0.0,0.0,0.0,844400000.0,1024100000.0,0.227,1024100000.0,844400000.0,772400000.0,4.23,4.16,4.23,1688300000.0,1713250000.0,1688300000.0,8633780000.0,10.0,8.431,624200000.0,5.78,1.0,1873800000.0,0.416,2994800000.0,72000000.0,2629400000.0,2225875000.0,91000000.0,72000000.0,0.0,72000000.0,2859900000.0,546900000.0,2313000000.0,6956280000.0,163300000.0,-348900000.0,-269200000.0,48500000.0,0.0,-218500000.0,-396000000.0,109900000.0,780900000.0,-3100000.0,464500000.0,464500000.0,464500000.0,0.0,13300000.0,0.103,1030900000.0,842900000.0,159700000.0,0.0,4.12,14.976,15.227,496400000.0,0.0,64.41,1.544,1.544,631600000.0,2384600000.0,4505200000.0,4505200000.0,0.0,0.1,0.271,0.379,0.187,36200000.0,935100000.0,1.0,108000000.0,108000000.0,,41.715,1674700000.0,6700000.0,307900000.0,522900000.0,15.506,485900000.0
13,LH,MRY,2007-12-31,2007-12-31,2007-12-31,2021-08-05,120000000.0,4368200000.0,4136300000.0,937500000.0,3430700000.0,0.984,14.977,-142600000.0,56400000.0,56400000.0,2377000000.0,476800000.0,0.969,1.532,1667000000.0,589500000.0,1077500000.0,1667000000.0,0.0,162800000.0,0.0,0.0,0.0,858900000.0,1021700000.0,0.251,1021700000.0,858900000.0,802300000.0,4.08,3.93,4.08,1725300000.0,1857400000.0,1725300000.0,9952956000.0,12.0,9.742,567100000.0,4.923,1.0,1691200000.0,0.416,2252900000.0,56600000.0,2758000000.0,2308475000.0,80400000.0,792900000.0,109900000.0,683000000.0,2642900000.0,967900000.0,1675000000.0,8701056000.0,4900000.0,-225100000.0,-843600000.0,459200000.0,0.0,-363700000.0,-341500000.0,25500000.0,709700000.0,400000.0,476800000.0,476800000.0,476800000.0,0.0,0.0,0.117,914200000.0,777000000.0,134200000.0,0.0,5.043,18.249,18.512,439200000.0,0.0,75.53,2.139,2.139,623200000.0,2243700000.0,4068200000.0,4068200000.0,0.0,0.115,0.257,0.372,0.211,35400000.0,808700000.0,1.0,115200000.0,115200000.0,,35.314,2115300000.0,0.0,325500000.0,511400000.0,18.362,-30400000.0
14,LH,MRY,2006-12-31,2006-12-31,2006-12-31,2021-08-05,58700000.0,4000800000.0,4024925000.0,887000000.0,3113800000.0,0.892,15.766,-115900000.0,51500000.0,51500000.0,2061400000.0,431600000.0,0.953,1.024,1157400000.0,554400000.0,603000000.0,1157400000.0,0.0,155000000.0,0.0,0.0,0.0,768700000.0,923700000.0,0.257,923700000.0,768700000.0,720900000.0,3.48,3.24,3.48,1977100000.0,2000300000.0,1977100000.0,10360338000.0,13.0,11.216,516400000.0,4.118,1.0,1529400000.0,0.426,2094200000.0,47800000.0,2081600000.0,2135400000.0,84300000.0,713300000.0,135400000.0,577900000.0,2023700000.0,930900000.0,1092800000.0,9213138000.0,6100000.0,-40000000.0,-394500000.0,31900000.0,0.0,-353500000.0,-273300000.0,-117700000.0,632300000.0,600000.0,431600000.0,431600000.0,431600000.0,0.0,0.0,0.12,832300000.0,697100000.0,133500000.0,0.0,4.66,21.346,21.112,393200000.0,0.0,73.47,2.566,2.566,541300000.0,1767900000.0,3590800000.0,3590800000.0,0.0,0.107,0.216,0.36,0.214,52700000.0,779100000.0,1.0,125400000.0,125400000.0,,28.635,1906600000.0,21300000.0,289300000.0,409200000.0,15.204,-43900000.0
15,LH,MRY,2005-12-31,2005-12-31,2005-12-31,2021-08-05,90300000.0,3875800000.0,3829375000.0,702300000.0,3173500000.0,0.869,14.187,-93600000.0,45400000.0,45400000.0,1937300000.0,386200000.0,0.791,1.055,1149100000.0,544600000.0,604500000.0,1149100000.0,0.0,149800000.0,0.0,0.0,0.0,675100000.0,824900000.0,0.248,824900000.0,675100000.0,640700000.0,2.89,2.71,2.89,1885700000.0,2044600000.0,1885700000.0,8004755086.0,12.0,9.704,480600000.0,3.616,1.0,1390300000.0,0.418,2122700000.0,34400000.0,1968700000.0,2050150000.0,65400000.0,596600000.0,17700000.0,578900000.0,1990100000.0,888100000.0,1102000000.0,7157755086.0,-2200000.0,-342600000.0,-521600000.0,244400000.0,0.0,-277200000.0,-298600000.0,141500000.0,574200000.0,-600000.0,386200000.0,386200000.0,386200000.0,0.0,0.0,0.116,772200000.0,618100000.0,116200000.0,0.0,3.796,18.534,18.633,381500000.0,0.0,53.85,2.151,2.151,493400000.0,1336300000.0,3327600000.0,3327600000.0,0.0,0.101,0.189,0.329,0.203,13700000.0,703900000.0,1.0,132920243.0,132920243.0,,25.035,1753100000.0,43200000.0,254500000.0,408900000.0,13.189,-185800000.0
16,LH,MRY,2004-12-31,2004-12-31,2004-12-31,2021-08-05,81700000.0,3626100000.0,3526775000.0,765200000.0,2860900000.0,0.875,14.453,-95000000.0,47600000.0,47600000.0,1795500000.0,363000000.0,2.544,0.814,889400000.0,100000.0,889300000.0,889400000.0,0.0,138800000.0,0.0,0.002,0.08,651400000.0,790200000.0,0.256,790200000.0,651400000.0,615300000.0,2.6,2.45,2.6,1999300000.0,1956500000.0,1999300000.0,7568170785.0,12.0,9.578,443100000.0,3.203,1.0,1289300000.0,0.418,1857400000.0,36100000.0,2309700000.0,1870825000.0,61500000.0,707700000.0,159200000.0,548500000.0,1626800000.0,300800000.0,1326000000.0,6891770785.0,-300000.0,-38800000.0,-311800000.0,-1900000.0,0.0,-313700000.0,-224000000.0,-84100000.0,538100000.0,-700000.0,363000000.0,363000000.0,363000000.0,0.0,0.0,0.118,690900000.0,598400000.0,85300000.0,0.031,3.447,18.986,19.162,360000000.0,0.0,49.82,2.234,2.234,441400000.0,950100000.0,3084800000.0,3084800000.0,0.0,0.103,0.186,0.348,0.211,15500000.0,649100000.0,1.0,138333416.0,138333416.0,,22.3,1768700000.0,26300000.0,252300000.0,346200000.0,12.786,464400000.0
17,LH,MRY,2003-12-31,2003-12-31,2003-12-31,2021-08-05,34700000.0,3414900000.0,3349850000.0,657900000.0,2757000000.0,0.877,13.249,-83600000.0,103000000.0,103000000.0,1714800000.0,321000000.0,0.852,0.801,884200000.0,523500000.0,360700000.0,884200000.0,0.0,135600000.0,0.0,0.0,0.0,581300000.0,716900000.0,0.244,716900000.0,581300000.0,540400000.0,2.23,2.11,2.23,1895900000.0,1778125000.0,1895900000.0,6164439582.0,11.0,8.599,480700000.0,3.359,1.0,1224600000.0,0.417,1857300000.0,40900000.0,1566200000.0,1878175000.0,47000000.0,525300000.0,20000000.0,505300000.0,1519000000.0,772600000.0,746400000.0,5287439582.0,3500000.0,-663300000.0,-133900000.0,340900000.0,0.0,212300000.0,-773600000.0,-12700000.0,564300000.0,500000.0,321000000.0,321000000.0,321000000.0,0.0,0.0,0.109,690900000.0,533700000.0,73000000.0,0.0,2.789,16.472,16.57,361300000.0,0.0,36.95,1.799,1.799,432500000.0,587100000.0,2939400000.0,2939400000.0,0.0,0.096,0.181,0.31,0.198,18100000.0,651800000.0,1.0,143097147.0,143097147.0,,20.541,1557600000.0,19100000.0,219400000.0,273400000.0,10.885,-114700000.0
18,LH,MRY,2002-12-31,2002-12-31,2002-12-31,2021-08-05,-29900000.0,2580400000.0,2356425000.0,585100000.0,1995300000.0,1.064,10.904,-74300000.0,56400000.0,56400000.0,1445900000.0,254600000.0,2.584,0.601,521900000.0,400000.0,521500000.0,521900000.0,0.0,101800000.0,0.0,0.0,0.0,451500000.0,553300000.0,0.221,553300000.0,451500000.0,432300000.0,1.78,1.69,1.78,1611700000.0,1405225000.0,1611700000.0,3977047069.0,9.0,7.188,370600000.0,2.507,1.0,1061800000.0,0.423,1217500000.0,19200000.0,1602000000.0,1352825000.0,44800000.0,400600000.0,0.0,400600000.0,968700000.0,226400000.0,742300000.0,3435147069.0,-92800000.0,-281400000.0,18200000.0,-208900000.0,0.0,-171100000.0,-368900000.0,0.0,444900000.0,2300000.0,254600000.0,254600000.0,254600000.0,0.0,0.0,0.102,626800000.0,435000000.0,79900000.0,0.0,2.131,13.492,13.056,351200000.0,0.0,23.24,1.37,1.37,393000000.0,266100000.0,2507700000.0,2507700000.0,0.0,0.108,0.181,0.334,0.18,14300000.0,585500000.0,1.0,147811836.0,147811836.0,,16.965,1362900000.0,57100000.0,177700000.0,79300000.0,9.221,358700000.0
19,LH,MRY,2001-12-31,2001-12-31,2001-12-31,2021-08-05,-8800000.0,1929600000.0,1804300000.0,624500000.0,1305100000.0,1.219,7.717,-88100000.0,149200000.0,149200000.0,1274200000.0,179500000.0,3.361,0.778,508900000.0,0.0,508900000.0,508900000.0,0.0,104000000.0,0.0,0.0,0.0,353800000.0,457800000.0,0.208,457800000.0,353800000.0,326800000.0,1.29,1.27,1.29,1085400000.0,1006475000.0,1085400000.0,6074041195.0,17.0,13.268,227900000.0,1.62,1.0,925600000.0,0.421,968500000.0,27000000.0,1135000000.0,998325000.0,38700000.0,0.0,0.0,0.0,844200000.0,185800000.0,658400000.0,5686041195.0,100400000.0,-146300000.0,14900000.0,9000000.0,0.0,15000000.0,-230000000.0,0.0,316000000.0,-600000.0,179500000.0,179500000.0,179500000.0,0.0,0.0,0.082,558000000.0,367600000.0,60200000.0,0.0,5.239,31.677,31.337,309300000.0,0.0,40.425,2.585,2.585,365500000.0,11500000.0,2199800000.0,2199800000.0,0.0,0.099,0.178,0.354,0.161,7500000.0,516500000.0,1.0,140656554.0,140656554.0,,15.64,961100000.0,54400000.0,147300000.0,0.0,6.833,438700000.0
20,LH,MRY,2000-12-31,2000-12-31,2000-12-31,2021-08-05,-400000.0,1666900000.0,1634975000.0,511700000.0,1155200000.0,1.174,6.309,-55500000.0,48800000.0,48800000.0,1152700000.0,112100000.0,1.641,0.9,485700000.0,132000000.0,353700000.0,485700000.0,0.0,89600000.0,0.0,0.0,0.0,246100000.0,335700000.0,0.175,335700000.0,246100000.0,207600000.0,0.82,0.8,0.82,877400000.0,560600000.0,877400000.0,6611278128.0,27.0,19.694,191200000.0,1.375,1.0,766600000.0,0.399,865700000.0,38500000.0,926200000.0,999150000.0,31600000.0,0.0,0.0,0.0,789500000.0,311900000.0,477600000.0,6118878128.0,8500000.0,-95900000.0,17800000.0,-96200000.0,0.0,-87900000.0,-150000000.0,0.0,246700000.0,-300000.0,112100000.0,77500000.0,77500000.0,0.0,0.0,0.04,521000000.0,245600000.0,52800000.0,0.0,6.974,78.953,53.659,272800000.0,34600000.0,44.0,3.188,3.188,368000000.0,-168000000.0,1919300000.0,1919300000.0,0.0,0.047,0.138,0.246,0.128,4000000.0,483000000.0,1.0,139065412.0,139065412.0,,13.801,801200000.0,44800000.0,95500000.0,0.0,5.761,199800000.0
21,LH,MRY,1999-12-31,1999-12-31,1999-12-31,2021-08-05,-100000.0,1590200000.0,1616950000.0,499500000.0,1090700000.0,1.051,3.407,-69400000.0,40300000.0,40300000.0,1069600000.0,65400000.0,2.034,8.061,577800000.0,95000000.0,482800000.0,577800000.0,0.0,83800000.0,0.0,0.0,0.0,147100000.0,230900000.0,0.136,230900000.0,147100000.0,105500000.0,0.295,0.29,0.295,175500000.0,167900000.0,175500000.0,1044240223.0,7.0,4.522,111100000.0,2.157,1.0,629100000.0,0.37,803900000.0,41600000.0,1078200000.0,1127950000.0,29100000.0,0.0,0.0,0.0,1414700000.0,245600000.0,1169100000.0,474940223.0,17600000.0,-8700000.0,3800000.0,-71100000.0,0.0,-85800000.0,-77000000.0,0.0,180500000.0,-100000.0,65400000.0,15000000.0,15000000.0,0.0,0.0,0.009,479400000.0,149700000.0,43600000.0,0.0,2.706,31.663,31.254,273200000.0,50400000.0,9.22,0.28,0.28,348000000.0,-245500000.0,1698700000.0,1698700000.0,0.0,0.009,0.089,0.13,0.087,0.0,448200000.0,1.0,51511955.0,51511955.0,,32.977,786300000.0,44600000.0,40100000.0,0.0,15.264,253900000.0
22,LH,MRY,1998-12-31,1998-12-31,1998-12-31,2021-08-05,-2000000.0,1640900000.0,1609975000.0,519100000.0,1121800000.0,1.002,3.081,-58700000.0,22700000.0,22700000.0,1049200000.0,68800000.0,2.065,9.628,648000000.0,72500000.0,575500000.0,648000000.0,0.0,82800000.0,0.0,0.0,0.0,130200000.0,213000000.0,0.132,213000000.0,130200000.0,81500000.0,0.487,0.487,0.487,154400000.0,135750000.0,154400000.0,808245452.0,6.0,3.795,66400000.0,1.325,1.0,563400000.0,0.349,836200000.0,48700000.0,1178600000.0,1182125000.0,30700000.0,0.0,0.0,0.0,1486500000.0,251400000.0,1235100000.0,172245452.0,-600000.0,-30500000.0,2900000.0,-41500000.0,0.0,-57100000.0,-68600000.0,0.0,125100000.0,0.0,68800000.0,24400000.0,24400000.0,0.0,0.0,0.015,435800000.0,127600000.0,50200000.0,0.0,1.116,7.059,7.059,259100000.0,44400000.0,3.438,0.107,0.107,375400000.0,-260500000.0,1612600000.0,1612600000.0,0.0,0.015,0.18,0.11,0.081,0.0,405000000.0,1.0,50107768.0,50107768.0,,32.183,804700000.0,78000000.0,12700000.0,0.0,16.059,267700000.0
23,LH,MRY,1997-12-31,1997-12-31,1997-12-31,2021-08-05,0.0,1658500000.0,1787750000.0,527600000.0,1130900000.0,0.884,2.592,-34500000.0,23300000.0,23300000.0,1080500000.0,-106900000.0,2.684,11.847,689600000.0,0.0,689600000.0,689600000.0,0.0,86800000.0,0.0,0.0,0.0,-89600000.0,-2800000.0,-0.002,-2800000.0,-89600000.0,-161300000.0,-2.65,-2.65,-2.65,129100000.0,193600000.0,129100000.0,,,,109900000.0,2.207,1.0,499400000.0,0.316,851300000.0,71700000.0,1276900000.0,1650500000.0,36000000.0,0.0,0.0,0.0,1529400000.0,196600000.0,1332800000.0,217873752.0,-6000000.0,-5200000.0,1800000.0,-586700000.0,0.0,-112300000.0,-38100000.0,0.0,144400000.0,0.0,-106900000.0,-130800000.0,-130800000.0,0.0,0.0,-0.083,591400000.0,-92000000.0,55900000.0,0.0,1.688,-1.666,-1.651,254900000.0,23900000.0,4.375,0.138,0.138,330600000.0,-284900000.0,1579900000.0,1579900000.0,0.0,-0.073,-0.676,-0.054,-0.057,0.0,538100000.0,1.0,49799715.0,49799715.0,,31.725,807200000.0,120800000.0,-54400000.0,0.0,16.209,331000000.0
24,LH,MRY,1996-12-31,1996-12-31,1996-12-31,2021-08-05,0.0,1917000000.0,,721500000.0,1195500000.0,,,-69900000.0,29300000.0,29300000.0,1183900000.0,-153500000.0,2.854,6.427,1280300000.0,18700000.0,1261600000.0,1280300000.0,0.0,97500000.0,0.0,0.0,0.0,-116600000.0,-19100000.0,-0.011,-19100000.0,-116600000.0,-188300000.0,-3.125,-3.125,-3.125,258100000.0,,258100000.0,,,,-244400000.0,,1.0,492300000.0,0.294,891100000.0,71700000.0,2024100000.0,,44300000.0,0.0,0.0,0.0,1658900000.0,252800000.0,1406100000.0,,12900000.0,-5000000.0,0.0,269200000.0,0.0,258800000.0,-71400000.0,0.0,-174500000.0,0.0,-153500000.0,-153500000.0,-153500000.0,0.0,0.0,-0.092,611100000.0,-118800000.0,65700000.0,0.0,,,-2.304,282900000.0,0.0,7.2,,,505600000.0,-154100000.0,1676200000.0,1676200000.0,0.0,,,,-0.07,0.0,558500000.0,1.0,,,,,1025900000.0,120500000.0,-34800000.0,0.0,,468700000.0
25,LH,MRY,1995-12-31,1995-12-31,1995-12-31,2021-08-05,,,,,,,,-87300000.0,,,1024300000.0,-12300000.0,,,,,,,,76500000.0,,0.0,0.0,60300000.0,136800000.0,0.096,136800000.0,60300000.0,-5200000.0,-0.275,-0.275,-0.275,,,,,,,-36200000.0,,1.0,407700000.0,0.285,,65500000.0,,,,,,,,,,,-10400000.0,-39600000.0,135700000.0,358300000.0,-474700000.0,57600000.0,-119100000.0,0.0,51100000.0,0.0,-12300000.0,-12300000.0,-12300000.0,0.0,0.0,-0.009,340500000.0,67200000.0,,0.0,,,-85.227,,0.0,23.438,,,,,1432000000.0,1432000000.0,0.0,,,,0.042,0.0,248500000.0,1.0,,,,,,,7100000.0,,,
0,LH,MRQ,2021-06-30,2021-06-30,2021-06-30,2021-08-05,-181200000.0,20417100000.0,,5693500000.0,14723600000.0,,104.863,-97200000.0,1963200000.0,1963200000.0,2575900000.0,468000000.0,2.135,0.991,6357600000.0,202600000.0,6155000000.0,6357600000.0,546700000.0,235100000.0,0.0,0.0,0.0,728300000.0,963400000.0,0.251,963400000.0,728300000.0,650000000.0,4.8,4.76,4.8,10245100000.0,,10245100000.0,31420145000.0,8.0,6.301,390000000.0,3.992,1.0,1264800000.0,0.329,11498300000.0,78300000.0,10646100000.0,,421300000.0,82100000.0,0.0,82100000.0,10151000000.0,2667100000.0,7483900000.0,26950545000.0,72400000.0,13100000.0,-313000000.0,0.0,0.0,-325400000.0,-90400000.0,-6400000.0,487200000.0,1000000.0,467400000.0,467400000.0,467400000.0,0.0,600000.0,0.122,560700000.0,704100000.0,599900000.0,0.0,2.631,9.362,9.338,2701800000.0,0.0,275.85,1.645,1.645,2847100000.0,10417400000.0,3840700000.0,3840700000.0,0.0,,,,,23900000.0,458700000.0,1.0,97700000.0,97700000.0,,39.311,8918800000.0,23700000.0,182600000.0,826000000.0,91.288,3026400000.0
1,LH,MRQ,2021-03-31,2021-03-31,2021-03-31,2021-08-05,-226500000.0,20417100000.0,,5638100000.0,14779000000.0,,102.679,-95400000.0,1890800000.0,1890800000.0,2562500000.0,770100000.0,1.674,1.035,6360400000.0,699000000.0,5661400000.0,6360400000.0,540300000.0,232200000.0,0.0,0.0,0.0,1069800000.0,1302000000.0,0.313,1302000000.0,1069800000.0,1021300000.0,7.88,7.82,7.88,10021500000.0,,10021500000.0,30326528000.0,8.0,6.645,1062200000.0,10.883,1.0,1599000000.0,0.384,11554500000.0,48500000.0,9963500000.0,,427500000.0,85000000.0,0.0,85000000.0,10374700000.0,3368700000.0,7006000000.0,24890928000.0,570000000.0,-34100000.0,-71900000.0,-375000000.0,0.0,-450100000.0,-132400000.0,-5500000.0,1157600000.0,-5100000.0,769600000.0,769600000.0,769600000.0,0.0,500000.0,0.185,541100000.0,1057900000.0,621300000.0,0.0,2.484,9.418,9.404,2697000000.0,0.0,255.03,1.625,1.625,2903000000.0,10171900000.0,4161500000.0,4161500000.0,0.0,,,,,28700000.0,429800000.0,1.0,97600000.0,97600000.0,,42.638,8862600000.0,20200000.0,251700000.0,857700000.0,90.805,2269400000.0
2,LH,MRQ,2020-12-31,2020-12-31,2020-12-31,2021-08-05,-161900000.0,20071700000.0,,5125400000.0,14946300000.0,,96.095,-99400000.0,1320800000.0,1320800000.0,2584900000.0,938600000.0,1.665,1.142,6756400000.0,575400000.0,6181000000.0,6756400000.0,506500000.0,233500000.0,0.0,0.0,0.0,1290700000.0,1524200000.0,0.339,1524200000.0,1290700000.0,1242400000.0,9.64,9.57,9.64,9359700000.0,,9359700000.0,25842370000.0,11.0,7.95,675200000.0,6.932,1.0,1904900000.0,0.424,11712600000.0,48300000.0,10716200000.0,,423200000.0,73500000.0,0.0,73500000.0,10691300000.0,3078500000.0,7612800000.0,19825770000.0,653600000.0,-58800000.0,2800000.0,0.0,0.0,-1000000.0,-128000000.0,-10800000.0,774600000.0,8000000.0,938300000.0,938300000.0,938300000.0,0.0,300000.0,0.209,611700000.0,1293200000.0,638900000.0,0.0,2.118,12.741,12.73,2729600000.0,0.0,203.55,1.418,1.418,3016600000.0,9402300000.0,4489800000.0,4489800000.0,0.0,,,,,26800000.0,518000000.0,1.0,97400000.0,97400000.0,,46.097,8359100000.0,20600000.0,304100000.0,905400000.0,85.822,2046900000.0
3,LH,MRQ,2020-09-30,2020-09-30,2020-09-30,2021-08-05,-314600000.0,18739600000.0,,4085600000.0,14654000000.0,,84.59,-77200000.0,667200000.0,667200000.0,2336700000.0,703700000.0,1.357,1.272,6683800000.0,577800000.0,6106000000.0,6683800000.0,494800000.0,199100000.0,0.0,0.0,0.0,998200000.0,1197300000.0,0.307,1197300000.0,998200000.0,946800000.0,7.22,7.17,7.22,8239100000.0,,8239100000.0,24894398000.0,17.0,10.874,709000000.0,7.279,1.0,1559400000.0,0.4,11534300000.0,51400000.0,10212000000.0,,392500000.0,70700000.0,0.0,70700000.0,10480600000.0,3009900000.0,7470700000.0,18337498000.0,110200000.0,-197500000.0,21300000.0,-412200000.0,0.0,-396700000.0,-285200000.0,-7500000.0,786200000.0,5900000.0,703400000.0,703400000.0,703400000.0,0.0,300000.0,0.181,512300000.0,1047100000.0,639500000.0,0.0,2.226,21.704,21.715,2608600000.0,0.0,188.27,1.474,1.474,2698700000.0,8464000000.0,3896100000.0,3896100000.0,0.0,,,,,27200000.0,419500000.0,1.0,97400000.0,97400000.0,,40.001,7205300000.0,3400000.0,243400000.0,891500000.0,73.976,1075700000.0
4,LH,MRQ,2020-06-30,2020-06-30,2020-06-30,2021-08-05,-449000000.0,17849100000.0,,3413200000.0,14435900000.0,,75.645,-98500000.0,557000000.0,557000000.0,2008300000.0,231600000.0,1.125,1.425,7113900000.0,994300000.0,6119600000.0,7113900000.0,473300000.0,190600000.0,0.0,0.0,0.0,349700000.0,540300000.0,0.195,540300000.0,349700000.0,297000000.0,2.38,2.37,2.38,7352700000.0,,7352700000.0,22939892000.0,27.0,14.039,272200000.0,2.8,1.0,760500000.0,0.275,11299900000.0,52700000.0,10071700000.0,,342300000.0,72300000.0,0.0,72300000.0,10476900000.0,3034400000.0,7442500000.0,16145892000.0,233400000.0,-11300000.0,-7600000.0,0.0,0.0,-16900000.0,-123400000.0,-13800000.0,370700000.0,3000000.0,231600000.0,231600000.0,231600000.0,0.0,0.0,0.084,462800000.0,297700000.0,534100000.0,0.0,2.196,44.577,44.774,2627700000.0,0.0,166.11,1.407,1.407,2196400000.0,7760600000.0,2768800000.0,2768800000.0,0.0,,,,,39800000.0,396300000.0,1.0,97200000.0,97200000.0,,28.486,6549200000.0,4900000.0,65400000.0,907300000.0,67.379,378800000.0
5,LH,MRQ,2020-03-31,2020-03-31,2020-03-31,2021-08-05,-517900000.0,17298400000.0,,2891100000.0,14407300000.0,,72.149,-106600000.0,323600000.0,323600000.0,2095800000.0,-316900000.0,1.176,1.461,7117600000.0,628300000.0,6489300000.0,7117600000.0,432900000.0,201800000.0,0.0,0.0,0.0,-213000000.0,-11200000.0,-0.004,-11200000.0,-213000000.0,-268000000.0,-3.27,-3.27,-3.27,7020100000.0,,7020100000.0,19067847000.0,23.0,11.941,97200000.0,0.999,1.0,728000000.0,0.258,11293600000.0,55000000.0,10340800000.0,,254000000.0,67000000.0,0.0,67000000.0,10259800000.0,2458000000.0,7801800000.0,12297747000.0,-13900000.0,0.0,-95100000.0,0.0,0.0,-102800000.0,-106600000.0,-7000000.0,203800000.0,-8300000.0,-317200000.0,-317200000.0,-317200000.0,0.0,300000.0,-0.112,920600000.0,-192600000.0,568700000.0,0.0,1.752,38.311,38.651,2609600000.0,0.0,126.39,1.061,1.061,1960300000.0,7529000000.0,2823800000.0,2823800000.0,0.0,,,,,17900000.0,395500000.0,1.0,97300000.0,97300000.0,,29.022,6004800000.0,6500000.0,49200000.0,943100000.0,61.714,433100000.0
6,LH,MRQ,2019-12-31,2019-12-31,2019-12-31,2021-08-05,-372400000.0,18046400000.0,,2981200000.0,15065200000.0,,77.93,-128200000.0,337500000.0,337500000.0,2132700000.0,227300000.0,1.123,1.382,7107600000.0,630100000.0,6477500000.0,7107600000.0,451000000.0,205800000.0,0.0,0.0,0.0,357100000.0,562900000.0,0.191,562900000.0,357100000.0,292700000.0,2.34,2.31,2.34,7567000000.0,,7567000000.0,23503107000.0,17.0,11.108,441600000.0,4.548,1.0,820700000.0,0.278,11899500000.0,64400000.0,10261200000.0,,244700000.0,84900000.0,0.0,84900000.0,10459300000.0,2655800000.0,7803500000.0,16426407000.0,-23600000.0,-23100000.0,-44500000.0,-401500000.0,0.0,-449400000.0,-152100000.0,-4400000.0,569800000.0,8100000.0,227100000.0,227100000.0,227100000.0,0.0,200000.0,0.077,484300000.0,336400000.0,632300000.0,0.0,2.171,19.94,20.091,2636600000.0,0.0,169.17,1.422,1.422,2025300000.0,7903600000.0,2953400000.0,2953400000.0,0.0,,,,,23500000.0,413900000.0,1.0,97100000.0,97100000.0,,30.416,6146900000.0,8800000.0,65600000.0,942800000.0,63.305,325400000.0
7,LH,MRQ,2019-09-30,2019-09-30,2019-09-30,2021-08-05,-502200000.0,17847800000.0,,2987800000.0,14860000000.0,,74.013,-92600000.0,361100000.0,361100000.0,2111200000.0,221000000.0,1.169,1.465,7437800000.0,713000000.0,6724800000.0,7437800000.0,403800000.0,194400000.0,0.0,0.0,0.0,347600000.0,542000000.0,0.185,542000000.0,347600000.0,287100000.0,2.26,2.25,2.26,7231100000.0,,7231100000.0,23655200000.0,19.0,12.05,363000000.0,3.715,1.0,817300000.0,0.279,11836600000.0,60500000.0,10533000000.0,,234900000.0,86000000.0,0.0,86000000.0,10597000000.0,2554900000.0,8042100000.0,16413600000.0,95700000.0,-149200000.0,-75200000.0,-35000000.0,0.0,-115000000.0,-239700000.0,500000.0,455600000.0,-5200000.0,220700000.0,220700000.0,220700000.0,0.0,300000.0,0.075,477400000.0,339900000.0,607800000.0,0.0,2.27,21.751,21.932,2462800000.0,0.0,168.0,1.441,1.441,2094100000.0,7676500000.0,2928500000.0,2928500000.0,0.0,,,,,31500000.0,401500000.0,1.0,97700000.0,97700000.0,,29.974,6011200000.0,15700000.0,66400000.0,969000000.0,61.527,432900000.0
8,LH,MRQ,2019-06-30,2019-06-30,2019-06-30,2021-08-05,-411900000.0,17744400000.0,,2848600000.0,14895800000.0,,72.532,-85200000.0,265400000.0,265400000.0,2056900000.0,190700000.0,1.141,1.481,7507000000.0,739700000.0,6767300000.0,7507000000.0,404200000.0,174400000.0,0.0,0.0,0.0,328800000.0,503200000.0,0.175,503200000.0,328800000.0,269700000.0,1.94,1.93,1.94,7144400000.0,,7144400000.0,23501350000.0,16.0,11.122,168300000.0,1.709,1.0,824800000.0,0.286,11859600000.0,59100000.0,10630600000.0,,219700000.0,86700000.0,0.0,86700000.0,10580000000.0,2495800000.0,8084200000.0,17030650000.0,-83400000.0,-656400000.0,-211400000.0,635000000.0,0.0,414900000.0,-750800000.0,-9500000.0,253500000.0,-1000000.0,190400000.0,190400000.0,190400000.0,0.0,300000.0,0.066,489100000.0,335700000.0,531600000.0,0.0,2.384,19.973,20.246,2544200000.0,0.0,172.9,1.508,1.508,2064900000.0,7455800000.0,2881700000.0,2881700000.0,0.0,,,,,26500000.0,415300000.0,1.0,98500000.0,98500000.0,,29.256,5884800000.0,1700000.0,79300000.0,948300000.0,59.744,352800000.0
9,LH,MRQ,2019-03-31,2019-03-31,2019-03-31,2021-08-05,-439500000.0,16970800000.0,,2885300000.0,14085500000.0,,72.123,-94200000.0,348800000.0,348800000.0,2001500000.0,185900000.0,1.142,1.384,6819500000.0,772800000.0,6046700000.0,6819500000.0,364600000.0,196700000.0,0.0,0.0,0.0,311100000.0,507800000.0,0.182,507800000.0,311100000.0,254400000.0,1.88,1.86,1.88,7111300000.0,,7111300000.0,20716828000.0,14.0,9.755,71600000.0,0.726,1.0,789700000.0,0.283,11270800000.0,56700000.0,9643800000.0,,233700000.0,66900000.0,0.0,66900000.0,9840000000.0,2526900000.0,7313100000.0,15083828000.0,-78000000.0,-47300000.0,-94800000.0,0.0,0.0,-103200000.0,-140500000.0,-2900000.0,165800000.0,-100000.0,185600000.0,185600000.0,185600000.0,0.0,300000.0,0.066,471500000.0,318200000.0,592200000.0,0.0,2.121,16.833,17.208,2457900000.0,0.0,152.98,1.338,1.338,1985700000.0,7265400000.0,2791200000.0,2791200000.0,0.0,,,,,25500000.0,393800000.0,1.0,98600000.0,98600000.0,,28.308,5700000000.0,1700000.0,68800000.0,959100000.0,57.809,358400000.0
10,LH,MRQ,2018-12-31,2018-12-31,2018-12-31,2021-08-05,-463100000.0,16185300000.0,,2835400000.0,13349900000.0,,69.092,-122200000.0,426800000.0,426800000.0,2015100000.0,158200000.0,1.509,1.319,6059800000.0,17900000.0,6041900000.0,6059800000.0,356400000.0,137700000.0,0.0,0.0,0.0,272400000.0,410100000.0,0.147,410100000.0,272400000.0,214200000.0,1.58,1.57,1.58,6971400000.0,,6971400000.0,18319524000.0,12.0,8.874,364200000.0,3.61,1.0,772400000.0,0.277,11271400000.0,58200000.0,8668000000.0,,237300000.0,60500000.0,0.0,60500000.0,9194800000.0,1878900000.0,7315900000.0,12749724000.0,-465800000.0,-35000000.0,-400100000.0,-399700000.0,0.0,-802900000.0,-146900000.0,-8000000.0,486400000.0,-2400000.0,157900000.0,157900000.0,157900000.0,0.0,300000.0,0.057,464700000.0,307700000.0,634600000.0,0.0,1.829,14.428,14.507,1740300000.0,0.0,126.36,1.125,1.125,1862300000.0,7079800000.0,2787500000.0,2787500000.0,0.0,,,,,20800000.0,396900000.0,1.0,100900000.0,100900000.0,,27.626,4913900000.0,1700000.0,56300000.0,940000000.0,48.701,956500000.0
11,LH,MRQ,2018-09-30,2018-09-30,2018-09-30,2021-08-05,-407800000.0,16661400000.0,,3274300000.0,13387100000.0,,71.13,-97900000.0,892600000.0,892600000.0,2041400000.0,319000000.0,1.555,1.296,6462400000.0,417800000.0,6044600000.0,6462400000.0,289400000.0,133100000.0,0.0,0.0,0.0,558800000.0,691900000.0,0.244,691900000.0,558800000.0,499400000.0,3.14,3.1,3.14,7248100000.0,,7248100000.0,23933792000.0,15.0,11.231,154000000.0,1.511,1.0,789900000.0,0.279,11353600000.0,59400000.0,8771400000.0,,233000000.0,57900000.0,0.0,57900000.0,9392900000.0,2106200000.0,7286700000.0,17697992000.0,671200000.0,654500000.0,-126700000.0,-300000.0,0.0,-128900000.0,549900000.0,-7000000.0,251900000.0,-1700000.0,318800000.0,318800000.0,318800000.0,0.0,200000.0,0.113,446500000.0,343400000.0,497500000.0,0.0,2.442,12.52,12.54,1734300000.0,0.0,173.68,1.567,1.567,1856200000.0,6921900000.0,2831300000.0,2831300000.0,0.0,,,,,18800000.0,381800000.0,1.0,101900000.0,101900000.0,,27.785,5307800000.0,1900000.0,180600000.0,899100000.0,52.088,1168100000.0
12,LH,MRQ,2018-06-30,2018-06-30,2018-06-30,2021-08-05,-407000000.0,16504500000.0,,3021200000.0,13483300000.0,,68.795,-87200000.0,221400000.0,221400000.0,2031200000.0,234100000.0,1.424,1.342,6457200000.0,417800000.0,6039400000.0,6457200000.0,393300000.0,138500000.0,0.0,0.0,0.0,375500000.0,514000000.0,0.179,514000000.0,375500000.0,312400000.0,2.29,2.27,2.29,7037700000.0,,7037700000.0,24781119000.0,19.0,13.07,300200000.0,2.935,1.0,835100000.0,0.291,11472800000.0,63100000.0,9146000000.0,,230700000.0,58900000.0,0.0,58900000.0,9446800000.0,2121500000.0,7325300000.0,18365919000.0,-140300000.0,-79100000.0,-80500000.0,-307200000.0,0.0,-393100000.0,-122000000.0,-5400000.0,387400000.0,-12600000.0,233800000.0,233800000.0,233800000.0,0.0,300000.0,0.082,465900000.0,369200000.0,488100000.0,0.0,2.61,14.504,14.49,1710900000.0,0.0,179.53,1.657,1.657,1871600000.0,6603100000.0,2866300000.0,2866300000.0,0.0,,,,,26200000.0,395200000.0,1.0,102300000.0,102300000.0,,28.019,5031700000.0,1700000.0,78600000.0,914100000.0,49.186,899700000.0
13,LH,MRQ,2018-03-31,2018-03-31,2018-03-31,2021-08-05,-281200000.0,16831700000.0,,2896600000.0,13935100000.0,,68.538,-72500000.0,361800000.0,361800000.0,2069300000.0,172500000.0,1.377,1.407,6777000000.0,417700000.0,6359300000.0,6777000000.0,418100000.0,142800000.0,0.0,0.0,0.0,305700000.0,448500000.0,0.157,448500000.0,305700000.0,242200000.0,1.7,1.67,1.7,6984000000.0,,6984000000.0,22927725000.0,18.0,12.44,107200000.0,1.052,1.0,779000000.0,0.273,11913000000.0,63500000.0,9229900000.0,,226200000.0,58400000.0,0.0,58400000.0,9827500000.0,2104000000.0,7723500000.0,16482325000.0,45100000.0,0.0,-71600000.0,12200000.0,0.0,-65000000.0,-74300000.0,-1900000.0,179700000.0,4700000.0,173200000.0,173200000.0,173200000.0,0.0,-700000.0,0.061,473600000.0,305400000.0,519100000.0,0.0,2.36,13.54,13.592,1749900000.0,0.0,161.75,1.534,1.534,1961600000.0,6369300000.0,2848300000.0,2848300000.0,0.0,,,,,25800000.0,397000000.0,1.0,101900000.0,101900000.0,,27.952,4918700000.0,1700000.0,69000000.0,991400000.0,48.27,792600000.0
14,LH,MRQ,2017-12-31,2017-12-31,2017-12-31,2021-08-05,-333700000.0,16673000000.0,,2733800000.0,13939200000.0,,66.838,-96100000.0,316600000.0,316600000.0,1927600000.0,690200000.0,1.251,1.447,6762100000.0,417500000.0,6344600000.0,6762100000.0,380800000.0,145000000.0,0.0,0.0,0.0,331600000.0,476600000.0,0.174,476600000.0,331600000.0,263800000.0,6.72,6.62,6.72,6804100000.0,,6804100000.0,23047218000.0,18.0,12.526,468900000.0,4.606,1.0,817100000.0,0.298,11567000000.0,67800000.0,9365800000.0,,227200000.0,58400000.0,0.0,58400000.0,9848100000.0,2185700000.0,7662400000.0,16238118000.0,-92400000.0,-83300000.0,-32500000.0,-413700000.0,0.0,-480300000.0,-178300000.0,-3000000.0,565000000.0,1200000.0,687800000.0,687800000.0,687800000.0,0.0,2400000.0,0.251,486500000.0,330600000.0,573900000.0,0.0,2.387,13.233,13.304,1706600000.0,0.0,159.51,1.575,1.575,1847500000.0,6196100000.0,2744700000.0,2744700000.0,0.0,,,,,23900000.0,417300000.0,1.0,101800000.0,101800000.0,,26.962,5106000000.0,1900000.0,-424000000.0,875500000.0,50.157,548100000.0
15,LH,MRQ,2017-09-30,2017-09-30,2017-09-30,2021-08-05,-342500000.0,16691800000.0,,2900600000.0,13791200000.0,,60.176,-75300000.0,409300000.0,409300000.0,1837200000.0,174300000.0,1.887,1.72,7218400000.0,18100000.0,7200300000.0,7218400000.0,313600000.0,133100000.0,0.0,0.0,0.0,323900000.0,457000000.0,0.174,457000000.0,323900000.0,264000000.0,1.68,1.65,1.68,6125900000.0,,6125900000.0,21196746000.0,17.0,11.834,321400000.0,3.157,1.0,784200000.0,0.299,11740400000.0,59900000.0,10223300000.0,,217200000.0,64700000.0,0.0,64700000.0,10539000000.0,1537200000.0,9001800000.0,15368746000.0,109300000.0,-1231300000.0,-54800000.0,1073800000.0,0.0,1018600000.0,-1313500000.0,-7100000.0,396700000.0,7500000.0,171500000.0,171500000.0,171500000.0,0.0,2800000.0,0.065,457500000.0,326700000.0,595400000.0,0.0,2.509,21.849,22.039,1736200000.0,0.0,150.97,1.552,1.552,1823900000.0,5517200000.0,2621400000.0,2621400000.0,0.0,,,,,33100000.0,381300000.0,1.0,101800000.0,101800000.0,,25.75,4951400000.0,2100000.0,92500000.0,1398100000.0,48.639,1363400000.0
16,LH,MRQ,2017-06-30,2017-06-30,2017-06-30,2021-08-05,-384300000.0,14902500000.0,,2515700000.0,12386800000.0,,57.459,-69300000.0,299900000.0,299900000.0,1750200000.0,185100000.0,1.393,1.533,6127900000.0,519600000.0,5608300000.0,6127900000.0,177200000.0,127000000.0,0.0,0.0,0.0,333900000.0,460900000.0,0.182,460900000.0,333900000.0,278900000.0,1.8,1.78,1.8,5878100000.0,,5878100000.0,21324122000.0,17.0,12.003,241200000.0,2.358,1.0,778000000.0,0.308,10262600000.0,55000000.0,8662400000.0,,209900000.0,67200000.0,0.0,67200000.0,9008500000.0,1805500000.0,7203000000.0,15768522000.0,-65700000.0,-416200000.0,-103600000.0,210700000.0,0.0,106800000.0,-491400000.0,-5000000.0,310500000.0,8400000.0,184800000.0,184800000.0,184800000.0,0.0,300000.0,0.073,448200000.0,329800000.0,491700000.0,0.0,2.683,22.165,22.307,1717900000.0,0.0,154.14,1.626,1.626,1626600000.0,5336600000.0,2528200000.0,2528200000.0,0.0,,,,,25000000.0,357700000.0,1.0,102300000.0,102300000.0,,24.714,4639900000.0,2100000.0,94100000.0,1193700000.0,45.356,710200000.0
17,LH,MRQ,2017-03-31,2017-03-31,2017-03-31,2021-08-05,-527100000.0,14428000000.0,,2486000000.0,11942000000.0,,55.237,-72200000.0,365500000.0,365500000.0,1701200000.0,183300000.0,1.418,1.551,5921100000.0,519200000.0,5401900000.0,5921100000.0,184400000.0,128100000.0,0.0,0.0,0.0,317400000.0,445500000.0,0.185,445500000.0,317400000.0,265000000.0,1.79,1.75,1.79,5650700000.0,,5650700000.0,20092881000.0,15.0,11.125,153700000.0,1.502,1.0,712500000.0,0.295,9971400000.0,52400000.0,8259000000.0,,199800000.0,58100000.0,0.0,58100000.0,8761800000.0,1753200000.0,7008600000.0,14676981000.0,-68100000.0,-151800000.0,-121000000.0,70800000.0,0.0,-51900000.0,-245500000.0,-21100000.0,225900000.0,3400000.0,183000000.0,183000000.0,183000000.0,0.0,300000.0,0.076,394400000.0,318100000.0,484900000.0,0.0,2.597,20.086,20.179,1720000000.0,0.0,143.47,1.529,1.529,1577600000.0,5148000000.0,2413700000.0,2413700000.0,0.0,,,,,27700000.0,342900000.0,1.0,102300000.0,102300000.0,,23.594,4456600000.0,2100000.0,82000000.0,1212400000.0,43.564,732800000.0
18,LH,MRQ,2016-12-31,2016-12-31,2016-12-31,2021-08-05,-581100000.0,14247000000.0,,2478700000.0,11768300000.0,,53.454,-74300000.0,433600000.0,433600000.0,1878000000.0,164300000.0,1.356,1.585,5849500000.0,549500000.0,5300000000.0,5849500000.0,176000000.0,130300000.0,0.0,0.0,0.0,297400000.0,427700000.0,0.183,427700000.0,297400000.0,244500000.0,1.58,1.57,1.58,5505800000.0,,5505800000.0,18826940000.0,15.0,10.513,395800000.0,3.843,1.0,461500000.0,0.197,9824900000.0,52900000.0,8010400000.0,,205200000.0,57600000.0,0.0,57600000.0,8726000000.0,1827600000.0,6898400000.0,13223140000.0,-134000000.0,-151800000.0,-75300000.0,-290900000.0,0.0,-369300000.0,-219600000.0,-400000.0,470100000.0,-15200000.0,164100000.0,164100000.0,164100000.0,0.0,200000.0,0.07,179900000.0,281600000.0,508400000.0,0.0,2.402,18.577,18.499,1718600000.0,0.0,128.38,1.384,1.384,1518700000.0,4955800000.0,2339500000.0,2339500000.0,0.0,,,,,27700000.0,121300000.0,1.0,103000000.0,103000000.0,,22.714,4422100000.0,2100000.0,80400000.0,1206400000.0,42.933,651100000.0
19,LH,MRQ,2016-09-30,2016-09-30,2016-09-30,2021-08-05,-378000000.0,14483000000.0,,2654900000.0,11828100000.0,,53.992,-66200000.0,567600000.0,567600000.0,1626300000.0,179800000.0,1.388,1.619,6171400000.0,698200000.0,5473200000.0,6171400000.0,169500000.0,121100000.0,0.0,0.0,0.0,321300000.0,442400000.0,0.183,442400000.0,321300000.0,263100000.0,1.74,1.71,1.74,5523400000.0,,5523400000.0,19479604000.0,16.0,11.344,183700000.0,1.796,1.0,788400000.0,0.327,9846200000.0,58200000.0,8328400000.0,,198800000.0,60400000.0,0.0,60400000.0,8944000000.0,1912200000.0,7031800000.0,14064204000.0,-72000000.0,-252700000.0,26700000.0,-20800000.0,0.0,6700000.0,-317700000.0,-1400000.0,249900000.0,-10900000.0,179500000.0,179500000.0,179500000.0,0.0,300000.0,0.074,464400000.0,324000000.0,454800000.0,0.0,2.546,21.384,21.381,1730600000.0,0.0,137.48,1.478,1.478,1562900000.0,4770700000.0,2414700000.0,2414700000.0,0.0,,,,,24300000.0,400500000.0,1.0,102300000.0,102300000.0,,23.604,4636800000.0,1900000.0,83600000.0,1227900000.0,45.326,742700000.0
20,LH,MRQ,2016-06-30,2016-06-30,2016-06-30,2021-08-05,-357400000.0,14199000000.0,,2644100000.0,11554900000.0,,51.885,-67000000.0,639600000.0,639600000.0,1603900000.0,204400000.0,2.079,1.67,6055000000.0,87400000.0,5967600000.0,6055000000.0,175300000.0,125400000.0,0.0,0.0,0.0,365100000.0,490500000.0,0.202,490500000.0,365100000.0,311600000.0,2.0,1.96,2.0,5313000000.0,,5313000000.0,19038248000.0,16.0,11.189,282500000.0,2.759,1.0,826800000.0,0.34,9576200000.0,53500000.0,8766600000.0,,189600000.0,61700000.0,0.0,61700000.0,8870100000.0,1271600000.0,7598500000.0,13339648000.0,-56700000.0,-50800000.0,28800000.0,-340200000.0,0.0,-307700000.0,-106800000.0,-7800000.0,349500000.0,8300000.0,204100000.0,204100000.0,204100000.0,0.0,300000.0,0.084,461300000.0,365500000.0,443500000.0,0.0,2.511,21.077,20.944,1741900000.0,0.0,130.27,1.417,1.417,1517700000.0,4581400000.0,2430700000.0,2430700000.0,0.0,,,,,25800000.0,409400000.0,1.0,102400000.0,102400000.0,,23.737,4622800000.0,2000000.0,107500000.0,1310600000.0,45.145,1372500000.0
21,LH,MRQ,2016-03-31,2016-03-31,2016-03-31,2021-08-05,-258300000.0,14410400000.0,,2744900000.0,11665500000.0,,50.801,-71400000.0,696300000.0,696300000.0,1590700000.0,164400000.0,1.671,1.786,6394900000.0,425400000.0,5969500000.0,6394900000.0,166400000.0,122400000.0,0.0,0.0,0.0,307800000.0,430200000.0,0.182,430200000.0,307800000.0,253300000.0,1.61,1.58,1.61,5166500000.0,,5166500000.0,17612721000.0,15.0,10.66,56200000.0,0.553,1.0,777300000.0,0.328,9662800000.0,54500000.0,8803500000.0,,188200000.0,61200000.0,0.0,61200000.0,9228100000.0,1642700000.0,7585400000.0,11912121000.0,-20100000.0,-93300000.0,11900000.0,-1500000.0,0.0,-700000.0,-151600000.0,10600000.0,127600000.0,4600000.0,164100000.0,164100000.0,164100000.0,0.0,300000.0,0.069,477800000.0,299500000.0,466000000.0,0.0,2.306,19.9,19.819,1771700000.0,0.0,117.13,1.287,1.287,1500300000.0,4383200000.0,2368000000.0,2368000000.0,0.0,,,,,31800000.0,414300000.0,1.0,101700000.0,101700000.0,,23.284,4747600000.0,2300000.0,89200000.0,1293200000.0,46.682,1102200000.0
22,LH,MRQ,2015-12-31,2015-12-31,2015-12-31,2021-08-05,-287000000.0,14104700000.0,,2621200000.0,11483500000.0,,48.865,-85100000.0,716400000.0,716400000.0,1559900000.0,110200000.0,1.541,1.849,6364200000.0,423900000.0,5940300000.0,6364200000.0,146100000.0,118300000.0,0.0,0.0,0.0,235800000.0,354100000.0,0.154,354100000.0,235800000.0,179000000.0,1.08,1.06,1.08,4945100000.0,,4945100000.0,18480568000.0,18.0,12.679,299500000.0,2.959,1.0,740600000.0,0.322,9525600000.0,56800000.0,8526400000.0,,191000000.0,58200000.0,0.0,58200000.0,9144700000.0,1700500000.0,7444200000.0,12512368000.0,3400000.0,-43300000.0,9700000.0,-252300000.0,0.0,-239600000.0,-128600000.0,-300000.0,384600000.0,-13000000.0,110000000.0,110000000.0,110000000.0,0.0,200000.0,0.048,504100000.0,236500000.0,497400000.0,0.0,2.53,28.593,27.91,1747400000.0,0.0,123.64,1.442,1.442,1374500000.0,4223700000.0,2300500000.0,2300500000.0,0.0,,,,,24400000.0,406200000.0,1.0,101200000.0,101200000.0,,22.732,4579100000.0,2300000.0,69000000.0,1180800000.0,45.248,920700000.0
23,LH,MRQ,2015-09-30,2015-09-30,2015-09-30,2021-08-05,-168500000.0,14422300000.0,,2707100000.0,11715200000.0,,48.842,-67800000.0,713000000.0,713000000.0,1552400000.0,155000000.0,1.468,1.932,6681200000.0,674700000.0,6006500000.0,6681200000.0,141700000.0,119600000.0,0.0,0.0,0.0,307100000.0,426700000.0,0.184,426700000.0,307100000.0,251200000.0,1.53,1.5,1.53,4913500000.0,,4913500000.0,17080382000.0,17.0,12.344,220200000.0,2.189,1.0,764900000.0,0.33,9629600000.0,55900000.0,8916500000.0,,181600000.0,61800000.0,0.0,61800000.0,9493300000.0,1844400000.0,7648900000.0,10912082000.0,94000000.0,-8300000.0,33200000.0,-126100000.0,0.0,-86700000.0,-82700000.0,-6600000.0,288000000.0,-24600000.0,154700000.0,154700000.0,154700000.0,0.0,300000.0,0.067,456800000.0,308100000.0,445000000.0,0.0,2.221,24.401,23.177,1806800000.0,0.0,108.47,1.383,1.383,1397000000.0,4108700000.0,2317300000.0,2317300000.0,0.0,,,,,23700000.0,385600000.0,1.0,100600000.0,100600000.0,,23.035,4792700000.0,37200000.0,96500000.0,1291300000.0,47.641,862700000.0
24,LH,MRQ,2015-06-30,2015-06-30,2015-06-30,2021-08-05,-99800000.0,14465200000.0,,2586000000.0,11879200000.0,,47.507,-69100000.0,619000000.0,619000000.0,1496400000.0,170100000.0,1.418,2.029,6787300000.0,674100000.0,6113200000.0,6787300000.0,142500000.0,117300000.0,0.0,0.0,0.0,323900000.0,441200000.0,0.194,441200000.0,323900000.0,266000000.0,1.69,1.66,1.69,4769700000.0,,4769700000.0,18670388000.0,20.0,14.817,327600000.0,3.263,1.0,772700000.0,0.341,9781400000.0,57900000.0,9029000000.0,,182000000.0,68600000.0,0.0,68600000.0,9679000000.0,1823100000.0,7855900000.0,12170488000.0,172600000.0,-62200000.0,25500000.0,-145600000.0,0.0,-118800000.0,-132300000.0,-1200000.0,396700000.0,27000000.0,169800000.0,169800000.0,169800000.0,0.0,300000.0,0.075,449400000.0,323300000.0,438800000.0,0.0,2.552,28.323,25.413,1831800000.0,0.0,121.22,1.708,1.708,1364900000.0,3955800000.0,2269100000.0,2269100000.0,0.0,,,,,27700000.0,390500000.0,1.0,100400000.0,100400000.0,,22.601,4683800000.0,32800000.0,96200000.0,1372600000.0,46.651,762900000.0
25,LH,MRQ,2015-03-31,2015-03-31,2015-03-31,2021-08-05,-131100000.0,14150600000.0,,2328500000.0,11822100000.0,,45.041,-33800000.0,446400000.0,446400000.0,1168100000.0,3400000.0,1.649,2.129,6946300000.0,348600000.0,6597700000.0,6946300000.0,153900000.0,102600000.0,0.0,0.0,0.0,136500000.0,239100000.0,0.133,239100000.0,136500000.0,32200000.0,0.04,0.04,0.04,4517600000.0,,4517600000.0,15096627000.0,18.0,13.247,-120700000.0,-1.203,1.0,625100000.0,0.349,9885500000.0,104300000.0,9352800000.0,,186500000.0,88900000.0,0.0,88900000.0,9616800000.0,1412200000.0,8204600000.0,12646827000.0,-133600000.0,-3622200000.0,30500000.0,3596700000.0,0.0,3629700000.0,-3651300000.0,4400000.0,-86900000.0,-25100000.0,3100000.0,3100000.0,3100000.0,0.0,300000.0,0.002,492700000.0,132400000.0,420800000.0,0.0,2.799,31.523,26.545,1597200000.0,0.0,126.09,1.984,1.984,1351300000.0,3786800000.0,1793200000.0,1793200000.0,0.0,,,,,26300000.0,442300000.0,1.0,100300000.0,100300000.0,,17.878,4265100000.0,24500000.0,29100000.0,1268500000.0,42.523,916300000.0
26,LH,MRQ,2014-12-31,2014-12-31,2014-12-31,2021-08-05,-10500000.0,7301800000.0,,1692700000.0,5609100000.0,,33.379,-46300000.0,580000000.0,580000000.0,966200000.0,119900000.0,1.734,1.583,3029800000.0,347100000.0,2682700000.0,3029800000.0,0.0,63500000.0,0.0,0.0,0.0,213200000.0,276700000.0,0.183,276700000.0,213200000.0,181100000.0,1.42,1.38,1.42,2820500000.0,,2820500000.0,11556550000.0,12.0,9.842,167400000.0,1.981,1.0,546500000.0,0.361,4575200000.0,32100000.0,4200100000.0,,139500000.0,92600000.0,0.0,92600000.0,4463600000.0,976300000.0,3487300000.0,9117550000.0,4300000.0,-94100000.0,-30500000.0,-26900000.0,0.0,-58800000.0,-147300000.0,-7400000.0,213700000.0,-3300000.0,119600000.0,119600000.0,119600000.0,0.0,300000.0,0.079,333600000.0,212900000.0,282300000.0,0.0,3.233,17.836,17.894,786500000.0,0.0,107.9,1.517,1.517,815700000.0,3786100000.0,1512700000.0,1512700000.0,0.0,,,,,10600000.0,315800000.0,1.0,84500000.0,84500000.0,,17.902,2726600000.0,0.0,61500000.0,535900000.0,32.267,716400000.0
27,LH,MRQ,2014-09-30,2014-09-30,2014-09-30,2021-08-05,40300000.0,7231800000.0,,1687800000.0,5544000000.0,,32.636,-52600000.0,575700000.0,575700000.0,980600000.0,137500000.0,2.253,1.603,3014700000.0,97600000.0,2917100000.0,3014700000.0,0.0,58500000.0,0.0,0.0,0.0,244600000.0,303100000.0,0.195,303100000.0,244600000.0,218700000.0,1.62,1.59,1.62,2770800000.0,,2770800000.0,11166575000.0,12.0,9.501,123000000.0,1.449,1.0,571200000.0,0.368,4555800000.0,25900000.0,4366000000.0,,138800000.0,94700000.0,0.0,94700000.0,4442600000.0,749000000.0,3693600000.0,8638575000.0,96200000.0,400000.0,-18400000.0,-1300000.0,0.0,-18400000.0,-55600000.0,-4000000.0,175600000.0,-5400000.0,137200000.0,137200000.0,137200000.0,0.0,300000.0,0.088,329800000.0,241400000.0,286200000.0,0.0,3.118,16.68,16.735,754700000.0,0.0,101.75,1.455,1.455,841600000.0,3685600000.0,1551800000.0,1551800000.0,0.0,,,,,11500000.0,305700000.0,1.0,84900000.0,84900000.0,,18.278,2676000000.0,5400000.0,81500000.0,552600000.0,31.519,938800000.0
28,LH,MRQ,2014-06-30,2014-06-30,2014-06-30,2021-08-05,58500000.0,7144800000.0,,1565900000.0,5578900000.0,,31.325,-48100000.0,479500000.0,479500000.0,947800000.0,141700000.0,2.114,1.682,3007500000.0,97600000.0,2909900000.0,3007500000.0,0.0,62800000.0,0.0,0.0,0.0,257900000.0,320700000.0,0.211,320700000.0,257900000.0,232100000.0,1.67,1.64,1.67,2656400000.0,,2656400000.0,11352920000.0,12.0,9.585,159300000.0,1.879,1.0,568600000.0,0.375,4615000000.0,25800000.0,4317000000.0,,134500000.0,96500000.0,0.0,96500000.0,4469100000.0,740800000.0,3728300000.0,8683520000.0,140600000.0,0.0,-14000000.0,-9300000.0,0.0,-25400000.0,-39100000.0,8900000.0,207400000.0,-2300000.0,141300000.0,141300000.0,141300000.0,0.0,400000.0,0.093,321900000.0,246700000.0,280600000.0,0.0,3.269,16.415,16.732,741200000.0,0.0,102.4,1.485,1.485,832600000.0,3553000000.0,1516400000.0,1516400000.0,0.0,,,,,11900000.0,297900000.0,1.0,84800000.0,84800000.0,,17.882,2529800000.0,4100000.0,90800000.0,568600000.0,29.833,825100000.0
29,LH,MRQ,2014-03-31,2014-03-31,2014-03-31,2021-08-05,45500000.0,6992400000.0,,1420900000.0,5571500000.0,,29.324,-56500000.0,338900000.0,338900000.0,913900000.0,113500000.0,1.885,1.788,3008300000.0,105300000.0,2903000000.0,3008300000.0,0.0,60700000.0,0.0,0.0,0.0,213000000.0,273700000.0,0.191,273700000.0,213000000.0,187300000.0,1.33,1.31,1.33,2501300000.0,,2501300000.0,10973713000.0,11.0,9.196,85800000.0,1.006,1.0,516800000.0,0.361,4605500000.0,25700000.0,4302700000.0,,134800000.0,87300000.0,0.0,87300000.0,4472500000.0,753600000.0,3718900000.0,8377313000.0,-65100000.0,-65700000.0,-91300000.0,-6900000.0,0.0,-98000000.0,-108100000.0,13900000.0,142300000.0,-1300000.0,113100000.0,113100000.0,113100000.0,0.0,400000.0,0.079,313500000.0,203300000.0,281900000.0,0.0,3.349,15.525,16.1,733100000.0,0.0,98.21,1.445,1.445,822000000.0,3408900000.0,1430700000.0,1430700000.0,0.0,,,,,11700000.0,284900000.0,1.0,85300000.0,85300000.0,,16.773,2386900000.0,0.0,74200000.0,570300000.0,27.982,667300000.0
30,LH,MRQ,2013-12-31,2013-12-31,2013-12-31,2021-08-05,66200000.0,6965900000.0,,1432100000.0,5533800000.0,,28.505,-59600000.0,404000000.0,404000000.0,910900000.0,126700000.0,1.947,1.788,3000400000.0,111300000.0,2889100000.0,3000400000.0,0.0,59800000.0,0.0,0.0,0.0,218000000.0,277800000.0,0.193,277800000.0,218000000.0,193800000.0,1.46,1.44,1.46,2491300000.0,,2491300000.0,10475538000.0,10.0,8.444,189100000.0,2.164,1.0,526100000.0,0.366,4594800000.0,24200000.0,4231800000.0,,136500000.0,88500000.0,0.0,88500000.0,4455200000.0,735700000.0,3719500000.0,7985738000.0,229900000.0,-50500000.0,-224700000.0,318100000.0,0.0,95400000.0,-112800000.0,-3200000.0,248700000.0,-1400000.0,126300000.0,126300000.0,126300000.0,0.0,400000.0,0.088,311100000.0,215000000.0,304500000.0,0.0,3.205,13.917,14.366,707400000.0,0.0,91.37,1.375,1.375,784700000.0,3373500000.0,1437000000.0,1437000000.0,0.0,,,,,8400000.0,285700000.0,1.0,87400000.0,87400000.0,,16.442,2371100000.0,0.0,67500000.0,573800000.0,27.129,696400000.0
31,LH,MRQ,2013-09-30,2013-09-30,2013-09-30,2021-08-05,52100000.0,6686700000.0,,1212900000.0,5473800000.0,,28.475,-52100000.0,174100000.0,174100000.0,914600000.0,148700000.0,1.782,1.598,2663900000.0,110400000.0,2553500000.0,2663900000.0,0.0,57900000.0,0.0,0.0,0.0,254300000.0,312200000.0,0.214,312200000.0,254300000.0,229600000.0,1.66,1.63,1.66,2565600000.0,,2565600000.0,11331114000.0,11.0,9.131,182100000.0,2.021,1.0,547600000.0,0.375,4592300000.0,24700000.0,3903600000.0,,126500000.0,86800000.0,0.0,86800000.0,4101100000.0,680600000.0,3420500000.0,8932514000.0,62800000.0,-2800000.0,-268800000.0,147000000.0,0.0,-126800000.0,-47200000.0,7500000.0,234200000.0,2600000.0,148300000.0,148300000.0,148300000.0,0.0,400000.0,0.101,303000000.0,244600000.0,262000000.0,0.0,3.482,15.737,16.068,672600000.0,0.0,99.14,1.546,1.546,813200000.0,3461700000.0,1462200000.0,1462200000.0,0.0,,,,,6800000.0,279000000.0,1.0,90100000.0,90100000.0,,16.229,2094400000.0,19200000.0,81300000.0,563300000.0,23.245,532300000.0
32,LH,MRQ,2013-06-30,2013-06-30,2013-06-30,2021-08-05,36700000.0,6591900000.0,,1148000000.0,5443900000.0,,28.67,-48800000.0,111300000.0,111300000.0,890900000.0,152300000.0,1.752,1.467,2509900000.0,119900000.0,2390000000.0,2509900000.0,0.0,56900000.0,0.0,0.0,0.0,272700000.0,329600000.0,0.224,329600000.0,272700000.0,249600000.0,1.65,1.62,1.65,2663400000.0,,2663400000.0,11436390000.0,11.0,9.246,88800000.0,0.956,1.0,577300000.0,0.393,4592900000.0,23100000.0,3742500000.0,,126400000.0,87500000.0,0.0,87500000.0,3908100000.0,655100000.0,3253000000.0,9299290000.0,-74500000.0,-88500000.0,-263000000.0,186600000.0,0.0,-74100000.0,-138100000.0,-1000000.0,137600000.0,100000.0,151900000.0,151900000.0,151900000.0,0.0,400000.0,0.103,308000000.0,269300000.0,253400000.0,0.0,3.492,16.392,16.491,646900000.0,0.0,100.1,1.622,1.622,815700000.0,3574600000.0,1468200000.0,1468200000.0,0.0,,,,,10800000.0,280900000.0,1.0,92900000.0,92900000.0,,15.804,1999000000.0,19300000.0,97700000.0,559100000.0,21.518,492900000.0
33,LH,MRQ,2013-03-31,2013-03-31,2013-03-31,2021-08-05,53800000.0,6569400000.0,,1190000000.0,5379400000.0,,29.842,-41700000.0,185800000.0,185800000.0,868700000.0,147600000.0,1.607,1.357,2322900000.0,147900000.0,2175000000.0,2322900000.0,0.0,55500000.0,0.0,0.0,0.0,265500000.0,321000000.0,0.223,321000000.0,265500000.0,241000000.0,1.58,1.56,1.58,2778300000.0,,2778300000.0,10585820000.0,10.0,8.534,156500000.0,1.681,1.0,572200000.0,0.397,4539100000.0,24500000.0,3426900000.0,,124000000.0,86800000.0,0.0,86800000.0,3770200000.0,740500000.0,3029700000.0,8397620000.0,-281000000.0,-17700000.0,-85100000.0,-332900000.0,0.0,-412800000.0,-61500000.0,-2300000.0,198200000.0,-4900000.0,147200000.0,147200000.0,147200000.0,0.0,400000.0,0.102,310200000.0,262000000.0,246600000.0,0.0,3.023,14.766,15.008,634600000.0,0.0,90.2,1.476,1.476,793800000.0,3667500000.0,1440900000.0,1440900000.0,0.0,,,,,11300000.0,283200000.0,1.0,93100000.0,93100000.0,,15.477,2030300000.0,19000000.0,93800000.0,552500000.0,21.808,449500000.0
34,LH,MRQ,2012-12-31,2012-12-31,2012-12-31,2021-08-05,69400000.0,6795000000.0,,1391800000.0,5403200000.0,,28.725,-61400000.0,466800000.0,466800000.0,867300000.0,120600000.0,1.353,1.493,2655000000.0,480000000.0,2175000000.0,2655000000.0,0.0,59400000.0,0.0,0.0,0.0,218700000.0,278100000.0,0.198,278100000.0,218700000.0,191100000.0,1.28,1.27,1.28,2717400000.0,,2717400000.0,10388352000.0,10.0,8.2,192800000.0,2.038,1.0,538000000.0,0.383,4569400000.0,27600000.0,3385300000.0,,121000000.0,78100000.0,0.0,78100000.0,4056900000.0,1028500000.0,3028400000.0,8194252000.0,800000.0,-49300000.0,-125300000.0,-5700000.0,0.0,-130700000.0,-121900000.0,-11100000.0,254200000.0,-800000.0,120200000.0,120200000.0,120200000.0,0.0,400000.0,0.086,322700000.0,215300000.0,236900000.0,0.0,3.015,14.053,14.223,630800000.0,0.0,86.62,1.445,1.445,718500000.0,3588500000.0,1405300000.0,1405300000.0,0.0,,,,,5900000.0,278800000.0,1.0,94600000.0,94600000.0,,14.855,2225600000.0,10900000.0,70900000.0,546000000.0,23.526,363300000.0
35,LH,MRQ,2012-09-30,2012-09-30,2012-09-30,2021-08-05,69600000.0,6814300000.0,,1455800000.0,5358500000.0,,28.328,-44100000.0,466000000.0,466000000.0,863300000.0,148400000.0,1.301,1.501,2660100000.0,485100000.0,2175000000.0,2660100000.0,0.0,57600000.0,0.0,0.0,0.0,250600000.0,308200000.0,0.217,308200000.0,250600000.0,226500000.0,1.56,1.53,1.56,2716700000.0,,2716700000.0,10853073000.0,10.0,8.407,159700000.0,1.665,1.0,556100000.0,0.392,4549900000.0,24100000.0,3339100000.0,,118900000.0,80700000.0,0.0,80700000.0,4076700000.0,1119400000.0,2957300000.0,8867873000.0,341600000.0,-257900000.0,-96200000.0,541100000.0,0.0,446600000.0,-310700000.0,-10000000.0,203800000.0,1900000.0,148000000.0,148000000.0,148000000.0,0.0,400000.0,0.104,311000000.0,245100000.0,247400000.0,0.0,3.264,14.822,14.939,612200000.0,0.0,92.47,1.574,1.574,768900000.0,3587500000.0,1419400000.0,1419400000.0,0.0,,,,,11100000.0,285100000.0,1.0,95900000.0,95900000.0,,14.801,2264400000.0,23800000.0,78500000.0,558900000.0,23.612,336400000.0
36,LH,MRQ,2012-06-30,2012-06-30,2012-06-30,2021-08-05,49400000.0,6098300000.0,,1063300000.0,5035000000.0,,27.188,-34100000.0,124400000.0,124400000.0,843900000.0,153800000.0,1.48,1.309,2109600000.0,134400000.0,1975200000.0,2109600000.0,0.0,56100000.0,0.0,0.0,0.0,277000000.0,333100000.0,0.234,333100000.0,277000000.0,255700000.0,1.59,1.56,1.59,2631800000.0,,2631800000.0,10956148000.0,10.0,8.576,152200000.0,1.572,1.0,579500000.0,0.407,4283000000.0,21300000.0,3082000000.0,,114000000.0,79000000.0,0.0,79000000.0,3446300000.0,718500000.0,2727800000.0,8964648000.0,-5500000.0,-26400000.0,-113100000.0,-12300000.0,0.0,-125100000.0,-65400000.0,-4900000.0,186300000.0,-1300000.0,153300000.0,153300000.0,153300000.0,0.0,500000.0,0.108,303500000.0,276000000.0,234500000.0,0.0,3.406,15.335,15.513,576200000.0,0.0,92.61,1.596,1.596,735800000.0,3522700000.0,1423400000.0,1423400000.0,0.0,,,,,11900000.0,279500000.0,1.0,96800000.0,96800000.0,,14.705,1815300000.0,21000000.0,102400000.0,525600000.0,18.753,344800000.0
37,LH,MRQ,2012-03-31,2012-03-31,2012-03-31,2021-08-05,59900000.0,6130600000.0,,1081900000.0,5048700000.0,,26.724,-34200000.0,129900000.0,129900000.0,847200000.0,162000000.0,1.407,1.352,2121400000.0,136000000.0,1985400000.0,2121400000.0,0.0,56700000.0,0.0,0.0,0.0,290700000.0,347400000.0,0.244,347400000.0,290700000.0,269200000.0,1.66,1.63,1.66,2597600000.0,,2597600000.0,10959388000.0,11.0,8.934,162900000.0,1.676,1.0,576100000.0,0.405,4296900000.0,21500000.0,3056000000.0,,107000000.0,79900000.0,0.0,79900000.0,3512400000.0,769200000.0,2743200000.0,8897688000.0,-29400000.0,-1500000.0,-96100000.0,-100200000.0,0.0,-191600000.0,-36200000.0,0.0,197100000.0,1300000.0,161600000.0,161600000.0,161600000.0,0.0,400000.0,0.114,289000000.0,287100000.0,225700000.0,0.0,3.425,16.055,16.346,577200000.0,0.0,91.54,1.59,1.59,751700000.0,3469600000.0,1423300000.0,1423300000.0,0.0,,,,,11800000.0,271200000.0,1.0,97200000.0,97200000.0,,14.643,1833700000.0,23500000.0,107600000.0,522100000.0,18.865,312700000.0
38,LH,MRQ,2011-12-31,2011-12-31,2011-12-31,2021-08-05,45500000.0,6111800000.0,,1060000000.0,5051800000.0,,25.262,-30100000.0,159300000.0,159300000.0,816500000.0,138200000.0,1.447,1.433,2221000000.0,135500000.0,2085500000.0,2221000000.0,0.0,57800000.0,0.0,0.0,0.0,244400000.0,302200000.0,0.221,302200000.0,244400000.0,222200000.0,1.38,1.35,1.38,2503500000.0,,2503500000.0,10417427000.0,11.0,8.892,248500000.0,2.508,1.0,549600000.0,0.402,4302500000.0,22200000.0,3138400000.0,,110800000.0,76800000.0,0.0,76800000.0,3588100000.0,732600000.0,2855500000.0,8519627000.0,73500000.0,-91300000.0,-168000000.0,233500000.0,0.0,-83400000.0,-121300000.0,0.0,278600000.0,-400000.0,135400000.0,135400000.0,135400000.0,0.0,2800000.0,0.099,302100000.0,247500000.0,257800000.0,0.0,3.403,16.393,16.533,578300000.0,0.0,85.97,1.537,1.537,699800000.0,3387200000.0,1366100000.0,1366100000.0,0.0,,,,,11700000.0,270300000.0,1.0,99100000.0,99100000.0,,13.785,1809300000.0,10500000.0,86800000.0,477900000.0,18.257,327400000.0
39,LH,MRQ,2011-09-30,2011-09-30,2011-09-30,2021-08-05,70100000.0,6053200000.0,,1072600000.0,4980600000.0,,25.082,-40400000.0,85800000.0,85800000.0,836000000.0,137600000.0,1.092,1.372,1983600000.0,214300000.0,1769300000.0,1983600000.0,0.0,57700000.0,0.0,0.0,0.0,237100000.0,294800000.0,0.21,294800000.0,237100000.0,216800000.0,1.34,1.31,1.34,2543300000.0,,2543300000.0,9900070000.0,11.0,8.577,136400000.0,1.345,1.0,568500000.0,0.405,4234100000.0,20300000.0,2734700000.0,,103800000.0,75400000.0,0.0,75400000.0,3490300000.0,982200000.0,2508100000.0,8015670000.0,-33100000.0,-1800000.0,-137600000.0,-26200000.0,0.0,-166700000.0,-41700000.0,0.0,176800000.0,-1500000.0,134300000.0,134300000.0,134300000.0,0.0,3300000.0,0.096,329100000.0,239400000.0,222900000.0,0.0,3.152,15.531,15.409,577400000.0,0.0,79.05,1.465,1.465,718700000.0,3402200000.0,1404500000.0,1404500000.0,0.0,,,,,11700000.0,283800000.0,1.0,101400000.0,101400000.0,,13.851,1819100000.0,85900000.0,82500000.0,569800000.0,17.94,90400000.0
40,LH,MRQ,2011-06-30,2011-06-30,2011-06-30,2021-08-05,109300000.0,6168300000.0,,1083600000.0,5084700000.0,,25.747,-45800000.0,118900000.0,118900000.0,815100000.0,126700000.0,1.056,1.383,2003300000.0,215100000.0,1788200000.0,2003300000.0,0.0,57800000.0,0.0,0.0,0.0,224500000.0,282300000.0,0.201,282300000.0,224500000.0,203500000.0,1.22,1.2,1.22,2579800000.0,,2579800000.0,11707658000.0,13.0,10.224,139100000.0,1.388,1.0,588200000.0,0.419,4320300000.0,21000000.0,2706700000.0,,106800000.0,79400000.0,0.0,79400000.0,3567100000.0,1025700000.0,2541400000.0,9698358000.0,-76500000.0,-29700000.0,3700000.0,-196400000.0,0.0,-187800000.0,-72800000.0,0.0,184900000.0,-800000.0,122900000.0,122900000.0,122900000.0,0.0,3800000.0,0.088,362500000.0,225700000.0,212500000.0,0.0,3.759,18.586,18.758,586400000.0,0.0,96.79,1.815,1.815,714800000.0,3326600000.0,1403300000.0,1403300000.0,0.0,,,,,12400000.0,322700000.0,1.0,100200000.0,100200000.0,,14.005,1848000000.0,78700000.0,80600000.0,586800000.0,18.443,57900000.0
41,LH,MRQ,2011-03-31,2011-03-31,2011-03-31,2021-08-05,104600000.0,6201600000.0,,1147600000.0,5054000000.0,,24.004,-29400000.0,195400000.0,195400000.0,800000000.0,130600000.0,0.957,1.575,2204700000.0,396800000.0,1807900000.0,2204700000.0,0.0,58100000.0,0.0,0.0,0.0,234200000.0,292300000.0,0.214,292300000.0,234200000.0,210200000.0,1.27,1.23,1.27,2400400000.0,,2400400000.0,11170700000.0,11.0,9.436,185900000.0,1.859,1.0,568400000.0,0.415,4289700000.0,24000000.0,2721500000.0,,98000000.0,82600000.0,0.0,82600000.0,3780000000.0,1199700000.0,2580300000.0,9213000000.0,-35300000.0,-15500000.0,-223600000.0,14500000.0,0.0,-207100000.0,-44500000.0,0.0,215300000.0,1000000.0,127100000.0,127100000.0,127100000.0,0.0,3500000.0,0.093,332600000.0,235800000.0,215400000.0,0.0,3.838,16.672,16.998,579500000.0,0.0,92.13,1.779,1.779,717300000.0,3203700000.0,1368400000.0,1368400000.0,0.0,,,,,13100000.0,282800000.0,1.0,100000000.0,100000000.0,,13.684,1911900000.0,65100000.0,83100000.0,617200000.0,19.119,-52100000.0
42,LH,MRQ,2010-12-31,2010-12-31,2010-12-31,2021-08-05,88500000.0,6187800000.0,,1143800000.0,5044000000.0,,24.251,-32800000.0,230700000.0,230700000.0,765800000.0,135100000.0,1.021,1.501,2188400000.0,361700000.0,1826700000.0,2188400000.0,0.0,52900000.0,0.0,0.0,0.0,231900000.0,284800000.0,0.22,284800000.0,231900000.0,212600000.0,1.3,1.24,1.3,2466300000.0,,2466300000.0,10190564000.0,10.0,8.667,226400000.0,2.226,1.0,529600000.0,0.409,4275400000.0,19300000.0,2749600000.0,,103400000.0,78500000.0,0.0,78500000.0,3700900000.0,1120500000.0,2580400000.0,8941464000.0,133800000.0,-963100000.0,39000000.0,831300000.0,0.0,868900000.0,-995000000.0,0.0,259200000.0,700000.0,131800000.0,131800000.0,131800000.0,0.0,3300000.0,0.102,290800000.0,238800000.0,257800000.0,0.0,3.625,16.018,16.221,586900000.0,0.0,87.92,1.787,1.787,655600000.0,3246600000.0,1295400000.0,1295400000.0,0.0,,,,,10500000.0,272400000.0,1.0,101700000.0,101700000.0,,12.737,1912400000.0,58400000.0,80800000.0,602300000.0,18.804,23300000.0
43,LH,MRQ,2010-09-30,2010-09-30,2010-09-30,2021-08-05,78200000.0,5047600000.0,,948700000.0,4098900000.0,,22.084,-34300000.0,96900000.0,96900000.0,748800000.0,143100000.0,0.997,1.215,1346000000.0,425400000.0,920600000.0,1346000000.0,0.0,50600000.0,0.0,0.0,0.0,235100000.0,285700000.0,0.224,285700000.0,235100000.0,213500000.0,1.37,1.34,1.37,2270200000.0,,2270200000.0,9281604000.0,10.0,8.032,141900000.0,1.38,1.0,527700000.0,0.413,3416900000.0,21600000.0,1928500000.0,,88200000.0,79900000.0,0.0,79900000.0,2757400000.0,951300000.0,1806100000.0,8062604000.0,-6900000.0,-45800000.0,-114200000.0,21800000.0,0.0,-95200000.0,-88600000.0,-10000000.0,176200000.0,700000.0,140000000.0,140000000.0,140000000.0,0.0,3100000.0,0.11,292400000.0,235300000.0,177100000.0,0.0,3.551,14.167,14.338,504600000.0,0.0,78.43,1.654,1.654,631000000.0,3114800000.0,1276500000.0,1276500000.0,0.0,,,,,10100000.0,270500000.0,1.0,102800000.0,102800000.0,,12.417,1630700000.0,63900000.0,73500000.0,599400000.0,15.863,-2600000.0
44,LH,MRQ,2010-06-30,2010-06-30,2010-06-30,2021-08-05,59000000.0,4958400000.0,,915800000.0,4042600000.0,,21.24,-34500000.0,103800000.0,103800000.0,704800000.0,157200000.0,1.023,1.236,1322800000.0,383400000.0,939400000.0,1322800000.0,0.0,50100000.0,0.0,0.0,0.0,271000000.0,321100000.0,0.259,321100000.0,271000000.0,256500000.0,1.48,1.46,1.48,2209000000.0,,2209000000.0,8992500000.0,9.0,7.79,181700000.0,1.747,1.0,533600000.0,0.431,3372300000.0,14500000.0,1909500000.0,,86300000.0,71400000.0,0.0,71400000.0,2730100000.0,895600000.0,1834500000.0,7836400000.0,-68400000.0,-143300000.0,-97300000.0,-6800000.0,0.0,-105500000.0,-177400000.0,0.0,216200000.0,-1700000.0,153700000.0,153700000.0,153700000.0,0.0,3500000.0,0.124,263100000.0,270500000.0,195400000.0,0.0,3.547,13.981,14.164,499100000.0,0.0,75.35,1.639,1.639,617600000.0,3072600000.0,1238400000.0,1238400000.0,0.0,,,,,10700000.0,245400000.0,1.0,104000000.0,104000000.0,,11.908,1586100000.0,39100000.0,102800000.0,597500000.0,15.251,20200000.0
45,LH,MRQ,2010-03-31,2010-03-31,2010-03-31,2021-08-05,78200000.0,4934200000.0,,981000000.0,3953200000.0,,20.615,-24500000.0,172200000.0,172200000.0,686700000.0,136200000.0,1.107,1.277,1328300000.0,370000000.0,958300000.0,1328300000.0,0.0,50000000.0,0.0,0.0,0.0,234200000.0,284200000.0,0.238,284200000.0,234200000.0,219600000.0,1.27,1.25,1.27,2158400000.0,,2158400000.0,9172737000.0,10.0,8.139,207500000.0,1.982,1.0,506900000.0,0.425,3293200000.0,14600000.0,1910700000.0,,82500000.0,69200000.0,0.0,69200000.0,2755600000.0,886400000.0,1869200000.0,7926837000.0,23700000.0,-33600000.0,-82200000.0,-68800000.0,0.0,-152900000.0,-56500000.0,0.0,232000000.0,1100000.0,132700000.0,132700000.0,132700000.0,0.0,3500000.0,0.111,272700000.0,234200000.0,169300000.0,0.0,3.673,14.593,14.845,488400000.0,0.0,75.71,1.675,1.675,614300000.0,3002700000.0,1193600000.0,1193600000.0,0.0,,,,,8700000.0,246000000.0,1.0,104700000.0,104700000.0,,11.4,1641000000.0,37700000.0,86900000.0,604000000.0,15.673,94600000.0
46,LH,MRQ,2009-12-31,2009-12-31,2009-12-31,2021-08-05,61500000.0,4837800000.0,,935600000.0,3902200000.0,,19.831,-37600000.0,148500000.0,148500000.0,689100000.0,145800000.0,0.919,1.297,1394400000.0,417200000.0,977200000.0,1394400000.0,0.0,49800000.0,0.0,0.0,0.0,214800000.0,264600000.0,0.227,264600000.0,214800000.0,200100000.0,1.35,1.31,1.35,2106100000.0,,2106100000.0,9222008000.0,10.0,8.159,187100000.0,1.762,1.0,476000000.0,0.409,3239300000.0,14700000.0,1826000000.0,,90000000.0,71400000.0,0.0,71400000.0,2731700000.0,1018400000.0,1713300000.0,7948008000.0,21700000.0,-46600000.0,-107200000.0,-8500000.0,0.0,-118800000.0,-84200000.0,0.0,224700000.0,0.0,142700000.0,142700000.0,142700000.0,0.0,3100000.0,0.122,260200000.0,215800000.0,183100000.0,0.0,3.774,14.629,14.791,500800000.0,0.0,74.84,1.693,1.693,574200000.0,2927900000.0,1165100000.0,1165100000.0,0.0,,,,,10300000.0,240500000.0,1.0,106200000.0,106200000.0,,10.971,1598500000.0,42800000.0,57400000.0,577700000.0,15.052,-82800000.0
47,LH,MRQ,2009-09-30,2009-09-30,2009-09-30,2021-08-05,35100000.0,4830100000.0,,977500000.0,3852600000.0,,18.733,-22700000.0,126800000.0,126800000.0,687000000.0,134600000.0,1.622,1.312,1400800000.0,120800000.0,1280000000.0,1400800000.0,0.0,49500000.0,0.0,0.0,0.0,234900000.0,284400000.0,0.24,284400000.0,234900000.0,219900000.0,1.22,1.21,1.22,2028800000.0,,2028800000.0,8300610000.0,9.0,7.44,223700000.0,2.066,1.0,498100000.0,0.42,3197000000.0,15000000.0,2304500000.0,,81600000.0,75200000.0,0.0,75200000.0,2660900000.0,602600000.0,2058300000.0,7115310000.0,-99800000.0,-156600000.0,-149200000.0,-12500000.0,0.0,-164100000.0,-182900000.0,-4300000.0,246400000.0,800000.0,131400000.0,131400000.0,131400000.0,0.0,3200000.0,0.111,263200000.0,234900000.0,174600000.0,0.0,3.507,13.718,13.688,493500000.0,0.0,65.7,1.531,1.531,636900000.0,2785200000.0,1185100000.0,1185100000.0,0.0,,,,,9300000.0,247300000.0,1.0,108300000.0,108300000.0,,10.943,1633100000.0,35900000.0,88500000.0,578100000.0,15.079,374900000.0
48,LH,MRQ,2009-06-30,2009-06-30,2009-06-30,2021-08-05,1500000.0,4713200000.0,,1055000000.0,3658200000.0,,18.553,-23700000.0,226600000.0,226600000.0,681400000.0,139400000.0,1.906,1.281,1411900000.0,120800000.0,1291100000.0,1411900000.0,0.0,48500000.0,0.0,0.0,0.0,245300000.0,293800000.0,0.247,293800000.0,245300000.0,229100000.0,1.26,1.24,1.26,2009300000.0,,2009300000.0,8679957000.0,10.0,8.036,158700000.0,1.465,1.0,507400000.0,0.427,3011300000.0,16200000.0,2333700000.0,,71200000.0,68800000.0,0.0,68800000.0,2574800000.0,553500000.0,2021300000.0,7341657000.0,-146600000.0,-2100000.0,2500000.0,-304500000.0,0.0,-304900000.0,-25600000.0,0.0,182400000.0,1500000.0,136400000.0,136400000.0,136400000.0,0.0,3000000.0,0.115,262700000.0,244700000.0,160600000.0,0.0,3.654,14.707,14.737,496800000.0,0.0,67.79,1.596,1.596,655300000.0,2653800000.0,1188800000.0,1188800000.0,0.0,,,,,9600000.0,237300000.0,1.0,108300000.0,108300000.0,,10.977,1701900000.0,33600000.0,92700000.0,568800000.0,15.715,501500000.0
49,LH,MRQ,2009-03-31,2009-03-31,2009-03-31,2021-08-05,-29600000.0,4827600000.0,,1213900000.0,3613700000.0,,16.787,-30700000.0,373200000.0,373200000.0,666300000.0,135800000.0,2.03,1.59,1711500000.0,120800000.0,1590700000.0,1711500000.0,0.0,47300000.0,0.0,0.0,0.0,240200000.0,287500000.0,0.249,287500000.0,240200000.0,223200000.0,1.23,1.22,1.23,1818000000.0,,1818000000.0,7836067000.0,9.0,7.635,178200000.0,1.645,1.0,489400000.0,0.423,2975600000.0,17000000.0,2592400000.0,,77800000.0,64100000.0,0.0,64100000.0,2890600000.0,597900000.0,2292700000.0,6334467000.0,153500000.0,-10600000.0,5700000.0,-16400000.0,0.0,-13100000.0,-41300000.0,0.0,208900000.0,-1000000.0,132800000.0,132800000.0,132800000.0,0.0,3000000.0,0.115,248900000.0,240500000.0,170300000.0,0.0,3.484,13.564,13.666,502400000.0,0.0,58.49,1.39,1.39,669000000.0,2517400000.0,1155700000.0,1155700000.0,0.0,,,,,7200000.0,233800000.0,1.0,108300000.0,108300000.0,,10.671,1852000000.0,23000000.0,90400000.0,547000000.0,17.101,616000000.0
50,LH,MRQ,2008-12-31,2008-12-31,2008-12-31,2021-08-05,-16700000.0,4669500000.0,,1032800000.0,3636700000.0,,15.632,-36300000.0,219700000.0,219700000.0,669200000.0,121200000.0,1.888,1.694,1721300000.0,120800000.0,1600500000.0,1721300000.0,0.0,46200000.0,0.0,0.0,0.0,203800000.0,250000000.0,0.223,250000000.0,203800000.0,185800000.0,1.09,1.1,1.09,1688300000.0,,1688300000.0,8633780000.0,10.0,8.431,179000000.0,1.657,1.0,449900000.0,0.402,2994800000.0,18000000.0,2629400000.0,,91000000.0,72000000.0,0.0,72000000.0,2859900000.0,546900000.0,2313000000.0,6956280000.0,170300000.0,-8600000.0,11100000.0,-6000000.0,0.0,2500000.0,-44800000.0,0.0,215300000.0,-2700000.0,118100000.0,118100000.0,118100000.0,0.0,3100000.0,0.106,245500000.0,204400000.0,159700000.0,0.0,4.12,14.976,15.227,496400000.0,0.0,64.41,1.544,1.544,631600000.0,2384600000.0,1119100000.0,1119100000.0,0.0,,,,,9200000.0,226400000.0,1.0,108000000.0,108000000.0,,10.362,1674700000.0,6700000.0,67700000.0,522900000.0,15.506,485900000.0
51,LH,MRQ,2008-09-30,2008-09-30,2008-09-30,2021-08-05,95200000.0,4620800000.0,,884900000.0,3735900000.0,,14.929,-41500000.0,49400000.0,49400000.0,673500000.0,114900000.0,0.788,1.699,1726900000.0,687300000.0,1039600000.0,1726900000.0,0.0,45200000.0,0.0,0.0,0.0,203700000.0,248900000.0,0.219,248900000.0,203700000.0,186900000.0,1.02,1.0,1.02,1660100000.0,,1660100000.0,9232800000.0,11.0,9.031,152900000.0,1.375,1.0,461600000.0,0.407,3096000000.0,16800000.0,2079400000.0,,87400000.0,73600000.0,0.0,73600000.0,2819900000.0,1122900000.0,1697000000.0,7728400000.0,-105900000.0,-72100000.0,-251500000.0,67000000.0,0.0,-186000000.0,-113700000.0,0.0,194400000.0,-600000.0,111900000.0,111900000.0,111900000.0,0.0,3000000.0,0.099,259400000.0,202200000.0,154100000.0,0.0,4.655,16.772,16.747,493600000.0,0.0,69.5,1.76,1.76,663100000.0,2481900000.0,1135100000.0,1135100000.0,0.0,,,,,9100000.0,227100000.0,1.0,111200000.0,111200000.0,,10.208,1524800000.0,22900000.0,75000000.0,558300000.0,13.712,-238000000.0
52,LH,MRQ,2008-06-30,2008-06-30,2008-06-30,2021-08-05,113600000.0,4687600000.0,,987500000.0,3700100000.0,,16.188,-41000000.0,155300000.0,155300000.0,656000000.0,107800000.0,0.947,1.52,1659700000.0,607500000.0,1052200000.0,1659700000.0,0.0,44800000.0,0.0,0.0,0.0,195100000.0,239900000.0,0.209,239900000.0,195100000.0,177800000.0,0.94,0.92,0.94,1801700000.0,,1801700000.0,9383019000.0,11.0,9.258,153700000.0,1.381,1.0,491800000.0,0.428,3069500000.0,17300000.0,2079500000.0,,85000000.0,74000000.0,0.0,74000000.0,2739100000.0,1043000000.0,1696100000.0,7749819000.0,105200000.0,-18200000.0,800000.0,-26300000.0,0.0,-29500000.0,-59700000.0,0.0,194700000.0,-300000.0,104200000.0,104200000.0,104200000.0,0.0,3600000.0,0.091,296600000.0,195200000.0,152600000.0,0.0,4.301,16.844,17.066,483500000.0,0.0,69.63,1.812,1.812,675700000.0,2478200000.0,1147800000.0,1147800000.0,0.0,,,,,9000000.0,266000000.0,1.0,111300000.0,111300000.0,,10.313,1618100000.0,14600000.0,73600000.0,546800000.0,14.538,-55500000.0
53,LH,MRQ,2008-03-31,2008-03-31,2008-03-31,2021-08-05,106300000.0,4580900000.0,,908200000.0,3672700000.0,,15.411,-37900000.0,50100000.0,50100000.0,632700000.0,133900000.0,0.876,1.602,1683300000.0,618400000.0,1064900000.0,1683300000.0,0.0,43500000.0,0.0,0.0,0.0,241800000.0,285300000.0,0.259,285300000.0,241800000.0,221900000.0,1.18,1.14,1.18,1702900000.0,,1702900000.0,9752240000.0,11.0,9.328,138600000.0,1.254,1.0,470500000.0,0.426,3061800000.0,19900000.0,2115200000.0,,83200000.0,75200000.0,0.0,75200000.0,2728100000.0,1037100000.0,1691000000.0,8141640000.0,-6300000.0,-250000000.0,-29600000.0,13800000.0,0.0,-5500000.0,-177800000.0,109900000.0,176500000.0,500000.0,130300000.0,130300000.0,130300000.0,0.0,3600000.0,0.118,229400000.0,241100000.0,145400000.0,0.0,4.781,16.801,17.377,474400000.0,0.0,73.68,1.951,1.951,717100000.0,2374000000.0,1103200000.0,1103200000.0,0.0,,,,,8900000.0,215600000.0,1.0,110500000.0,110500000.0,,9.984,1519100000.0,0.0,91600000.0,542600000.0,13.748,-128900000.0
54,LH,MRQ,2007-12-31,2007-12-31,2007-12-31,2021-08-05,120000000.0,4368200000.0,,937500000.0,3430700000.0,,14.977,-34100000.0,56400000.0,56400000.0,600400000.0,114400000.0,0.969,1.532,1667000000.0,589500000.0,1077500000.0,1667000000.0,0.0,42600000.0,0.0,0.0,0.0,205700000.0,248300000.0,0.247,248300000.0,205700000.0,186900000.0,1.01,0.98,1.01,1725300000.0,,1725300000.0,9952956000.0,12.0,9.742,206300000.0,1.791,1.0,405400000.0,0.403,2252900000.0,18800000.0,2758000000.0,,80400000.0,792900000.0,109900000.0,683000000.0,2642900000.0,967900000.0,1675000000.0,8701056000.0,43900000.0,-79200000.0,-392500000.0,392900000.0,0.0,3000000.0,-199700000.0,-87200000.0,240400000.0,200000.0,114400000.0,114400000.0,114400000.0,0.0,0.0,0.114,223200000.0,182200000.0,134200000.0,0.0,5.043,18.249,18.512,439200000.0,0.0,75.53,2.139,2.139,623200000.0,2243700000.0,1005800000.0,1005800000.0,0.0,,,,,9100000.0,196600000.0,1.0,115200000.0,115200000.0,,8.731,2115300000.0,0.0,72500000.0,511400000.0,18.362,-30400000.0
55,LH,MRQ,2007-09-30,2007-09-30,2007-09-30,2021-08-05,120000000.0,4214200000.0,,851800000.0,3362400000.0,,16.975,-35500000.0,12500000.0,12500000.0,598500000.0,111200000.0,0.829,1.116,1264400000.0,661800000.0,602600000.0,1264400000.0,0.0,40300000.0,0.0,0.0,0.0,199700000.0,240000000.0,0.235,240000000.0,199700000.0,187100000.0,0.95,0.92,0.95,1991200000.0,,1991200000.0,10329779000.0,12.0,10.382,94900000.0,0.809,1.0,422100000.0,0.414,2193900000.0,12600000.0,2244100000.0,,82500000.0,710600000.0,22700000.0,687900000.0,2223000000.0,1028100000.0,1194900000.0,9176379000.0,4000000.0,-124900000.0,-88900000.0,96700000.0,0.0,13200000.0,-139800000.0,20500000.0,130400000.0,200000.0,111200000.0,111200000.0,111200000.0,0.0,0.0,0.109,243200000.0,178900000.0,126300000.0,0.0,4.608,19.688,20.008,430800000.0,0.0,78.23,2.317,2.317,662800000.0,2129300000.0,1020600000.0,1020600000.0,0.0,,,,,9000000.0,198000000.0,1.0,117300000.0,117300000.0,,8.701,2020300000.0,1700000.0,75900000.0,506100000.0,17.223,-176300000.0
56,LH,MRQ,2007-06-30,2007-06-30,2007-06-30,2021-08-05,91800000.0,4003600000.0,,820400000.0,3183200000.0,,16.378,-32200000.0,8500000.0,8500000.0,601100000.0,128700000.0,0.902,1.079,1161900000.0,559200000.0,602700000.0,1161900000.0,0.0,39900000.0,0.0,0.0,0.0,232000000.0,271900000.0,0.261,271900000.0,232000000.0,219400000.0,1.1,1.05,1.1,1926000000.0,,1926000000.0,10436776000.0,13.0,10.558,120900000.0,1.028,1.0,442000000.0,0.424,2085900000.0,12600000.0,2161600000.0,,81700000.0,683200000.0,43200000.0,640000000.0,2077600000.0,909500000.0,1168100000.0,9203376000.0,2000000.0,-9200000.0,-36100000.0,-104900000.0,0.0,-136200000.0,-14800000.0,27000000.0,153100000.0,-100000.0,128700000.0,128700000.0,128700000.0,0.0,0.0,0.123,229500000.0,212500000.0,135200000.0,0.0,4.778,19.814,20.38,414000000.0,0.0,78.26,2.39,2.39,634200000.0,2018100000.0,1043100000.0,1043100000.0,0.0,,,,,9300000.0,209100000.0,1.0,117600000.0,117600000.0,,8.87,1917700000.0,8800000.0,90700000.0,478900000.0,16.307,-89100000.0
57,LH,MRQ,2007-03-31,2007-03-31,2007-03-31,2021-08-05,62400000.0,3959200000.0,,824000000.0,3135200000.0,,14.6,-40800000.0,6500000.0,6500000.0,577000000.0,122500000.0,0.799,1.215,1239900000.0,637000000.0,602900000.0,1239900000.0,0.0,40000000.0,0.0,0.0,0.0,221500000.0,261500000.0,0.262,261500000.0,221500000.0,208900000.0,1.01,0.98,1.01,1787100000.0,,1787100000.0,9995812000.0,12.0,10.382,145000000.0,1.185,1.0,421700000.0,0.422,2090500000.0,12600000.0,2070200000.0,,77800000.0,662100000.0,70200000.0,591900000.0,2172100000.0,1031900000.0,1140200000.0,8889912000.0,-45000000.0,-11800000.0,-326100000.0,74500000.0,0.0,-243700000.0,12800000.0,65200000.0,185800000.0,100000.0,122500000.0,122500000.0,122500000.0,0.0,0.0,0.123,218300000.0,203400000.0,124000000.0,0.0,4.974,19.659,19.736,407400000.0,0.0,72.63,2.396,2.396,609900000.0,1889400000.0,998700000.0,998700000.0,0.0,,,,,8000000.0,205000000.0,1.0,122400000.0,122400000.0,,8.159,1868700000.0,11600000.0,86400000.0,456500000.0,15.267,-207900000.0
58,LH,MRQ,2006-12-31,2006-12-31,2006-12-31,2021-08-05,58700000.0,4000800000.0,,887000000.0,3113800000.0,,15.766,-48100000.0,51500000.0,51500000.0,519600000.0,103700000.0,0.953,1.024,1157400000.0,554400000.0,603000000.0,1157400000.0,0.0,39400000.0,0.0,0.0,0.0,182200000.0,221600000.0,0.247,221600000.0,182200000.0,169800000.0,0.85,0.81,0.85,1977100000.0,,1977100000.0,10360338000.0,13.0,11.216,122100000.0,0.974,1.0,379000000.0,0.422,2094200000.0,12400000.0,2081600000.0,,84300000.0,713300000.0,135400000.0,577900000.0,2023700000.0,930900000.0,1092800000.0,9213138000.0,42900000.0,-29500000.0,-249300000.0,20900000.0,0.0,-226600000.0,99100000.0,176700000.0,170200000.0,200000.0,103700000.0,103700000.0,103700000.0,0.0,0.0,0.115,216300000.0,162700000.0,133500000.0,0.0,4.66,21.346,21.112,393200000.0,0.0,73.47,2.566,2.566,541300000.0,1767900000.0,898600000.0,898600000.0,0.0,,,,,18800000.0,203100000.0,1.0,125400000.0,125400000.0,,7.166,1906600000.0,21300000.0,66100000.0,409200000.0,15.204,-43900000.0
59,LH,MRQ,2006-09-30,2006-09-30,2006-09-30,2021-08-05,104400000.0,4165400000.0,,1033500000.0,3131900000.0,,17.133,-25400000.0,8600000.0,8600000.0,525000000.0,109600000.0,1.144,0.942,1155800000.0,552700000.0,603100000.0,1155800000.0,0.0,38500000.0,0.0,0.0,0.0,195000000.0,233500000.0,0.257,233500000.0,195000000.0,183100000.0,0.88,0.81,0.88,2145000000.0,,2145000000.0,9345964000.0,13.0,10.446,129600000.0,1.035,1.0,384900000.0,0.423,2085000000.0,11900000.0,2324100000.0,,75500000.0,910800000.0,312100000.0,598700000.0,2020400000.0,903500000.0,1116900000.0,8209364000.0,-8000000.0,-6400000.0,11400000.0,-16700000.0,0.0,-4300000.0,-158300000.0,-126400000.0,155000000.0,-400000.0,109600000.0,109600000.0,109600000.0,0.0,0.0,0.12,208900000.0,176000000.0,129300000.0,0.0,3.827,19.696,19.75,371900000.0,0.0,65.57,2.336,2.336,567800000.0,1664200000.0,909900000.0,909900000.0,0.0,,,,,13700000.0,194900000.0,1.0,125200000.0,125200000.0,,7.268,2080400000.0,25600000.0,73500000.0,427200000.0,16.617,130000000.0
60,LH,MRQ,2006-06-30,2006-06-30,2006-06-30,2021-08-05,105200000.0,4048700000.0,,891500000.0,3157200000.0,,16.119,-21600000.0,16600000.0,16600000.0,510900000.0,116400000.0,0.958,1.014,1153200000.0,549900000.0,603300000.0,1153200000.0,0.0,38700000.0,0.0,0.0,0.0,207500000.0,246200000.0,0.272,246200000.0,207500000.0,195900000.0,0.94,0.87,0.94,2010100000.0,,2010100000.0,8886481000.0,13.0,10.278,106900000.0,0.857,1.0,392800000.0,0.435,2098100000.0,11600000.0,2156200000.0,,76200000.0,789600000.0,185700000.0,603900000.0,2038600000.0,931000000.0,1107600000.0,7760081000.0,-8600000.0,-800000.0,-6600000.0,28400000.0,0.0,24400000.0,-162100000.0,-139500000.0,128500000.0,600000.0,116400000.0,116400000.0,116400000.0,0.0,0.0,0.129,203200000.0,189600000.0,154100000.0,0.0,3.861,19.308,19.756,370400000.0,0.0,62.23,2.244,2.244,537000000.0,1554600000.0,903700000.0,903700000.0,0.0,,,,,9300000.0,190200000.0,1.0,124700000.0,124700000.0,,7.247,1950600000.0,37700000.0,79500000.0,416800000.0,15.642,-39500000.0
61,LH,MRQ,2006-03-31,2006-03-31,2006-03-31,2021-08-05,88400000.0,3884800000.0,,727500000.0,3157300000.0,,14.916,-20800000.0,25200000.0,25200000.0,505800000.0,101900000.0,0.79,1.079,1151600000.0,547400000.0,604200000.0,1151600000.0,0.0,38400000.0,0.0,0.0,0.0,184000000.0,222400000.0,0.253,222400000.0,184000000.0,172100000.0,0.82,0.76,0.82,1869000000.0,,1869000000.0,8431244000.0,12.0,10.034,157800000.0,1.259,1.0,372700000.0,0.424,2110300000.0,11900000.0,1979700000.0,,59800000.0,626500000.0,46200000.0,580300000.0,2015800000.0,921200000.0,1094600000.0,7327544000.0,-20200000.0,-3300000.0,-150000000.0,-700000.0,0.0,-147000000.0,-52000000.0,-28500000.0,178600000.0,200000.0,101900000.0,101900000.0,101900000.0,0.0,0.0,0.116,203900000.0,168800000.0,108500000.0,0.0,3.921,18.717,19.493,376400000.0,0.0,58.48,2.151,2.151,522200000.0,1438200000.0,878500000.0,878500000.0,0.0,,,,,10900000.0,190900000.0,1.0,125300000.0,125300000.0,,7.011,1774500000.0,39400000.0,70200000.0,401700000.0,14.162,-193700000.0
62,LH,MRQ,2005-12-31,2005-12-31,2005-12-31,2021-08-05,90300000.0,3875800000.0,,702300000.0,3173500000.0,,14.187,-22200000.0,45400000.0,45400000.0,489800000.0,88900000.0,0.791,1.055,1149100000.0,544600000.0,604500000.0,1149100000.0,0.0,39100000.0,0.0,0.0,0.0,153500000.0,192600000.0,0.234,192600000.0,153500000.0,144600000.0,0.68,0.64,0.68,1885700000.0,,1885700000.0,8004755086.0,12.0,9.704,139000000.0,1.046,1.0,332500000.0,0.404,2122700000.0,8900000.0,1968700000.0,,65400000.0,596600000.0,17700000.0,578900000.0,1990100000.0,888100000.0,1102000000.0,7157755086.0,30700000.0,-2500000.0,-373200000.0,246200000.0,0.0,-127000000.0,-3500000.0,20100000.0,161200000.0,0.0,88900000.0,88900000.0,88900000.0,0.0,0.0,0.108,196700000.0,135800000.0,116200000.0,0.0,3.796,18.534,18.633,381500000.0,0.0,53.85,2.151,2.151,493400000.0,1336300000.0,822300000.0,822300000.0,0.0,,,,,3900000.0,176700000.0,1.0,132920243.0,132920243.0,,6.186,1753100000.0,43200000.0,55700000.0,408900000.0,13.189,-185800000.0
63,LH,MRQ,2005-09-30,2005-09-30,2005-09-30,2021-08-05,90300000.0,3898100000.0,,700300000.0,3197800000.0,,16.062,-25700000.0,52500000.0,52500000.0,498300000.0,94700000.0,0.804,0.796,899500000.0,541900000.0,357600000.0,899500000.0,0.0,37600000.0,0.0,0.0,0.0,165800000.0,203400000.0,0.238,203400000.0,165800000.0,157400000.0,0.71,0.66,0.71,2170300000.0,,2170300000.0,7501811565.0,11.0,9.166,146400000.0,1.083,1.0,354600000.0,0.416,2147100000.0,8400000.0,1726900000.0,,53600000.0,573900000.0,0.0,573900000.0,1727800000.0,871100000.0,856700000.0,6581611565.0,-6500000.0,-14500000.0,-56500000.0,-57300000.0,0.0,-113800000.0,-64600000.0,-24800000.0,172100000.0,-200000.0,94700000.0,94700000.0,94700000.0,0.0,0.0,0.111,203000000.0,151600000.0,102700000.0,0.0,3.033,17.225,17.212,384000000.0,0.0,48.71,2.012,2.012,519700000.0,1247400000.0,852900000.0,852900000.0,0.0,,,,,3300000.0,179900000.0,1.0,135118283.0,135118283.0,,6.312,1751000000.0,41000000.0,62700000.0,411600000.0,12.959,-170800000.0
64,LH,MRQ,2005-06-30,2005-06-30,2005-06-30,2021-08-05,73100000.0,3852700000.0,,691600000.0,3161100000.0,,15.737,-20200000.0,34200000.0,34200000.0,488400000.0,106000000.0,2.311,0.819,954400000.0,100000.0,954300000.0,954400000.0,0.0,37500000.0,0.0,0.0,0.0,184400000.0,221900000.0,0.26,221900000.0,184400000.0,175800000.0,0.79,0.74,0.79,2118400000.0,,2118400000.0,7540449927.0,11.0,9.237,66200000.0,0.492,1.0,364900000.0,0.428,2144000000.0,8600000.0,2329600000.0,,59700000.0,543700000.0,0.0,543700000.0,1734300000.0,299300000.0,1435000000.0,6717249927.0,-9800000.0,-165400000.0,6900000.0,56000000.0,0.0,62900000.0,-159300000.0,27800000.0,86400000.0,200000.0,106000000.0,106000000.0,106000000.0,0.0,0.0,0.124,191800000.0,173100000.0,82000000.0,0.0,3.171,17.677,17.885,375600000.0,0.0,49.9,2.099,2.099,520000000.0,1152700000.0,853300000.0,853300000.0,0.0,,,,,3400000.0,178700000.0,1.0,134614227.0,134614227.0,,6.339,1708700000.0,47600000.0,69800000.0,393600000.0,12.693,392300000.0
65,LH,MRQ,2005-03-31,2005-03-31,2005-03-31,2021-08-05,78800000.0,3690900000.0,,680700000.0,3010200000.0,,14.839,-25500000.0,71700000.0,71700000.0,460800000.0,96600000.0,2.003,0.842,894900000.0,100000.0,894800000.0,894900000.0,0.0,35600000.0,0.0,0.0,0.0,171400000.0,207000000.0,0.259,207000000.0,171400000.0,162900000.0,0.72,0.67,0.72,2004000000.0,,2004000000.0,7214706451.0,11.0,8.958,129000000.0,0.955,1.0,338300000.0,0.423,1998900000.0,8500000.0,2175400000.0,,54800000.0,547700000.0,0.0,547700000.0,1686900000.0,339800000.0,1347100000.0,6509206451.0,-16600000.0,-160200000.0,-98800000.0,-500000.0,0.0,-99300000.0,-71200000.0,118400000.0,154500000.0,-600000.0,96600000.0,96600000.0,96600000.0,0.0,0.0,0.121,180700000.0,157600000.0,95200000.0,0.0,3.248,17.484,17.852,370100000.0,0.0,48.2,2.079,2.079,489200000.0,1046700000.0,799100000.0,799100000.0,0.0,,,,,3100000.0,168600000.0,1.0,135045777.0,135045777.0,,5.917,1692000000.0,38400000.0,66300000.0,365000000.0,12.529,340900000.0
66,LH,MRQ,2004-12-31,2004-12-31,2004-12-31,2021-08-05,81700000.0,3626100000.0,,765200000.0,2860900000.0,,14.453,-35900000.0,47600000.0,47600000.0,460300000.0,84800000.0,2.544,0.814,889400000.0,100000.0,889300000.0,889400000.0,0.0,33900000.0,0.0,0.002,0.0,152200000.0,186100000.0,0.243,186100000.0,152200000.0,143700000.0,0.61,0.58,0.61,1999300000.0,,1999300000.0,7568170785.0,12.0,9.578,70700000.0,0.511,1.0,306200000.0,0.399,1857400000.0,8500000.0,2309700000.0,,61500000.0,707700000.0,159200000.0,548500000.0,1626800000.0,300800000.0,1326000000.0,6891770785.0,-111000000.0,1600000.0,-91300000.0,-500000.0,0.0,-91800000.0,-124600000.0,-84100000.0,106600000.0,-1200000.0,84800000.0,84800000.0,84800000.0,0.0,0.0,0.111,169000000.0,137200000.0,85300000.0,0.0,3.447,18.986,19.162,360000000.0,0.0,49.82,2.234,2.234,441400000.0,950100000.0,766500000.0,766500000.0,0.0,,,,,3000000.0,158900000.0,1.0,138333416.0,138333416.0,,5.541,1768700000.0,26300000.0,58900000.0,346200000.0,12.786,464400000.0
67,LH,MRQ,2004-09-30,2004-09-30,2004-09-30,2021-08-05,43700000.0,3526800000.0,,763300000.0,2763500000.0,,14.142,-16500000.0,213700000.0,213700000.0,455600000.0,92600000.0,3.024,0.786,890100000.0,300000.0,889800000.0,890100000.0,0.0,35300000.0,0.0,0.002,0.0,166000000.0,201300000.0,0.258,201300000.0,166000000.0,157000000.0,0.67,0.63,0.67,1974900000.0,,1974900000.0,6811262905.0,11.0,8.729,120700000.0,0.864,1.0,325900000.0,0.417,1863800000.0,9000000.0,2087000000.0,,51900000.0,542600000.0,20000000.0,522600000.0,1551900000.0,252400000.0,1299500000.0,6105362905.0,51500000.0,-2000000.0,-67300000.0,-300000.0,0.0,-67600000.0,-19200000.0,0.0,137200000.0,1100000.0,92600000.0,92600000.0,92600000.0,0.0,0.0,0.118,173100000.0,152800000.0,80100000.0,0.0,3.091,17.16,17.213,347900000.0,0.0,43.72,2.002,2.002,451000000.0,865300000.0,781500000.0,781500000.0,0.0,,,,,3000000.0,162200000.0,1.0,139646910.0,139646910.0,,5.596,1663000000.0,100000.0,64400000.0,293300000.0,11.909,510900000.0
68,LH,MRQ,2004-06-30,2004-06-30,2004-06-30,2021-08-05,25700000.0,3474900000.0,,720800000.0,2754100000.0,,13.595,-22400000.0,182200000.0,182200000.0,444600000.0,98300000.0,0.909,0.808,888100000.0,528600000.0,359500000.0,888100000.0,0.0,35100000.0,0.0,0.002,0.0,175900000.0,211000000.0,0.269,211000000.0,175900000.0,166600000.0,0.7,0.66,0.7,1921900000.0,,1921900000.0,6329354774.0,10.0,8.329,124300000.0,0.879,1.0,339700000.0,0.433,1872900000.0,9300000.0,1515200000.0,,47800000.0,493600000.0,0.0,493600000.0,1553000000.0,792700000.0,760300000.0,5612254774.0,13200000.0,-3100000.0,-106300000.0,-600000.0,0.0,-106900000.0,-26000000.0,0.0,146700000.0,-600000.0,98300000.0,98300000.0,98300000.0,0.0,0.0,0.125,175500000.0,164200000.0,78500000.0,0.0,2.92,16.206,16.204,356000000.0,0.0,39.7,1.858,1.858,452500000.0,772700000.0,784300000.0,784300000.0,0.0,,,,,3000000.0,165000000.0,1.0,141366619.0,141366619.0,,5.548,1602000000.0,13000000.0,68300000.0,283700000.0,11.332,-71900000.0
69,LH,MRQ,2004-03-31,2004-03-31,2004-03-31,2021-08-05,31800000.0,3479300000.0,,707800000.0,2771500000.0,,12.929,-20200000.0,169000000.0,169000000.0,434900000.0,87300000.0,0.91,0.803,886100000.0,525900000.0,360200000.0,886100000.0,0.0,34500000.0,0.0,0.002,0.08,157300000.0,191800000.0,0.255,191800000.0,157300000.0,148000000.0,0.62,0.58,0.62,1929900000.0,,1929900000.0,6620049816.0,11.0,8.959,127400000.0,0.853,1.0,317600000.0,0.422,1846900000.0,9300000.0,1571400000.0,,47600000.0,504200000.0,0.0,504200000.0,1549400000.0,778100000.0,771300000.0,5858849816.0,46000000.0,-35300000.0,-46900000.0,-500000.0,0.0,-47400000.0,-54200000.0,0.0,147600000.0,0.0,87300000.0,87300000.0,87300000.0,0.0,0.0,0.116,173300000.0,144300000.0,84400000.0,0.129,3.036,17.52,16.702,356900000.0,0.0,39.25,1.966,1.966,451500000.0,674400000.0,752500000.0,752500000.0,0.0,,,,,6500000.0,163000000.0,1.0,149270059.0,149270059.0,,5.041,1632400000.0,13700000.0,60700000.0,283500000.0,10.936,-70300000.0
70,LH,MRQ,2003-12-31,2003-12-31,2003-12-31,2021-08-05,34700000.0,3414900000.0,,657900000.0,2757000000.0,,13.249,-23200000.0,103000000.0,103000000.0,430800000.0,77600000.0,0.852,0.801,884200000.0,523500000.0,360700000.0,884200000.0,0.0,34700000.0,0.0,0.0,0.0,141500000.0,176200000.0,0.241,176200000.0,141500000.0,131500000.0,0.55,0.44,0.55,1895900000.0,,1895900000.0,6164439582.0,11.0,8.599,121000000.0,0.846,1.0,300700000.0,0.411,1857300000.0,10000000.0,1566200000.0,,47000000.0,525300000.0,20000000.0,505300000.0,1519000000.0,772600000.0,746400000.0,5287439582.0,29900000.0,-10200000.0,6700000.0,-25300000.0,0.0,-18600000.0,-96200000.0,-63100000.0,144200000.0,500000.0,77600000.0,77600000.0,77600000.0,0.0,0.0,0.106,170000000.0,130700000.0,73000000.0,0.0,2.789,16.472,16.57,361300000.0,0.0,36.95,1.799,1.799,432500000.0,587100000.0,731500000.0,731500000.0,0.0,,,,,5100000.0,161700000.0,1.0,143097147.0,143097147.0,,5.112,1557600000.0,19100000.0,53900000.0,273400000.0,10.885,-114700000.0
71,LH,MRQ,2003-09-30,2003-09-30,2003-09-30,2021-08-05,12100000.0,3332100000.0,,585000000.0,2747100000.0,,12.304,-23000000.0,30000000.0,30000000.0,441100000.0,83100000.0,0.767,0.87,907000000.0,521000000.0,386000000.0,907000000.0,0.0,34200000.0,0.0,0.0,0.0,146700000.0,180900000.0,0.241,180900000.0,146700000.0,137200000.0,0.58,0.58,0.58,1782200000.0,,1782200000.0,5088378957.0,9.0,7.638,138900000.0,0.959,1.0,310900000.0,0.413,1862600000.0,9500000.0,1583800000.0,,48500000.0,482500000.0,0.0,482500000.0,1549900000.0,762700000.0,787200000.0,4157178957.0,-3900000.0,-12400000.0,-55200000.0,-60400000.0,0.0,-115600000.0,-50300000.0,0.0,161900000.0,100000.0,83100000.0,83100000.0,83100000.0,0.0,0.0,0.111,175500000.0,135400000.0,76500000.0,0.0,2.333,14.026,14.0,367200000.0,0.0,28.7,1.455,1.455,446800000.0,509500000.0,752000000.0,752000000.0,0.0,,,,,4400000.0,162700000.0,1.0,144849441.0,144849441.0,,5.192,1469500000.0,30700000.0,54100000.0,0.0,10.145,-177700000.0
72,LH,MRQ,2003-06-30,2003-06-30,2003-06-30,2021-08-05,12800000.0,3349000000.0,,620100000.0,2728900000.0,,11.817,-21200000.0,33900000.0,33900000.0,427200000.0,86400000.0,2.51,0.915,965100000.0,400000.0,964700000.0,965100000.0,0.0,33600000.0,0.0,0.0,0.0,156400000.0,190000000.0,0.255,190000000.0,156400000.0,146400000.0,0.6,0.6,0.6,1749200000.0,,1749200000.0,5421467830.0,11.0,8.813,102000000.0,0.689,1.0,316500000.0,0.426,1842800000.0,10000000.0,2190300000.0,,49400000.0,481900000.0,0.0,481900000.0,1599800000.0,247100000.0,1352700000.0,4462967830.0,-16100000.0,-18000000.0,-55100000.0,-50500000.0,0.0,-100100000.0,-39100000.0,0.0,123200000.0,-100000.0,86400000.0,86400000.0,86400000.0,0.0,0.0,0.116,173600000.0,142900000.0,82900000.0,0.0,2.551,16.493,16.123,368200000.0,0.0,30.15,1.616,1.616,444500000.0,426400000.0,743700000.0,743700000.0,0.0,,,,,4100000.0,164100000.0,1.0,148025467.0,148025467.0,,5.024,1506200000.0,68600000.0,60000000.0,0.0,10.175,373000000.0
73,LH,MRQ,2003-03-31,2003-03-31,2003-03-31,2021-08-05,-10600000.0,3303400000.0,,624500000.0,2678900000.0,,11.41,-16200000.0,50000000.0,50000000.0,415700000.0,73900000.0,2.432,0.96,1008500000.0,400000.0,1008100000.0,1008500000.0,0.0,33100000.0,0.0,0.0,0.0,136700000.0,169800000.0,0.238,169800000.0,136700000.0,125300000.0,0.51,0.51,0.51,1685200000.0,,1685200000.0,4844550514.0,10.0,8.293,118800000.0,0.804,1.0,296500000.0,0.416,1832700000.0,11400000.0,2172400000.0,,49100000.0,442400000.0,0.0,442400000.0,1618200000.0,256800000.0,1361400000.0,4379050514.0,-6400000.0,-622700000.0,-30300000.0,477100000.0,0.0,446600000.0,-588000000.0,50400000.0,135000000.0,0.0,73900000.0,73900000.0,73900000.0,0.0,0.0,0.104,171800000.0,124700000.0,99100000.0,0.0,2.599,16.669,16.202,370100000.0,0.0,29.65,1.665,1.665,440500000.0,340000000.0,712200000.0,712200000.0,0.0,,,,,4500000.0,163300000.0,1.0,147691417.0,147691417.0,,4.822,1470700000.0,58000000.0,51400000.0,0.0,9.958,367700000.0
74,LH,MRQ,2002-12-31,2002-12-31,2002-12-31,2021-08-05,-29900000.0,2580400000.0,,585100000.0,1995300000.0,,10.904,-19400000.0,56400000.0,56400000.0,396200000.0,53000000.0,2.584,0.601,521900000.0,400000.0,521500000.0,521900000.0,0.0,29400000.0,0.0,0.0,0.0,96100000.0,125500000.0,0.193,125500000.0,96100000.0,90600000.0,0.36,0.29,0.36,1611700000.0,,1611700000.0,3977047069.0,9.0,7.188,99100000.0,0.67,1.0,253900000.0,0.391,1217500000.0,5500000.0,1602000000.0,,44800000.0,400600000.0,0.0,400600000.0,968700000.0,226400000.0,742300000.0,3435147069.0,-42000000.0,-22900000.0,400000.0,-120900000.0,0.0,-120500000.0,-41900000.0,0.0,118500000.0,1900000.0,53000000.0,53000000.0,53000000.0,0.0,0.0,0.082,165600000.0,88300000.0,79900000.0,0.0,2.131,13.492,13.056,351200000.0,0.0,23.24,1.37,1.37,393000000.0,266100000.0,650100000.0,650100000.0,0.0,,,,,4600000.0,158200000.0,1.0,147811836.0,147811836.0,,4.398,1362900000.0,57100000.0,37600000.0,79300000.0,9.221,358700000.0
75,LH,MRQ,2002-09-30,2002-09-30,2002-09-30,2021-08-05,-8400000.0,2653600000.0,,637700000.0,2015900000.0,,10.662,-17000000.0,98400000.0,98400000.0,381900000.0,57300000.0,1.573,0.685,640300000.0,120500000.0,519800000.0,640300000.0,0.0,26600000.0,0.0,0.0,0.0,103300000.0,129900000.0,0.198,129900000.0,103300000.0,98000000.0,0.4,0.39,0.4,1575200000.0,,1575200000.0,5200497387.0,12.0,9.768,104100000.0,0.705,1.0,273300000.0,0.417,1241000000.0,5300000.0,1549100000.0,,44000000.0,390600000.0,0.0,390600000.0,1078400000.0,405400000.0,673000000.0,4990797387.0,-205200000.0,-247200000.0,3200000.0,-85700000.0,0.0,-62900000.0,-263400000.0,0.0,121100000.0,0.0,57300000.0,57300000.0,57300000.0,0.0,0.0,0.087,177100000.0,96200000.0,90000000.0,0.0,3.168,20.589,,355300000.0,0.0,33.78,2.061,2.061,418700000.0,213100000.0,655200000.0,655200000.0,0.0,,,,,3500000.0,153400000.0,1.0,147744150.0,147744150.0,,4.435,1412600000.0,53500000.0,40700000.0,0.0,9.561,232300000.0
76,LH,MRQ,2002-06-30,2002-06-30,2002-06-30,2021-08-05,-8400000.0,2139400000.0,,816900000.0,1322500000.0,,8.851,-19500000.0,303600000.0,303600000.0,336100000.0,78500000.0,3.64,0.695,513300000.0,0.0,513300000.0,513300000.0,0.0,23500000.0,0.0,0.0,0.0,135500000.0,159000000.0,0.26,159000000.0,135500000.0,131300000.0,0.56,0.55,0.56,1261900000.0,,1261900000.0,6774711930.0,16.0,13.137,73600000.0,0.516,1.0,276300000.0,0.451,981400000.0,4200000.0,1143300000.0,,42800000.0,0.0,0.0,0.0,877500000.0,224400000.0,653100000.0,6508611930.0,58600000.0,-5400000.0,5200000.0,-400000.0,0.0,4800000.0,-39700000.0,0.0,93100000.0,400000.0,78500000.0,78500000.0,78500000.0,0.0,0.0,0.128,142200000.0,134100000.0,74900000.0,0.0,5.158,28.522,28.006,310900000.0,0.0,45.65,2.797,2.797,392900000.0,155800000.0,612400000.0,612400000.0,0.0,,,,,3400000.0,137000000.0,1.0,142576384.0,142576384.0,,4.295,1158000000.0,54700000.0,52800000.0,0.0,8.122,592500000.0
77,LH,MRQ,2002-03-31,2002-03-31,2002-03-31,2021-08-05,-8800000.0,2052300000.0,,746000000.0,1306300000.0,,8.274,-18400000.0,245000000.0,245000000.0,331600000.0,65800000.0,3.207,0.751,511100000.0,0.0,511100000.0,511100000.0,0.0,22300000.0,0.0,0.0,0.0,116600000.0,138900000.0,0.235,138900000.0,116600000.0,112400000.0,0.47,0.46,0.47,1172100000.0,,1172100000.0,7149417979.0,19.0,14.735,93800000.0,0.662,1.0,258400000.0,0.438,968900000.0,4200000.0,1116900000.0,,40100000.0,0.0,0.0,0.0,880200000.0,232600000.0,647600000.0,6789717979.0,95800000.0,-5900000.0,9400000.0,-1900000.0,0.0,7500000.0,-23900000.0,0.0,112200000.0,0.0,65800000.0,65800000.0,65800000.0,0.0,0.0,0.112,142000000.0,116400000.0,70000000.0,0.0,5.793,33.646,,309500000.0,0.0,47.93,2.998,2.998,390400000.0,77300000.0,590000000.0,590000000.0,0.0,,,,,2800000.0,136900000.0,1.0,141659044.0,141659044.0,,4.165,1083400000.0,54900000.0,46600000.0,0.0,7.648,513400000.0
78,LH,MRQ,2001-12-31,2001-12-31,2001-12-31,2021-08-05,-8800000.0,1929600000.0,,624500000.0,1305100000.0,,7.717,-29100000.0,149200000.0,149200000.0,338700000.0,40800000.0,3.361,0.778,508900000.0,0.0,508900000.0,508900000.0,0.0,28500000.0,0.0,0.0,0.0,76100000.0,104600000.0,0.186,104600000.0,76100000.0,71900000.0,,,,1085400000.0,,1085400000.0,6074041195.0,17.0,13.268,34500000.0,0.245,1.0,225100000.0,0.399,968500000.0,4200000.0,1135000000.0,,38700000.0,0.0,0.0,0.0,844200000.0,185800000.0,658400000.0,5686041195.0,93700000.0,-9700000.0,5800000.0,61500000.0,0.0,66800000.0,-36700000.0,0.0,63600000.0,0.0,40800000.0,40800000.0,40800000.0,0.0,0.0,0.072,147700000.0,77400000.0,60200000.0,,5.239,31.677,31.337,309300000.0,0.0,40.425,2.585,2.585,365500000.0,11500000.0,563800000.0,563800000.0,0.0,,,,,7500000.0,136100000.0,1.0,140656554.0,140656554.0,,4.008,961100000.0,54400000.0,31100000.0,0.0,6.833,438700000.0
79,LH,MRQ,2001-09-30,2001-09-30,2001-09-30,2021-08-05,-1000000.0,1820300000.0,,553500000.0,1266800000.0,,7.39,-25400000.0,55500000.0,55500000.0,322900000.0,43100000.0,2.481,0.756,443500000.0,0.0,443500000.0,443500000.0,0.0,25700000.0,0.0,0.0,0.0,87500000.0,113200000.0,0.202,113200000.0,87500000.0,81000000.0,,,,1036500000.0,,1036500000.0,6118755222.0,19.0,14.4,88300000.0,0.63,1.0,238000000.0,0.424,952300000.0,6500000.0,1032900000.0,,37400000.0,0.0,0.0,0.0,783800000.0,223100000.0,560700000.0,5670155222.0,35000000.0,-15500000.0,5100000.0,-36000000.0,0.0,-39300000.0,-39600000.0,0.0,113700000.0,200000.0,43100000.0,43100000.0,43100000.0,0.0,0.0,0.077,137700000.0,100300000.0,61500000.0,,5.47,35.527,,296200000.0,0.0,40.425,2.672,2.672,389000000.0,-29300000.0,560900000.0,560900000.0,0.0,,,,,0.0,128000000.0,1.0,140263580.0,140263580.0,,3.999,868000000.0,55200000.0,37900000.0,0.0,6.188,330400000.0
80,LH,MRQ,2001-06-30,2001-06-30,2001-06-30,2021-08-05,-3500000.0,1763900000.0,,516200000.0,1247700000.0,,7.001,-20900000.0,20500000.0,20500000.0,308800000.0,52100000.0,1.564,0.799,469100000.0,132000000.0,337100000.0,469100000.0,0.0,26200000.0,0.0,0.0,0.0,102300000.0,128500000.0,0.234,128500000.0,102300000.0,94800000.0,0.38,0.37,0.38,980300000.0,,980300000.0,5769251189.0,19.0,14.27,53300000.0,0.381,1.0,240900000.0,0.438,948900000.0,7500000.0,933600000.0,,34800000.0,0.0,0.0,0.0,783600000.0,330000000.0,453600000.0,5383651189.0,-46300000.0,-117800000.0,900000.0,16700000.0,0.0,17600000.0,-138100000.0,0.0,74200000.0,0.0,52100000.0,52100000.0,52100000.0,0.0,0.0,0.095,138300000.0,102600000.0,57300000.0,0.0,5.492,36.059,36.724,283800000.0,0.0,38.45,2.627,2.627,390800000.0,-72400000.0,549700000.0,549700000.0,0.0,,,,,0.0,127400000.0,1.0,140016936.0,140016936.0,,3.926,815000000.0,51000000.0,42700000.0,0.0,5.821,186200000.0
81,LH,MRQ,2001-03-31,2001-03-31,2001-03-31,2021-08-05,-3400000.0,1703400000.0,,556900000.0,1146500000.0,,6.617,-12700000.0,66800000.0,66800000.0,303800000.0,43500000.0,1.652,0.844,452400000.0,132000000.0,320400000.0,452400000.0,0.0,23600000.0,0.0,0.0,0.0,87900000.0,111500000.0,0.212,111500000.0,87900000.0,79100000.0,0.315,0.31,0.315,923700000.0,,923700000.0,4634940890.0,17.0,12.602,51800000.0,0.371,1.0,221600000.0,0.422,860000000.0,8800000.0,891800000.0,,32200000.0,0.0,0.0,0.0,779700000.0,337200000.0,442500000.0,4198040890.0,18000000.0,-3300000.0,3100000.0,-33200000.0,0.0,-30100000.0,-15600000.0,0.0,64500000.0,-800000.0,43500000.0,43500000.0,43500000.0,0.0,0.0,0.083,134300000.0,87300000.0,55500000.0,0.0,4.545,38.095,32.977,271400000.0,0.0,30.075,2.118,2.118,388700000.0,-124500000.0,525400000.0,525400000.0,0.0,,,,,0.0,125000000.0,1.0,139585732.0,139585732.0,,3.764,843400000.0,49300000.0,35600000.0,0.0,6.042,219700000.0
82,LH,MRQ,2000-12-31,2000-12-31,2000-12-31,2021-08-05,-400000.0,1666900000.0,,511700000.0,1155200000.0,,6.309,-15800000.0,48800000.0,48800000.0,300900000.0,20900000.0,1.641,0.9,485700000.0,132000000.0,353700000.0,485700000.0,0.0,23800000.0,0.0,0.0,0.0,47900000.0,71700000.0,0.148,71700000.0,47900000.0,38700000.0,0.107,0.135,0.107,877400000.0,,877400000.0,6611278128.0,27.0,19.694,53300000.0,0.383,1.0,185100000.0,0.381,865700000.0,9200000.0,926200000.0,,31600000.0,0.0,0.0,0.0,789500000.0,311900000.0,477600000.0,6118878128.0,33500000.0,-6600000.0,8300000.0,-22400000.0,0.0,-14100000.0,-21700000.0,0.0,69100000.0,200000.0,20900000.0,20900000.0,20900000.0,0.0,0.0,0.043,137500000.0,47600000.0,52800000.0,0.0,6.974,78.953,53.659,272800000.0,0.0,44.0,3.188,3.188,368000000.0,-168000000.0,486000000.0,486000000.0,0.0,,,,,4000000.0,123700000.0,1.0,139065412.0,139065412.0,,3.495,801200000.0,44800000.0,17800000.0,0.0,5.761,199800000.0
83,LH,MRQ,2000-09-30,2000-09-30,2000-09-30,2021-08-05,-600000.0,1639800000.0,,484200000.0,1155600000.0,,6.066,-13600000.0,15300000.0,15300000.0,291400000.0,32800000.0,1.667,0.966,507700000.0,121000000.0,386700000.0,507700000.0,0.0,22400000.0,0.0,0.0,0.0,70200000.0,92600000.0,0.19,92600000.0,70200000.0,60700000.0,0.245,0.235,0.245,834000000.0,,834000000.0,4588267897.0,20.0,14.451,34100000.0,0.248,1.0,196700000.0,0.403,806700000.0,9500000.0,1035000000.0,,32400000.0,0.0,0.0,0.0,805800000.0,290500000.0,515300000.0,4117467897.0,-43900000.0,-60800000.0,5500000.0,-22300000.0,0.0,-16800000.0,-74500000.0,0.0,47700000.0,-300000.0,32800000.0,32800000.0,32800000.0,0.0,0.0,0.067,127400000.0,69300000.0,57100000.0,0.0,4.937,71.608,41.713,271500000.0,0.0,29.95,2.219,2.219,378100000.0,-188900000.0,488100000.0,488100000.0,0.0,,,,,-1000000.0,118700000.0,1.0,137478060.0,137478060.0,,3.55,833100000.0,38000000.0,27900000.0,0.0,6.06,193700000.0
84,LH,MRQ,2000-06-30,2000-06-30,2000-06-30,2021-08-05,-300000.0,1633300000.0,,529000000.0,1104300000.0,,6.602,0.0,59200000.0,59200000.0,281200000.0,32700000.0,1.785,3.756,530000000.0,110000000.0,420000000.0,530000000.0,0.0,22100000.0,0.0,0.0,0.0,69900000.0,92000000.0,0.191,92000000.0,69900000.0,60600000.0,0.245,0.235,0.245,343400000.0,,343400000.0,1510569670.0,8.0,5.328,81400000.0,1.565,1.0,201200000.0,0.417,813700000.0,9300000.0,994000000.0,,30600000.0,0.0,0.0,0.0,1289900000.0,296400000.0,993500000.0,1002769670.0,18300000.0,0.0,2700000.0,-22300000.0,0.0,-24500000.0,0.0,0.0,81400000.0,0.0,32700000.0,13000000.0,13000000.0,0.0,0.0,0.027,129900000.0,71300000.0,51000000.0,0.0,2.92,34.818,34.923,272400000.0,19700000.0,19.277,0.558,0.558,372700000.0,-221700000.0,482400000.0,482400000.0,0.0,,,,,800000.0,122100000.0,1.0,52017620.0,52017620.0,,9.274,819600000.0,46700000.0,27900000.0,0.0,15.756,232600000.0
85,LH,MRQ,2000-03-31,2000-03-31,2000-03-31,2021-08-05,-300000.0,1599900000.0,,513700000.0,1086200000.0,,3.612,-10800000.0,40900000.0,40900000.0,279200000.0,25700000.0,1.941,7.528,548700000.0,99000000.0,449700000.0,548700000.0,0.0,21300000.0,0.0,0.0,0.0,57500000.0,78800000.0,0.17,78800000.0,57500000.0,47600000.0,0.212,0.188,0.212,187600000.0,,187600000.0,1089369372.0,6.0,4.269,37700000.0,0.726,1.0,183500000.0,0.397,801600000.0,9900000.0,1041400000.0,,26200000.0,0.0,0.0,0.0,1412300000.0,264700000.0,1147600000.0,551869372.0,600000.0,-4400000.0,1300000.0,-29200000.0,0.0,-32500000.0,-15200000.0,0.0,48500000.0,-200000.0,25700000.0,10800000.0,10800000.0,0.0,0.0,0.023,126100000.0,57400000.0,45300000.0,0.0,2.942,24.099,23.77,271400000.0,14900000.0,10.625,0.317,0.317,368200000.0,-234700000.0,462700000.0,462700000.0,0.0,,,,,0.0,118400000.0,1.0,51940647.0,51940647.0,,8.908,798300000.0,41400000.0,21900000.0,0.0,15.369,249000000.0
86,LH,MRQ,1999-12-31,1999-12-31,1999-12-31,2021-08-05,-100000.0,1590200000.0,,499500000.0,1090700000.0,,3.407,-15800000.0,40300000.0,40300000.0,272800000.0,14200000.0,2.034,8.061,577800000.0,95000000.0,482800000.0,577800000.0,0.0,20800000.0,0.0,0.0,0.0,33300000.0,54100000.0,0.128,54100000.0,33300000.0,22900000.0,0.015,0.015,0.015,175500000.0,,175500000.0,1044240223.0,7.0,4.522,35800000.0,0.695,1.0,149900000.0,0.355,803900000.0,10400000.0,1078200000.0,,29100000.0,0.0,0.0,0.0,1414700000.0,245600000.0,1169100000.0,474940223.0,20600000.0,-8700000.0,0.0,-11200000.0,0.0,-7100000.0,-24100000.0,0.0,51600000.0,200000.0,14200000.0,900000.0,900000.0,0.0,0.0,0.002,116800000.0,33100000.0,43600000.0,0.0,2.706,31.663,31.254,273200000.0,13300000.0,9.22,0.28,0.28,348000000.0,-245500000.0,422700000.0,422700000.0,0.0,,,,,-200000.0,109000000.0,1.0,51511955.0,51511955.0,,8.206,786300000.0,44600000.0,8700000.0,0.0,15.264,253900000.0
87,LH,MRQ,1999-09-30,1999-09-30,1999-09-30,2021-08-05,-1600000.0,1612000000.0,,501500000.0,1110500000.0,,3.4,-16700000.0,19700000.0,19700000.0,265200000.0,17200000.0,1.925,8.323,589000000.0,77900000.0,511100000.0,589000000.0,0.0,20400000.0,0.0,0.0,0.0,38200000.0,58600000.0,0.137,58600000.0,38200000.0,27800000.0,0.08,0.08,0.08,172900000.0,,172900000.0,952224622.0,7.0,4.268,36300000.0,0.714,1.0,163400000.0,0.381,812600000.0,10400000.0,1108200000.0,,26400000.0,0.0,0.0,0.0,1439100000.0,260500000.0,1178600000.0,349624622.0,2800000.0,0.0,2500000.0,-31300000.0,0.0,-33400000.0,-16700000.0,0.0,53000000.0,-100000.0,17200000.0,4100000.0,4100000.0,0.0,0.0,0.01,123300000.0,40100000.0,38100000.0,0.0,2.022,8.965,8.987,272200000.0,13100000.0,6.875,0.208,0.208,360700000.0,-246400000.0,428600000.0,428600000.0,0.0,,,,,200000.0,115600000.0,1.0,50854490.0,50854490.0,,8.428,799400000.0,75700000.0,10600000.0,0.0,15.719,241000000.0
88,LH,MRQ,1999-06-30,1999-06-30,1999-06-30,2021-08-05,-2600000.0,1627200000.0,,513000000.0,1114200000.0,,3.269,-21400000.0,16900000.0,16900000.0,265200000.0,19800000.0,2.057,8.856,619500000.0,66800000.0,552700000.0,619500000.0,0.0,21400000.0,0.0,0.0,0.0,42300000.0,63700000.0,0.148,63700000.0,42300000.0,32000000.0,0.14,0.14,0.14,165100000.0,,165100000.0,982681688.0,7.0,4.481,29400000.0,0.582,1.0,164300000.0,0.383,819800000.0,10300000.0,1160600000.0,,28200000.0,0.0,0.0,0.0,1462100000.0,249400000.0,1212700000.0,362981688.0,600000.0,800000.0,0.0,-16600000.0,0.0,-30000000.0,-20000000.0,0.0,50800000.0,-200000.0,19800000.0,7100000.0,7100000.0,0.0,0.0,0.017,122200000.0,42100000.0,47900000.0,0.0,2.199,10.371,10.493,267900000.0,12700000.0,7.188,0.217,0.217,376500000.0,-250500000.0,429500000.0,429500000.0,0.0,,,,,0.0,114400000.0,1.0,50501800.0,50501800.0,,8.505,807400000.0,75800000.0,12200000.0,0.0,15.988,263600000.0
89,LH,MRQ,1999-03-31,1999-03-31,1999-03-31,2021-08-05,-2500000.0,1638400000.0,,525600000.0,1112800000.0,,3.131,-15500000.0,16300000.0,16300000.0,266500000.0,14100000.0,1.977,9.363,636000000.0,83300000.0,552700000.0,636000000.0,0.0,21200000.0,0.0,0.0,0.0,33300000.0,54500000.0,0.13,54500000.0,33300000.0,22800000.0,0.058,0.058,0.058,158100000.0,,158100000.0,846237878.0,6.0,3.945,9600000.0,0.19,1.0,151400000.0,0.362,827400000.0,10500000.0,1164800000.0,,30400000.0,0.0,0.0,0.0,1480300000.0,265900000.0,1214400000.0,220937878.0,-6400000.0,-800000.0,1300000.0,-12000000.0,0.0,-15300000.0,-16200000.0,0.0,25100000.0,0.0,14100000.0,2900000.0,2900000.0,0.0,0.0,0.007,117000000.0,34400000.0,43400000.0,0.0,1.397,7.566,7.675,260500000.0,11200000.0,4.375,0.134,0.134,383600000.0,-257600000.0,417900000.0,417900000.0,0.0,,,,,0.0,109100000.0,1.0,50500086.0,50500086.0,,8.275,811000000.0,79500000.0,8700000.0,0.0,16.059,259700000.0
90,LH,MRQ,1998-12-31,1998-12-31,1998-12-31,2021-08-05,-2000000.0,1640900000.0,,519100000.0,1121800000.0,,3.081,-18600000.0,22700000.0,22700000.0,265300000.0,35300000.0,2.065,9.628,648000000.0,72500000.0,575500000.0,648000000.0,0.0,19900000.0,0.0,0.0,0.0,26400000.0,46300000.0,0.114,46300000.0,26400000.0,14900000.0,0.487,0.487,0.487,154400000.0,,154400000.0,808245452.0,6.0,3.795,16600000.0,0.331,1.0,142500000.0,0.349,836200000.0,11500000.0,1178600000.0,,30700000.0,0.0,0.0,0.0,1486500000.0,251400000.0,1235100000.0,172245452.0,11100000.0,-6800000.0,0.0,-700000.0,0.0,1100000.0,-25200000.0,0.0,35200000.0,0.0,35300000.0,24900000.0,24900000.0,0.0,0.0,0.061,115900000.0,26600000.0,50200000.0,0.0,1.116,7.059,7.059,259100000.0,10400000.0,3.438,0.107,0.107,375400000.0,-260500000.0,407800000.0,407800000.0,0.0,,,,,0.0,107900000.0,1.0,50107768.0,50107768.0,,8.138,804700000.0,78000000.0,-20400000.0,0.0,16.059,267700000.0
91,LH,MRQ,1998-09-30,1998-09-30,1998-09-30,2021-08-05,-1800000.0,1595100000.0,,470400000.0,1124700000.0,,2.589,-11400000.0,11600000.0,11600000.0,270300000.0,11400000.0,2.186,11.298,647600000.0,34800000.0,612800000.0,647600000.0,0.0,20200000.0,0.0,0.0,0.0,34600000.0,54800000.0,0.132,54800000.0,34600000.0,22300000.0,0.0,0.0,0.0,129700000.0,,129700000.0,836735820.0,-11.0,70.91,13000000.0,0.259,1.0,144400000.0,0.348,843700000.0,12300000.0,1172200000.0,,28800000.0,0.0,0.0,0.0,1465400000.0,215200000.0,1250200000.0,203535820.0,-3900000.0,-13300000.0,1300000.0,0.0,0.0,-3800000.0,-24600000.0,0.0,24400000.0,0.0,11400000.0,100000.0,100000.0,0.0,0.0,0.0,110100000.0,34300000.0,48800000.0,,1.569,-1.569,-1.548,253000000.0,11300000.0,4.062,0.125,0.125,372200000.0,-285400000.0,414700000.0,414700000.0,0.0,,,,,0.0,102400000.0,1.0,50101125.0,50101125.0,,8.277,751400000.0,39900000.0,10900000.0,0.0,14.998,255200000.0
92,LH,MRQ,1998-06-30,1998-06-30,1998-06-30,2021-08-05,0.0,1569300000.0,,456500000.0,1112800000.0,,2.612,0.0,15500000.0,15500000.0,257800000.0,12800000.0,2.075,11.062,648700000.0,23200000.0,625500000.0,648700000.0,0.0,21400000.0,0.0,0.0,0.0,37500000.0,58900000.0,0.146,58900000.0,37500000.0,25400000.0,0.025,0.025,0.025,130100000.0,,130100000.0,928383935.0,-12.0,175.167,37600000.0,0.755,1.0,144600000.0,0.359,832800000.0,12100000.0,1149700000.0,,29900000.0,0.0,0.0,0.0,1439200000.0,220000000.0,1219200000.0,287983935.0,-3200000.0,0.0,0.0,-10300000.0,0.0,-19500000.0,0.0,0.0,37600000.0,0.0,12800000.0,1300000.0,1300000.0,0.0,0.0,0.003,107200000.0,37400000.0,51200000.0,0.0,2.214,-2.108,-2.103,254700000.0,11500000.0,5.782,0.181,0.181,356200000.0,-285500000.0,402400000.0,402400000.0,0.0,,,,,0.0,99700000.0,1.0,49802669.0,49802669.0,,8.08,736500000.0,37500000.0,12600000.0,0.0,14.788,236500000.0
93,LH,MRQ,1998-03-31,1998-03-31,1998-03-31,2021-08-05,0.0,1634600000.0,,522900000.0,1111700000.0,,2.586,-17100000.0,18700000.0,18700000.0,255700000.0,9300000.0,2.507,11.691,659100000.0,11600000.0,647500000.0,659100000.0,0.0,21300000.0,0.0,0.0,0.0,31700000.0,53000000.0,0.137,53000000.0,31700000.0,18800000.0,-0.025,-0.025,-0.025,128800000.0,,128800000.0,907579618.0,-11.0,-4537.898,11300000.0,0.227,1.0,132000000.0,0.34,838400000.0,12900000.0,1228000000.0,,30200000.0,0.0,0.0,0.0,1505800000.0,208600000.0,1297200000.0,241279618.0,-4600000.0,0.0,1600000.0,-30500000.0,0.0,-34900000.0,1900000.0,0.0,28400000.0,0.0,9300000.0,-1900000.0,-1900000.0,0.0,0.0,-0.005,102600000.0,29400000.0,59800000.0,0.0,1.873,-1.787,-1.778,257800000.0,11200000.0,4.845,0.153,0.153,342200000.0,-286800000.0,387700000.0,387700000.0,0.0,,,,,0.0,95000000.0,1.0,49799715.0,49799715.0,,7.785,796200000.0,113400000.0,9500000.0,0.0,15.988,314300000.0
94,LH,MRQ,1997-12-31,1997-12-31,1997-12-31,2021-08-05,0.0,1658500000.0,,527600000.0,1130900000.0,,2.592,-19700000.0,23300000.0,23300000.0,268900000.0,-118700000.0,2.684,11.847,689600000.0,0.0,689600000.0,689600000.0,0.0,21900000.0,0.0,0.0,0.0,-176800000.0,-154900000.0,-0.367,-154900000.0,-176800000.0,-190800000.0,-2.625,-2.625,-2.625,129100000.0,,129100000.0,,,,30300000.0,0.608,1.0,153400000.0,0.363,851300000.0,14000000.0,1276900000.0,,36000000.0,0.0,0.0,0.0,1529400000.0,196600000.0,1332800000.0,217873752.0,2200000.0,-5200000.0,200000.0,-20000000.0,0.0,-24500000.0,-23300000.0,0.0,50000000.0,0.0,-118700000.0,-129200000.0,-129200000.0,0.0,0.0,-0.306,330700000.0,-177300000.0,55900000.0,0.0,1.688,-1.666,-1.651,254900000.0,10500000.0,4.375,0.138,0.138,330600000.0,-284900000.0,422300000.0,422300000.0,0.0,,,,,0.0,300400000.0,1.0,49799715.0,49799715.0,,8.48,807200000.0,120800000.0,-72100000.0,0.0,16.209,331000000.0
95,LH,MRQ,1997-09-30,1997-09-30,1997-09-30,2021-08-05,,,,,,,,-7000000.0,,,262700000.0,5400000.0,,,,,,,,21100000.0,,0.0,0.0,27200000.0,48300000.0,0.128,48300000.0,27200000.0,13400000.0,-0.125,-0.125,-0.125,,,,,,,13000000.0,,1.0,113800000.0,0.302,,13800000.0,,,,,,,,,,,-9700000.0,0.0,200000.0,-14900000.0,0.0,-22700000.0,-7000000.0,0.0,20000000.0,0.0,5400000.0,-6800000.0,-6800000.0,0.0,0.0,-0.018,87100000.0,26700000.0,,0.0,,,,,12200000.0,6.562,,,,,376500000.0,376500000.0,0.0,,,,,0.0,79400000.0,1.0,,,,,,,8000000.0,,,
96,LH,MRQ,1997-06-30,1997-06-30,1997-06-30,2021-08-05,,,,,,,,-4700000.0,,,271700000.0,4100000.0,,,,,,,,21900000.0,,0.0,0.0,31500000.0,53400000.0,0.137,53400000.0,31500000.0,10200000.0,0.05,0.05,0.05,,,,,,,59900000.0,,1.0,117900000.0,0.303,,21300000.0,,,,,,,,,,,1300000.0,0.0,1400000.0,-546100000.0,0.0,-58000000.0,-5300000.0,0.0,64600000.0,0.0,4100000.0,2900000.0,2900000.0,0.0,0.0,0.007,87000000.0,30900000.0,,0.0,,,,,1200000.0,6.72,,,,,389600000.0,389600000.0,0.0,,,,,0.0,79300000.0,1.0,,,,,,,6100000.0,,,
97,LH,MRQ,1997-03-31,1997-03-31,1997-03-31,2021-08-05,,,,,,,,-3100000.0,,,277200000.0,2400000.0,,,,,,,,21900000.0,,0.0,0.0,28600000.0,50500000.0,0.129,50500000.0,28600000.0,5900000.0,0.05,0.05,0.05,,,,,,,6700000.0,,1.0,114300000.0,0.292,,22700000.0,,,,,,,,,,,200000.0,0.0,0.0,-5700000.0,0.0,-7100000.0,-2500000.0,0.0,9800000.0,0.0,2400000.0,2400000.0,2400000.0,0.0,0.0,0.006,86500000.0,27800000.0,,0.0,,,,,0.0,8.75,,,,,391500000.0,391500000.0,0.0,,,,,0.0,78900000.0,1.0,,,,,,,3500000.0,,,
98,LH,MRQ,1996-12-31,1996-12-31,1996-12-31,2021-08-05,0.0,1917000000.0,,721500000.0,1195500000.0,,,,29300000.0,29300000.0,,,2.854,6.427,1280300000.0,18700000.0,1261600000.0,1280300000.0,0.0,,0.0,0.0,0.0,,,,,,,,,,258100000.0,,258100000.0,,,,,,1.0,,,891100000.0,,2024100000.0,,44300000.0,0.0,0.0,0.0,1658900000.0,252800000.0,1406100000.0,,,,,,,,,,,,,,,,,,,,65700000.0,,,,-2.304,282900000.0,,7.2,,,505600000.0,-154100000.0,,,,,,,,,,1.0,,,,,1025900000.0,120500000.0,,0.0,,468700000.0
0,LH,MRT,2021-06-30,2021-06-30,2021-06-30,2021-08-05,-181200000.0,20417100000.0,19911375000.0,5693500000.0,14723600000.0,0.823,104.863,-369200000.0,1963200000.0,1963200000.0,10060000000.0,2880400000.0,2.135,0.991,6357600000.0,202600000.0,6155000000.0,6357600000.0,546700000.0,899900000.0,0.0,0.0,0.0,4087000000.0,4986900000.0,0.304,4986900000.0,4087000000.0,3860500000.0,29.54,29.32,29.54,10245100000.0,9466350000.0,10245100000.0,31420145000.0,8.0,6.301,2836400000.0,29.032,1.0,6328100000.0,0.386,11498300000.0,226500000.0,10646100000.0,10384450000.0,421300000.0,82100000.0,0.0,82100000.0,10151000000.0,2667100000.0,7483900000.0,26950545000.0,1406200000.0,-277300000.0,-360800000.0,-787200000.0,0.0,-1173200000.0,-636000000.0,-30200000.0,3205600000.0,9800000.0,2878700000.0,2878700000.0,2878700000.0,0.0,1700000.0,0.176,2225800000.0,4102300000.0,599900000.0,0.0,2.631,9.362,9.338,2701800000.0,0.0,275.85,1.645,1.645,2847100000.0,10417400000.0,16388100000.0,16388100000.0,0.0,0.145,0.304,0.394,0.249,106600000.0,1826000000.0,1.0,97700000.0,97700000.0,,167.739,8918800000.0,23700000.0,981800000.0,826000000.0,91.288,3026400000.0
1,LH,MRT,2021-03-31,2021-03-31,2021-03-31,2021-08-05,-226500000.0,20417100000.0,19269375000.0,5638100000.0,14779000000.0,0.795,102.679,-370500000.0,1890800000.0,1890800000.0,9492400000.0,2644000000.0,1.674,1.035,6360400000.0,699000000.0,5661400000.0,6360400000.0,540300000.0,855400000.0,0.0,0.0,0.0,3708400000.0,4563800000.0,0.298,4563800000.0,3708400000.0,3507500000.0,27.12,26.93,27.12,10021500000.0,8743250000.0,10021500000.0,30326528000.0,8.0,6.645,2718600000.0,27.855,1.0,5823800000.0,0.38,11554500000.0,200900000.0,9963500000.0,10240850000.0,427500000.0,85000000.0,0.0,85000000.0,10374700000.0,3368700000.0,7006000000.0,24890928000.0,1567200000.0,-301700000.0,-55400000.0,-787200000.0,0.0,-864700000.0,-669000000.0,-37600000.0,3089100000.0,11800000.0,2642900000.0,2642900000.0,2642900000.0,0.0,1100000.0,0.173,2127900000.0,3695900000.0,621300000.0,0.0,2.484,9.418,9.404,2697000000.0,0.0,255.03,1.625,1.625,2903000000.0,10171900000.0,15316200000.0,15316200000.0,0.0,0.137,0.302,0.362,0.242,122500000.0,1763600000.0,1.0,97600000.0,97600000.0,,156.928,8862600000.0,20200000.0,864600000.0,857700000.0,90.805,2269400000.0
2,LH,MRT,2020-12-31,2020-12-31,2020-12-31,2021-08-05,-161900000.0,20071700000.0,18489700000.0,5125400000.0,14946300000.0,0.756,96.095,-381700000.0,1320800000.0,1320800000.0,9025700000.0,1557000000.0,1.665,1.142,6756400000.0,575400000.0,6181000000.0,6756400000.0,506500000.0,825000000.0,0.0,0.0,0.0,2425600000.0,3250600000.0,0.233,3250600000.0,2425600000.0,2218200000.0,15.99,15.88,15.99,9359700000.0,7992900000.0,9359700000.0,25842370000.0,11.0,7.95,1753600000.0,18.004,1.0,4952800000.0,0.354,11712600000.0,207400000.0,10716200000.0,10335175000.0,423200000.0,73500000.0,0.0,73500000.0,10691300000.0,3078500000.0,7612800000.0,19825770000.0,983300000.0,-267600000.0,-78600000.0,-412200000.0,0.0,-517400000.0,-643200000.0,-39100000.0,2135300000.0,8600000.0,1556100000.0,1556100000.0,1556100000.0,0.0,900000.0,0.111,2507400000.0,2445400000.0,638900000.0,0.0,2.118,12.741,12.73,2729600000.0,0.0,203.55,1.418,1.418,3016600000.0,9402300000.0,13978500000.0,13978500000.0,0.0,0.084,0.195,0.235,0.174,111700000.0,1729300000.0,1.0,97400000.0,97400000.0,,143.516,8359100000.0,20600000.0,662100000.0,905400000.0,85.822,2046900000.0
3,LH,MRT,2020-09-30,2020-09-30,2020-09-30,2021-08-05,-314600000.0,18739600000.0,17983375000.0,4085600000.0,14654000000.0,0.692,84.59,-410500000.0,667200000.0,667200000.0,8573500000.0,845700000.0,1.357,1.272,6683800000.0,577800000.0,6106000000.0,6683800000.0,494800000.0,797300000.0,0.0,0.0,0.0,1492000000.0,2289300000.0,0.184,2289300000.0,1492000000.0,1268500000.0,8.67,8.58,8.67,8239100000.0,7544725000.0,8239100000.0,24894398000.0,17.0,10.874,1520000000.0,15.606,1.0,3868600000.0,0.311,11534300000.0,223500000.0,10212000000.0,10221425000.0,392500000.0,70700000.0,0.0,70700000.0,10480600000.0,3009900000.0,7470700000.0,18337498000.0,306100000.0,-231900000.0,-125900000.0,-813700000.0,0.0,-965800000.0,-667300000.0,-32700000.0,1930500000.0,8700000.0,844900000.0,844900000.0,844900000.0,0.0,800000.0,0.068,2380000000.0,1488600000.0,639500000.0,0.0,2.226,21.704,21.715,2608600000.0,0.0,188.27,1.474,1.474,2698700000.0,8464000000.0,12442100000.0,12442100000.0,0.0,0.047,0.112,0.146,0.12,108400000.0,1625200000.0,1.0,97400000.0,97400000.0,,127.742,7205300000.0,3400000.0,423600000.0,891500000.0,73.976,1075700000.0
4,LH,MRT,2020-06-30,2020-06-30,2020-06-30,2021-08-05,-449000000.0,17849100000.0,17760425000.0,3413200000.0,14435900000.0,0.646,75.645,-425900000.0,557000000.0,557000000.0,8348000000.0,363000000.0,1.125,1.425,7113900000.0,994300000.0,6119600000.0,7113900000.0,473300000.0,792600000.0,0.0,0.0,0.0,841400000.0,1634000000.0,0.142,1634000000.0,841400000.0,608800000.0,3.71,3.66,3.71,7352700000.0,7292725000.0,7352700000.0,22939892000.0,27.0,14.039,1174000000.0,12.078,1.0,3126500000.0,0.272,11299900000.0,232600000.0,10071700000.0,10301675000.0,342300000.0,72300000.0,0.0,72300000.0,10476900000.0,3034400000.0,7442500000.0,16145892000.0,291600000.0,-183600000.0,-222400000.0,-436500000.0,0.0,-684100000.0,-621800000.0,-24700000.0,1599900000.0,-2400000.0,362200000.0,362200000.0,362200000.0,0.0,800000.0,0.032,2345100000.0,781400000.0,534100000.0,0.0,2.196,44.577,44.774,2627700000.0,0.0,166.11,1.407,1.407,2196400000.0,7760600000.0,11474500000.0,11474500000.0,0.0,0.02,0.05,0.082,0.073,112700000.0,1607200000.0,1.0,97200000.0,97200000.0,,118.05,6549200000.0,4900000.0,246600000.0,907300000.0,67.379,378800000.0
5,LH,MRT,2020-03-31,2020-03-31,2020-03-31,2021-08-05,-517900000.0,17298400000.0,17734250000.0,2891100000.0,14407300000.0,0.653,72.149,-412600000.0,323600000.0,323600000.0,8396600000.0,322100000.0,1.176,1.461,7117600000.0,628300000.0,6489300000.0,7117600000.0,432900000.0,776400000.0,0.0,0.0,0.0,820500000.0,1596900000.0,0.138,1596900000.0,820500000.0,581500000.0,3.27,3.22,3.27,7020100000.0,7240650000.0,7020100000.0,19067847000.0,23.0,11.941,1070100000.0,10.998,1.0,3190800000.0,0.275,11293600000.0,239000000.0,10340800000.0,10441400000.0,254000000.0,67000000.0,0.0,67000000.0,10259800000.0,2458000000.0,7801800000.0,12297747000.0,-25200000.0,-828700000.0,-426200000.0,198500000.0,0.0,-252300000.0,-1249200000.0,-20400000.0,1482700000.0,-6400000.0,321000000.0,321000000.0,321000000.0,0.0,1100000.0,0.028,2371400000.0,819400000.0,568700000.0,0.0,1.752,38.311,38.651,2609600000.0,0.0,126.39,1.061,1.061,1960300000.0,7529000000.0,11587400000.0,11587400000.0,0.0,0.018,0.044,0.079,0.071,99400000.0,1626200000.0,1.0,97300000.0,97300000.0,,119.089,6004800000.0,6500000.0,260500000.0,943100000.0,61.714,433100000.0
6,LH,MRT,2019-12-31,2019-12-31,2019-12-31,2021-08-05,-372400000.0,18046400000.0,17652350000.0,2981200000.0,15065200000.0,0.655,77.93,-400200000.0,337500000.0,337500000.0,8302300000.0,824900000.0,1.123,1.382,7107600000.0,630100000.0,6477500000.0,7107600000.0,451000000.0,771300000.0,0.0,0.0,0.0,1344500000.0,2115800000.0,0.183,2115800000.0,1344500000.0,1103800000.0,8.42,8.35,8.42,7567000000.0,7263450000.0,7567000000.0,23503107000.0,17.0,11.108,1044500000.0,10.757,1.0,3252500000.0,0.281,11899500000.0,240700000.0,10261200000.0,10267150000.0,244700000.0,84900000.0,0.0,84900000.0,10459300000.0,2655800000.0,7803500000.0,16426407000.0,-89300000.0,-876000000.0,-425900000.0,198500000.0,0.0,-252700000.0,-1283100000.0,-16300000.0,1444700000.0,1800000.0,823800000.0,823800000.0,823800000.0,0.0,1100000.0,0.071,1922300000.0,1330200000.0,632300000.0,0.0,2.171,19.94,20.091,2636600000.0,0.0,169.17,1.422,1.422,2025300000.0,7903600000.0,11554800000.0,11554800000.0,0.0,0.047,0.113,0.131,0.116,107000000.0,1624500000.0,1.0,97100000.0,97100000.0,,118.999,6146900000.0,8800000.0,280000000.0,942800000.0,63.305,325400000.0
7,LH,MRT,2019-09-30,2019-09-30,2019-09-30,2021-08-05,-502200000.0,17847800000.0,17187075000.0,2987800000.0,14860000000.0,0.663,74.013,-394200000.0,361100000.0,361100000.0,8184700000.0,755800000.0,1.169,1.465,7437800000.0,713000000.0,6724800000.0,7437800000.0,403800000.0,703200000.0,0.0,0.0,0.0,1259900000.0,1963100000.0,0.172,1963100000.0,1259900000.0,1025400000.0,7.66,7.61,7.66,7231100000.0,7114550000.0,7231100000.0,23655200000.0,19.0,12.05,967100000.0,9.899,1.0,3204200000.0,0.281,11836600000.0,234500000.0,10533000000.0,9868850000.0,234900000.0,86000000.0,0.0,86000000.0,10597000000.0,2554900000.0,8042100000.0,16413600000.0,-531500000.0,-887900000.0,-781500000.0,200300000.0,0.0,-606200000.0,-1277900000.0,-19900000.0,1361300000.0,-8700000.0,754600000.0,754600000.0,754600000.0,0.0,1200000.0,0.066,1902700000.0,1301500000.0,607800000.0,0.0,2.27,21.751,21.932,2462800000.0,0.0,168.0,1.441,1.441,2094100000.0,7676500000.0,11388900000.0,11388900000.0,0.0,0.044,0.106,0.128,0.111,104300000.0,1607500000.0,1.0,97700000.0,97700000.0,,116.57,6011200000.0,15700000.0,270800000.0,969000000.0,61.527,432900000.0
8,LH,MRT,2019-06-30,2019-06-30,2019-06-30,2021-08-05,-411900000.0,17744400000.0,16890475000.0,2848600000.0,14895800000.0,0.669,72.532,-399500000.0,265400000.0,265400000.0,8114900000.0,853800000.0,1.141,1.481,7507000000.0,739700000.0,6767300000.0,7507000000.0,404200000.0,641900000.0,0.0,0.0,0.0,1471100000.0,2113000000.0,0.187,2113000000.0,1471100000.0,1237700000.0,8.54,8.46,8.54,7144400000.0,7118800000.0,7144400000.0,23501350000.0,16.0,11.122,758100000.0,7.696,1.0,3176800000.0,0.281,11859600000.0,233400000.0,10630600000.0,9428450000.0,219700000.0,86700000.0,0.0,86700000.0,10580000000.0,2495800000.0,8084200000.0,17030650000.0,44000000.0,-84200000.0,-833000000.0,235000000.0,0.0,-620100000.0,-488300000.0,-27400000.0,1157600000.0,-5200000.0,852700000.0,852700000.0,852700000.0,0.0,1100000.0,0.076,1871800000.0,1305000000.0,531600000.0,0.0,2.384,19.973,20.246,2544200000.0,0.0,172.9,1.508,1.508,2064900000.0,7455800000.0,11291700000.0,11291700000.0,0.0,0.05,0.12,0.156,0.13,91600000.0,1587800000.0,1.0,98500000.0,98500000.0,,114.637,5884800000.0,1700000.0,385000000.0,948300000.0,59.744,352800000.0
9,LH,MRT,2019-03-31,2019-03-31,2019-03-31,2021-08-05,-439500000.0,16970800000.0,16580500000.0,2885300000.0,14085500000.0,0.68,72.123,-401500000.0,348800000.0,348800000.0,8089200000.0,897200000.0,1.142,1.384,6819500000.0,772800000.0,6046700000.0,6819500000.0,364600000.0,606000000.0,0.0,0.0,0.0,1517800000.0,2123800000.0,0.188,2123800000.0,1517800000.0,1280400000.0,8.89,8.8,8.89,7111300000.0,7092125000.0,7111300000.0,20716828000.0,14.0,9.755,890000000.0,9.026,1.0,3187100000.0,0.283,11270800000.0,237400000.0,9643800000.0,9057300000.0,233700000.0,66900000.0,0.0,66900000.0,9840000000.0,2526900000.0,7313100000.0,15083828000.0,-12900000.0,493100000.0,-702100000.0,-707200000.0,0.0,-1428100000.0,140500000.0,-23300000.0,1291500000.0,-16800000.0,896100000.0,896100000.0,896100000.0,0.0,1100000.0,0.079,1848600000.0,1338500000.0,592200000.0,0.0,2.121,16.833,17.208,2457900000.0,0.0,152.98,1.338,1.338,1985700000.0,7265400000.0,11276300000.0,11276300000.0,0.0,0.054,0.126,0.168,0.135,91300000.0,1567700000.0,1.0,98600000.0,98600000.0,,114.364,5700000000.0,1700000.0,384300000.0,959100000.0,57.809,358400000.0
10,LH,MRT,2018-12-31,2018-12-31,2018-12-31,2021-08-05,-463100000.0,16185300000.0,16545725000.0,2835400000.0,13349900000.0,0.685,69.092,-379800000.0,426800000.0,426800000.0,8157000000.0,883900000.0,1.509,1.319,6059800000.0,17900000.0,6041900000.0,6059800000.0,356400000.0,552100000.0,0.0,0.0,0.0,1512300000.0,2064400000.0,0.182,2064400000.0,1512300000.0,1268100000.0,8.71,8.61,8.71,6971400000.0,7060300000.0,6971400000.0,18319524000.0,12.0,8.874,925600000.0,9.173,1.0,3176400000.0,0.28,11271400000.0,244200000.0,8668000000.0,8953825000.0,237300000.0,60500000.0,0.0,60500000.0,9194800000.0,1878900000.0,7315900000.0,12749724000.0,110200000.0,540400000.0,-678900000.0,-695000000.0,0.0,-1389900000.0,206700000.0,-22300000.0,1305400000.0,-12000000.0,883700000.0,883700000.0,883700000.0,0.0,200000.0,0.078,1850700000.0,1325700000.0,634600000.0,0.0,1.829,14.428,14.507,1740300000.0,0.0,126.36,1.125,1.125,1862300000.0,7079800000.0,11333400000.0,11333400000.0,0.0,0.053,0.125,0.169,0.133,91600000.0,1570900000.0,1.0,100900000.0,100900000.0,,112.323,4913900000.0,1700000.0,384400000.0,940000000.0,48.701,956500000.0
11,LH,MRT,2018-09-30,2018-09-30,2018-09-30,2021-08-05,-407800000.0,16661400000.0,16667650000.0,3274300000.0,13387100000.0,0.677,71.13,-353700000.0,892600000.0,892600000.0,8069500000.0,1415800000.0,1.555,1.296,6462400000.0,417800000.0,6044600000.0,6462400000.0,289400000.0,559400000.0,0.0,0.0,0.0,1571600000.0,2131000000.0,0.189,2131000000.0,1571600000.0,1317800000.0,13.85,13.66,13.85,7248100000.0,7018475000.0,7248100000.0,23933792000.0,15.0,11.231,1030300000.0,10.111,1.0,3221100000.0,0.285,11353600000.0,253800000.0,8771400000.0,9128275000.0,233000000.0,57900000.0,0.0,57900000.0,9392900000.0,2106200000.0,7286700000.0,17697992000.0,483600000.0,492100000.0,-311300000.0,-709000000.0,0.0,-1067300000.0,175300000.0,-17300000.0,1384000000.0,-8400000.0,1413600000.0,1413600000.0,1413600000.0,0.0,2200000.0,0.125,1872500000.0,1348600000.0,497500000.0,0.0,2.442,12.52,12.54,1734300000.0,0.0,173.68,1.567,1.567,1856200000.0,6921900000.0,11290600000.0,11290600000.0,0.0,0.085,0.201,0.172,0.139,94700000.0,1591300000.0,1.0,101900000.0,101900000.0,,110.801,5307800000.0,1900000.0,-95800000.0,899100000.0,52.088,1168100000.0
12,LH,MRT,2018-06-30,2018-06-30,2018-06-30,2021-08-05,-407000000.0,16504500000.0,16675250000.0,3021200000.0,13483300000.0,0.664,68.795,-331100000.0,221400000.0,221400000.0,7865300000.0,1271100000.0,1.424,1.342,6457200000.0,417800000.0,6039400000.0,6457200000.0,393300000.0,559400000.0,0.0,0.0,0.0,1336700000.0,1896100000.0,0.171,1896100000.0,1336700000.0,1082400000.0,12.39,12.21,12.39,7037700000.0,6737925000.0,7037700000.0,24781119000.0,19.0,13.07,1197700000.0,11.708,1.0,3215400000.0,0.29,11472800000.0,254300000.0,9146000000.0,9491250000.0,230700000.0,58900000.0,0.0,58900000.0,9446800000.0,2121500000.0,7325300000.0,18365919000.0,-78300000.0,-1393700000.0,-239400000.0,365100000.0,0.0,80200000.0,-1688100000.0,-17400000.0,1528800000.0,800000.0,1266300000.0,1266300000.0,1266300000.0,0.0,4800000.0,0.114,1883500000.0,1331900000.0,488100000.0,0.0,2.61,14.504,14.49,1710900000.0,0.0,179.53,1.657,1.657,1871600000.0,6603100000.0,11080700000.0,11080700000.0,0.0,0.076,0.188,0.141,0.121,109000000.0,1590800000.0,1.0,102300000.0,102300000.0,,108.316,5031700000.0,1700000.0,-183900000.0,914100000.0,49.186,899700000.0
13,LH,MRT,2018-03-31,2018-03-31,2018-03-31,2021-08-05,-281200000.0,16831700000.0,16274750000.0,2896600000.0,13935100000.0,0.66,68.538,-313200000.0,361800000.0,361800000.0,7584300000.0,1222100000.0,1.377,1.407,6777000000.0,417700000.0,6359300000.0,6777000000.0,418100000.0,547900000.0,0.0,0.0,0.0,1295100000.0,1843000000.0,0.172,1843000000.0,1295100000.0,1048900000.0,11.9,11.72,11.9,6984000000.0,6448025000.0,6984000000.0,22927725000.0,18.0,12.44,1138700000.0,11.175,1.0,3158300000.0,0.294,11913000000.0,246200000.0,9229900000.0,9370350000.0,226200000.0,58400000.0,0.0,58400000.0,9827500000.0,2104000000.0,7723500000.0,16482325000.0,-3700000.0,-1730800000.0,-262500000.0,883000000.0,0.0,580100000.0,-2057500000.0,-17000000.0,1451900000.0,21800000.0,1217300000.0,1217300000.0,1217300000.0,0.0,4800000.0,0.113,1865800000.0,1292500000.0,519100000.0,0.0,2.36,13.54,13.592,1749900000.0,0.0,161.75,1.534,1.534,1961600000.0,6369300000.0,10742600000.0,10742600000.0,0.0,0.075,0.189,0.138,0.121,107800000.0,1553300000.0,1.0,101900000.0,101900000.0,,105.423,4918700000.0,1700000.0,-168400000.0,991400000.0,48.27,792600000.0
14,LH,MRT,2017-12-31,2017-12-31,2017-12-31,2021-08-05,-333700000.0,16673000000.0,15673825000.0,2733800000.0,13939200000.0,0.658,66.838,-312900000.0,316600000.0,316600000.0,7216200000.0,1232900000.0,1.251,1.447,6762100000.0,417500000.0,6344600000.0,6762100000.0,380800000.0,533200000.0,0.0,0.0,0.0,1306800000.0,1840000000.0,0.179,1840000000.0,1306800000.0,1071700000.0,11.99,11.81,11.99,6804100000.0,6114700000.0,6804100000.0,23047218000.0,18.0,12.526,1185200000.0,11.642,1.0,3091800000.0,0.3,11567000000.0,235100000.0,9365800000.0,9127625000.0,227200000.0,58400000.0,0.0,58400000.0,9848100000.0,2185700000.0,7662400000.0,16238118000.0,-116900000.0,-1882600000.0,-311900000.0,941600000.0,0.0,593200000.0,-2228700000.0,-36200000.0,1498100000.0,20500000.0,1227100000.0,1227100000.0,1227100000.0,0.0,5800000.0,0.119,1786600000.0,1305200000.0,573900000.0,0.0,2.387,13.233,13.304,1706600000.0,0.0,159.51,1.575,1.575,1847500000.0,6196100000.0,10308000000.0,10308000000.0,0.0,0.078,0.201,0.143,0.127,109700000.0,1499200000.0,1.0,101800000.0,101800000.0,,101.257,5106000000.0,1900000.0,-155400000.0,875500000.0,50.157,548100000.0
15,LH,MRT,2017-09-30,2017-09-30,2017-09-30,2021-08-05,-342500000.0,16691800000.0,15067325000.0,2900600000.0,13791200000.0,0.657,60.176,-291100000.0,409300000.0,409300000.0,7166600000.0,707000000.0,1.887,1.72,7218400000.0,18100000.0,7200300000.0,7218400000.0,313600000.0,518500000.0,0.0,0.0,0.0,1272600000.0,1791100000.0,0.181,1791100000.0,1272600000.0,1052400000.0,6.85,6.75,6.85,6125900000.0,5790125000.0,6125900000.0,21196746000.0,17.0,11.834,1112100000.0,10.924,1.0,2736200000.0,0.276,11740400000.0,220200000.0,10223300000.0,8788775000.0,217200000.0,64700000.0,0.0,64700000.0,10539000000.0,1537200000.0,9001800000.0,15368746000.0,-158500000.0,-1951100000.0,-354700000.0,1064400000.0,0.0,704200000.0,-2270000000.0,-33600000.0,1403200000.0,4100000.0,703400000.0,703400000.0,703400000.0,0.0,3600000.0,0.071,1480000000.0,1256200000.0,595400000.0,0.0,2.509,21.849,22.039,1736200000.0,0.0,150.97,1.552,1.552,1823900000.0,5517200000.0,9902800000.0,9902800000.0,0.0,0.047,0.121,0.145,0.129,113500000.0,1203200000.0,1.0,101800000.0,101800000.0,,97.277,4951400000.0,2100000.0,349000000.0,1398100000.0,48.639,1363400000.0
16,LH,MRT,2017-06-30,2017-06-30,2017-06-30,2021-08-05,-384300000.0,14902500000.0,14515125000.0,2515700000.0,12386800000.0,0.668,57.459,-282000000.0,299900000.0,299900000.0,6955700000.0,712500000.0,1.393,1.533,6127900000.0,519600000.0,5608300000.0,6127900000.0,177200000.0,506500000.0,0.0,0.0,0.0,1270000000.0,1776500000.0,0.183,1776500000.0,1270000000.0,1051500000.0,6.91,6.81,6.91,5878100000.0,5639500000.0,5878100000.0,21324122000.0,17.0,12.003,974400000.0,9.525,1.0,2740400000.0,0.283,10262600000.0,218500000.0,8662400000.0,8315050000.0,209900000.0,67200000.0,0.0,67200000.0,9008500000.0,1805500000.0,7203000000.0,15768522000.0,-339800000.0,-972500000.0,-273200000.0,-30200000.0,0.0,-307700000.0,-1274200000.0,-27900000.0,1256400000.0,-14300000.0,711400000.0,711400000.0,711400000.0,0.0,1100000.0,0.073,1486900000.0,1253500000.0,491700000.0,0.0,2.683,22.165,22.307,1717900000.0,0.0,154.14,1.626,1.626,1626600000.0,5336600000.0,9696100000.0,9696100000.0,0.0,0.049,0.126,0.153,0.131,104700000.0,1222400000.0,1.0,102300000.0,102300000.0,,94.781,4639900000.0,2100000.0,340100000.0,1193700000.0,45.356,710200000.0
17,LH,MRT,2017-03-31,2017-03-31,2017-03-31,2021-08-05,-527100000.0,14428000000.0,14339250000.0,2486000000.0,11942000000.0,0.669,55.237,-279700000.0,365500000.0,365500000.0,6809400000.0,731800000.0,1.418,1.551,5921100000.0,519200000.0,5401900000.0,5921100000.0,184400000.0,504900000.0,0.0,0.0,0.0,1301200000.0,1806100000.0,0.188,1806100000.0,1301200000.0,1084200000.0,7.11,6.99,7.11,5650700000.0,5498225000.0,5650700000.0,20092881000.0,15.0,11.125,1015700000.0,9.929,1.0,2789200000.0,0.291,9971400000.0,217000000.0,8259000000.0,8341100000.0,199800000.0,58100000.0,0.0,58100000.0,8761800000.0,1753200000.0,7008600000.0,14676981000.0,-330800000.0,-607100000.0,-140800000.0,-581100000.0,0.0,-722200000.0,-889600000.0,-30700000.0,1295400000.0,-14400000.0,730700000.0,730700000.0,730700000.0,0.0,1100000.0,0.076,1500000000.0,1289200000.0,484900000.0,0.0,2.597,20.086,20.179,1720000000.0,0.0,143.47,1.529,1.529,1577600000.0,5148000000.0,9598600000.0,9598600000.0,0.0,0.051,0.133,0.156,0.136,105500000.0,1274100000.0,1.0,102300000.0,102300000.0,,93.828,4456600000.0,2100000.0,353500000.0,1212400000.0,43.564,732800000.0
18,LH,MRT,2016-12-31,2016-12-31,2016-12-31,2021-08-05,-581100000.0,14247000000.0,14334850000.0,2478700000.0,11768300000.0,0.666,53.454,-278900000.0,433600000.0,433600000.0,6698900000.0,712900000.0,1.356,1.585,5849500000.0,549500000.0,5300000000.0,5849500000.0,176000000.0,499200000.0,0.0,0.0,0.0,1291600000.0,1790800000.0,0.187,1790800000.0,1291600000.0,1072500000.0,6.94,6.82,6.94,5505800000.0,5377175000.0,5505800000.0,18826940000.0,15.0,10.513,918200000.0,8.915,1.0,2854000000.0,0.299,9824900000.0,219100000.0,8010400000.0,8477225000.0,205200000.0,57600000.0,0.0,57600000.0,8726000000.0,1827600000.0,6898400000.0,13223140000.0,-282800000.0,-548600000.0,-7900000.0,-653400000.0,0.0,-671000000.0,-795700000.0,1000000.0,1197100000.0,-13200000.0,711800000.0,711800000.0,711800000.0,0.0,1100000.0,0.075,1583400000.0,1270600000.0,508400000.0,0.0,2.402,18.577,18.499,1718600000.0,0.0,128.38,1.384,1.384,1518700000.0,4955800000.0,9552900000.0,9552900000.0,0.0,0.05,0.132,0.152,0.135,109600000.0,1345500000.0,1.0,103000000.0,103000000.0,,92.747,4422100000.0,2100000.0,360700000.0,1206400000.0,42.933,651100000.0
19,LH,MRT,2016-09-30,2016-09-30,2016-09-30,2021-08-05,-378000000.0,14483000000.0,14299275000.0,2654900000.0,11828100000.0,0.665,53.992,-289700000.0,567600000.0,567600000.0,6380800000.0,658800000.0,1.388,1.619,6171400000.0,698200000.0,5473200000.0,6171400000.0,169500000.0,487200000.0,0.0,0.0,0.0,1230000000.0,1717200000.0,0.18,1717200000.0,1230000000.0,1007000000.0,6.43,6.31,6.43,5523400000.0,5237000000.0,5523400000.0,19479604000.0,16.0,11.344,821900000.0,8.034,1.0,3133100000.0,0.329,9846200000.0,223000000.0,8328400000.0,8606225000.0,198800000.0,60400000.0,0.0,60400000.0,8944000000.0,1912200000.0,7031800000.0,14064204000.0,-145400000.0,-440100000.0,77100000.0,-614800000.0,0.0,-541300000.0,-704700000.0,1100000.0,1111600000.0,-11000000.0,657700000.0,657700000.0,657700000.0,0.0,1100000.0,0.069,1907600000.0,1225500000.0,454800000.0,0.0,2.546,21.384,21.381,1730600000.0,0.0,137.48,1.478,1.478,1562900000.0,4770700000.0,9513900000.0,9513900000.0,0.0,0.046,0.126,0.143,0.129,106300000.0,1630400000.0,1.0,102300000.0,102300000.0,,93.0,4636800000.0,1900000.0,349300000.0,1227900000.0,45.326,742700000.0
20,LH,MRT,2016-06-30,2016-06-30,2016-06-30,2021-08-05,-357400000.0,14199000000.0,14284100000.0,2644100000.0,11554900000.0,0.659,51.885,-291300000.0,639600000.0,639600000.0,6306900000.0,634000000.0,2.079,1.67,6055000000.0,87400000.0,5967600000.0,6055000000.0,175300000.0,485700000.0,0.0,0.0,0.0,1215800000.0,1701500000.0,0.181,1701500000.0,1215800000.0,995100000.0,6.22,6.1,6.22,5313000000.0,5084525000.0,5313000000.0,19038248000.0,16.0,11.189,858400000.0,8.383,1.0,3109600000.0,0.33,9576200000.0,220700000.0,8766600000.0,8753250000.0,189600000.0,61700000.0,0.0,61700000.0,8870100000.0,1271600000.0,7598500000.0,13339648000.0,20600000.0,-195700000.0,83600000.0,-720100000.0,0.0,-634700000.0,-469700000.0,-4100000.0,1149700000.0,-24700000.0,632900000.0,632900000.0,632900000.0,0.0,1100000.0,0.067,1900000000.0,1209600000.0,443500000.0,0.0,2.511,21.077,20.944,1741900000.0,0.0,130.27,1.417,1.417,1517700000.0,4581400000.0,9416500000.0,9416500000.0,0.0,0.044,0.124,0.139,0.129,105700000.0,1615500000.0,1.0,102400000.0,102400000.0,,91.958,4622800000.0,2000000.0,362200000.0,1310600000.0,45.145,1372500000.0
21,LH,MRT,2016-03-31,2016-03-31,2016-03-31,2021-08-05,-258300000.0,14410400000.0,14350650000.0,2744900000.0,11665500000.0,0.645,50.801,-293400000.0,696300000.0,696300000.0,6199400000.0,599700000.0,1.671,1.786,6394900000.0,425400000.0,5969500000.0,6394900000.0,166400000.0,477600000.0,0.0,0.0,0.0,1174600000.0,1652200000.0,0.179,1652200000.0,1174600000.0,949500000.0,5.91,5.8,5.91,5166500000.0,4948700000.0,5166500000.0,17612721000.0,15.0,10.66,903500000.0,8.884,1.0,3055500000.0,0.33,9662800000.0,225100000.0,8803500000.0,8818850000.0,188200000.0,61200000.0,0.0,61200000.0,9228100000.0,1642700000.0,7585400000.0,11912121000.0,249900000.0,-207100000.0,80300000.0,-525500000.0,0.0,-445800000.0,-495200000.0,2500000.0,1196900000.0,-6000000.0,598600000.0,598600000.0,598600000.0,0.0,1100000.0,0.065,1888100000.0,1167400000.0,466000000.0,0.0,2.306,19.9,19.819,1771700000.0,0.0,117.13,1.287,1.287,1500300000.0,4383200000.0,9254900000.0,9254900000.0,0.0,0.042,0.121,0.133,0.127,107600000.0,1596600000.0,1.0,101700000.0,101700000.0,,91.002,4747600000.0,2300000.0,350900000.0,1293200000.0,46.682,1102200000.0
22,LH,MRT,2015-12-31,2015-12-31,2015-12-31,2021-08-05,-287000000.0,14104700000.0,14285700000.0,2621200000.0,11483500000.0,0.608,48.865,-255800000.0,716400000.0,716400000.0,5776800000.0,438700000.0,1.541,1.849,6364200000.0,423900000.0,5940300000.0,6364200000.0,146100000.0,457800000.0,0.0,0.0,0.0,999800000.0,1457600000.0,0.168,1457600000.0,999800000.0,724900000.0,4.43,4.35,4.43,4945100000.0,4786475000.0,4945100000.0,18480568000.0,18.0,12.679,726600000.0,7.18,1.0,2903300000.0,0.334,9525600000.0,274900000.0,8526400000.0,8956175000.0,191000000.0,58200000.0,0.0,58200000.0,9144700000.0,1700500000.0,7444200000.0,12512368000.0,136400000.0,-3736000000.0,98900000.0,3072700000.0,0.0,3184600000.0,-3994900000.0,-3700000.0,982400000.0,-35700000.0,437600000.0,437600000.0,437600000.0,0.0,1100000.0,0.05,1906500000.0,996800000.0,497400000.0,0.0,2.53,28.593,27.91,1747400000.0,0.0,123.64,1.442,1.442,1374500000.0,4223700000.0,8680100000.0,8680100000.0,0.0,0.031,0.091,0.112,0.115,102100000.0,1628100000.0,1.0,101200000.0,101200000.0,,85.772,4579100000.0,2300000.0,287300000.0,1180800000.0,45.248,920700000.0
23,LH,MRT,2015-09-30,2015-09-30,2015-09-30,2021-08-05,-168500000.0,14422300000.0,12584975000.0,2707100000.0,11715200000.0,0.627,48.842,-217000000.0,713000000.0,713000000.0,5183100000.0,448400000.0,1.468,1.932,6681200000.0,674700000.0,6006500000.0,6681200000.0,141700000.0,403000000.0,0.0,0.0,0.0,980700000.0,1383700000.0,0.175,1383700000.0,980700000.0,730500000.0,4.68,4.58,4.68,4913500000.0,4255325000.0,4913500000.0,17080382000.0,17.0,12.344,594500000.0,5.91,1.0,2709200000.0,0.343,9629600000.0,250200000.0,8916500000.0,7874600000.0,181600000.0,61800000.0,0.0,61800000.0,9493300000.0,1844400000.0,7648900000.0,10912082000.0,137300000.0,-3786800000.0,58700000.0,3298100000.0,0.0,3365400000.0,-4013600000.0,-10800000.0,811500000.0,-26000000.0,447200000.0,447200000.0,447200000.0,0.0,1200000.0,0.057,1732500000.0,976700000.0,445000000.0,0.0,2.221,24.401,23.177,1806800000.0,0.0,108.47,1.383,1.383,1397000000.0,4108700000.0,7892300000.0,7892300000.0,0.0,0.036,0.105,0.125,0.124,88300000.0,1534200000.0,1.0,100600000.0,100600000.0,,78.452,4792700000.0,37200000.0,283300000.0,1291300000.0,47.641,862700000.0
24,LH,MRT,2015-06-30,2015-06-30,2015-06-30,2021-08-05,-99800000.0,14465200000.0,10787350000.0,2586000000.0,11879200000.0,0.661,47.507,-201800000.0,619000000.0,619000000.0,4611300000.0,430900000.0,1.418,2.029,6787300000.0,674100000.0,6113200000.0,6787300000.0,142500000.0,341900000.0,0.0,0.0,0.0,918200000.0,1260100000.0,0.177,1260100000.0,918200000.0,698000000.0,4.77,4.67,4.77,4769700000.0,3719650000.0,4769700000.0,18670388000.0,20.0,14.817,497300000.0,4.953,1.0,2515500000.0,0.353,9781400000.0,220200000.0,9029000000.0,6736975000.0,182000000.0,68600000.0,0.0,68600000.0,9679000000.0,1823100000.0,7855900000.0,12170488000.0,139500000.0,-3778100000.0,7100000.0,3422900000.0,0.0,3433700000.0,-3986500000.0,-8200000.0,699100000.0,-6800000.0,429700000.0,429700000.0,429700000.0,0.0,1200000.0,0.06,1605500000.0,910000000.0,438800000.0,0.0,2.552,28.323,25.413,1831800000.0,0.0,121.22,1.708,1.708,1364900000.0,3955800000.0,7126800000.0,7126800000.0,0.0,0.04,0.116,0.136,0.129,76100000.0,1454300000.0,1.0,100400000.0,100400000.0,,70.984,4683800000.0,32800000.0,268300000.0,1372600000.0,46.651,762900000.0
25,LH,MRT,2015-03-31,2015-03-31,2015-03-31,2021-08-05,-131100000.0,14150600000.0,8957250000.0,2328500000.0,11822100000.0,0.712,45.041,-180800000.0,446400000.0,446400000.0,4062700000.0,402500000.0,1.649,2.129,6946300000.0,348600000.0,6597700000.0,6946300000.0,153900000.0,287400000.0,0.0,0.0,0.0,852200000.0,1139600000.0,0.179,1139600000.0,852200000.0,664100000.0,4.75,4.65,4.75,4517600000.0,3191325000.0,4517600000.0,15096627000.0,18.0,13.247,329000000.0,3.28,1.0,2311400000.0,0.363,9885500000.0,188100000.0,9352800000.0,5558975000.0,186500000.0,88900000.0,0.0,88900000.0,9616800000.0,1412200000.0,8204600000.0,12646827000.0,107500000.0,-3715900000.0,-32400000.0,3559200000.0,0.0,3527100000.0,-3893300000.0,1900000.0,509800000.0,-36100000.0,401200000.0,401200000.0,401200000.0,0.0,1300000.0,0.063,1478000000.0,833400000.0,420800000.0,0.0,2.799,31.523,26.545,1597200000.0,0.0,126.09,1.984,1.984,1351300000.0,3786800000.0,6374100000.0,6374100000.0,0.0,0.045,0.126,0.153,0.134,60300000.0,1361700000.0,1.0,100300000.0,100300000.0,,63.55,4265100000.0,24500000.0,262900000.0,1268500000.0,42.523,916300000.0
26,LH,MRT,2014-12-31,2014-12-31,2014-12-31,2021-08-05,-10500000.0,7301800000.0,7167700000.0,1692700000.0,5609100000.0,0.839,33.379,-203500000.0,580000000.0,580000000.0,3808500000.0,512600000.0,1.734,1.583,3029800000.0,347100000.0,2682700000.0,3029800000.0,0.0,245500000.0,0.0,0.0,0.0,928700000.0,1174200000.0,0.195,1174200000.0,928700000.0,819200000.0,6.03,5.91,6.03,2820500000.0,2687250000.0,2820500000.0,11556550000.0,12.0,9.842,535500000.0,6.337,1.0,2203100000.0,0.366,4575200000.0,109500000.0,4200100000.0,4296450000.0,139500000.0,92600000.0,0.0,92600000.0,4463600000.0,976300000.0,3487300000.0,9117550000.0,176000000.0,-159400000.0,-154200000.0,-44400000.0,0.0,-200600000.0,-350100000.0,11400000.0,739000000.0,-12300000.0,511200000.0,511200000.0,511200000.0,0.0,1400000.0,0.085,1298800000.0,904300000.0,282300000.0,0.0,3.233,17.836,17.894,786500000.0,0.0,107.9,1.517,1.517,815700000.0,3786100000.0,6011600000.0,6011600000.0,0.0,0.071,0.19,0.216,0.154,45700000.0,1204300000.0,1.0,84500000.0,84500000.0,,71.143,2726600000.0,0.0,308000000.0,535900000.0,32.267,716400000.0
27,LH,MRT,2014-09-30,2014-09-30,2014-09-30,2021-08-05,40300000.0,7231800000.0,7083725000.0,1687800000.0,5544000000.0,0.838,32.636,-216800000.0,575700000.0,575700000.0,3753200000.0,519400000.0,2.253,1.603,3014700000.0,97600000.0,2917100000.0,3014700000.0,0.0,241800000.0,0.0,0.0,0.0,933500000.0,1175300000.0,0.198,1175300000.0,933500000.0,831900000.0,6.08,5.98,6.08,2770800000.0,2604950000.0,2770800000.0,11166575000.0,12.0,9.501,557200000.0,6.563,1.0,2182700000.0,0.368,4555800000.0,101600000.0,4366000000.0,4304375000.0,138800000.0,94700000.0,0.0,94700000.0,4442600000.0,749000000.0,3693600000.0,8638575000.0,401600000.0,-115800000.0,-348400000.0,300600000.0,0.0,-46400000.0,-315600000.0,15600000.0,774000000.0,-10400000.0,517900000.0,517900000.0,517900000.0,0.0,1500000.0,0.087,1276300000.0,906400000.0,286200000.0,0.0,3.118,16.68,16.735,754700000.0,0.0,101.75,1.455,1.455,841600000.0,3685600000.0,5935900000.0,5935900000.0,0.0,0.073,0.199,0.217,0.157,43500000.0,1174200000.0,1.0,84900000.0,84900000.0,,69.916,2676000000.0,5400000.0,314000000.0,552600000.0,31.519,938800000.0
28,LH,MRT,2014-06-30,2014-06-30,2014-06-30,2021-08-05,58500000.0,7144800000.0,6947450000.0,1565900000.0,5578900000.0,0.842,31.325,-216300000.0,479500000.0,479500000.0,3687200000.0,530600000.0,2.114,1.682,3007500000.0,97600000.0,2909900000.0,3007500000.0,0.0,241200000.0,0.0,0.0,0.0,943200000.0,1184400000.0,0.203,1184400000.0,943200000.0,842800000.0,6.12,6.02,6.12,2656400000.0,2553650000.0,2656400000.0,11352920000.0,12.0,9.585,616300000.0,7.268,1.0,2159100000.0,0.369,4615000000.0,100400000.0,4317000000.0,4188775000.0,134500000.0,96500000.0,0.0,96500000.0,4469100000.0,740800000.0,3728300000.0,8683520000.0,368200000.0,-119000000.0,-598800000.0,448900000.0,0.0,-154800000.0,-307200000.0,27100000.0,832600000.0,-2400000.0,529000000.0,529000000.0,529000000.0,0.0,1600000.0,0.09,1249500000.0,909600000.0,280600000.0,0.0,3.269,16.415,16.732,741200000.0,0.0,102.4,1.485,1.485,832600000.0,3553000000.0,5846300000.0,5846300000.0,0.0,0.076,0.207,0.225,0.161,38800000.0,1147500000.0,1.0,84800000.0,84800000.0,,68.942,2529800000.0,4100000.0,313800000.0,568600000.0,29.833,825100000.0
29,LH,MRT,2014-03-31,2014-03-31,2014-03-31,2021-08-05,45500000.0,6992400000.0,6809225000.0,1420900000.0,5571500000.0,0.852,29.324,-217000000.0,338900000.0,338900000.0,3630300000.0,541200000.0,1.885,1.788,3008300000.0,105300000.0,2903000000.0,3008300000.0,0.0,235300000.0,0.0,0.0,0.0,958000000.0,1193300000.0,0.206,1193300000.0,958000000.0,860300000.0,6.1,6.0,6.1,2501300000.0,2555400000.0,2501300000.0,10973713000.0,11.0,9.196,545800000.0,6.399,1.0,2167800000.0,0.374,4605500000.0,97700000.0,4302700000.0,4045150000.0,134800000.0,87300000.0,0.0,87300000.0,4472500000.0,753600000.0,3718900000.0,8377313000.0,153100000.0,-207500000.0,-847800000.0,644800000.0,0.0,-203500000.0,-406200000.0,17200000.0,762800000.0,0.0,539600000.0,539600000.0,539600000.0,0.0,1600000.0,0.093,1235600000.0,932200000.0,281900000.0,0.0,3.349,15.525,16.1,733100000.0,0.0,98.21,1.445,1.445,822000000.0,3408900000.0,5798100000.0,5798100000.0,0.0,0.079,0.211,0.237,0.165,37700000.0,1130500000.0,1.0,85300000.0,85300000.0,,67.973,2386900000.0,0.0,320700000.0,570300000.0,27.982,667300000.0
30,LH,MRT,2013-12-31,2013-12-31,2013-12-31,2021-08-05,66200000.0,6965900000.0,6703475000.0,1432100000.0,5533800000.0,0.866,28.505,-202200000.0,404000000.0,404000000.0,3585100000.0,575400000.0,1.947,1.788,3000400000.0,111300000.0,2889100000.0,3000400000.0,0.0,230100000.0,0.0,0.0,0.0,1010500000.0,1240600000.0,0.214,1240600000.0,1010500000.0,914000000.0,6.36,6.25,6.36,2491300000.0,2624650000.0,2491300000.0,10475538000.0,10.0,8.444,616500000.0,7.054,1.0,2223200000.0,0.383,4594800000.0,96500000.0,4231800000.0,3826200000.0,136500000.0,88500000.0,0.0,88500000.0,4455200000.0,735700000.0,3719500000.0,7985738000.0,-62800000.0,-159500000.0,-841600000.0,318800000.0,0.0,-518300000.0,-359600000.0,1000000.0,818700000.0,-3600000.0,573800000.0,573800000.0,573800000.0,0.0,1600000.0,0.099,1232300000.0,990900000.0,304500000.0,0.0,3.205,13.917,14.366,707400000.0,0.0,91.37,1.375,1.375,784700000.0,3373500000.0,5808300000.0,5808300000.0,0.0,0.086,0.219,0.264,0.174,37300000.0,1128800000.0,1.0,87400000.0,87400000.0,,66.457,2371100000.0,0.0,340200000.0,573800000.0,27.129,696400000.0
31,LH,MRT,2013-09-30,2013-09-30,2013-09-30,2021-08-05,52100000.0,6686700000.0,6660750000.0,1212900000.0,5473800000.0,0.867,28.475,-204000000.0,174100000.0,174100000.0,3541500000.0,569200000.0,1.782,1.598,2663900000.0,110400000.0,2553500000.0,2663900000.0,0.0,229700000.0,0.0,0.0,0.0,1011200000.0,1240900000.0,0.215,1240900000.0,1011200000.0,911300000.0,6.17,6.08,6.17,2565600000.0,2681175000.0,2565600000.0,11331114000.0,11.0,9.131,620200000.0,6.883,1.0,2235100000.0,0.387,4592300000.0,99900000.0,3903600000.0,3614575000.0,126500000.0,86800000.0,0.0,86800000.0,4101100000.0,680600000.0,3420500000.0,8932514000.0,-291900000.0,-158300000.0,-742200000.0,-5000000.0,0.0,-744400000.0,-368700000.0,-6900000.0,824200000.0,-3000000.0,567600000.0,567600000.0,567600000.0,0.0,1600000.0,0.098,1243900000.0,991200000.0,262000000.0,0.0,3.482,15.737,16.068,672600000.0,0.0,99.14,1.546,1.546,813200000.0,3461700000.0,5776600000.0,5776600000.0,0.0,0.085,0.212,0.28,0.175,34800000.0,1121900000.0,1.0,90100000.0,90100000.0,,64.113,2094400000.0,19200000.0,343700000.0,563300000.0,23.245,532300000.0
32,LH,MRT,2013-06-30,2013-06-30,2013-06-30,2021-08-05,36700000.0,6591900000.0,6692650000.0,1148000000.0,5443900000.0,0.857,28.67,-196000000.0,111300000.0,111300000.0,3490200000.0,568900000.0,1.752,1.467,2509900000.0,119900000.0,2390000000.0,2509900000.0,0.0,229400000.0,0.0,0.0,0.0,1007500000.0,1236900000.0,0.216,1236900000.0,1007500000.0,908200000.0,6.07,5.98,6.07,2663400000.0,2718950000.0,2663400000.0,11436390000.0,11.0,9.246,597800000.0,6.435,1.0,2243600000.0,0.391,4592900000.0,99300000.0,3742500000.0,3473450000.0,126400000.0,87500000.0,0.0,87500000.0,3908100000.0,655100000.0,3253000000.0,9299290000.0,-13100000.0,-413400000.0,-569600000.0,389100000.0,0.0,-171000000.0,-632200000.0,-24400000.0,793800000.0,-3700000.0,567300000.0,567300000.0,567300000.0,0.0,1600000.0,0.099,1251900000.0,991700000.0,253400000.0,0.0,3.492,16.392,16.491,646900000.0,0.0,100.1,1.622,1.622,815700000.0,3574600000.0,5733800000.0,5733800000.0,0.0,0.085,0.209,0.29,0.176,39100000.0,1128000000.0,1.0,92900000.0,92900000.0,,61.72,1999000000.0,19300000.0,340900000.0,559100000.0,21.518,492900000.0
33,LH,MRT,2013-03-31,2013-03-31,2013-03-31,2021-08-05,53800000.0,6569400000.0,6569250000.0,1190000000.0,5379400000.0,0.866,29.842,-181300000.0,185800000.0,185800000.0,3443200000.0,570400000.0,1.607,1.357,2322900000.0,147900000.0,2175000000.0,2322900000.0,0.0,228600000.0,0.0,0.0,0.0,1011800000.0,1240400000.0,0.218,1240400000.0,1011800000.0,914300000.0,6.01,5.92,6.01,2778300000.0,2711050000.0,2778300000.0,10585820000.0,10.0,8.534,661200000.0,7.102,1.0,2245800000.0,0.395,4539100000.0,97500000.0,3426900000.0,3308325000.0,124000000.0,86800000.0,0.0,86800000.0,3770200000.0,740500000.0,3029700000.0,8397620000.0,55900000.0,-351300000.0,-419700000.0,190200000.0,0.0,-222000000.0,-559500000.0,-28300000.0,842500000.0,-5100000.0,568700000.0,568700000.0,568700000.0,0.0,1700000.0,0.1,1247400000.0,998400000.0,246600000.0,0.0,3.023,14.766,15.008,634600000.0,0.0,90.2,1.476,1.476,793800000.0,3667500000.0,5689000000.0,5689000000.0,0.0,0.087,0.21,0.306,0.178,40200000.0,1126600000.0,1.0,93100000.0,93100000.0,,61.106,2030300000.0,19000000.0,345600000.0,552500000.0,21.808,449500000.0
34,LH,MRT,2012-12-31,2012-12-31,2012-12-31,2021-08-05,69400000.0,6795000000.0,6459550000.0,1391800000.0,5403200000.0,0.878,28.725,-173800000.0,466800000.0,466800000.0,3421700000.0,584800000.0,1.353,1.493,2655000000.0,480000000.0,2175000000.0,2655000000.0,0.0,229800000.0,0.0,0.0,0.0,1037000000.0,1266800000.0,0.223,1266800000.0,1037000000.0,942500000.0,6.09,5.99,6.09,2717400000.0,2665875000.0,2717400000.0,10388352000.0,10.0,8.2,667600000.0,7.057,1.0,2249700000.0,0.397,4569400000.0,94500000.0,3385300000.0,3215600000.0,121000000.0,78100000.0,0.0,78100000.0,4056900000.0,1028500000.0,3028400000.0,8194252000.0,307500000.0,-335100000.0,-430700000.0,422900000.0,0.0,-800000.0,-534200000.0,-26000000.0,841400000.0,1100000.0,583100000.0,583100000.0,583100000.0,0.0,1700000.0,0.103,1226200000.0,1023500000.0,236900000.0,0.0,3.015,14.053,14.223,630800000.0,0.0,86.62,1.445,1.445,718500000.0,3588500000.0,5671400000.0,5671400000.0,0.0,0.09,0.219,0.322,0.183,40700000.0,1114600000.0,1.0,94600000.0,94600000.0,,59.951,2225600000.0,10900000.0,359400000.0,546000000.0,23.526,363300000.0
35,LH,MRT,2012-09-30,2012-09-30,2012-09-30,2021-08-05,69600000.0,6814300000.0,6288750000.0,1455800000.0,5358500000.0,0.896,28.328,-142500000.0,466000000.0,466000000.0,3370900000.0,602400000.0,1.301,1.501,2660100000.0,485100000.0,2175000000.0,2660100000.0,0.0,228200000.0,0.0,0.0,0.0,1062700000.0,1290900000.0,0.229,1290900000.0,1062700000.0,973600000.0,6.19,6.07,6.19,2716700000.0,2612400000.0,2716700000.0,10853073000.0,10.0,8.407,723300000.0,7.542,1.0,2261300000.0,0.401,4549900000.0,89100000.0,3339100000.0,3153875000.0,118900000.0,80700000.0,0.0,80700000.0,4076700000.0,1119400000.0,2957300000.0,8867873000.0,380200000.0,-377100000.0,-473400000.0,662100000.0,0.0,46500000.0,-533600000.0,-14900000.0,865800000.0,1500000.0,598300000.0,598300000.0,598300000.0,0.0,4100000.0,0.106,1205600000.0,1055700000.0,247400000.0,0.0,3.264,14.822,14.939,612200000.0,0.0,92.47,1.574,1.574,768900000.0,3587500000.0,5632200000.0,5632200000.0,0.0,0.095,0.229,0.337,0.189,46500000.0,1106100000.0,1.0,95900000.0,95900000.0,,58.73,2264400000.0,23800000.0,375300000.0,558900000.0,23.612,336400000.0
36,LH,MRT,2012-06-30,2012-06-30,2012-06-30,2021-08-05,49400000.0,6098300000.0,6098475000.0,1063300000.0,5035000000.0,0.921,27.188,-138800000.0,124400000.0,124400000.0,3343600000.0,591600000.0,1.48,1.309,2109600000.0,134400000.0,1975200000.0,2109600000.0,0.0,228300000.0,0.0,0.0,0.0,1049200000.0,1277500000.0,0.227,1277500000.0,1049200000.0,963900000.0,5.97,5.85,5.97,2631800000.0,2569050000.0,2631800000.0,10956148000.0,10.0,8.576,700000000.0,7.231,1.0,2273700000.0,0.405,4283000000.0,85300000.0,3082000000.0,3002775000.0,114000000.0,79000000.0,0.0,79000000.0,3446300000.0,718500000.0,2727800000.0,8964648000.0,5500000.0,-121000000.0,-514800000.0,94800000.0,0.0,-566800000.0,-264600000.0,-4900000.0,838800000.0,-1900000.0,584600000.0,584600000.0,584600000.0,0.0,7000000.0,0.104,1223700000.0,1050000000.0,234500000.0,0.0,3.406,15.335,15.513,576200000.0,0.0,92.61,1.596,1.596,735800000.0,3522700000.0,5617300000.0,5617300000.0,0.0,0.096,0.228,0.349,0.187,47100000.0,1104800000.0,1.0,96800000.0,96800000.0,,58.03,1815300000.0,21000000.0,379300000.0,525600000.0,18.753,344800000.0
37,LH,MRT,2012-03-31,2012-03-31,2012-03-31,2021-08-05,59900000.0,6130600000.0,6115975000.0,1081900000.0,5048700000.0,0.915,26.724,-150500000.0,129900000.0,129900000.0,3314800000.0,564500000.0,1.407,1.352,2121400000.0,136000000.0,1985400000.0,2121400000.0,0.0,230000000.0,0.0,0.0,0.0,996700000.0,1226700000.0,0.219,1226700000.0,996700000.0,911700000.0,5.6,5.49,5.6,2597600000.0,2556050000.0,2597600000.0,10959388000.0,11.0,8.934,686900000.0,7.067,1.0,2282400000.0,0.408,4296900000.0,85000000.0,3056000000.0,2908950000.0,107000000.0,79900000.0,0.0,79900000.0,3512400000.0,769200000.0,2743200000.0,8897688000.0,-65500000.0,-124300000.0,-398000000.0,-89300000.0,0.0,-629500000.0,-272000000.0,0.0,837400000.0,-1400000.0,554200000.0,554200000.0,554200000.0,0.0,10300000.0,0.099,1282700000.0,999700000.0,225700000.0,0.0,3.425,16.055,16.346,577200000.0,0.0,91.54,1.59,1.59,751700000.0,3469600000.0,5597200000.0,5597200000.0,0.0,0.091,0.217,0.343,0.178,47600000.0,1148000000.0,1.0,97200000.0,97200000.0,,57.584,1833700000.0,23500000.0,357500000.0,522100000.0,18.865,312700000.0
38,LH,MRT,2011-12-31,2011-12-31,2011-12-31,2021-08-05,45500000.0,6111800000.0,6133725000.0,1060000000.0,5051800000.0,0.904,25.262,-145700000.0,159300000.0,159300000.0,3267600000.0,533100000.0,1.447,1.433,2221000000.0,135500000.0,2085500000.0,2221000000.0,0.0,231400000.0,0.0,0.0,0.0,940200000.0,1171600000.0,0.211,1171600000.0,940200000.0,852700000.0,5.2,5.11,5.2,2503500000.0,2506750000.0,2503500000.0,10417427000.0,11.0,8.892,709900000.0,7.163,1.0,2274700000.0,0.41,4302500000.0,87500000.0,3138400000.0,2825325000.0,110800000.0,76800000.0,0.0,76800000.0,3588100000.0,732600000.0,2855500000.0,8519627000.0,-71400000.0,-138300000.0,-525500000.0,25400000.0,0.0,-645000000.0,-280300000.0,0.0,855600000.0,-1700000.0,519700000.0,519700000.0,519700000.0,0.0,13400000.0,0.094,1326300000.0,948400000.0,257800000.0,0.0,3.403,16.393,16.533,578300000.0,0.0,85.97,1.537,1.537,699800000.0,3387200000.0,5542300000.0,5542300000.0,0.0,0.085,0.207,0.333,0.17,48900000.0,1159600000.0,1.0,99100000.0,99100000.0,,55.926,1809300000.0,10500000.0,333000000.0,477900000.0,18.257,327400000.0
39,LH,MRT,2011-09-30,2011-09-30,2011-09-30,2021-08-05,70100000.0,6053200000.0,6152725000.0,1072600000.0,4980600000.0,0.889,25.082,-148400000.0,85800000.0,85800000.0,3216900000.0,530000000.0,1.092,1.372,1983600000.0,214300000.0,1769300000.0,1983600000.0,0.0,226500000.0,0.0,0.0,0.0,927700000.0,1154200000.0,0.211,1154200000.0,927700000.0,843100000.0,5.13,4.98,5.13,2543300000.0,2497450000.0,2543300000.0,9900070000.0,11.0,8.577,687800000.0,6.783,1.0,2254700000.0,0.412,4234100000.0,84600000.0,2734700000.0,2728125000.0,103800000.0,75400000.0,0.0,75400000.0,3490300000.0,982200000.0,2508100000.0,8015670000.0,-11100000.0,-1010100000.0,-318500000.0,623200000.0,0.0,307300000.0,-1154000000.0,0.0,836200000.0,-600000.0,516100000.0,516100000.0,516100000.0,0.0,13900000.0,0.094,1315000000.0,939700000.0,222900000.0,0.0,3.152,15.531,15.409,577400000.0,0.0,79.05,1.465,1.465,718700000.0,3402200000.0,5471600000.0,5471600000.0,0.0,0.084,0.207,0.34,0.17,47700000.0,1161700000.0,1.0,101400000.0,101400000.0,,53.961,1819100000.0,85900000.0,327000000.0,569800000.0,17.94,90400000.0
40,LH,MRT,2011-06-30,2011-06-30,2011-06-30,2021-08-05,109300000.0,6168300000.0,5901325000.0,1083600000.0,5084700000.0,0.905,25.747,-142300000.0,118900000.0,118900000.0,3129700000.0,535500000.0,1.056,1.383,2003300000.0,215100000.0,1788200000.0,2003300000.0,0.0,219400000.0,0.0,0.0,0.0,925700000.0,1145100000.0,0.214,1145100000.0,925700000.0,839800000.0,5.16,5.01,5.16,2579800000.0,2429175000.0,2579800000.0,11707658000.0,13.0,10.224,693300000.0,6.919,1.0,2213900000.0,0.414,4320300000.0,85900000.0,2706700000.0,2526575000.0,106800000.0,79400000.0,0.0,79400000.0,3567100000.0,1025700000.0,2541400000.0,9698358000.0,15100000.0,-1054100000.0,-295100000.0,671200000.0,0.0,378800000.0,-1200900000.0,-10000000.0,835600000.0,1600000.0,521800000.0,521800000.0,521800000.0,0.0,13700000.0,0.098,1278300000.0,935600000.0,212500000.0,0.0,3.759,18.586,18.758,586400000.0,0.0,96.79,1.815,1.815,714800000.0,3326600000.0,5343600000.0,5343600000.0,0.0,0.088,0.215,0.366,0.173,46100000.0,1148400000.0,1.0,100200000.0,100200000.0,,53.329,1848000000.0,78700000.0,318000000.0,586800000.0,18.443,57900000.0
41,LH,MRT,2011-03-31,2011-03-31,2011-03-31,2021-08-05,104600000.0,6201600000.0,5598850000.0,1147600000.0,5054000000.0,0.925,24.004,-131000000.0,195400000.0,195400000.0,3019400000.0,566000000.0,0.957,1.575,2204700000.0,396800000.0,1807900000.0,2204700000.0,0.0,211700000.0,0.0,0.0,0.0,972200000.0,1183900000.0,0.229,1183900000.0,972200000.0,892800000.0,5.42,5.27,5.42,2400400000.0,2336475000.0,2400400000.0,11170700000.0,11.0,9.436,735900000.0,7.359,1.0,2159300000.0,0.417,4289700000.0,79400000.0,2721500000.0,2327275000.0,98000000.0,82600000.0,0.0,82600000.0,3780000000.0,1199700000.0,2580300000.0,9213000000.0,23200000.0,-1167700000.0,-396100000.0,860800000.0,0.0,461100000.0,-1305500000.0,-10000000.0,866900000.0,700000.0,552600000.0,552600000.0,552600000.0,0.0,13400000.0,0.107,1178900000.0,980400000.0,215400000.0,0.0,3.838,16.672,16.998,579500000.0,0.0,92.13,1.779,1.779,717300000.0,3203700000.0,5178700000.0,5178700000.0,0.0,0.099,0.237,0.418,0.188,44400000.0,1071100000.0,1.0,100000000.0,100000000.0,,51.787,1911900000.0,65100000.0,340200000.0,617200000.0,19.119,-52100000.0
42,LH,MRT,2010-12-31,2010-12-31,2010-12-31,2021-08-05,88500000.0,6187800000.0,5282000000.0,1143800000.0,5044000000.0,0.947,24.251,-126100000.0,230700000.0,230700000.0,2906100000.0,571600000.0,1.021,1.501,2188400000.0,361700000.0,1826700000.0,2188400000.0,0.0,203600000.0,0.0,0.0,0.0,972200000.0,1175800000.0,0.235,1175800000.0,972200000.0,902200000.0,5.42,5.29,5.42,2466300000.0,2275975000.0,2466300000.0,10190564000.0,10.0,8.667,757500000.0,7.448,1.0,2097800000.0,0.419,4275400000.0,70000000.0,2749600000.0,2124575000.0,103400000.0,78500000.0,0.0,78500000.0,3700900000.0,1120500000.0,2580400000.0,8941464000.0,82200000.0,-1185800000.0,-254700000.0,777500000.0,0.0,515300000.0,-1317500000.0,-10000000.0,883600000.0,800000.0,558200000.0,558200000.0,558200000.0,0.0,13400000.0,0.112,1119000000.0,978800000.0,257800000.0,0.0,3.625,16.018,16.221,586900000.0,0.0,87.92,1.787,1.787,655600000.0,3246600000.0,5003900000.0,5003900000.0,0.0,0.106,0.245,0.458,0.194,40000000.0,1034300000.0,1.0,101700000.0,101700000.0,,49.203,1912400000.0,58400000.0,344000000.0,602300000.0,18.804,23300000.0
43,LH,MRT,2010-09-30,2010-09-30,2010-09-30,2021-08-05,78200000.0,5047600000.0,4944500000.0,948700000.0,4098900000.0,0.986,22.084,-130900000.0,96900000.0,96900000.0,2829400000.0,582300000.0,0.997,1.215,1346000000.0,425400000.0,920600000.0,1346000000.0,0.0,200500000.0,0.0,0.0,0.0,955100000.0,1155600000.0,0.237,1155600000.0,955100000.0,889700000.0,5.47,5.36,5.47,2270200000.0,2185925000.0,2270200000.0,9281604000.0,10.0,8.032,718200000.0,6.986,1.0,2044200000.0,0.419,3416900000.0,65400000.0,1928500000.0,1893675000.0,88200000.0,79900000.0,0.0,79900000.0,2757400000.0,951300000.0,1806100000.0,8062604000.0,-29900000.0,-269300000.0,-400900000.0,-62300000.0,0.0,-472400000.0,-406700000.0,-10000000.0,849100000.0,100000.0,569100000.0,569100000.0,569100000.0,0.0,13200000.0,0.117,1088400000.0,955800000.0,177100000.0,0.0,3.551,14.167,14.338,504600000.0,0.0,78.43,1.654,1.654,631000000.0,3114800000.0,4873600000.0,4873600000.0,0.0,0.115,0.26,0.504,0.196,39800000.0,1002400000.0,1.0,102800000.0,102800000.0,,47.409,1630700000.0,63900000.0,320600000.0,599400000.0,15.863,-2600000.0
44,LH,MRT,2010-06-30,2010-06-30,2010-06-30,2021-08-05,59000000.0,4958400000.0,4890125000.0,915800000.0,4042600000.0,0.978,21.24,-119300000.0,103800000.0,103800000.0,2767600000.0,573800000.0,1.023,1.236,1322800000.0,383400000.0,939400000.0,1322800000.0,0.0,199400000.0,0.0,0.0,0.0,954900000.0,1154300000.0,0.241,1154300000.0,954900000.0,896100000.0,5.32,5.23,5.32,2209000000.0,2125575000.0,2209000000.0,8992500000.0,9.0,7.79,800000000.0,7.692,1.0,2014600000.0,0.421,3372300000.0,58800000.0,1909500000.0,1987675000.0,86300000.0,71400000.0,0.0,71400000.0,2730100000.0,895600000.0,1834500000.0,7836400000.0,-122800000.0,-380100000.0,-435900000.0,-96600000.0,0.0,-541300000.0,-501000000.0,-4300000.0,919300000.0,200000.0,560500000.0,560500000.0,560500000.0,0.0,13300000.0,0.117,1059200000.0,955400000.0,195400000.0,0.0,3.547,13.981,14.164,499100000.0,0.0,75.35,1.639,1.639,617600000.0,3072600000.0,4782200000.0,4782200000.0,0.0,0.115,0.264,0.48,0.2,39000000.0,979200000.0,1.0,104000000.0,104000000.0,,45.983,1586100000.0,39100000.0,335600000.0,597500000.0,15.251,20200000.0
45,LH,MRT,2010-03-31,2010-03-31,2010-03-31,2021-08-05,78200000.0,4934200000.0,4828825000.0,981000000.0,3953200000.0,0.98,20.615,-108500000.0,172200000.0,172200000.0,2744200000.0,556000000.0,1.107,1.277,1328300000.0,370000000.0,958300000.0,1328300000.0,0.0,197800000.0,0.0,0.0,0.0,929200000.0,1127000000.0,0.238,1127000000.0,929200000.0,868700000.0,5.1,5.01,5.1,2158400000.0,2075650000.0,2158400000.0,9172737000.0,10.0,8.139,777000000.0,7.421,1.0,1988400000.0,0.42,3293200000.0,60500000.0,1910700000.0,2093725000.0,82500000.0,69200000.0,0.0,69200000.0,2755600000.0,886400000.0,1869200000.0,7926837000.0,-201000000.0,-238900000.0,-336100000.0,-394300000.0,0.0,-740700000.0,-349200000.0,-4300000.0,885500000.0,3400000.0,543200000.0,543200000.0,543200000.0,0.0,12800000.0,0.115,1058800000.0,929600000.0,169300000.0,0.0,3.673,14.593,14.845,488400000.0,0.0,75.71,1.675,1.675,614300000.0,3002700000.0,4732600000.0,4732600000.0,0.0,0.112,0.262,0.444,0.196,37900000.0,971100000.0,1.0,104700000.0,104700000.0,,45.202,1641000000.0,37700000.0,325500000.0,604000000.0,15.673,94600000.0
46,LH,MRT,2009-12-31,2009-12-31,2009-12-31,2021-08-05,61500000.0,4837800000.0,4802175000.0,935600000.0,3902200000.0,0.978,19.831,-114700000.0,148500000.0,148500000.0,2723800000.0,555600000.0,0.919,1.297,1394400000.0,417200000.0,977200000.0,1394400000.0,0.0,195100000.0,0.0,0.0,0.0,935200000.0,1130300000.0,0.241,1130300000.0,935200000.0,872300000.0,5.06,4.98,5.06,2106100000.0,1990550000.0,2106100000.0,9222008000.0,10.0,8.159,747700000.0,7.04,1.0,1970900000.0,0.42,3239300000.0,62900000.0,1826000000.0,2264150000.0,90000000.0,71400000.0,0.0,71400000.0,2731700000.0,1018400000.0,1713300000.0,7948008000.0,-71200000.0,-215900000.0,-248200000.0,-341900000.0,0.0,-600900000.0,-334000000.0,-4300000.0,862400000.0,1300000.0,543300000.0,543300000.0,543300000.0,0.0,12300000.0,0.116,1035000000.0,935900000.0,183100000.0,0.0,3.774,14.629,14.791,500800000.0,0.0,74.84,1.693,1.693,574200000.0,2927900000.0,4694700000.0,4694700000.0,0.0,0.113,0.273,0.413,0.199,36400000.0,958900000.0,1.0,106200000.0,106200000.0,,44.206,1598500000.0,42800000.0,329000000.0,577700000.0,15.052,-82800000.0
47,LH,MRT,2009-09-30,2009-09-30,2009-09-30,2021-08-05,35100000.0,4830100000.0,4760100000.0,977500000.0,3852600000.0,0.977,18.733,-113400000.0,126800000.0,126800000.0,2703900000.0,531000000.0,1.622,1.312,1400800000.0,120800000.0,1280000000.0,1400800000.0,0.0,191500000.0,0.0,0.0,0.0,924200000.0,1115700000.0,0.24,1115700000.0,924200000.0,858000000.0,4.8,4.77,4.8,2028800000.0,1886100000.0,2028800000.0,8300610000.0,9.0,7.44,739600000.0,6.829,1.0,1944800000.0,0.418,3197000000.0,66200000.0,2304500000.0,2465000000.0,81600000.0,75200000.0,0.0,75200000.0,2660900000.0,602600000.0,2058300000.0,7115310000.0,77400000.0,-177900000.0,-129900000.0,-339400000.0,0.0,-479600000.0,-294600000.0,-4300000.0,853000000.0,-1400000.0,518700000.0,518700000.0,518700000.0,0.0,12300000.0,0.112,1020300000.0,924500000.0,174600000.0,0.0,3.507,13.718,13.688,493500000.0,0.0,65.7,1.531,1.531,636900000.0,2785200000.0,4648700000.0,4648700000.0,0.0,0.109,0.275,0.375,0.199,35300000.0,944800000.0,1.0,108300000.0,108300000.0,,42.924,1633100000.0,35900000.0,339300000.0,578100000.0,15.079,374900000.0
48,LH,MRT,2009-06-30,2009-06-30,2009-06-30,2021-08-05,1500000.0,4713200000.0,4707775000.0,1055000000.0,3658200000.0,0.977,18.553,-132200000.0,226600000.0,226600000.0,2690400000.0,511300000.0,1.906,1.281,1411900000.0,120800000.0,1291100000.0,1411900000.0,0.0,187200000.0,0.0,0.0,0.0,893000000.0,1080200000.0,0.235,1080200000.0,893000000.0,825000000.0,4.6,4.56,4.6,2009300000.0,1793925000.0,2009300000.0,8679957000.0,10.0,8.036,668800000.0,6.175,1.0,1908300000.0,0.415,3011300000.0,68000000.0,2333700000.0,2408725000.0,71200000.0,68800000.0,0.0,68800000.0,2574800000.0,553500000.0,2021300000.0,7341657000.0,71300000.0,-93400000.0,-232200000.0,-259900000.0,0.0,-501500000.0,-225400000.0,0.0,801000000.0,-2800000.0,499200000.0,499200000.0,499200000.0,0.0,12100000.0,0.109,1016500000.0,891800000.0,160600000.0,0.0,3.654,14.707,14.737,496800000.0,0.0,67.79,1.596,1.596,655300000.0,2653800000.0,4598700000.0,4598700000.0,0.0,0.106,0.278,0.371,0.194,35100000.0,924600000.0,1.0,108300000.0,108300000.0,,42.463,1701900000.0,33600000.0,325800000.0,568800000.0,15.715,501500000.0
49,LH,MRT,2009-03-31,2009-03-31,2009-03-31,2021-08-05,-29600000.0,4827600000.0,4701375000.0,1213900000.0,3613700000.0,0.969,16.787,-149500000.0,373200000.0,373200000.0,2665000000.0,479700000.0,2.03,1.59,1711500000.0,120800000.0,1590700000.0,1711500000.0,0.0,183500000.0,0.0,0.0,0.0,842800000.0,1026300000.0,0.225,1026300000.0,842800000.0,773700000.0,4.28,4.24,4.28,1818000000.0,1742025000.0,1818000000.0,7836067000.0,9.0,7.635,663800000.0,6.129,1.0,1892700000.0,0.415,2975600000.0,69100000.0,2592400000.0,2345175000.0,77800000.0,64100000.0,0.0,64100000.0,2890600000.0,597900000.0,2292700000.0,6334467000.0,323100000.0,-109500000.0,-233900000.0,18300000.0,0.0,-226100000.0,-259500000.0,0.0,813300000.0,-4600000.0,467000000.0,467000000.0,467000000.0,0.0,12700000.0,0.102,1050400000.0,842300000.0,170300000.0,0.0,3.484,13.564,13.666,502400000.0,0.0,58.49,1.39,1.39,669000000.0,2517400000.0,4557700000.0,4557700000.0,0.0,0.099,0.268,0.359,0.185,34500000.0,953300000.0,1.0,108300000.0,108300000.0,,42.084,1852000000.0,23000000.0,306700000.0,547000000.0,17.101,616000000.0
50,LH,MRT,2008-12-31,2008-12-31,2008-12-31,2021-08-05,-16700000.0,4669500000.0,4639700000.0,1032800000.0,3636700000.0,0.971,15.632,-156700000.0,219700000.0,219700000.0,2631400000.0,477800000.0,1.888,1.694,1721300000.0,120800000.0,1600500000.0,1721300000.0,0.0,179700000.0,0.0,0.0,0.0,844400000.0,1024100000.0,0.227,1024100000.0,844400000.0,772400000.0,4.23,4.16,4.23,1688300000.0,1713250000.0,1688300000.0,8633780000.0,10.0,8.431,624200000.0,5.78,1.0,1873800000.0,0.416,2994800000.0,72000000.0,2629400000.0,2225875000.0,91000000.0,72000000.0,0.0,72000000.0,2859900000.0,546900000.0,2313000000.0,6956280000.0,163300000.0,-348900000.0,-269200000.0,48500000.0,0.0,-218500000.0,-396000000.0,109900000.0,780900000.0,-3100000.0,464500000.0,464500000.0,464500000.0,0.0,13300000.0,0.103,1030900000.0,842900000.0,159700000.0,0.0,4.12,14.976,15.227,496400000.0,0.0,64.41,1.544,1.544,631600000.0,2384600000.0,4505200000.0,4505200000.0,0.0,0.1,0.271,0.379,0.187,36200000.0,935100000.0,1.0,108000000.0,108000000.0,,41.715,1674700000.0,6700000.0,307900000.0,522900000.0,15.506,485900000.0
51,LH,MRT,2008-09-30,2008-09-30,2008-09-30,2021-08-05,95200000.0,4620800000.0,4564375000.0,884900000.0,3735900000.0,0.962,14.929,-154500000.0,49400000.0,49400000.0,2562600000.0,471000000.0,0.788,1.699,1726900000.0,687300000.0,1039600000.0,1726900000.0,0.0,176100000.0,0.0,0.0,0.0,846300000.0,1022400000.0,0.233,1022400000.0,846300000.0,773500000.0,4.15,4.04,4.15,1660100000.0,1722500000.0,1660100000.0,9232800000.0,11.0,9.031,651500000.0,5.859,1.0,1829300000.0,0.417,3096000000.0,72800000.0,2079400000.0,2258025000.0,87400000.0,73600000.0,0.0,73600000.0,2819900000.0,1122900000.0,1697000000.0,7728400000.0,36900000.0,-419500000.0,-672800000.0,447400000.0,0.0,-218000000.0,-550900000.0,22700000.0,806000000.0,-200000.0,460800000.0,460800000.0,460800000.0,0.0,10200000.0,0.105,1008600000.0,820700000.0,154100000.0,0.0,4.655,16.772,16.747,493600000.0,0.0,69.5,1.76,1.76,663100000.0,2481900000.0,4391900000.0,4391900000.0,0.0,0.101,0.268,0.375,0.193,36100000.0,905300000.0,1.0,111200000.0,111200000.0,,39.496,1524800000.0,22900000.0,312700000.0,558300000.0,13.712,-238000000.0
52,LH,MRT,2008-06-30,2008-06-30,2008-06-30,2021-08-05,113600000.0,4687600000.0,4462725000.0,987500000.0,3700100000.0,0.958,16.188,-148500000.0,155300000.0,155300000.0,2487600000.0,467300000.0,0.947,1.52,1659700000.0,607500000.0,1052200000.0,1659700000.0,0.0,171200000.0,0.0,0.0,0.0,842300000.0,1013500000.0,0.237,1013500000.0,842300000.0,773700000.0,4.08,3.96,4.08,1801700000.0,1805275000.0,1801700000.0,9383019000.0,11.0,9.258,593500000.0,5.332,1.0,1789800000.0,0.418,3069500000.0,68600000.0,2079500000.0,2299200000.0,85000000.0,74000000.0,0.0,74000000.0,2739100000.0,1043000000.0,1696100000.0,7749819000.0,146800000.0,-472300000.0,-510200000.0,477100000.0,0.0,-18800000.0,-577000000.0,43200000.0,742000000.0,600000.0,460100000.0,460100000.0,460100000.0,0.0,7200000.0,0.108,992400000.0,797400000.0,152600000.0,0.0,4.301,16.844,17.066,483500000.0,0.0,69.63,1.812,1.812,675700000.0,2478200000.0,4277400000.0,4277400000.0,0.0,0.103,0.255,0.366,0.197,36000000.0,876200000.0,1.0,111300000.0,111300000.0,,38.431,1618100000.0,14600000.0,313600000.0,546800000.0,14.538,-55500000.0
53,LH,MRT,2008-03-31,2008-03-31,2008-03-31,2021-08-05,106300000.0,4580900000.0,4291725000.0,908200000.0,3672700000.0,0.972,15.411,-139700000.0,50100000.0,50100000.0,2432700000.0,488200000.0,0.876,1.602,1683300000.0,618400000.0,1064900000.0,1683300000.0,0.0,166300000.0,0.0,0.0,0.0,879200000.0,1045500000.0,0.251,1045500000.0,879200000.0,815300000.0,4.24,4.09,4.24,1702900000.0,1836350000.0,1702900000.0,9752240000.0,11.0,9.328,560700000.0,5.074,1.0,1740000000.0,0.417,3061800000.0,63900000.0,2115200000.0,2319725000.0,83200000.0,75200000.0,0.0,75200000.0,2728100000.0,1037100000.0,1691000000.0,8141640000.0,43600000.0,-463300000.0,-547100000.0,398500000.0,0.0,-125500000.0,-532100000.0,70200000.0,700400000.0,800000.0,484600000.0,484600000.0,484600000.0,0.0,3600000.0,0.116,925300000.0,814700000.0,145400000.0,0.0,4.781,16.801,17.377,474400000.0,0.0,73.68,1.951,1.951,717100000.0,2374000000.0,4172700000.0,4172700000.0,0.0,0.113,0.264,0.379,0.211,36300000.0,819300000.0,1.0,110500000.0,110500000.0,,37.762,1519100000.0,0.0,330700000.0,542600000.0,13.748,-128900000.0
54,LH,MRT,2007-12-31,2007-12-31,2007-12-31,2021-08-05,120000000.0,4368200000.0,4136300000.0,937500000.0,3430700000.0,0.984,14.977,-142600000.0,56400000.0,56400000.0,2377000000.0,476800000.0,0.969,1.532,1667000000.0,589500000.0,1077500000.0,1667000000.0,0.0,162800000.0,0.0,0.0,0.0,858900000.0,1021700000.0,0.251,1021700000.0,858900000.0,802300000.0,4.08,3.93,4.08,1725300000.0,1857400000.0,1725300000.0,9952956000.0,12.0,9.742,567100000.0,4.923,1.0,1691200000.0,0.416,2252900000.0,56600000.0,2758000000.0,2308475000.0,80400000.0,792900000.0,109900000.0,683000000.0,2642900000.0,967900000.0,1675000000.0,8701056000.0,4900000.0,-225100000.0,-843600000.0,459200000.0,0.0,-363700000.0,-341500000.0,25500000.0,709700000.0,400000.0,476800000.0,476800000.0,476800000.0,0.0,0.0,0.117,914200000.0,777000000.0,134200000.0,0.0,5.043,18.249,18.512,439200000.0,0.0,75.53,2.139,2.139,623200000.0,2243700000.0,4068200000.0,4068200000.0,0.0,0.115,0.257,0.372,0.211,35400000.0,808700000.0,1.0,115200000.0,115200000.0,,35.314,2115300000.0,0.0,325500000.0,511400000.0,18.362,-30400000.0
55,LH,MRT,2007-09-30,2007-09-30,2007-09-30,2021-08-05,120000000.0,4214200000.0,4044450000.0,851800000.0,3362400000.0,0.979,16.975,-156600000.0,12500000.0,12500000.0,2296200000.0,466100000.0,0.829,1.116,1264400000.0,661800000.0,602600000.0,1264400000.0,0.0,159600000.0,0.0,0.0,0.0,835400000.0,995000000.0,0.251,995000000.0,835400000.0,785200000.0,3.91,3.76,3.91,1991200000.0,1920350000.0,1991200000.0,10329779000.0,12.0,10.382,482900000.0,4.117,1.0,1664800000.0,0.42,2193900000.0,50200000.0,2244100000.0,2139375000.0,82500000.0,710600000.0,22700000.0,687900000.0,2223000000.0,1028100000.0,1194900000.0,9176379000.0,3900000.0,-175400000.0,-700400000.0,87200000.0,0.0,-593300000.0,-42700000.0,289400000.0,639500000.0,400000.0,466100000.0,466100000.0,466100000.0,0.0,0.0,0.118,907300000.0,757500000.0,126300000.0,0.0,4.608,19.688,20.008,430800000.0,0.0,78.23,2.317,2.317,662800000.0,2129300000.0,3961000000.0,3961000000.0,0.0,0.115,0.243,0.39,0.211,45100000.0,815200000.0,1.0,117300000.0,117300000.0,,33.768,2020300000.0,1700000.0,319100000.0,506100000.0,17.223,-176300000.0
56,LH,MRT,2007-06-30,2007-06-30,2007-06-30,2021-08-05,91800000.0,4003600000.0,4032250000.0,820400000.0,3183200000.0,0.955,16.378,-146500000.0,8500000.0,8500000.0,2222700000.0,464500000.0,0.902,1.079,1161900000.0,559200000.0,602700000.0,1161900000.0,0.0,157800000.0,0.0,0.0,0.0,830700000.0,988500000.0,0.257,988500000.0,830700000.0,781200000.0,3.84,3.65,3.84,1926000000.0,1958800000.0,1926000000.0,10436776000.0,13.0,10.558,517600000.0,4.401,1.0,1627600000.0,0.423,2085900000.0,49500000.0,2161600000.0,2159375000.0,81700000.0,683200000.0,43200000.0,640000000.0,2077600000.0,909500000.0,1168100000.0,9203376000.0,-8100000.0,-56900000.0,-600100000.0,-26200000.0,0.0,-610800000.0,-61200000.0,142500000.0,664100000.0,-200000.0,464500000.0,464500000.0,464500000.0,0.0,0.0,0.121,873000000.0,754600000.0,135200000.0,0.0,4.778,19.814,20.38,414000000.0,0.0,78.26,2.39,2.39,634200000.0,2018100000.0,3850300000.0,3850300000.0,0.0,0.115,0.237,0.385,0.216,49800000.0,812100000.0,1.0,117600000.0,117600000.0,,32.741,1917700000.0,8800000.0,316700000.0,478900000.0,16.307,-89100000.0
57,LH,MRT,2007-03-31,2007-03-31,2007-03-31,2021-08-05,62400000.0,3959200000.0,4043525000.0,824000000.0,3135200000.0,0.918,14.6,-135900000.0,6500000.0,6500000.0,2132500000.0,452200000.0,0.799,1.215,1239900000.0,637000000.0,602900000.0,1239900000.0,0.0,156600000.0,0.0,0.0,0.0,806200000.0,962800000.0,0.259,962800000.0,806200000.0,757700000.0,3.68,3.47,3.68,1787100000.0,1979825000.0,1787100000.0,9995812000.0,12.0,10.382,503600000.0,4.114,1.0,1578400000.0,0.425,2090500000.0,48500000.0,2070200000.0,2158025000.0,77800000.0,662100000.0,70200000.0,591900000.0,2172100000.0,1031900000.0,1140200000.0,8889912000.0,-18700000.0,-48500000.0,-570600000.0,107100000.0,0.0,-450200000.0,-208500000.0,-24000000.0,639500000.0,500000.0,452200000.0,452200000.0,452200000.0,0.0,0.0,0.122,846700000.0,731700000.0,124000000.0,0.0,4.974,19.659,19.736,407400000.0,0.0,72.63,2.396,2.396,609900000.0,1889400000.0,3710900000.0,3710900000.0,0.0,0.112,0.228,0.374,0.217,49800000.0,793200000.0,1.0,122400000.0,122400000.0,,30.318,1868700000.0,11600000.0,305500000.0,456500000.0,15.267,-207900000.0
58,LH,MRT,2006-12-31,2006-12-31,2006-12-31,2021-08-05,58700000.0,4000800000.0,4024925000.0,887000000.0,3113800000.0,0.892,15.766,-115900000.0,51500000.0,51500000.0,2061400000.0,431600000.0,0.953,1.024,1157400000.0,554400000.0,603000000.0,1157400000.0,0.0,155000000.0,0.0,0.0,0.0,768700000.0,923700000.0,0.257,923700000.0,768700000.0,720900000.0,3.48,3.24,3.48,1977100000.0,2000300000.0,1977100000.0,10360338000.0,13.0,11.216,516400000.0,4.118,1.0,1529400000.0,0.426,2094200000.0,47800000.0,2081600000.0,2135400000.0,84300000.0,713300000.0,135400000.0,577900000.0,2023700000.0,930900000.0,1092800000.0,9213138000.0,6100000.0,-40000000.0,-394500000.0,31900000.0,0.0,-353500000.0,-273300000.0,-117700000.0,632300000.0,600000.0,431600000.0,431600000.0,431600000.0,0.0,0.0,0.12,832300000.0,697100000.0,133500000.0,0.0,4.66,21.346,21.112,393200000.0,0.0,73.47,2.566,2.566,541300000.0,1767900000.0,3590800000.0,3590800000.0,0.0,0.107,0.216,0.36,0.214,52700000.0,779100000.0,1.0,125400000.0,125400000.0,,28.635,1906600000.0,21300000.0,289300000.0,409200000.0,15.204,-43900000.0
59,LH,MRT,2006-09-30,2006-09-30,2006-09-30,2021-08-05,104400000.0,4165400000.0,3993675000.0,1033500000.0,3131900000.0,0.88,17.133,-90000000.0,8600000.0,8600000.0,2031500000.0,416800000.0,1.144,0.942,1155800000.0,552700000.0,603100000.0,1155800000.0,0.0,154700000.0,0.0,0.0,0.0,740000000.0,894700000.0,0.255,894700000.0,740000000.0,695700000.0,3.32,3.08,3.32,2145000000.0,1977450000.0,2145000000.0,9345964000.0,13.0,10.446,533300000.0,4.26,1.0,1482900000.0,0.422,2085000000.0,44300000.0,2324100000.0,2107175000.0,75500000.0,910800000.0,312100000.0,598700000.0,2020400000.0,903500000.0,1116900000.0,8209364000.0,-6100000.0,-13000000.0,-518400000.0,257200000.0,0.0,-253900000.0,-375900000.0,-274300000.0,623300000.0,400000.0,416800000.0,416800000.0,416800000.0,0.0,0.0,0.119,812700000.0,670200000.0,129300000.0,0.0,3.827,19.696,19.75,371900000.0,0.0,65.57,2.336,2.336,567800000.0,1664200000.0,3514400000.0,3514400000.0,0.0,0.104,0.211,0.351,0.211,37800000.0,752700000.0,1.0,125200000.0,125200000.0,,28.07,2080400000.0,25600000.0,278900000.0,427200000.0,16.617,130000000.0
60,LH,MRT,2006-06-30,2006-06-30,2006-06-30,2021-08-05,105200000.0,4048700000.0,3926850000.0,891500000.0,3157200000.0,0.88,16.119,-90300000.0,16600000.0,16600000.0,2004800000.0,401900000.0,0.958,1.014,1153200000.0,549900000.0,603300000.0,1153200000.0,0.0,153800000.0,0.0,0.0,0.0,710800000.0,864600000.0,0.25,864600000.0,710800000.0,670000000.0,3.15,2.93,3.15,2010100000.0,1983775000.0,2010100000.0,8886481000.0,13.0,10.278,550100000.0,4.411,1.0,1452600000.0,0.42,2098100000.0,40800000.0,2156200000.0,1957875000.0,76200000.0,789600000.0,185700000.0,603900000.0,2038600000.0,931000000.0,1107600000.0,7760081000.0,-4600000.0,-21100000.0,-586300000.0,216600000.0,0.0,-363400000.0,-282200000.0,-172700000.0,640400000.0,600000.0,401900000.0,401900000.0,401900000.0,0.0,0.0,0.116,806800000.0,645800000.0,154100000.0,0.0,3.861,19.308,19.756,370400000.0,0.0,62.23,2.244,2.244,537000000.0,1554600000.0,3457400000.0,3457400000.0,0.0,0.102,0.203,0.363,0.206,27400000.0,737700000.0,1.0,124700000.0,124700000.0,,27.726,1950600000.0,37700000.0,268100000.0,416800000.0,15.642,-39500000.0
61,LH,MRT,2006-03-31,2006-03-31,2006-03-31,2021-08-05,88400000.0,3884800000.0,3877850000.0,727500000.0,3157300000.0,0.879,14.916,-88900000.0,25200000.0,25200000.0,1982300000.0,391500000.0,0.79,1.079,1151600000.0,547400000.0,604200000.0,1151600000.0,0.0,152600000.0,0.0,0.0,0.0,687700000.0,840300000.0,0.247,840300000.0,687700000.0,649900000.0,3.0,2.8,3.0,1869000000.0,2010850000.0,1869000000.0,8431244000.0,12.0,10.034,509400000.0,4.065,1.0,1424700000.0,0.418,2110300000.0,37800000.0,1979700000.0,2001225000.0,59800000.0,626500000.0,46200000.0,580300000.0,2015800000.0,921200000.0,1094600000.0,7327544000.0,-5800000.0,-185700000.0,-572800000.0,244200000.0,0.0,-324900000.0,-279400000.0,-5400000.0,598300000.0,200000.0,391500000.0,391500000.0,391500000.0,0.0,0.0,0.115,795400000.0,629300000.0,108500000.0,0.0,3.921,18.717,19.493,376400000.0,0.0,58.48,2.151,2.151,522200000.0,1438200000.0,3407000000.0,3407000000.0,0.0,0.101,0.195,0.344,0.202,21500000.0,726200000.0,1.0,125300000.0,125300000.0,,27.191,1774500000.0,39400000.0,258400000.0,401700000.0,14.162,-193700000.0
62,LH,MRT,2005-12-31,2005-12-31,2005-12-31,2021-08-05,90300000.0,3875800000.0,3829375000.0,702300000.0,3173500000.0,0.869,14.187,-93600000.0,45400000.0,45400000.0,1937300000.0,386200000.0,0.791,1.055,1149100000.0,544600000.0,604500000.0,1149100000.0,0.0,149800000.0,0.0,0.0,0.0,675100000.0,824900000.0,0.248,824900000.0,675100000.0,640700000.0,2.89,2.71,2.89,1885700000.0,2044600000.0,1885700000.0,8004755086.0,12.0,9.704,480600000.0,3.616,1.0,1390300000.0,0.418,2122700000.0,34400000.0,1968700000.0,2050150000.0,65400000.0,596600000.0,17700000.0,578900000.0,1990100000.0,888100000.0,1102000000.0,7157755086.0,-2200000.0,-342600000.0,-521600000.0,244400000.0,0.0,-277200000.0,-298600000.0,141500000.0,574200000.0,-600000.0,386200000.0,386200000.0,386200000.0,0.0,0.0,0.116,772200000.0,618100000.0,116200000.0,0.0,3.796,18.534,18.633,381500000.0,0.0,53.85,2.151,2.151,493400000.0,1336300000.0,3327600000.0,3327600000.0,0.0,0.101,0.189,0.329,0.203,13700000.0,703900000.0,1.0,132920243.0,132920243.0,,25.035,1753100000.0,43200000.0,254500000.0,408900000.0,13.189,-185800000.0
63,LH,MRT,2005-09-30,2005-09-30,2005-09-30,2021-08-05,90300000.0,3898100000.0,3766950000.0,700300000.0,3197800000.0,0.869,16.062,-107300000.0,52500000.0,52500000.0,1907800000.0,382100000.0,0.804,0.796,899500000.0,541900000.0,357600000.0,899500000.0,0.0,144600000.0,0.0,0.0,0.0,673800000.0,818400000.0,0.25,818400000.0,673800000.0,639800000.0,2.83,2.65,2.83,2170300000.0,2073000000.0,2170300000.0,7501811565.0,11.0,9.166,412300000.0,3.051,1.0,1364000000.0,0.417,2147100000.0,34000000.0,1726900000.0,2135400000.0,53600000.0,573900000.0,0.0,573900000.0,1727800000.0,871100000.0,856700000.0,6581611565.0,-143900000.0,-338500000.0,-239700000.0,-2300000.0,0.0,-242000000.0,-419700000.0,37300000.0,519600000.0,-1800000.0,382100000.0,382100000.0,382100000.0,0.0,0.0,0.117,744500000.0,619500000.0,102700000.0,0.0,3.033,17.225,17.212,384000000.0,0.0,48.71,2.012,2.012,519700000.0,1247400000.0,3271800000.0,3271800000.0,0.0,0.101,0.184,0.316,0.206,12800000.0,686100000.0,1.0,135118283.0,135118283.0,,24.214,1751000000.0,41000000.0,257700000.0,411600000.0,12.959,-170800000.0
64,LH,MRT,2005-06-30,2005-06-30,2005-06-30,2021-08-05,73100000.0,3852700000.0,3674125000.0,691600000.0,3161100000.0,0.871,15.737,-98100000.0,34200000.0,34200000.0,1865100000.0,380000000.0,2.311,0.819,954400000.0,100000.0,954300000.0,954400000.0,0.0,142300000.0,0.0,0.0,0.0,674000000.0,816300000.0,0.255,816300000.0,674000000.0,639400000.0,2.79,2.62,2.79,2118400000.0,2024150000.0,2118400000.0,7540449927.0,11.0,9.237,386600000.0,2.872,1.0,1335300000.0,0.417,2144000000.0,34600000.0,2329600000.0,2225425000.0,59700000.0,543700000.0,0.0,543700000.0,1734300000.0,299300000.0,1435000000.0,6717249927.0,-85900000.0,-326000000.0,-250500000.0,54700000.0,0.0,-195800000.0,-374300000.0,62100000.0,484700000.0,-500000.0,380000000.0,380000000.0,380000000.0,0.0,0.0,0.119,714600000.0,620700000.0,82000000.0,0.0,3.171,17.677,17.885,375600000.0,0.0,49.9,2.099,2.099,520000000.0,1152700000.0,3200400000.0,3200400000.0,0.0,0.103,0.188,0.303,0.211,12500000.0,668400000.0,1.0,134614227.0,134614227.0,,23.775,1708700000.0,47600000.0,259400000.0,393600000.0,12.693,392300000.0
65,LH,MRT,2005-03-31,2005-03-31,2005-03-31,2021-08-05,78800000.0,3690900000.0,3579675000.0,680700000.0,3010200000.0,0.875,14.839,-100300000.0,71700000.0,71700000.0,1821300000.0,372300000.0,2.003,0.842,894900000.0,100000.0,894800000.0,894900000.0,0.0,139900000.0,0.0,0.0,0.0,665500000.0,805400000.0,0.257,805400000.0,665500000.0,630200000.0,2.7,2.54,2.7,2004000000.0,1975025000.0,2004000000.0,7214706451.0,11.0,8.958,444700000.0,3.293,1.0,1310100000.0,0.418,1998900000.0,35300000.0,2175400000.0,2021825000.0,54800000.0,547700000.0,0.0,547700000.0,1686900000.0,339800000.0,1347100000.0,6509206451.0,-62900000.0,-163700000.0,-363700000.0,-1900000.0,0.0,-365600000.0,-241000000.0,34300000.0,545000000.0,-1300000.0,372300000.0,372300000.0,372300000.0,0.0,0.0,0.119,698300000.0,611800000.0,95200000.0,0.0,3.248,17.484,17.852,370100000.0,0.0,48.2,2.079,2.079,489200000.0,1046700000.0,3131400000.0,3131400000.0,0.0,0.104,0.189,0.329,0.213,12100000.0,654700000.0,1.0,135045777.0,135045777.0,,23.188,1692000000.0,38400000.0,257900000.0,365000000.0,12.529,340900000.0
66,LH,MRT,2004-12-31,2004-12-31,2004-12-31,2021-08-05,81700000.0,3626100000.0,3526775000.0,765200000.0,2860900000.0,0.875,14.453,-95000000.0,47600000.0,47600000.0,1795500000.0,363000000.0,2.544,0.814,889400000.0,100000.0,889300000.0,889400000.0,0.0,138800000.0,0.0,0.002,0.08,651400000.0,790200000.0,0.256,790200000.0,651400000.0,615300000.0,2.6,2.45,2.6,1999300000.0,1956500000.0,1999300000.0,7568170785.0,12.0,9.578,443100000.0,3.203,1.0,1289300000.0,0.418,1857400000.0,36100000.0,2309700000.0,1870825000.0,61500000.0,707700000.0,159200000.0,548500000.0,1626800000.0,300800000.0,1326000000.0,6891770785.0,-300000.0,-38800000.0,-311800000.0,-1900000.0,0.0,-313700000.0,-224000000.0,-84100000.0,538100000.0,-700000.0,363000000.0,363000000.0,363000000.0,0.0,0.0,0.118,690900000.0,598400000.0,85300000.0,0.031,3.447,18.986,19.162,360000000.0,0.0,49.82,2.234,2.234,441400000.0,950100000.0,3084800000.0,3084800000.0,0.0,0.103,0.186,0.348,0.211,15500000.0,649100000.0,1.0,138333416.0,138333416.0,,22.3,1768700000.0,26300000.0,252300000.0,346200000.0,12.786,464400000.0
67,LH,MRT,2004-09-30,2004-09-30,2004-09-30,2021-08-05,43700000.0,3526800000.0,3473975000.0,763300000.0,2763500000.0,0.878,14.142,-82300000.0,213700000.0,213700000.0,1765900000.0,355800000.0,3.024,0.786,890100000.0,300000.0,889800000.0,890100000.0,0.0,139600000.0,0.0,0.002,0.08,640700000.0,780300000.0,0.256,780300000.0,640700000.0,603100000.0,2.54,2.31,2.54,1974900000.0,1930650000.0,1974900000.0,6811262905.0,11.0,8.729,493400000.0,3.533,1.0,1283900000.0,0.421,1863800000.0,37600000.0,2087000000.0,1684950000.0,51900000.0,542600000.0,20000000.0,522600000.0,1551900000.0,252400000.0,1299500000.0,6105362905.0,140600000.0,-50600000.0,-213800000.0,-26700000.0,0.0,-240500000.0,-195600000.0,-63100000.0,575700000.0,1000000.0,355800000.0,355800000.0,355800000.0,0.0,0.0,0.117,691900000.0,592000000.0,80100000.0,0.031,3.091,17.16,17.213,347900000.0,0.0,43.72,2.002,2.002,451000000.0,865300000.0,3049800000.0,3049800000.0,0.0,0.102,0.184,0.38,0.21,17600000.0,651900000.0,1.0,139646910.0,139646910.0,,21.839,1663000000.0,100000.0,247300000.0,293300000.0,11.909,510900000.0
68,LH,MRT,2004-06-30,2004-06-30,2004-06-30,2021-08-05,25700000.0,3474900000.0,3425300000.0,720800000.0,2754100000.0,0.882,13.595,-88800000.0,182200000.0,182200000.0,1751400000.0,346300000.0,0.909,0.808,888100000.0,528600000.0,359500000.0,888100000.0,0.0,138500000.0,0.0,0.002,0.08,621400000.0,759900000.0,0.252,759900000.0,621400000.0,583300000.0,2.45,2.26,2.45,1921900000.0,1882475000.0,1921900000.0,6329354774.0,10.0,8.329,511600000.0,3.619,1.0,1268900000.0,0.42,1872900000.0,38100000.0,1515200000.0,1559150000.0,47800000.0,493600000.0,0.0,493600000.0,1553000000.0,792700000.0,760300000.0,5612254774.0,85200000.0,-61000000.0,-201700000.0,-86800000.0,0.0,-288500000.0,-226700000.0,-63100000.0,600400000.0,0.0,346300000.0,346300000.0,346300000.0,0.0,0.0,0.115,694300000.0,574600000.0,78500000.0,0.033,2.92,16.206,16.204,356000000.0,0.0,39.7,1.858,1.858,452500000.0,772700000.0,3020300000.0,3020300000.0,0.0,0.101,0.184,0.399,0.206,19000000.0,652400000.0,1.0,141366619.0,141366619.0,,21.365,1602000000.0,13000000.0,237000000.0,283700000.0,11.332,-71900000.0
69,LH,MRT,2004-03-31,2004-03-31,2004-03-31,2021-08-05,31800000.0,3479300000.0,3393825000.0,707800000.0,2771500000.0,0.878,12.929,-87600000.0,169000000.0,169000000.0,1734000000.0,334400000.0,0.91,0.803,886100000.0,525900000.0,360200000.0,886100000.0,0.0,137000000.0,0.0,0.002,0.08,601900000.0,738900000.0,0.248,738900000.0,601900000.0,563100000.0,2.35,2.2,2.35,1929900000.0,1839300000.0,1929900000.0,6620049816.0,11.0,8.959,489300000.0,3.278,1.0,1245700000.0,0.418,1846900000.0,38800000.0,1571400000.0,1727925000.0,47600000.0,504200000.0,0.0,504200000.0,1549400000.0,778100000.0,771300000.0,5858849816.0,55900000.0,-75900000.0,-150500000.0,-136700000.0,0.0,-281700000.0,-239800000.0,-63100000.0,576900000.0,500000.0,334400000.0,334400000.0,334400000.0,0.0,0.0,0.112,692400000.0,553300000.0,84400000.0,0.034,3.036,17.52,16.702,356900000.0,0.0,39.25,1.966,1.966,451500000.0,674400000.0,2979700000.0,2979700000.0,0.0,0.099,0.182,0.348,0.202,20100000.0,651500000.0,1.0,149270059.0,149270059.0,,19.962,1632400000.0,13700000.0,228700000.0,283500000.0,10.936,-70300000.0
70,LH,MRT,2003-12-31,2003-12-31,2003-12-31,2021-08-05,34700000.0,3414900000.0,3349850000.0,657900000.0,2757000000.0,0.877,13.249,-83600000.0,103000000.0,103000000.0,1714800000.0,321000000.0,0.852,0.801,884200000.0,523500000.0,360700000.0,884200000.0,0.0,135600000.0,0.0,0.0,0.0,581300000.0,716900000.0,0.244,716900000.0,581300000.0,540400000.0,2.23,2.11,2.23,1895900000.0,1778125000.0,1895900000.0,6164439582.0,11.0,8.599,480700000.0,3.359,1.0,1224600000.0,0.417,1857300000.0,40900000.0,1566200000.0,1878175000.0,47000000.0,525300000.0,20000000.0,505300000.0,1519000000.0,772600000.0,746400000.0,5287439582.0,3500000.0,-663300000.0,-133900000.0,340900000.0,0.0,212300000.0,-773600000.0,-12700000.0,564300000.0,500000.0,321000000.0,321000000.0,321000000.0,0.0,0.0,0.109,690900000.0,533700000.0,73000000.0,0.0,2.789,16.472,16.57,361300000.0,0.0,36.95,1.799,1.799,432500000.0,587100000.0,2939400000.0,2939400000.0,0.0,0.096,0.181,0.31,0.198,18100000.0,651800000.0,1.0,143097147.0,143097147.0,,20.541,1557600000.0,19100000.0,219400000.0,273400000.0,10.885,-114700000.0
71,LH,MRT,2003-09-30,2003-09-30,2003-09-30,2021-08-05,12100000.0,3332100000.0,3141225000.0,585000000.0,2747100000.0,0.91,12.304,-79800000.0,30000000.0,30000000.0,1680200000.0,296400000.0,0.767,0.87,907000000.0,521000000.0,386000000.0,907000000.0,0.0,130300000.0,0.0,0.0,0.0,535900000.0,666200000.0,0.233,666200000.0,535900000.0,499500000.0,2.05,1.98,2.05,1782200000.0,1707075000.0,1782200000.0,5088378957.0,9.0,7.638,458800000.0,3.167,1.0,1177800000.0,0.412,1862600000.0,36400000.0,1583800000.0,1887125000.0,48500000.0,482500000.0,0.0,482500000.0,1549900000.0,762700000.0,787200000.0,4157178957.0,-68400000.0,-676000000.0,-140200000.0,245300000.0,0.0,110400000.0,-719300000.0,50400000.0,538600000.0,1900000.0,296400000.0,296400000.0,296400000.0,0.0,0.0,0.104,686500000.0,491300000.0,76500000.0,0.0,2.333,14.026,14.0,367200000.0,0.0,28.7,1.455,1.455,446800000.0,509500000.0,2858000000.0,2858000000.0,0.0,0.094,0.174,0.284,0.188,17600000.0,648300000.0,1.0,144849441.0,144849441.0,,19.731,1469500000.0,30700000.0,203100000.0,0.0,10.145,-177700000.0
72,LH,MRT,2003-06-30,2003-06-30,2003-06-30,2021-08-05,12800000.0,3349000000.0,2971600000.0,620100000.0,2728900000.0,0.929,11.817,-73800000.0,33900000.0,33900000.0,1621000000.0,270600000.0,2.51,0.915,965100000.0,400000.0,964700000.0,965100000.0,0.0,122700000.0,0.0,0.0,0.0,492500000.0,615200000.0,0.223,615200000.0,492500000.0,460300000.0,1.87,1.79,1.87,1749200000.0,1655325000.0,1749200000.0,5421467830.0,11.0,8.813,424000000.0,2.864,1.0,1140200000.0,0.413,1842800000.0,32200000.0,2190300000.0,1878450000.0,49400000.0,481900000.0,0.0,481900000.0,1599800000.0,247100000.0,1352700000.0,4462967830.0,-269700000.0,-910800000.0,-81800000.0,220000000.0,0.0,163100000.0,-932400000.0,50400000.0,497800000.0,1800000.0,270600000.0,270600000.0,270600000.0,0.0,0.0,0.098,688100000.0,452100000.0,82900000.0,0.0,2.551,16.493,16.123,368200000.0,0.0,30.15,1.616,1.616,444500000.0,426400000.0,2761200000.0,2761200000.0,0.0,0.091,0.163,0.262,0.178,16700000.0,639000000.0,1.0,148025467.0,148025467.0,,18.654,1506200000.0,68600000.0,189700000.0,0.0,10.175,373000000.0
73,LH,MRT,2003-03-31,2003-03-31,2003-03-31,2021-08-05,-10600000.0,3303400000.0,2669200000.0,624500000.0,2678900000.0,0.985,11.41,-72100000.0,50000000.0,50000000.0,1529900000.0,262700000.0,2.432,0.96,1008500000.0,400000.0,1008100000.0,1008500000.0,0.0,112600000.0,0.0,0.0,0.0,471600000.0,584200000.0,0.222,584200000.0,471600000.0,445200000.0,1.83,1.74,1.83,1685200000.0,1533500000.0,1685200000.0,4844550514.0,10.0,8.293,395600000.0,2.679,1.0,1100000000.0,0.418,1832700000.0,26400000.0,2172400000.0,1616700000.0,49100000.0,442400000.0,0.0,442400000.0,1618200000.0,256800000.0,1361400000.0,4379050514.0,-195000000.0,-898200000.0,-21500000.0,270100000.0,0.0,268000000.0,-933000000.0,50400000.0,467700000.0,2300000.0,262700000.0,262700000.0,262700000.0,0.0,0.0,0.1,656700000.0,443300000.0,99100000.0,0.0,2.599,16.669,16.202,370100000.0,0.0,29.65,1.665,1.665,440500000.0,340000000.0,2629900000.0,2629900000.0,0.0,0.098,0.171,0.292,0.179,16000000.0,611900000.0,1.0,147691417.0,147691417.0,,17.807,1470700000.0,58000000.0,182500000.0,0.0,9.958,367700000.0
74,LH,MRT,2002-12-31,2002-12-31,2002-12-31,2021-08-05,-29900000.0,2580400000.0,2356425000.0,585100000.0,1995300000.0,1.064,10.904,-74300000.0,56400000.0,56400000.0,1445900000.0,254600000.0,2.584,0.601,521900000.0,400000.0,521500000.0,521900000.0,0.0,101800000.0,0.0,0.0,0.0,451500000.0,553300000.0,0.221,553300000.0,451500000.0,432300000.0,1.78,1.69,1.78,1611700000.0,1405225000.0,1611700000.0,3977047069.0,9.0,7.188,370600000.0,2.507,1.0,1061800000.0,0.423,1217500000.0,19200000.0,1602000000.0,1352825000.0,44800000.0,400600000.0,0.0,400600000.0,968700000.0,226400000.0,742300000.0,3435147069.0,-92800000.0,-281400000.0,18200000.0,-208900000.0,0.0,-171100000.0,-368900000.0,0.0,444900000.0,2300000.0,254600000.0,254600000.0,254600000.0,0.0,0.0,0.102,626800000.0,435000000.0,79900000.0,0.0,2.131,13.492,13.056,351200000.0,0.0,23.24,1.37,1.37,393000000.0,266100000.0,2507700000.0,2507700000.0,0.0,0.108,0.181,0.334,0.18,14300000.0,585500000.0,1.0,147811836.0,147811836.0,,16.965,1362900000.0,57100000.0,177700000.0,79300000.0,9.221,358700000.0
75,LH,MRT,2002-09-30,2002-09-30,2002-09-30,2021-08-05,-8400000.0,2653600000.0,2193725000.0,637700000.0,2015900000.0,1.104,10.662,-84000000.0,98400000.0,98400000.0,1388300000.0,242400000.0,1.573,0.685,640300000.0,120500000.0,519800000.0,640300000.0,0.0,100900000.0,0.0,0.0,0.0,431500000.0,532400000.0,0.22,532400000.0,431500000.0,413600000.0,,,,1575200000.0,1273650000.0,1575200000.0,5200497387.0,12.0,9.768,306000000.0,2.071,1.0,1033100000.0,0.427,1241000000.0,17900000.0,1549100000.0,1236075000.0,44000000.0,390600000.0,0.0,390600000.0,1078400000.0,405400000.0,673000000.0,4990797387.0,42900000.0,-268200000.0,23600000.0,-26500000.0,0.0,16200000.0,-363700000.0,0.0,390000000.0,400000.0,242400000.0,242400000.0,242400000.0,0.0,0.0,0.1,609000000.0,424100000.0,90000000.0,,3.168,20.589,,355300000.0,0.0,33.78,2.061,2.061,418700000.0,213100000.0,2421400000.0,2421400000.0,0.0,0.11,0.19,0.349,0.178,17200000.0,563400000.0,1.0,147744150.0,147744150.0,,16.389,1412600000.0,53500000.0,171200000.0,0.0,9.561,232300000.0
76,LH,MRT,2002-06-30,2002-06-30,2002-06-30,2021-08-05,-8400000.0,2139400000.0,1985400000.0,816900000.0,1322500000.0,1.172,8.851,-92400000.0,303600000.0,303600000.0,1329300000.0,228200000.0,3.64,0.695,513300000.0,0.0,513300000.0,513300000.0,0.0,100000000.0,0.0,0.0,0.0,415700000.0,515700000.0,0.222,515700000.0,415700000.0,396600000.0,1.63,1.6,1.63,1261900000.0,1138975000.0,1261900000.0,6774711930.0,16.0,13.137,290200000.0,2.035,1.0,997800000.0,0.429,981400000.0,19100000.0,1143300000.0,1107025000.0,42800000.0,0.0,0.0,0.0,877500000.0,224400000.0,653100000.0,6508611930.0,283100000.0,-36500000.0,25500000.0,23200000.0,0.0,39800000.0,-139900000.0,0.0,382600000.0,600000.0,228200000.0,228200000.0,228200000.0,0.0,0.0,0.098,569600000.0,428200000.0,74900000.0,0.0,5.158,28.522,28.006,310900000.0,0.0,45.65,2.797,2.797,392900000.0,155800000.0,2327100000.0,2327100000.0,0.0,0.115,0.2,0.376,0.179,13700000.0,538000000.0,1.0,142576384.0,142576384.0,,16.322,1158000000.0,54700000.0,168400000.0,0.0,8.122,592500000.0
77,LH,MRT,2002-03-31,2002-03-31,2002-03-31,2021-08-05,-8800000.0,2052300000.0,1891525000.0,746000000.0,1306300000.0,1.197,8.274,-93800000.0,245000000.0,245000000.0,1302000000.0,201800000.0,3.207,0.751,511100000.0,0.0,511100000.0,511100000.0,0.0,102700000.0,0.0,0.0,0.0,382500000.0,485200000.0,0.214,485200000.0,382500000.0,360100000.0,,,,1172100000.0,1068575000.0,1172100000.0,7149417979.0,19.0,14.735,269900000.0,1.905,1.0,962400000.0,0.425,968900000.0,22400000.0,1116900000.0,1054600000.0,40100000.0,0.0,0.0,0.0,880200000.0,232600000.0,647600000.0,6789717979.0,178200000.0,-148900000.0,21200000.0,40300000.0,0.0,52600000.0,-238300000.0,0.0,363700000.0,200000.0,201800000.0,201800000.0,201800000.0,0.0,0.0,0.089,565700000.0,396700000.0,70000000.0,,5.793,33.646,,309500000.0,0.0,47.93,2.998,2.998,390400000.0,77300000.0,2264400000.0,2264400000.0,0.0,0.107,0.189,0.363,0.169,10300000.0,528400000.0,1.0,141659044.0,141659044.0,,15.985,1083400000.0,54900000.0,158300000.0,0.0,7.648,513400000.0
78,LH,MRT,2001-12-31,2001-12-31,2001-12-31,2021-08-05,-8800000.0,1929600000.0,1804300000.0,624500000.0,1305100000.0,1.219,7.717,-88100000.0,149200000.0,149200000.0,1274200000.0,179500000.0,3.361,0.778,508900000.0,0.0,508900000.0,508900000.0,0.0,104000000.0,0.0,0.0,0.0,353800000.0,457800000.0,0.208,457800000.0,353800000.0,326800000.0,1.29,1.27,1.29,1085400000.0,1006475000.0,1085400000.0,6074041195.0,17.0,13.268,227900000.0,1.62,1.0,925600000.0,0.421,968500000.0,27000000.0,1135000000.0,998325000.0,38700000.0,0.0,0.0,0.0,844200000.0,185800000.0,658400000.0,5686041195.0,100400000.0,-146300000.0,14900000.0,9000000.0,0.0,15000000.0,-230000000.0,0.0,316000000.0,-600000.0,179500000.0,179500000.0,179500000.0,0.0,0.0,0.082,558000000.0,367600000.0,60200000.0,0.0,5.239,31.677,31.337,309300000.0,0.0,40.425,2.585,2.585,365500000.0,11500000.0,2199800000.0,2199800000.0,0.0,0.099,0.178,0.354,0.161,7500000.0,516500000.0,1.0,140656554.0,140656554.0,,15.64,961100000.0,54400000.0,147300000.0,0.0,6.833,438700000.0
79,LH,MRT,2001-09-30,2001-09-30,2001-09-30,2021-08-05,-1000000.0,1820300000.0,1738625000.0,553500000.0,1266800000.0,1.221,7.39,-74800000.0,55500000.0,55500000.0,1236400000.0,159600000.0,2.481,0.756,443500000.0,0.0,443500000.0,443500000.0,0.0,99300000.0,0.0,0.0,0.0,325600000.0,424900000.0,0.2,424900000.0,325600000.0,293600000.0,,,,1036500000.0,954475000.0,1036500000.0,6118755222.0,19.0,14.4,246700000.0,1.759,1.0,885600000.0,0.417,952300000.0,32000000.0,1032900000.0,946125000.0,37400000.0,0.0,0.0,0.0,783800000.0,223100000.0,560700000.0,5670155222.0,40200000.0,-143200000.0,17400000.0,-74900000.0,0.0,-65900000.0,-215000000.0,0.0,321500000.0,-400000.0,159600000.0,159600000.0,159600000.0,0.0,0.0,0.075,547800000.0,337800000.0,61500000.0,,5.47,35.527,,296200000.0,0.0,40.425,2.672,2.672,389000000.0,-29300000.0,2122000000.0,2122000000.0,0.0,0.092,0.167,0.344,0.153,4000000.0,504100000.0,1.0,140263580.0,140263580.0,,15.129,868000000.0,55200000.0,134000000.0,0.0,6.188,330400000.0
80,LH,MRT,2001-06-30,2001-06-30,2001-06-30,2021-08-05,-3500000.0,1763900000.0,1693500000.0,516200000.0,1247700000.0,1.21,7.001,-63000000.0,20500000.0,20500000.0,1204900000.0,149300000.0,1.564,0.799,469100000.0,132000000.0,337100000.0,469100000.0,0.0,96000000.0,0.0,0.0,0.0,308300000.0,404300000.0,0.197,404300000.0,308300000.0,273300000.0,1.047,1.05,1.047,980300000.0,903850000.0,980300000.0,5769251189.0,19.0,14.27,192500000.0,1.375,1.0,844300000.0,0.412,948900000.0,35000000.0,933600000.0,946650000.0,34800000.0,0.0,0.0,0.0,783600000.0,330000000.0,453600000.0,5383651189.0,-38700000.0,-188500000.0,17800000.0,-61200000.0,0.0,-43400000.0,-249900000.0,0.0,255500000.0,-900000.0,149300000.0,149300000.0,149300000.0,0.0,0.0,0.073,537500000.0,306800000.0,57300000.0,0.0,5.492,36.059,36.724,283800000.0,0.0,38.45,2.627,2.627,390800000.0,-72400000.0,2049200000.0,2049200000.0,0.0,0.088,0.165,0.326,0.15,3000000.0,494800000.0,1.0,140016936.0,140016936.0,,14.635,815000000.0,51000000.0,124000000.0,0.0,5.821,186200000.0
81,LH,MRT,2001-03-31,2001-03-31,2001-03-31,2021-08-05,-3400000.0,1703400000.0,1660850000.0,556900000.0,1146500000.0,1.193,6.617,-42100000.0,66800000.0,66800000.0,1177300000.0,129900000.0,1.652,0.844,452400000.0,132000000.0,320400000.0,452400000.0,0.0,91900000.0,0.0,0.0,0.0,275900000.0,367800000.0,0.186,367800000.0,275900000.0,239100000.0,0.912,0.915,0.912,923700000.0,744625000.0,923700000.0,4634940890.0,17.0,12.602,220600000.0,1.58,1.0,804600000.0,0.406,860000000.0,36800000.0,891800000.0,961750000.0,32200000.0,0.0,0.0,0.0,779700000.0,337200000.0,442500000.0,4198040890.0,25900000.0,-70700000.0,19600000.0,-100200000.0,0.0,-85500000.0,-111800000.0,0.0,262700000.0,-900000.0,129900000.0,110200000.0,110200000.0,0.0,0.0,0.056,529100000.0,275500000.0,55500000.0,0.0,4.545,38.095,32.977,271400000.0,19700000.0,30.075,2.118,2.118,388700000.0,-124500000.0,1981900000.0,1981900000.0,0.0,0.066,0.148,0.287,0.139,3800000.0,489500000.0,1.0,139585732.0,139585732.0,,14.198,843400000.0,49300000.0,109200000.0,0.0,6.042,219700000.0
82,LH,MRT,2000-12-31,2000-12-31,2000-12-31,2021-08-05,-400000.0,1666900000.0,1634975000.0,511700000.0,1155200000.0,1.174,6.309,-55500000.0,48800000.0,48800000.0,1152700000.0,112100000.0,1.641,0.9,485700000.0,132000000.0,353700000.0,485700000.0,0.0,89600000.0,0.0,0.0,0.0,246100000.0,335700000.0,0.175,335700000.0,246100000.0,207600000.0,0.82,0.8,0.82,877400000.0,560600000.0,877400000.0,6611278128.0,27.0,19.694,191200000.0,1.375,1.0,766600000.0,0.399,865700000.0,38500000.0,926200000.0,999150000.0,31600000.0,0.0,0.0,0.0,789500000.0,311900000.0,477600000.0,6118878128.0,8500000.0,-95900000.0,17800000.0,-96200000.0,0.0,-87900000.0,-150000000.0,0.0,246700000.0,-300000.0,112100000.0,77500000.0,77500000.0,0.0,0.0,0.04,521000000.0,245600000.0,52800000.0,0.0,6.974,78.953,53.659,272800000.0,34600000.0,44.0,3.188,3.188,368000000.0,-168000000.0,1919300000.0,1919300000.0,0.0,0.047,0.138,0.246,0.128,4000000.0,483000000.0,1.0,139065412.0,139065412.0,,13.801,801200000.0,44800000.0,95500000.0,0.0,5.761,199800000.0
83,LH,MRT,2000-09-30,2000-09-30,2000-09-30,2021-08-05,-600000.0,1639800000.0,1615800000.0,484200000.0,1155600000.0,1.149,6.066,-40200000.0,15300000.0,15300000.0,1124600000.0,105400000.0,1.667,0.966,507700000.0,121000000.0,386700000.0,507700000.0,0.0,86600000.0,0.0,0.0,0.0,230900000.0,317500000.0,0.171,317500000.0,230900000.0,191800000.0,0.718,0.672,0.718,834000000.0,385125000.0,834000000.0,4588267897.0,20.0,14.451,189000000.0,1.375,1.0,731300000.0,0.394,806700000.0,39100000.0,1035000000.0,1037150000.0,32400000.0,0.0,0.0,0.0,805800000.0,290500000.0,515300000.0,4117467897.0,-4400000.0,-73900000.0,9500000.0,-85000000.0,0.0,-80900000.0,-113800000.0,0.0,229200000.0,-300000.0,105400000.0,57500000.0,57500000.0,0.0,0.0,0.031,500200000.0,231100000.0,57100000.0,0.0,4.937,71.608,41.713,271500000.0,47900000.0,29.95,2.219,2.219,378100000.0,-188900000.0,1855900000.0,1855900000.0,0.0,0.036,0.149,0.223,0.124,-400000.0,468200000.0,1.0,137478060.0,137478060.0,,13.5,833100000.0,38000000.0,86400000.0,0.0,6.06,193700000.0
84,LH,MRT,2000-06-30,2000-06-30,2000-06-30,2021-08-05,-300000.0,1633300000.0,1608850000.0,529000000.0,1104300000.0,1.117,6.602,-43300000.0,59200000.0,59200000.0,1098400000.0,89800000.0,1.785,3.756,530000000.0,110000000.0,420000000.0,530000000.0,0.0,84600000.0,0.0,0.0,0.0,198900000.0,283500000.0,0.158,283500000.0,198900000.0,158900000.0,0.552,0.517,0.552,343400000.0,219850000.0,343400000.0,1510569670.0,8.0,5.328,191200000.0,3.676,1.0,698000000.0,0.389,813700000.0,40000000.0,994000000.0,1055450000.0,30600000.0,0.0,0.0,0.0,1289900000.0,296400000.0,993500000.0,1002769670.0,42300000.0,-13100000.0,6500000.0,-94000000.0,0.0,-97500000.0,-56000000.0,0.0,234500000.0,-100000.0,89800000.0,28800000.0,28800000.0,0.0,0.0,0.016,496100000.0,201900000.0,51000000.0,0.0,2.92,34.818,34.923,272400000.0,61000000.0,19.277,0.558,0.558,372700000.0,-221700000.0,1796400000.0,1796400000.0,0.0,0.018,0.131,0.188,0.111,800000.0,465100000.0,1.0,52017620.0,52017620.0,,34.534,819600000.0,46700000.0,69100000.0,0.0,15.756,232600000.0
85,LH,MRT,2000-03-31,2000-03-31,2000-03-31,2021-08-05,-300000.0,1599900000.0,1607325000.0,513700000.0,1086200000.0,1.085,3.612,-64700000.0,40900000.0,40900000.0,1082400000.0,76900000.0,1.941,7.528,548700000.0,99000000.0,449700000.0,548700000.0,0.0,83900000.0,0.0,0.0,0.0,171300000.0,255200000.0,0.146,255200000.0,171300000.0,130300000.0,0.447,0.422,0.447,187600000.0,175275000.0,187600000.0,1089369372.0,6.0,4.269,139200000.0,2.68,1.0,661100000.0,0.379,801600000.0,41000000.0,1041400000.0,1097100000.0,26200000.0,0.0,0.0,0.0,1412300000.0,264700000.0,1147600000.0,551869372.0,24600000.0,-12300000.0,3800000.0,-88300000.0,0.0,-103000000.0,-76000000.0,0.0,203900000.0,-300000.0,76900000.0,22900000.0,22900000.0,0.0,0.0,0.013,488400000.0,172700000.0,45300000.0,0.0,2.942,24.099,23.77,271400000.0,54000000.0,10.625,0.317,0.317,368200000.0,-234700000.0,1743500000.0,1743500000.0,0.0,0.014,0.131,0.156,0.098,0.0,457400000.0,1.0,51940647.0,51940647.0,,33.567,798300000.0,41400000.0,53400000.0,0.0,15.369,249000000.0
86,LH,MRT,1999-12-31,1999-12-31,1999-12-31,2021-08-05,-100000.0,1590200000.0,1616950000.0,499500000.0,1090700000.0,1.051,3.407,-69400000.0,40300000.0,40300000.0,1069600000.0,65400000.0,2.034,8.061,577800000.0,95000000.0,482800000.0,577800000.0,0.0,83800000.0,0.0,0.0,0.0,147100000.0,230900000.0,0.136,230900000.0,147100000.0,105500000.0,0.295,0.29,0.295,175500000.0,167900000.0,175500000.0,1044240223.0,7.0,4.522,111100000.0,2.157,1.0,629100000.0,0.37,803900000.0,41600000.0,1078200000.0,1127950000.0,29100000.0,0.0,0.0,0.0,1414700000.0,245600000.0,1169100000.0,474940223.0,17600000.0,-8700000.0,3800000.0,-71100000.0,0.0,-85800000.0,-77000000.0,0.0,180500000.0,-100000.0,65400000.0,15000000.0,15000000.0,0.0,0.0,0.009,479400000.0,149700000.0,43600000.0,0.0,2.706,31.663,31.254,273200000.0,50400000.0,9.22,0.28,0.28,348000000.0,-245500000.0,1698700000.0,1698700000.0,0.0,0.009,0.089,0.13,0.087,0.0,448200000.0,1.0,51511955.0,51511955.0,,32.977,786300000.0,44600000.0,40100000.0,0.0,15.264,253900000.0
87,LH,MRT,1999-09-30,1999-09-30,1999-09-30,2021-08-05,-1600000.0,1612000000.0,1629625000.0,501500000.0,1110500000.0,1.033,3.4,-72200000.0,19700000.0,19700000.0,1062200000.0,86400000.0,1.925,8.323,589000000.0,77900000.0,511100000.0,589000000.0,0.0,82900000.0,0.0,0.0,0.0,140200000.0,223100000.0,0.132,223100000.0,140200000.0,97500000.0,0.765,0.765,0.765,172900000.0,162625000.0,172900000.0,952224622.0,7.0,4.268,91900000.0,1.807,1.0,621600000.0,0.369,812600000.0,42700000.0,1108200000.0,1153050000.0,26400000.0,0.0,0.0,0.0,1439100000.0,260500000.0,1178600000.0,349624622.0,8100000.0,-6800000.0,3800000.0,-60600000.0,0.0,-77600000.0,-78100000.0,0.0,164100000.0,-300000.0,86400000.0,39000000.0,39000000.0,0.0,0.0,0.023,478400000.0,143200000.0,38100000.0,0.0,2.022,8.965,8.987,272200000.0,47400000.0,6.875,0.208,0.208,360700000.0,-246400000.0,1683800000.0,1683800000.0,0.0,0.024,0.24,0.122,0.083,200000.0,447000000.0,1.0,50854490.0,50854490.0,,33.11,799400000.0,75700000.0,11100000.0,0.0,15.719,241000000.0
88,LH,MRT,1999-06-30,1999-06-30,1999-06-30,2021-08-05,-2600000.0,1627200000.0,1625400000.0,513000000.0,1114200000.0,1.027,3.269,-66900000.0,16900000.0,16900000.0,1067300000.0,80600000.0,2.057,8.856,619500000.0,66800000.0,552700000.0,619500000.0,0.0,82700000.0,0.0,0.0,0.0,136600000.0,219300000.0,0.131,219300000.0,136600000.0,92000000.0,0.685,0.685,0.685,165100000.0,151825000.0,165100000.0,982681688.0,7.0,4.481,68600000.0,1.358,1.0,602600000.0,0.361,819800000.0,44600000.0,1160600000.0,1169050000.0,28200000.0,0.0,0.0,0.0,1462100000.0,249400000.0,1212700000.0,362981688.0,1400000.0,-20100000.0,2600000.0,-29300000.0,0.0,-48000000.0,-86000000.0,0.0,135500000.0,-200000.0,80600000.0,35000000.0,35000000.0,0.0,0.0,0.021,465200000.0,137400000.0,47900000.0,0.0,2.199,10.371,10.493,267900000.0,45600000.0,7.188,0.217,0.217,376500000.0,-250500000.0,1669900000.0,1669900000.0,0.0,0.022,0.231,0.117,0.082,0.0,433800000.0,1.0,50501800.0,50501800.0,,33.066,807400000.0,75800000.0,11400000.0,0.0,15.988,263600000.0
89,LH,MRT,1999-03-31,1999-03-31,1999-03-31,2021-08-05,-2500000.0,1638400000.0,1610925000.0,525600000.0,1112800000.0,1.02,3.131,-45500000.0,16300000.0,16300000.0,1059900000.0,73600000.0,1.977,9.363,636000000.0,83300000.0,552700000.0,636000000.0,0.0,82700000.0,0.0,0.0,0.0,131800000.0,214500000.0,0.131,214500000.0,131800000.0,85400000.0,0.57,0.57,0.57,158100000.0,143075000.0,158100000.0,846237878.0,6.0,3.945,76800000.0,1.521,1.0,582900000.0,0.355,827400000.0,46400000.0,1164800000.0,1166325000.0,30400000.0,0.0,0.0,0.0,1480300000.0,265900000.0,1214400000.0,220937878.0,-2400000.0,-20900000.0,2600000.0,-23000000.0,0.0,-37500000.0,-66000000.0,0.0,122300000.0,0.0,73600000.0,29200000.0,29200000.0,0.0,0.0,0.018,450200000.0,132700000.0,43400000.0,0.0,1.397,7.566,7.675,260500000.0,44400000.0,4.375,0.134,0.134,383600000.0,-257600000.0,1642800000.0,1642800000.0,0.0,0.018,0.204,0.113,0.08,0.0,419100000.0,1.0,50500086.0,50500086.0,,32.531,811000000.0,79500000.0,11800000.0,0.0,16.059,259700000.0
90,LH,MRT,1998-12-31,1998-12-31,1998-12-31,2021-08-05,-2000000.0,1640900000.0,1609975000.0,519100000.0,1121800000.0,1.002,3.081,-58700000.0,22700000.0,22700000.0,1049200000.0,68800000.0,2.065,9.628,648000000.0,72500000.0,575500000.0,648000000.0,0.0,82800000.0,0.0,0.0,0.0,130200000.0,213000000.0,0.132,213000000.0,130200000.0,81500000.0,0.487,0.487,0.487,154400000.0,135750000.0,154400000.0,808245452.0,6.0,3.795,66400000.0,1.325,1.0,563400000.0,0.349,836200000.0,48700000.0,1178600000.0,1182125000.0,30700000.0,0.0,0.0,0.0,1486500000.0,251400000.0,1235100000.0,172245452.0,-600000.0,-30500000.0,2900000.0,-41500000.0,0.0,-57100000.0,-68600000.0,0.0,125100000.0,0.0,68800000.0,24400000.0,24400000.0,0.0,0.0,0.015,435800000.0,127600000.0,50200000.0,0.0,1.116,7.059,7.059,259100000.0,44400000.0,3.438,0.107,0.107,375400000.0,-260500000.0,1612600000.0,1612600000.0,0.0,0.015,0.18,0.11,0.081,0.0,405000000.0,1.0,50107768.0,50107768.0,,32.183,804700000.0,78000000.0,12700000.0,0.0,16.059,267700000.0
91,LH,MRT,1998-09-30,1998-09-30,1998-09-30,2021-08-05,-1800000.0,1595100000.0,1614375000.0,470400000.0,1124700000.0,1.008,2.589,-48200000.0,11600000.0,11600000.0,1052700000.0,-85200000.0,2.186,11.298,647600000.0,34800000.0,612800000.0,647600000.0,0.0,84800000.0,0.0,0.0,0.0,-73000000.0,11800000.0,0.007,11800000.0,-73000000.0,-124300000.0,-2.625,-2.625,-2.625,129700000.0,129425000.0,129700000.0,836735820.0,-11.0,70.91,92200000.0,1.84,1.0,574400000.0,0.353,843700000.0,51300000.0,1172200000.0,1206700000.0,28800000.0,0.0,0.0,0.0,1465400000.0,215200000.0,1250200000.0,203535820.0,-9500000.0,-18500000.0,3100000.0,-60800000.0,0.0,-82700000.0,-46000000.0,0.0,140400000.0,0.0,-85200000.0,-129700000.0,-129700000.0,0.0,0.0,-0.08,650600000.0,-76200000.0,48800000.0,0.0,1.569,-1.569,-1.548,253000000.0,44500000.0,4.062,0.125,0.125,372200000.0,-285400000.0,1627100000.0,1627100000.0,0.0,-0.08,-1.002,-0.06,-0.045,0.0,597500000.0,1.0,50101125.0,50101125.0,,32.476,751400000.0,39900000.0,-39100000.0,0.0,14.998,255200000.0
92,LH,MRT,1998-06-30,1998-06-30,1998-06-30,2021-08-05,0.0,1569300000.0,,456500000.0,1112800000.0,,2.612,-43800000.0,15500000.0,15500000.0,1045100000.0,-91200000.0,2.075,11.062,648700000.0,23200000.0,625500000.0,648700000.0,0.0,85700000.0,0.0,0.0,0.0,-80400000.0,5300000.0,0.003,5300000.0,-80400000.0,-133200000.0,-2.75,-2.75,-2.75,130100000.0,,130100000.0,928383935.0,-12.0,175.167,92200000.0,1.851,1.0,543800000.0,0.342,832800000.0,52800000.0,1149700000.0,,29900000.0,0.0,0.0,0.0,1439200000.0,220000000.0,1219200000.0,287983935.0,-15300000.0,-5200000.0,2000000.0,-75700000.0,0.0,-101600000.0,-28400000.0,0.0,136000000.0,0.0,-91200000.0,-136600000.0,-136600000.0,0.0,0.0,-0.086,627600000.0,-83800000.0,51200000.0,0.0,2.214,-2.108,-2.103,254700000.0,45400000.0,5.782,0.181,0.181,356200000.0,-285500000.0,1588900000.0,1588900000.0,0.0,,,,-0.051,0.0,574500000.0,1.0,49802669.0,49802669.0,,31.904,736500000.0,37500000.0,-42000000.0,0.0,14.788,236500000.0
93,LH,MRT,1998-03-31,1998-03-31,1998-03-31,2021-08-05,0.0,1634600000.0,,522900000.0,1111700000.0,,2.586,-48500000.0,18700000.0,18700000.0,1059000000.0,-99900000.0,2.507,11.691,659100000.0,11600000.0,647500000.0,659100000.0,0.0,86200000.0,0.0,0.0,0.0,-86400000.0,-200000.0,0.0,-200000.0,-86400000.0,-148400000.0,-2.725,-2.725,-2.725,128800000.0,,128800000.0,907579618.0,-11.0,-4537.898,114500000.0,2.299,1.0,517100000.0,0.328,838400000.0,62000000.0,1228000000.0,,30200000.0,0.0,0.0,0.0,1505800000.0,208600000.0,1297200000.0,241279618.0,-10800000.0,-5200000.0,3400000.0,-611500000.0,0.0,-140100000.0,-33700000.0,0.0,163000000.0,0.0,-99900000.0,-135000000.0,-135000000.0,0.0,0.0,-0.086,607400000.0,-90300000.0,59800000.0,0.0,1.873,-1.787,-1.778,257800000.0,35100000.0,4.845,0.153,0.153,342200000.0,-286800000.0,1576100000.0,1576100000.0,0.0,,,,-0.055,0.0,554100000.0,1.0,49799715.0,49799715.0,,31.649,796200000.0,113400000.0,-48500000.0,0.0,15.988,314300000.0
94,LH,MRT,1997-12-31,1997-12-31,1997-12-31,2021-08-05,0.0,1658500000.0,1787750000.0,527600000.0,1130900000.0,0.884,2.592,-34500000.0,23300000.0,23300000.0,1080500000.0,-106900000.0,2.684,11.847,689600000.0,0.0,689600000.0,689600000.0,0.0,86800000.0,0.0,0.0,0.0,-89600000.0,-2800000.0,-0.002,-2800000.0,-89600000.0,-161300000.0,-2.65,-2.65,-2.65,129100000.0,193600000.0,129100000.0,,,,109900000.0,2.207,1.0,499400000.0,0.316,851300000.0,71700000.0,1276900000.0,1650500000.0,36000000.0,0.0,0.0,0.0,1529400000.0,196600000.0,1332800000.0,217873752.0,-6000000.0,-5200000.0,1800000.0,-586700000.0,0.0,-112300000.0,-38100000.0,0.0,144400000.0,0.0,-106900000.0,-130800000.0,-130800000.0,0.0,0.0,-0.083,591400000.0,-92000000.0,55900000.0,0.0,1.688,-1.666,-1.651,254900000.0,23900000.0,4.375,0.138,0.138,330600000.0,-284900000.0,1579900000.0,1579900000.0,0.0,-0.073,-0.676,-0.054,-0.057,0.0,538100000.0,1.0,49799715.0,49799715.0,,31.725,807200000.0,120800000.0,-54400000.0,0.0,16.209,331000000.0
95,LH,MRT,1997-09-30,1997-09-30,1997-09-30,2021-08-05,,,,,,,,,,,,,,,,,,,,,,0.0,0.0,,,,,,,,,,,,,,,,,,1.0,,,,,,,,,,,,,,,,,,,,,,,,,,,,,,,,,,,,,,,,6.562,,,,,,,,,,,,,,1.0,,,,,,,,,,
96,LH,MRT,1997-06-30,1997-06-30,1997-06-30,2021-08-05,,,,,,,,,,,,,,,,,,,,,,0.0,0.0,,,,,,,,,,,,,,,,,,1.0,,,,,,,,,,,,,,,,,,,,,,,,,,,,,,,,,,,,,,,,6.72,,,,,,,,,,,,,,1.0,,,,,,,,,,
97,LH,MRT,1997-03-31,1997-03-31,1997-03-31,2021-08-05,,,,,,,,,,,,,,,,,,,,,,0.0,0.0,,,,,,,,,,,,,,,,,,1.0,,,,,,,,,,,,,,,,,,,,,,,,,,,,,,,,,,,,,,,,8.75,,,,,,,,,,,,,,1.0,,,,,,,,,,
98,LH,MRT,1996-12-31,1996-12-31,1996-12-31,2021-08-05,0.0,1917000000.0,,721500000.0,1195500000.0,,,-69900000.0,29300000.0,29300000.0,1183900000.0,-153500000.0,2.854,6.427,1280300000.0,18700000.0,1261600000.0,1280300000.0,0.0,97500000.0,0.0,0.0,0.0,-116600000.0,-19100000.0,-0.011,-19100000.0,-116600000.0,-188300000.0,-3.125,-3.125,-3.125,258100000.0,,258100000.0,,,,-244400000.0,,1.0,492300000.0,0.294,891100000.0,71700000.0,2024100000.0,,44300000.0,0.0,0.0,0.0,1658900000.0,252800000.0,1406100000.0,,12900000.0,-5000000.0,0.0,269200000.0,0.0,258800000.0,-71400000.0,0.0,-174500000.0,0.0,-153500000.0,-153500000.0,-153500000.0,0.0,0.0,-0.092,611100000.0,-118800000.0,65700000.0,0.0,,,-2.304,282900000.0,0.0,7.2,,,505600000.0,-154100000.0,1676200000.0,1676200000.0,0.0,,,,-0.07,0.0,558500000.0,1.0,,,,,1025900000.0,120500000.0,-34800000.0,0.0,,468700000.0
99,LH,MRT,1995-12-31,1995-12-31,1995-12-31,2021-08-05,,,,,,,,-87300000.0,,,1024300000.0,-12300000.0,,,,,,,,76500000.0,,0.0,0.0,60300000.0,136800000.0,0.096,136800000.0,60300000.0,-5200000.0,-0.275,-0.275,-0.275,,,,,,,-36200000.0,,1.0,407700000.0,0.285,,65500000.0,,,,,,,,,,,-10400000.0,-39600000.0,135700000.0,358300000.0,-474700000.0,57600000.0,-119100000.0,0.0,51100000.0,0.0,-12300000.0,-12300000.0,-12300000.0,0.0,0.0,-0.009,340500000.0,67200000.0,,0.0,,,-85.227,,0.0,23.438,,,,,1432000000.0,1432000000.0,0.0,,,,0.042,0.0,248500000.0,1.0,,,,,,,7100000.0,,,
