None,ticker,dimension,calendardate,datekey,reportperiod,lastupdated,accoci,assets,assetsavg,assetsc,assetsnc,assetturnover,bvps,capex,cashneq,cashnequsd,cor,consolinc,currentratio,de,debt,debtc,debtnc,debtusd,deferredrev,depamor,deposits,divyield,dps,ebit,ebitda,ebitdamargin,ebitdausd,ebitusd,ebt,eps,epsdil,epsusd,equity,equityavg,equityusd,ev,evebit,evebitda,fcf,fcfps,fxusd,gp,grossmargin,intangibles,intexp,invcap,invcapavg,inventory,investments,investmentsc,investmentsnc,liabilities,liabilitiesc,liabilitiesnc,marketcap,ncf,ncfbus,ncfcommon,ncfdebt,ncfdiv,ncff,ncfi,ncfinv,ncfo,ncfx,netinc,netinccmn,netinccmnusd,netincdis,netincnci,netmargin,opex,opinc,payables,payoutratio,pb,pe,pe1,ppnenet,prefdivis,price,ps,ps1,receivables,retearn,revenue,revenueusd,rnd,roa,roe,roic,ros,sbcomp,sgna,sharefactor,sharesbas,shareswa,shareswadil,sps,tangibles,taxassets,taxexp,taxliabilities,tbvps,workingcapital
0,STI,MRY,2018-12-31,2018-12-31,2018-12-31,2019-11-01,-1420000000.0,215543000000.0,209802250000.0,,,0.043,52.677,-345000000.0,7495000000.0,7495000000.0,0.0,2784000000.0,,7.877,23844000000.0,,,23844000000.0,0.0,716000000.0,162589000000.0,0.036,1.8,3323000000.0,4039000000.0,0.449,4039000000.0,3323000000.0,3323000000.0,5.79,5.74,5.79,24280000000.0,24251000000.0,24280000000.0,37285946194.0,11.0,9.231,2224000000.0,4.825,1.0,9005000000.0,1.0,8393000000.0,0.0,223499000000.0,213404750000.0,0.0,188640000000.0,,,191263000000.0,,,22661946194.0,583000000.0,0.0,-1874000000.0,9661000000.0,-936000000.0,8165000000.0,-10151000000.0,-9542000000.0,2569000000.0,0.0,2775000000.0,2668000000.0,2668000000.0,0.0,9000000.0,0.296,5673000000.0,3332000000.0,0.0,0.311,0.933,8.494,8.712,2024000000.0,107000000.0,50.44,2.517,2.582,0.0,19522000000.0,9005000000.0,9005000000.0,0.0,0.013,0.11,0.016,0.369,140000000.0,4930000000.0,1.0,449285214.0,460922000,464961000.0,19.537,207150000000.0,0.0,548000000.0,0.0,449.425,
1,STI,MRY,2017-12-31,2017-12-31,2017-12-31,2019-11-01,-820000000.0,205962000000.0,206769750000.0,,,0.041,52.258,-410000000.0,6912000000.0,6912000000.0,0.0,2282000000.0,,7.188,14566000000.0,,,14566000000.0,0.0,727000000.0,160780000000.0,0.02,1.32,2805000000.0,3532000000.0,0.412,3532000000.0,2805000000.0,2805000000.0,4.53,4.47,4.53,25154000000.0,24409250000.0,25154000000.0,39197987036.0,14.0,11.098,5212000000.0,10.828,1.0,8578000000.0,1.0,8122000000.0,0.0,205494000000.0,206815500000.0,0.0,179776000000.0,,,180808000000.0,,,30746987036.0,489000000.0,261000000.0,-1293000000.0,-1701000000.0,-723000000.0,-2135000000.0,-2998000000.0,-2729000000.0,5622000000.0,0.0,2273000000.0,2179000000.0,2179000000.0,0.0,9000000.0,0.254,5764000000.0,2814000000.0,0.0,0.291,1.222,14.111,14.258,2053000000.0,94000000.0,64.59,3.584,3.624,0.0,17540000000.0,8578000000.0,8578000000.0,0.0,0.011,0.089,0.014,0.327,160000000.0,4856000000.0,1.0,476033241.0,481339000,486954000.0,17.821,197840000000.0,0.0,532000000.0,0.0,411.02,
2,STI,MRY,2016-12-31,2016-12-31,2016-12-31,2019-11-01,-821000000.0,204875000000.0,200754000000.0,,,0.041,47.365,-283000000.0,6423000000.0,6423000000.0,0.0,1887000000.0,,7.675,16512000000.0,,,16512000000.0,0.0,725000000.0,160398000000.0,0.018,1.0,2683000000.0,3408000000.0,0.418,3408000000.0,2683000000.0,2683000000.0,3.63,3.6,3.63,23618000000.0,24146000000.0,23618000000.0,33945256807.0,13.0,9.96,-801000000.0,-1.606,1.0,8160000000.0,1.0,7994000000.0,0.0,206970000000.0,202677000000.0,0.0,182497000000.0,,,181257000000.0,,,26920256807.0,824000000.0,-188000000.0,-805000000.0,3511000000.0,-564000000.0,12649000000.0,-11307000000.0,-10492000000.0,-518000000.0,0.0,1878000000.0,1811000000.0,1811000000.0,0.0,9000000.0,0.222,5468000000.0,2692000000.0,0.0,0.275,1.14,14.865,15.11,1556000000.0,67000000.0,54.85,3.299,3.352,0.0,16000000000.0,8160000000.0,8160000000.0,0.0,0.009,0.075,0.013,0.329,126000000.0,4596000000.0,1.0,490797754.0,498638000,503466000.0,16.365,196881000000.0,0.0,805000000.0,0.0,394.838,
3,STI,MRY,2015-12-31,2015-12-31,2015-12-31,2019-11-01,-460000000.0,190817000000.0,189148000000.0,,,0.042,45.523,-186000000.0,5599000000.0,5599000000.0,0.0,1943000000.0,,7.142,13089000000.0,,,13089000000.0,0.0,786000000.0,149830000000.0,0.021,0.92,2697000000.0,3483000000.0,0.443,3483000000.0,2697000000.0,2697000000.0,3.62,3.58,3.62,23437000000.0,23396000000.0,23437000000.0,29301819849.0,11.0,8.413,3366000000.0,6.538,1.0,7867000000.0,1.0,7662000000.0,0.0,190645000000.0,189945500000.0,0.0,170472000000.0,,,167380000000.0,,,21831819849.0,-2630000000.0,-30000000.0,-662000000.0,-8892000000.0,-539000000.0,-866000000.0,-5316000000.0,-4983000000.0,3552000000.0,0.0,1933000000.0,1863000000.0,1863000000.0,0.0,10000000.0,0.237,5160000000.0,2707000000.0,0.0,0.254,0.932,11.719,11.834,1502000000.0,70000000.0,42.84,2.775,2.804,0.0,14686000000.0,7867000000.0,7867000000.0,0.0,0.01,0.08,0.014,0.343,89000000.0,4413000000.0,1.0,509612975.0,514844000,520586000.0,15.28,183155000000.0,0.0,764000000.0,0.0,355.749,
4,STI,MRY,2014-12-31,2014-12-31,2014-12-31,2019-11-01,-122000000.0,190328000000.0,184811750000.0,,,0.042,43.611,-147000000.0,8229000000.0,8229000000.0,0.0,1785000000.0,,7.273,22208000000.0,,,22208000000.0,0.0,693000000.0,140567000000.0,0.017,0.7,2267000000.0,2960000000.0,0.378,2960000000.0,2267000000.0,2267000000.0,3.26,3.23,3.26,23005000000.0,22305500000.0,23005000000.0,36838025758.0,16.0,12.445,-1307000000.0,-2.478,1.0,7821000000.0,1.0,7556000000.0,0.0,196751000000.0,191369250000.0,0.0,167379000000.0,,,167323000000.0,,,21849025758.0,2966000000.0,182000000.0,-448000000.0,2968000000.0,-409000000.0,13399000000.0,-9273000000.0,-9178000000.0,-1160000000.0,0.0,1774000000.0,1722000000.0,1722000000.0,0.0,11000000.0,0.22,5543000000.0,2278000000.0,0.0,0.215,0.95,12.688,12.853,1508000000.0,52000000.0,41.9,2.794,2.826,0.0,13295000000.0,7821000000.0,7821000000.0,0.0,0.009,0.077,0.012,0.29,67000000.0,4346000000.0,1.0,521456462.0,527500000,533391000.0,14.827,182772000000.0,0.0,493000000.0,0.0,346.487,
5,STI,MRY,2013-12-31,2013-12-31,2013-12-31,2019-11-01,-289000000.0,175335000000.0,172773250000.0,,,0.043,40.095,-200000000.0,5263000000.0,5263000000.0,0.0,1361000000.0,,7.185,19439000000.0,,,19439000000.0,0.0,708000000.0,129759000000.0,0.01,0.35,1666000000.0,2374000000.0,0.316,2374000000.0,1666000000.0,1666000000.0,2.43,2.41,2.43,21422000000.0,21173250000.0,21422000000.0,32419179488.0,19.0,13.656,4010000000.0,7.505,1.0,7514000000.0,1.0,7703000000.0,0.0,181808000000.0,177827000000.0,0.0,155114000000.0,,,153913000000.0,,,19733179488.0,-2994000000.0,-3000000.0,-150000000.0,4654000000.0,-225000000.0,1739000000.0,-8943000000.0,-8740000000.0,4210000000.0,0.0,1344000000.0,1297000000.0,1297000000.0,0.0,17000000.0,0.173,5831000000.0,1683000000.0,0.0,0.144,0.921,15.214,15.148,1565000000.0,47000000.0,36.81,2.626,2.617,0.0,11936000000.0,7514000000.0,7514000000.0,0.0,0.008,0.061,0.009,0.222,49000000.0,4311000000.0,1.0,536082029.0,534283000,539093000.0,14.064,167632000000.0,0.0,322000000.0,0.0,313.751,
6,STI,MRY,2012-12-31,2012-12-31,2012-12-31,2019-11-01,309000000.0,173442000000.0,175776500000.0,,,0.052,39.287,-206000000.0,8257000000.0,8257000000.0,0.0,1984000000.0,,7.265,14851000000.0,,,14851000000.0,0.0,757000000.0,132316000000.0,0.007,0.2,2770000000.0,3527000000.0,0.388,3527000000.0,2770000000.0,2770000000.0,3.62,3.59,3.62,20985000000.0,20548250000.0,20985000000.0,29254794439.0,11.0,8.295,1807000000.0,3.383,1.0,9080000000.0,1.0,7325000000.0,0.0,172711000000.0,181405000000.0,0.0,150875000000.0,,,152457000000.0,,,15275794439.0,3748000000.0,-12000000.0,0.0,-7744000000.0,-119000000.0,-3005000000.0,4740000000.0,4958000000.0,2013000000.0,0.0,1958000000.0,1931000000.0,1931000000.0,0.0,26000000.0,0.213,6268000000.0,2812000000.0,0.0,0.055,0.728,7.911,7.831,1564000000.0,27000000.0,28.35,1.682,1.668,0.0,10817000000.0,9080000000.0,9080000000.0,0.0,0.011,0.094,0.015,0.305,62000000.0,4518000000.0,1.0,538828728.0,534149000,538061000.0,16.999,166117000000.0,0.0,812000000.0,0.0,310.994,
7,STI,MRY,2011-12-31,2011-12-31,2011-12-31,2019-11-01,1749000000.0,176859000000.0,173094750000.0,,,0.04,38.294,-131000000.0,4509000000.0,4509000000.0,0.0,660000000.0,,7.814,22374000000.0,,,22374000000.0,0.0,760000000.0,127922000000.0,0.007,0.12,726000000.0,1486000000.0,0.213,1486000000.0,726000000.0,726000000.0,0.94,0.94,0.94,20066000000.0,19787250000.0,20066000000.0,23780852458.0,33.0,16.003,4408000000.0,8.412,1.0,6973000000.0,1.0,7361000000.0,0.0,187363000000.0,180317000000.0,0.0,156787000000.0,,,156793000000.0,,,9504852458.0,-869000000.0,-24000000.0,1017000000.0,3828000000.0,-131000000.0,4834000000.0,-10242000000.0,-10087000000.0,4539000000.0,0.0,647000000.0,495000000.0,495000000.0,0.0,13000000.0,0.071,6237000000.0,736000000.0,0.0,0.128,0.474,19.202,18.83,1564000000.0,152000000.0,17.7,1.363,1.33,0.0,8978000000.0,6973000000.0,6973000000.0,0.0,0.003,0.025,0.004,0.104,44000000.0,4247000000.0,1.0,536997314.0,523995000,527618000.0,13.307,169498000000.0,0.0,79000000.0,0.0,323.473,
8,STI,MRY,2010-12-31,2010-12-31,2010-12-31,2019-11-01,1616000000.0,172874000000.0,172510353750.0,,,0.034,46.693,-252000000.0,5378000000.0,5378000000.0,0.0,206000000.0,,6.474,19469000000.0,,,19469000000.0,0.0,803000000.0,123044000000.0,0.001,0.04,4000000.0,807000000.0,0.136,807000000.0,4000000.0,4000000.0,-0.18,-0.18,-0.18,23130000000.0,23052848500.0,23130000000.0,34212587900.0,8553.0,42.395,3966000000.0,8.006,1.0,5932000000.0,1.0,7894000000.0,0.0,179071000000.0,181494693250.0,0.0,149572000000.0,,,149744000000.0,,,14753794900.0,-1619000000.0,-10000000.0,0.0,-6041000000.0,-259000000.0,-5118000000.0,-719000000.0,-457000000.0,4218000000.0,0.0,189000000.0,-87000000.0,-87000000.0,0.0,17000000.0,-0.015,5841000000.0,91000000.0,0.0,-0.222,0.638,-169.584,-163.944,1620000000.0,276000000.0,29.51,2.487,2.464,0.0,8542000000.0,5932000000.0,5932000000.0,0.0,-0.001,-0.004,0.0,0.001,66000000.0,4171000000.0,1.0,499959163.0,495361000,498744000.0,11.975,164980000000.0,0.0,-185000000.0,0.0,333.05,
9,STI,MRY,2009-12-31,2009-12-31,2009-12-31,2019-11-01,1070000000.0,174165000000.0,175683530000.0,,,0.023,51.756,-212000000.0,6997000000.0,6997000000.0,0.0,-1552000000.0,,6.73,22862000000.0,,,22862000000.0,0.0,966000000.0,121863000000.0,0.011,0.22,-2462000000.0,-1496000000.0,-0.364,-1496000000.0,-2462000000.0,-2462000000.0,-3.98,-3.98,-3.98,22531000000.0,22509517000.0,22531000000.0,28069872219.0,-11.0,-18.763,2830000000.0,6.501,1.0,4112000000.0,1.0,8030000000.0,0.0,182000000000.0,188151243250.0,0.0,148682000000.0,,,151634000000.0,,,10127763219.0,360000000.0,87000000.0,1830000000.0,-13573000000.0,-329000000.0,-3766000000.0,1084000000.0,1209000000.0,3042000000.0,0.0,-1564000000.0,-1733000000.0,-1733000000.0,0.0,12000000.0,-0.421,6523000000.0,-2411000000.0,0.0,-0.055,0.45,-5.844,-5.098,1552000000.0,169000000.0,20.29,2.463,2.148,0.0,8563000000.0,4112000000.0,4112000000.0,0.0,-0.01,-0.077,-0.013,-0.599,77000000.0,4060000000.0,1.0,499150479.0,435328000,437486000.0,9.446,166135000000.0,0.0,-898000000.0,0.0,381.632,
10,STI,MRY,2008-12-31,2008-12-31,2008-12-31,2019-11-01,981125000.0,189137961000.0,180033598750.0,,,0.037,64.472,-222000000.0,6637402000.0,6637402000.0,0.0,807000000.0,,7.406,36297425000.0,,,36297425000.0,0.0,824000000.0,113328384000.0,0.115,3.39,729000000.0,1553000000.0,0.235,1553000000.0,729000000.0,729000000.0,2.12,2.12,2.12,22500805000.0,19198857500.0,22500805000.0,38979413102.0,53.0,25.099,3394000000.0,9.725,1.0,6619000000.0,1.0,8078930000.0,0.0,210719054000.0,200584403000.0,0.0,158772381000.0,,,166637156000.0,,,10460388102.0,995000000.0,361000000.0,26000000.0,1013000000.0,-1042000000.0,-1137000000.0,-1484000000.0,-2060000000.0,3616000000.0,0.0,796000000.0,741000000.0,741000000.0,0.0,11000000.0,0.112,5687000000.0,932000000.0,0.0,1.599,0.465,14.117,13.934,1547892000.0,55000000.0,29.54,1.58,1.558,0.0,10388984000.0,6619000000.0,6619000000.0,0.0,0.004,0.039,0.004,0.11,92000000.0,4176000000.0,1.0,354109279.0,349000000,350000000.0,18.966,181059031000.0,0.0,-67000000.0,0.0,518.794,
11,STI,MRY,2007-12-31,2007-12-31,2007-12-31,2019-11-01,1607149000.0,179573933000.0,180532593750.0,,,0.041,51.675,-186431000.0,5642601000.0,5642601000.0,0.0,1646739000.0,,8.947,35179746000.0,,,35179746000.0,0.0,802342000.0,117842650000.0,0.047,2.92,2249529000.0,3051871000.0,0.408,3051871000.0,2249529000.0,2249529000.0,4.56,4.52,4.56,18052518000.0,17824289000.0,18052518000.0,50282923458.0,22.0,16.476,3544404000.0,10.146,1.0,7483306000.0,1.0,8284488000.0,0.0,200826590000.0,201398725750.0,0.0,156670671000.0,,,161521415000.0,,,21756158458.0,334856000.0,-82889000.0,-667385000.0,1963775000.0,-1056869000.0,-5922202000.0,2526223000.0,1760960000.0,3730835000.0,0.0,1634015000.0,1592954000.0,1592954000.0,0.0,12724000.0,0.213,5211079000.0,2272227000.0,0.0,0.64,1.205,13.658,13.704,1595691000.0,41061000.0,62.49,2.907,2.917,0.0,10646640000.0,7483306000.0,7483306000.0,0.0,0.009,0.089,0.011,0.301,47836000.0,3933912000.0,1.0,348154240.0,349346000,352688000.0,21.421,171289445000.0,0.0,615514000.0,0.0,490.315,
12,STI,MRY,2006-12-31,2006-12-31,2006-12-31,2019-11-01,925949000.0,182161609000.0,181321520500.0,,,0.043,49.563,-334254000.0,5307745000.0,5307745000.0,0.0,2117471000.0,,9.226,32889436000.0,,,32889436000.0,0.0,810881000.0,124021629000.0,0.029,2.44,2986441000.0,3797322000.0,0.483,3797322000.0,2986441000.0,2986441000.0,5.87,5.82,5.87,17813606000.0,17746070250.0,17813606000.0,58328607831.0,20.0,15.36,3451687000.0,9.604,1.0,7866301000.0,1.0,8071844000.0,0.0,201671456000.0,200944373500.0,0.0,160079278000.0,,,164348003000.0,,,29907185831.0,-997861000.0,113750000.0,-889096000.0,-220428000.0,-887297000.0,507923000.0,-5291725000.0,-5282378000.0,3785941000.0,0.0,2117471000.0,2109742000.0,2109742000.0,0.0,0.0,0.268,4868195000.0,2998106000.0,0.0,0.416,1.679,14.176,14.387,1977412000.0,7729000.0,84.45,3.802,3.859,0.0,10541152000.0,7866301000.0,7866301000.0,0.0,0.012,0.119,0.015,0.38,11051000.0,3823485000.0,1.0,354140744.0,359413000,362802000.0,21.887,174089765000.0,0.0,868970000.0,0.0,484.372,
13,STI,MRY,2005-12-31,2005-12-31,2005-12-31,2019-11-01,938091000.0,179712841000.0,171473116500.0,,,0.044,47.031,-201650000.0,4992108000.0,4992108000.0,0.0,1987239000.0,,9.642,33103245000.0,,,33103245000.0,0.0,783084000.0,122053178000.0,0.03,2.2,2866395000.0,3649479000.0,0.483,3649479000.0,2866395000.0,2866395000.0,5.53,5.47,5.53,16887395000.0,16588900000.0,16887395000.0,57278464923.0,20.0,15.695,-4920368000.0,-13.703,1.0,7557124000.0,1.0,7958135000.0,0.0,199865843000.0,193874116250.0,0.0,157872924000.0,,,162825446000.0,,,26295615923.0,816667000.0,0.0,-60695000.0,-351924000.0,-794971000.0,17491951000.0,-11956566000.0,-11760227000.0,-4718718000.0,0.0,1987239000.0,1987239000.0,1987239000.0,0.0,0.0,0.263,4690729000.0,2866395000.0,0.0,0.398,1.557,13.232,13.157,1854527000.0,0.0,72.76,3.48,3.457,0.0,9310978000.0,7557124000.0,7557124000.0,0.0,0.012,0.12,0.015,0.379,35565000.0,3564417000.0,1.0,361402088.0,359066000,363454000.0,21.047,171754706000.0,0.0,879156000.0,0.0,478.337,
14,STI,MRY,2004-12-31,2004-12-31,2004-12-31,2019-11-01,1276950000.0,158869784000.0,135020586000.0,,,0.046,53.401,-238009000.0,3892670000.0,3892670000.0,0.0,1572901000.0,,8.937,33544651000.0,,,33544651000.0,0.0,667145000.0,103361251000.0,0.027,2.0,2257026000.0,2924171000.0,0.475,2924171000.0,2257026000.0,2257026000.0,5.25,5.19,5.25,15986899000.0,11567246250.0,15986899000.0,52564221563.0,23.0,17.976,941575000.0,3.145,1.0,6154064000.0,1.0,7867464000.0,0.0,180654301000.0,157324783000.0,0.0,139677365000.0,,,142882885000.0,,,27392783563.0,167565000.0,-1265650000.0,82393000.0,2085443000.0,-603309000.0,7955064000.0,-8967083000.0,-7466008000.0,1179584000.0,0.0,1572901000.0,1572901000.0,1572901000.0,0.0,0.0,0.256,3897038000.0,2257026000.0,0.0,0.381,1.713,17.415,14.072,1860415000.0,0.0,73.88,4.451,3.594,0.0,8118710000.0,6154064000.0,6154064000.0,0.0,0.012,0.136,0.014,0.367,25958000.0,3035987000.0,1.0,370774006.0,299375000,303309000.0,20.556,151002320000.0,0.0,684125000.0,0.0,504.392,
15,STI,MRY,2003-12-31,2003-12-31,2003-12-31,2019-11-01,1664092000.0,125250483000.0,123206076250.0,,,0.043,34.967,-157608000.0,3947982000.0,3947982000.0,0.0,1332297000.0,,11.871,28943328000.0,,,28943328000.0,0.0,881542000.0,81189519000.0,0.025,1.8,1909138000.0,2790680000.0,0.526,2790680000.0,1909138000.0,1909138000.0,4.73,4.73,4.73,9731166000.0,9211642750.0,9731166000.0,47190367001.0,25.0,16.91,3956867000.0,14.218,1.0,5309754000.0,1.0,1717257000.0,0.0,148528572000.0,146420803250.0,0.0,114033202000.0,,,115519317000.0,,,20129396001.0,-236921000.0,-34261000.0,-154207000.0,1971927000.0,-505396000.0,2387451000.0,-6738847000.0,-6560910000.0,4114475000.0,0.0,1332297000.0,1332297000.0,1332297000.0,0.0,0.0,0.251,3400616000.0,1909138000.0,0.0,0.381,2.069,15.109,15.116,1595307000.0,0.0,71.5,3.791,3.747,0.0,7149118000.0,5309754000.0,5309754000.0,0.0,0.011,0.145,0.013,0.36,14197000.0,2707206000.0,1.0,281530014.0,278295000,281434000.0,19.08,123533226000.0,0.0,576841000.0,0.0,443.893,
16,STI,MRY,2002-12-31,2002-12-31,2002-12-31,2019-11-01,1509470000.0,117322523000.0,110994375750.0,,,0.045,31.043,-123245000.0,4466014000.0,4466014000.0,0.0,1331809000.0,,12.378,23696375000.0,,,23696375000.0,0.0,619965000.0,79706628000.0,0.03,1.72,1823324000.0,2443289000.0,0.485,2443289000.0,1823324000.0,1823324000.0,4.71,4.66,4.71,8769496000.0,8797864250.0,8769496000.0,35247560341.0,19.0,14.426,-1635672000.0,-5.79,1.0,5042744000.0,1.0,1575919000.0,0.0,134976965000.0,128657105250.0,0.0,106240851000.0,,,108553027000.0,,,16145256341.0,-351749000.0,1160333000.0,-287908000.0,-966512000.0,-489543000.0,5960014000.0,-4799336000.0,-5836424000.0,-1512427000.0,0.0,1331809000.0,1331809000.0,1331809000.0,0.0,0.0,0.264,3219420000.0,1823324000.0,0.0,0.365,1.841,12.123,12.085,1607200000.0,0.0,56.92,3.202,3.189,0.0,6322217000.0,5042744000.0,5042744000.0,0.0,0.012,0.151,0.014,0.362,3959000.0,2302586000.0,1.0,283648214.0,282495000,286052000.0,17.851,115746604000.0,0.0,491515000.0,0.0,409.73,
17,STI,MRY,2001-12-31,2001-12-31,2001-12-31,2019-11-01,1655253000.0,104740644000.0,103137899500.0,,,0.049,29.056,-89224000.0,4414935000.0,4414935000.0,0.0,1375537000.0,,11.529,24471677000.0,,,24471677000.0,0.0,357371000.0,67536422000.0,0.026,1.6,2029440000.0,2386811000.0,0.475,2386811000.0,2029440000.0,2029440000.0,4.78,4.72,4.78,8359568000.0,8065755500.0,8359568000.0,40971293998.0,20.0,17.166,-1243473000.0,-4.322,1.0,5029310000.0,1.0,811276000.0,0.0,123986110000.0,124701881750.0,0.0,94906859000.0,,,96381076000.0,,,18108699998.0,518692000.0,0.0,-510237000.0,2822867000.0,-463529000.0,-147814000.0,1820755000.0,1909979000.0,-1154249000.0,0.0,1375537000.0,1375537000.0,1375537000.0,0.0,0.0,0.274,2999870000.0,2029440000.0,0.0,0.335,2.166,13.165,13.117,1584869000.0,0.0,62.7,3.601,3.587,0.0,5479951000.0,5029310000.0,5029310000.0,0.0,0.013,0.171,0.016,0.404,0.0,2181649000.0,1.0,288814992.0,287702000,291584000.0,17.481,103929368000.0,0.0,653903000.0,0.0,361.24,
18,STI,MRY,2000-12-31,2000-12-31,2000-12-31,2019-11-01,1942774000.0,103660374000.0,100162918750.0,,,0.047,27.664,-145821000.0,4124324000.0,4124324000.0,0.0,1294100000.0,,11.581,21787516000.0,,,21787516000.0,0.0,299957000.0,69533337000.0,0.023,1.48,1919556000.0,2219513000.0,0.467,2219513000.0,1919556000.0,1919556000.0,4.35,4.3,4.35,8239208000.0,7656169250.0,8239208000.0,35284146433.0,18.0,15.897,407556000.0,1.368,1.0,4748089000.0,1.0,810860000.0,0.0,120512706000.0,116149510500.0,0.0,94307741000.0,,,95421166000.0,,,18661418433.0,-128014000.0,0.0,-627707000.0,-2584914000.0,-443407000.0,5776780000.0,-6458171000.0,-6371306000.0,553377000.0,0.0,1294100000.0,1294100000.0,1294100000.0,0.0,0.0,0.273,2828533000.0,1919556000.0,0.0,0.34,2.265,14.42,14.483,1629071000.0,0.0,63.0,3.93,3.952,0.0,6312044000.0,4748089000.0,4748089000.0,0.0,0.013,0.169,0.017,0.404,9408000.0,2146534000.0,1.0,296212991.0,297834000,300956000.0,15.942,102849514000.0,0.0,625456000.0,0.0,345.325,
19,STI,MRY,1999-12-31,1999-12-31,1999-12-31,2019-11-01,1562822000.0,95389968000.0,93121935750.0,,,0.049,24.054,-257179000.0,3931924000.0,3931924000.0,0.0,1326600000.0,,11.507,24380318000.0,,,24380318000.0,0.0,284993000.0,60100529000.0,0.02,1.38,1898305000.0,2183298000.0,0.475,2183298000.0,1898305000.0,1898305000.0,4.18,4.13,4.18,7626862000.0,7949087500.0,7626862000.0,41669451224.0,22.0,19.086,3349112000.0,10.562,1.0,4600935000.0,1.0,804632000.0,0.0,115033730000.0,111115288000.0,0.0,86827581000.0,,,87763106000.0,,,22016797224.0,-557468000.0,0.0,-927923000.0,2447585000.0,-440631000.0,2146277000.0,-6310036000.0,-6118507000.0,3606291000.0,0.0,1326600000.0,1326600000.0,1326600000.0,0.0,0.0,0.288,2905278000.0,1695657000.0,0.0,0.33,2.887,16.596,16.462,1636484000.0,0.0,68.81,4.785,4.742,0.0,5461351000.0,4600935000.0,4600935000.0,0.0,0.014,0.167,0.017,0.413,15557000.0,2199703000.0,1.0,319965081.0,317079000,321174000.0,14.51,94585336000.0,0.0,571705000.0,0.0,298.302,
20,STI,MRY,1998-12-31,1998-12-31,1998-12-31,2019-11-01,2088207000.0,93169932000.0,88255567250.0,,,0.049,25.972,-259032000.0,4675834000.0,4675834000.0,0.0,971017000.0,,10.392,22368923000.0,,,22368923000.0,0.0,282599000.0,59033283000.0,0.013,1.0,1498306000.0,1780905000.0,0.408,1780905000.0,1498306000.0,1498306000.0,3.08,3.04,3.08,8178644000.0,7966722500.0,8178644000.0,32838613858.0,22.0,18.439,-1160261000.0,-3.684,1.0,4368389000.0,1.0,797045000.0,0.0,110065976000.0,104974077500.0,0.0,83344352000.0,,,84991288000.0,,,16031963858.0,-533363000.0,14857000.0,-86566000.0,4468816000.0,-352454000.0,8482295000.0,-8114429000.0,-8073202000.0,-901229000.0,0.0,971017000.0,971017000.0,971017000.0,0.0,0.0,0.222,2870083000.0,1498306000.0,0.0,0.325,1.96,16.51,24.838,1519711000.0,0.0,76.5,3.67,5.515,0.0,4575382000.0,4368389000.0,4368389000.0,0.0,0.011,0.122,0.014,0.343,12771000.0,2093540000.0,1.0,209568155.0,314908000,319711000.0,13.872,92372887000.0,0.0,527289000.0,0.0,293.333,
21,STI,MRY,1997-12-31,1997-12-31,1997-12-31,2019-11-01,2048153000.0,82840820000.0,61947773500.0,,,0.063,23.108,-410465000.0,4366174000.0,4366174000.0,0.0,975923000.0,,10.329,17764801000.0,,,17764801000.0,0.0,240393000.0,54580784000.0,0.013,0.925,1499599000.0,1739992000.0,0.444,1739992000.0,1499599000.0,1499599000.0,3.08,3.04,3.08,7312091000.0,5610162750.0,7312091000.0,,,,697922000.0,2.206,1.0,3915345000.0,1.0,559533000.0,0.0,95679914000.0,73785927000.0,0.0,74453342000.0,,,75528729000.0,,,15090365926.0,-23116000.0,111026000.0,-678711000.0,3667774000.0,-326343000.0,4222338000.0,-5353841000.0,-5069056000.0,1108387000.0,0.0,975923000.0,975923000.0,975923000.0,0.0,0.0,0.249,2415746000.0,1499599000.0,0.0,0.3,2.064,15.463,23.175,1450280000.0,0.0,71.38,3.854,5.769,0.0,3967359000.0,3915345000.0,3915345000.0,0.0,0.016,0.174,0.02,0.383,9196000.0,1823235000.0,1.0,211408881.0,316436000,320932000.0,12.373,82281287000.0,0.0,523676000.0,0.0,260.025,
22,STI,MRY,1996-12-31,1996-12-31,1996-12-31,2019-11-01,1601778000.0,52568249000.0,,,,,15.133,-210922000.0,3050770000.0,3050770000.0,0.0,858950000.0,,9.639,11577455000.0,,,11577455000.0,0.0,206629000.0,36890389000.0,0.017,0.825,1265942000.0,1472571000.0,0.403,1472571000.0,1265942000.0,1265942000.0,2.63,2.59,2.63,4940980000.0,,4940980000.0,,,,1032848000.0,3.163,1.0,3650539000.0,1.0,277736000.0,0.0,60817198000.0,,0.0,47131710000.0,,,47627269000.0,,,,807866000.0,137641000.0,-375840000.0,2529940000.0,-282552000.0,4730883000.0,-5166787000.0,-5042537000.0,1243770000.0,0.0,858950000.0,858950000.0,858950000.0,0.0,0.0,0.235,2384597000.0,1265942000.0,0.0,0.314,,,18.726,768266000.0,0.0,49.25,,4.405,0.0,3033900000.0,3650539000.0,3650539000.0,0.0,,,,0.347,10985000.0,1821623000.0,1.0,,326502000,331042000.0,11.181,52290513000.0,0.0,406992000.0,0.0,160.154,
23,STI,MRY,1995-12-31,1995-12-31,1995-12-31,2019-11-01,,,,,,,,-30044000.0,,,0.0,586826000.0,,,,,,,,133771000.0,,0.022,0.74,860925000.0,994696000.0,0.43,994696000.0,860925000.0,860925000.0,2.59,2.56,2.59,,,,,,,500911000.0,2.21,1.0,2312404000.0,1.0,,0.0,,,,,,,,,,,377792000.0,-57939000.0,-200010000.0,1201062000.0,-168660000.0,1566527000.0,-1719690000.0,-1622227000.0,530955000.0,0.0,586826000.0,586826000.0,586826000.0,0.0,0.0,0.254,1451479000.0,860925000.0,,0.286,,,13.224,,0.0,34.25,,3.357,,,2312404000.0,2312404000.0,0.0,,,,0.372,6132000.0,1100594000.0,1.0,,226665006,229543890.0,10.202,,,274099000.0,,,
0,STI,MRQ,2019-09-30,2019-09-30,2019-09-30,2019-11-01,-149000000.0,227368000000.0,,,,,59.665,-115000000.0,9184000000.0,9184000000.0,0.0,625000000.0,,7.583,27513000000.0,,,27513000000.0,0.0,171000000.0,167671000000.0,0.03,0.56,745000000.0,916000000.0,0.412,916000000.0,745000000.0,745000000.0,1.35,1.34,1.35,26489000000.0,,26489000000.0,55238941830.0,18.0,14.869,710000000.0,1.599,1.0,2221000000.0,1.0,7979000000.0,0.0,237718000000.0,,0.0,197224000000.0,,,200879000000.0,,,30542941830.0,4156000000.0,0.0,2000000.0,-2264000000.0,-252000000.0,4023000000.0,-692000000.0,-793000000.0,825000000.0,0.0,623000000.0,597000000.0,597000000.0,0.0,2000000.0,0.269,1474000000.0,747000000.0,0.0,0.415,1.153,12.487,12.509,1985000000.0,26000000.0,68.8,3.354,3.354,0.0,20664000000.0,2221000000.0,2221000000.0,0.0,,,,,33000000.0,1264000000.0,1.0,443938108.0,443960000,446962000.0,5.003,219389000000.0,0.0,122000000.0,0.0,494.164,
1,STI,MRQ,2019-06-30,2019-06-30,2019-06-30,2019-11-01,-401000000.0,222288000000.0,,,,,58.273,-65000000.0,5028000000.0,5028000000.0,0.0,690000000.0,,7.595,29724000000.0,,,29724000000.0,0.0,175000000.0,161132000000.0,0.032,0.5,793000000.0,968000000.0,0.398,968000000.0,793000000.0,793000000.0,1.49,1.48,1.49,25862000000.0,,25862000000.0,49747433304.0,16.0,13.006,-61000000.0,-0.137,1.0,2433000000.0,1.0,8127000000.0,0.0,238857000000.0,,0.0,196234000000.0,,,196426000000.0,,,27894433304.0,-904000000.0,0.0,3000000.0,1917000000.0,-270000000.0,629000000.0,-1537000000.0,-1474000000.0,4000000.0,0.0,688000000.0,663000000.0,663000000.0,0.0,2000000.0,0.273,1638000000.0,795000000.0,0.0,0.336,1.079,10.833,10.969,1963000000.0,25000000.0,62.85,3.059,3.059,0.0,20319000000.0,2433000000.0,2433000000.0,0.0,,,,,42000000.0,1253000000.0,1.0,443825510.0,443806000,446391000.0,5.482,214161000000.0,0.0,105000000.0,0.0,482.555,
2,STI,MRQ,2019-03-31,2019-03-31,2019-03-31,2019-11-01,-966000000.0,220425000000.0,,,,,55.962,-81000000.0,5932000000.0,5932000000.0,0.0,582000000.0,,7.88,27785000000.0,,,27785000000.0,0.0,172000000.0,162152000000.0,0.032,0.5,684000000.0,856000000.0,0.394,856000000.0,684000000.0,684000000.0,1.25,1.24,1.25,24823000000.0,,24823000000.0,42611863964.0,13.0,10.84,-904000000.0,-2.038,1.0,2175000000.0,1.0,8294000000.0,0.0,233984000000.0,,0.0,193483000000.0,,,195602000000.0,,,26262863964.0,-1563000000.0,0.0,-248000000.0,3847000000.0,-225000000.0,2888000000.0,-3628000000.0,-3554000000.0,-823000000.0,0.0,580000000.0,554000000.0,554000000.0,0.0,2000000.0,0.255,1489000000.0,686000000.0,0.0,0.4,1.058,10.066,10.322,1997000000.0,26000000.0,59.25,2.928,2.93,0.0,19882000000.0,2175000000.0,2175000000.0,0.0,,,,,37000000.0,1247000000.0,1.0,443255088.0,443566000,446662000.0,4.903,212131000000.0,0.0,104000000.0,0.0,478.24,
3,STI,MRQ,2018-12-31,2018-12-31,2018-12-31,2019-11-01,-1420000000.0,215543000000.0,,,,,54.043,-175000000.0,7495000000.0,7495000000.0,0.0,660000000.0,,7.877,23844000000.0,,,23844000000.0,0.0,181000000.0,162589000000.0,0.036,0.5,794000000.0,975000000.0,0.428,975000000.0,794000000.0,794000000.0,1.41,1.4,1.41,24280000000.0,,24280000000.0,37285946194.0,11.0,9.231,1502000000.0,3.343,1.0,2278000000.0,1.0,8393000000.0,0.0,223499000000.0,,0.0,188640000000.0,,,191263000000.0,,,22661946194.0,-110000000.0,0.0,-750000000.0,1875000000.0,-272000000.0,3063000000.0,-4850000000.0,-4676000000.0,1677000000.0,0.0,658000000.0,632000000.0,632000000.0,0.0,2000000.0,0.277,1482000000.0,796000000.0,0.0,0.355,0.933,8.494,8.712,2024000000.0,26000000.0,50.44,2.517,2.582,0.0,19522000000.0,2278000000.0,2278000000.0,0.0,,,,,22000000.0,1291000000.0,1.0,449285214.0,449276000,452826000.0,5.07,207150000000.0,0.0,136000000.0,0.0,461.075,
4,STI,MRQ,2018-09-30,2018-09-30,2018-09-30,2019-11-01,-1874000000.0,211276000000.0,,,,,52.447,-61000000.0,7605000000.0,7605000000.0,0.0,754000000.0,,7.752,22229000000.0,,,22229000000.0,0.0,179000000.0,160378000000.0,0.025,0.5,847000000.0,1026000000.0,0.459,1026000000.0,847000000.0,847000000.0,1.58,1.56,1.58,24139000000.0,,24139000000.0,40807246533.0,13.0,10.415,40000000.0,0.087,1.0,2233000000.0,1.0,8471000000.0,0.0,217429000000.0,,0.0,184213000000.0,,,187137000000.0,,,30772246533.0,357000000.0,0.0,-498000000.0,4975000000.0,-235000000.0,3171000000.0,-2915000000.0,-2644000000.0,101000000.0,0.0,752000000.0,726000000.0,726000000.0,0.0,2000000.0,0.325,1384000000.0,849000000.0,0.0,0.316,1.275,11.206,11.359,1555000000.0,26000000.0,66.79,3.451,3.448,0.0,19111000000.0,2233000000.0,2233000000.0,0.0,,,,,31000000.0,1200000000.0,1.0,460731345.0,460252000,464164000.0,4.852,202805000000.0,0.0,95000000.0,0.0,440.639,
5,STI,MRQ,2018-06-30,2018-06-30,2018-06-30,2019-11-01,-1679000000.0,207505000000.0,,,,,52.233,-42000000.0,7248000000.0,7248000000.0,0.0,724000000.0,,7.534,17283000000.0,,,17283000000.0,0.0,181000000.0,161448000000.0,0.024,0.4,893000000.0,1074000000.0,0.47,1074000000.0,893000000.0,893000000.0,1.5,1.49,1.5,24316000000.0,,24316000000.0,37647848963.0,12.0,9.807,949000000.0,2.039,1.0,2285000000.0,1.0,8367000000.0,0.0,209173000000.0,,0.0,181560000000.0,,,183189000000.0,,,30687848963.0,-56000000.0,0.0,-330000000.0,3042000000.0,-232000000.0,1548000000.0,-2595000000.0,-2555000000.0,991000000.0,0.0,722000000.0,697000000.0,697000000.0,0.0,2000000.0,0.305,1390000000.0,895000000.0,0.0,0.267,1.262,12.12,12.294,1538000000.0,25000000.0,66.02,3.472,3.477,0.0,18616000000.0,2285000000.0,2285000000.0,0.0,,,,,31000000.0,1203000000.0,1.0,464826552.0,465529000,469339000.0,4.908,199138000000.0,0.0,171000000.0,0.0,427.767,
6,STI,MRQ,2018-03-31,2018-03-31,2018-03-31,2019-11-01,-1522000000.0,204885000000.0,,,,,51.777,-67000000.0,7304000000.0,7304000000.0,0.0,645000000.0,,7.442,14264000000.0,,,14264000000.0,0.0,175000000.0,162379000000.0,0.021,0.4,790000000.0,965000000.0,0.437,965000000.0,790000000.0,790000000.0,1.31,1.29,1.31,24269000000.0,,24269000000.0,39517143975.0,13.0,10.703,-267000000.0,-0.57,1.0,2209000000.0,1.0,8327000000.0,0.0,203518000000.0,,0.0,179347000000.0,,,180616000000.0,,,31863143975.0,392000000.0,0.0,-296000000.0,-231000000.0,-197000000.0,383000000.0,209000000.0,333000000.0,-200000000.0,0.0,643000000.0,612000000.0,612000000.0,0.0,2000000.0,0.277,1417000000.0,792000000.0,0.0,0.305,1.313,13.617,13.829,1628000000.0,31000000.0,68.04,3.665,3.668,0.0,18107000000.0,2209000000.0,2209000000.0,0.0,,,,,56000000.0,1234000000.0,1.0,468300176.0,468723000,473620000.0,4.713,196558000000.0,0.0,147000000.0,0.0,419.348,
7,STI,MRQ,2017-12-31,2017-12-31,2017-12-31,2019-11-01,-820000000.0,205962000000.0,,,,,53.043,-177000000.0,6912000000.0,6912000000.0,0.0,742000000.0,,7.188,14566000000.0,,,14566000000.0,0.0,187000000.0,160780000000.0,0.02,0.4,666000000.0,853000000.0,0.39,853000000.0,666000000.0,666000000.0,1.49,1.47,1.49,25154000000.0,,25154000000.0,39197987036.0,14.0,11.098,3240000000.0,6.832,1.0,2189000000.0,1.0,8122000000.0,0.0,205494000000.0,,0.0,179776000000.0,,,180808000000.0,,,30746987036.0,-1366000000.0,261000000.0,-322000000.0,-1936000000.0,-238000000.0,-3958000000.0,-825000000.0,-904000000.0,3417000000.0,0.0,740000000.0,711000000.0,711000000.0,0.0,2000000.0,0.325,1521000000.0,668000000.0,0.0,0.268,1.222,14.111,14.258,2053000000.0,29000000.0,64.59,3.584,3.624,0.0,17540000000.0,2189000000.0,2189000000.0,0.0,,,,,39000000.0,1258000000.0,1.0,476033241.0,474223000,480288000.0,4.616,197840000000.0,0.0,-74000000.0,0.0,417.188,
8,STI,MRQ,2017-09-30,2017-09-30,2017-09-30,2019-11-01,-735000000.0,208252000000.0,,,,,51.274,-87000000.0,8278000000.0,8278000000.0,0.0,540000000.0,,7.492,16729000000.0,,,16729000000.0,0.0,184000000.0,162737000000.0,0.02,0.4,763000000.0,947000000.0,0.439,947000000.0,763000000.0,763000000.0,1.07,1.06,1.07,24522000000.0,,24522000000.0,38105766950.0,14.0,10.792,-1022000000.0,-2.137,1.0,2156000000.0,1.0,8044000000.0,0.0,208659000000.0,,0.0,183089000000.0,,,183730000000.0,,,28685766950.0,37000000.0,0.0,-317000000.0,-924000000.0,-199000000.0,1411000000.0,-439000000.0,-358000000.0,-935000000.0,0.0,538000000.0,512000000.0,512000000.0,0.0,2000000.0,0.237,1391000000.0,765000000.0,0.0,0.374,1.17,14.972,15.132,1616000000.0,26000000.0,59.77,3.396,3.384,0.0,17021000000.0,2156000000.0,2156000000.0,0.0,,,,,31000000.0,1188000000.0,1.0,479935870.0,478258000,483640000.0,4.508,200208000000.0,0.0,225000000.0,0.0,418.619,
9,STI,MRQ,2017-06-30,2017-06-30,2017-06-30,2019-11-01,-777000000.0,207223000000.0,,,,,50.686,-103000000.0,8241000000.0,8241000000.0,0.0,530000000.0,,7.466,17661000000.0,,,17661000000.0,0.0,177000000.0,159873000000.0,0.018,0.26,750000000.0,927000000.0,0.433,927000000.0,750000000.0,750000000.0,1.05,1.03,1.05,24477000000.0,,24477000000.0,34340770801.0,13.0,9.934,941000000.0,1.949,1.0,2140000000.0,1.0,8027000000.0,0.0,208616000000.0,,0.0,182352000000.0,,,182746000000.0,,,27422770801.0,-33000000.0,0.0,-240000000.0,2463000000.0,-148000000.0,-160000000.0,-917000000.0,-691000000.0,1044000000.0,0.0,528000000.0,505000000.0,505000000.0,0.0,2000000.0,0.236,1388000000.0,752000000.0,0.0,0.248,1.12,14.736,14.926,1594000000.0,23000000.0,56.72,3.268,3.264,0.0,16701000000.0,2140000000.0,2140000000.0,0.0,,,,,32000000.0,1179000000.0,1.0,483476213.0,482913000,488020000.0,4.431,199196000000.0,0.0,222000000.0,0.0,412.488,
10,STI,MRQ,2017-03-31,2017-03-31,2017-03-31,2019-11-01,-867000000.0,205642000000.0,,,,,47.918,-43000000.0,8274000000.0,8274000000.0,0.0,470000000.0,,7.757,15192000000.0,,,15192000000.0,0.0,179000000.0,162853000000.0,0.018,0.26,627000000.0,806000000.0,0.385,806000000.0,627000000.0,627000000.0,0.92,0.91,0.92,23484000000.0,,23484000000.0,37264131711.0,14.0,10.957,2053000000.0,4.189,1.0,2094000000.0,1.0,8067000000.0,0.0,204493000000.0,,0.0,181058000000.0,,,182158000000.0,,,27175131711.0,1851000000.0,0.0,-414000000.0,-1304000000.0,-138000000.0,572000000.0,-817000000.0,-776000000.0,2096000000.0,0.0,468000000.0,451000000.0,451000000.0,0.0,2000000.0,0.215,1465000000.0,629000000.0,0.0,0.283,1.157,14.842,14.946,1543000000.0,17000000.0,55.3,3.278,3.269,0.0,16322000000.0,2094000000.0,2094000000.0,0.0,,,,,58000000.0,1230000000.0,1.0,491412870.0,490091000,496002000.0,4.273,197575000000.0,0.0,159000000.0,0.0,403.139,
11,STI,MRQ,2016-12-31,2016-12-31,2016-12-31,2019-11-01,-821000000.0,204875000000.0,,,,,48.058,-95000000.0,6423000000.0,6423000000.0,0.0,467000000.0,,7.675,16512000000.0,,,16512000000.0,0.0,192000000.0,160398000000.0,0.018,0.26,659000000.0,851000000.0,0.414,851000000.0,659000000.0,659000000.0,0.91,0.9,0.91,23618000000.0,,23618000000.0,33945256807.0,13.0,9.96,-31000000.0,-0.063,1.0,2057000000.0,1.0,7994000000.0,0.0,206970000000.0,,0.0,182497000000.0,,,181257000000.0,,,26920256807.0,-3317000000.0,-165000000.0,-230000000.0,-237000000.0,-152000000.0,923000000.0,-4304000000.0,-3801000000.0,64000000.0,0.0,465000000.0,448000000.0,448000000.0,0.0,2000000.0,0.218,1396000000.0,661000000.0,0.0,0.286,1.14,14.865,15.11,1556000000.0,17000000.0,54.85,3.299,3.352,0.0,16000000000.0,2057000000.0,2057000000.0,0.0,,,,,41000000.0,1159000000.0,1.0,490797754.0,491444000,497007000.0,4.186,196881000000.0,0.0,194000000.0,0.0,400.617,
12,STI,MRQ,2016-09-30,2016-09-30,2016-09-30,2019-11-01,115000000.0,205091000000.0,,,,,49.262,-122000000.0,9740000000.0,9740000000.0,0.0,476000000.0,,7.389,16765000000.0,,,16765000000.0,0.0,184000000.0,158842000000.0,0.022,0.26,689000000.0,873000000.0,0.416,873000000.0,689000000.0,689000000.0,0.92,0.91,0.92,24449000000.0,,24449000000.0,33569360272.0,12.0,9.827,-683000000.0,-1.376,1.0,2100000000.0,1.0,7468000000.0,0.0,204648000000.0,,0.0,180277000000.0,,,180642000000.0,,,21713360272.0,4475000000.0,0.0,-235000000.0,-340000000.0,-138000000.0,5377000000.0,-341000000.0,-193000000.0,-561000000.0,0.0,474000000.0,457000000.0,457000000.0,0.0,2000000.0,0.218,1409000000.0,691000000.0,0.0,0.283,0.888,11.872,12.033,1510000000.0,17000000.0,43.8,2.693,2.696,0.0,15681000000.0,2100000000.0,2100000000.0,0.0,,,,,29000000.0,1173000000.0,1.0,495738819.0,496304000,500885000.0,4.231,197623000000.0,0.0,215000000.0,0.0,398.189,
13,STI,MRQ,2016-06-30,2016-06-30,2016-06-30,2019-11-01,233000000.0,198892000000.0,,,,,48.794,-42000000.0,5265000000.0,5265000000.0,0.0,494000000.0,,7.13,17121000000.0,,,17121000000.0,0.0,178000000.0,152751000000.0,0.023,0.24,693000000.0,871000000.0,0.427,871000000.0,693000000.0,693000000.0,0.95,0.94,0.95,24464000000.0,,24464000000.0,29717322506.0,11.0,8.591,134000000.0,0.267,1.0,2040000000.0,1.0,7412000000.0,0.0,203336000000.0,,0.0,178536000000.0,,,174428000000.0,,,20586322506.0,938000000.0,0.0,-166000000.0,3685000000.0,-144000000.0,3965000000.0,-3203000000.0,-3161000000.0,176000000.0,0.0,492000000.0,475000000.0,475000000.0,0.0,2000000.0,0.233,1345000000.0,695000000.0,0.0,0.253,0.841,10.886,11.013,1474000000.0,17000000.0,41.08,2.589,2.59,0.0,15353000000.0,2040000000.0,2040000000.0,0.0,,,,,31000000.0,1123000000.0,1.0,501127617.0,501374000,505633000.0,4.069,191480000000.0,0.0,201000000.0,0.0,381.911,
14,STI,MRQ,2016-03-31,2016-03-31,2016-03-31,2019-11-01,21000000.0,194158000000.0,,,,,47.584,-24000000.0,4327000000.0,4327000000.0,0.0,449000000.0,,7.072,13458000000.0,,,13458000000.0,0.0,171000000.0,152161000000.0,0.027,0.24,642000000.0,813000000.0,0.414,813000000.0,642000000.0,642000000.0,0.85,0.84,0.85,24053000000.0,,24053000000.0,25710340360.0,9.0,7.397,-221000000.0,-0.437,1.0,1962000000.0,1.0,7535000000.0,0.0,195754000000.0,,0.0,175125000000.0,,,170105000000.0,,,18220340360.0,-1272000000.0,-23000000.0,-174000000.0,403000000.0,-130000000.0,2384000000.0,-3459000000.0,-3337000000.0,-197000000.0,0.0,447000000.0,430000000.0,430000000.0,0.0,2000000.0,0.219,1318000000.0,644000000.0,0.0,0.282,0.758,9.676,9.804,1481000000.0,17000000.0,36.08,2.299,2.301,0.0,14999000000.0,1962000000.0,1962000000.0,0.0,,,,,25000000.0,1141000000.0,1.0,504998347.0,505482000,509931000.0,3.881,186623000000.0,0.0,195000000.0,0.0,369.198,
15,STI,MRQ,2015-12-31,2015-12-31,2015-12-31,2019-11-01,-460000000.0,190817000000.0,,,,,46.094,-112000000.0,5599000000.0,5599000000.0,0.0,487000000.0,,7.142,13089000000.0,,,13089000000.0,0.0,190000000.0,149830000000.0,0.021,0.24,669000000.0,859000000.0,0.438,859000000.0,669000000.0,669000000.0,0.92,0.91,0.92,23437000000.0,,23437000000.0,29301819849.0,11.0,8.413,1385000000.0,2.724,1.0,1960000000.0,1.0,7662000000.0,0.0,190645000000.0,,0.0,170472000000.0,,,167380000000.0,,,21831819849.0,683000000.0,0.0,-211000000.0,785000000.0,-146000000.0,3883000000.0,-4697000000.0,-4581000000.0,1497000000.0,0.0,484000000.0,467000000.0,467000000.0,0.0,3000000.0,0.238,1288000000.0,672000000.0,0.0,0.261,0.932,11.719,11.834,1502000000.0,17000000.0,42.84,2.775,2.804,0.0,14686000000.0,1960000000.0,1960000000.0,0.0,,,,,24000000.0,1086000000.0,1.0,509612975.0,508466000,514442000.0,3.855,183155000000.0,0.0,185000000.0,0.0,360.211,
16,STI,MRQ,2015-09-30,2015-09-30,2015-09-30,2019-11-01,-88000000.0,187036000000.0,,,,,46.128,-38000000.0,4916000000.0,4916000000.0,0.0,539000000.0,,6.904,12386000000.0,,,12386000000.0,0.0,192000000.0,146371000000.0,0.023,0.24,724000000.0,916000000.0,0.46,916000000.0,724000000.0,724000000.0,1.01,1.0,1.01,23664000000.0,,23664000000.0,28595164393.0,11.0,8.569,1207000000.0,2.353,1.0,1990000000.0,1.0,7619000000.0,0.0,186887000000.0,,0.0,167613000000.0,,,163372000000.0,,,19657164393.0,-2372000000.0,0.0,-174000000.0,-3816000000.0,-132000000.0,-2689000000.0,-928000000.0,-889000000.0,1245000000.0,0.0,537000000.0,519000000.0,519000000.0,0.0,2000000.0,0.261,1264000000.0,726000000.0,0.0,0.238,0.831,11.068,11.181,1430000000.0,18000000.0,38.24,2.508,2.503,0.0,14341000000.0,1990000000.0,1990000000.0,0.0,,,,,33000000.0,1094000000.0,1.0,514047186.0,513010000,518677000.0,3.879,179417000000.0,0.0,187000000.0,0.0,349.734,
17,STI,MRQ,2015-06-30,2015-06-30,2015-06-30,2019-11-01,-294000000.0,188858000000.0,,,,,44.922,-3000000.0,7288000000.0,7288000000.0,0.0,485000000.0,,7.132,16226000000.0,,,16226000000.0,0.0,203000000.0,144937000000.0,0.02,0.24,685000000.0,888000000.0,0.441,888000000.0,685000000.0,685000000.0,0.9,0.89,0.9,23223000000.0,,23223000000.0,32063758588.0,13.0,9.896,1017000000.0,1.967,1.0,2015000000.0,1.0,7753000000.0,0.0,190043000000.0,,0.0,166712000000.0,,,165635000000.0,,,22207758588.0,-450000000.0,-20000000.0,-162000000.0,-1243000000.0,-146000000.0,-1090000000.0,-380000000.0,-309000000.0,1020000000.0,0.0,483000000.0,467000000.0,467000000.0,0.0,2000000.0,0.232,1328000000.0,687000000.0,0.0,0.267,0.956,12.202,12.362,1448000000.0,16000000.0,43.02,2.865,2.869,0.0,13944000000.0,2015000000.0,2015000000.0,0.0,,,,,29000000.0,1121000000.0,1.0,516219400.0,516968000,522479000.0,3.898,181105000000.0,0.0,202000000.0,0.0,350.321,
18,STI,MRQ,2015-03-31,2015-03-31,2015-03-31,2019-11-01,-65000000.0,189881000000.0,,,,,44.643,-33000000.0,7738000000.0,7738000000.0,0.0,431000000.0,,7.163,17594000000.0,,,17594000000.0,0.0,201000000.0,144423000000.0,0.019,0.2,620000000.0,821000000.0,0.432,821000000.0,620000000.0,620000000.0,0.79,0.78,0.79,23260000000.0,,23260000000.0,35466543951.0,15.0,11.482,-243000000.0,-0.466,1.0,1902000000.0,1.0,7530000000.0,0.0,192207000000.0,,0.0,167247000000.0,,,166621000000.0,,,21487543951.0,-491000000.0,-10000000.0,-115000000.0,-4618000000.0,-115000000.0,-970000000.0,689000000.0,796000000.0,-210000000.0,0.0,429000000.0,411000000.0,411000000.0,0.0,2000000.0,0.216,1280000000.0,622000000.0,0.0,0.253,0.924,12.349,12.414,1494000000.0,18000000.0,41.09,2.745,2.735,0.0,13600000000.0,1902000000.0,1902000000.0,0.0,,,,,3000000.0,1111000000.0,1.0,522938524.0,521020000,526837000.0,3.651,182351000000.0,0.0,191000000.0,0.0,349.988,
19,STI,MRQ,2014-12-31,2014-12-31,2014-12-31,2019-11-01,-122000000.0,190328000000.0,,,,,44.095,-51000000.0,8229000000.0,8229000000.0,0.0,394000000.0,,7.273,22208000000.0,,,22208000000.0,0.0,189000000.0,140567000000.0,0.017,0.2,523000000.0,712000000.0,0.369,712000000.0,523000000.0,523000000.0,0.72,0.72,0.72,23005000000.0,,23005000000.0,36838025758.0,16.0,12.445,-1774000000.0,-3.4,1.0,1932000000.0,1.0,7556000000.0,0.0,196751000000.0,,0.0,167379000000.0,,,167323000000.0,,,21849025758.0,-96000000.0,0.0,-100000000.0,-1172000000.0,-115000000.0,3141000000.0,-1514000000.0,-1442000000.0,-1723000000.0,0.0,394000000.0,379000000.0,379000000.0,0.0,0.0,0.196,1409000000.0,523000000.0,0.0,0.278,0.95,12.688,12.853,1508000000.0,15000000.0,41.9,2.794,2.826,0.0,13295000000.0,1932000000.0,1932000000.0,0.0,,,,,22000000.0,1046000000.0,1.0,521456462.0,521713000,527898000.0,3.703,182772000000.0,0.0,129000000.0,0.0,350.331,
20,STI,MRQ,2014-09-30,2014-09-30,2014-09-30,2019-11-01,-177000000.0,186818000000.0,,,,,42.224,-36000000.0,8325000000.0,8325000000.0,0.0,576000000.0,,7.389,23314000000.0,,,23314000000.0,0.0,176000000.0,136507000000.0,0.016,0.2,643000000.0,819000000.0,0.431,819000000.0,643000000.0,643000000.0,1.07,1.06,1.07,22269000000.0,,22269000000.0,35602507641.0,15.0,11.951,-621000000.0,-1.177,1.0,1902000000.0,1.0,7657000000.0,0.0,194150000000.0,,0.0,163866000000.0,,,164549000000.0,,,20191507641.0,1466000000.0,-3000000.0,-215000000.0,1099000000.0,-115000000.0,3994000000.0,-1943000000.0,-1871000000.0,-585000000.0,0.0,576000000.0,563000000.0,563000000.0,0.0,0.0,0.296,1259000000.0,643000000.0,0.0,0.187,0.907,11.499,11.455,1504000000.0,13000000.0,38.03,2.584,2.567,0.0,13020000000.0,1902000000.0,1902000000.0,0.0,,,,,16000000.0,1074000000.0,1.0,530936304.0,527402000,533230000.0,3.606,179161000000.0,0.0,67000000.0,0.0,339.705,
21,STI,MRQ,2014-06-30,2014-06-30,2014-06-30,2019-11-01,-59000000.0,182559000000.0,,,,,41.775,-26000000.0,6859000000.0,6859000000.0,0.0,403000000.0,,7.249,22270000000.0,,,22270000000.0,0.0,165000000.0,133285000000.0,0.012,0.2,572000000.0,737000000.0,0.352,737000000.0,572000000.0,572000000.0,0.73,0.72,0.73,22131000000.0,,22131000000.0,33682695027.0,20.0,14.076,292000000.0,0.551,1.0,2093000000.0,1.0,7614000000.0,0.0,190356000000.0,,0.0,160943000000.0,,,160428000000.0,,,21345695027.0,-1048000000.0,193000000.0,-83000000.0,2253000000.0,-116000000.0,2385000000.0,-3751000000.0,-3842000000.0,318000000.0,0.0,399000000.0,387000000.0,387000000.0,0.0,4000000.0,0.185,1517000000.0,576000000.0,0.0,0.274,0.965,15.558,15.527,1518000000.0,12000000.0,40.06,2.77,2.754,0.0,12560000000.0,2093000000.0,2093000000.0,0.0,,,,,15000000.0,1099000000.0,1.0,532843111.0,529764000,535486000.0,3.951,174945000000.0,0.0,173000000.0,0.0,330.232,
22,STI,MRQ,2014-03-31,2014-03-31,2014-03-31,2019-11-01,-200000000.0,179542000000.0,,,,,41.074,-34000000.0,7907000000.0,7907000000.0,0.0,411000000.0,,7.229,20244000000.0,,,20244000000.0,0.0,163000000.0,132956000000.0,0.01,0.1,530000000.0,693000000.0,0.366,693000000.0,530000000.0,530000000.0,0.74,0.73,0.74,21817000000.0,,21817000000.0,35450590882.0,21.0,14.958,796000000.0,1.499,1.0,1893000000.0,1.0,7659000000.0,0.0,184220000000.0,,0.0,156794000000.0,,,157725000000.0,,,21274590882.0,2644000000.0,-8000000.0,-50000000.0,788000000.0,-63000000.0,3879000000.0,-2065000000.0,-2023000000.0,830000000.0,0.0,405000000.0,393000000.0,393000000.0,0.0,6000000.0,0.208,1357000000.0,536000000.0,0.0,0.135,0.975,15.759,15.727,1550000000.0,12000000.0,39.79,2.823,2.805,0.0,12278000000.0,1893000000.0,1893000000.0,0.0,,,,,14000000.0,1125000000.0,1.0,534671799.0,531162000,536992000.0,3.564,171883000000.0,0.0,125000000.0,0.0,323.598,
23,STI,MRQ,2013-12-31,2013-12-31,2013-12-31,2019-11-01,-289000000.0,175335000000.0,,,,,40.231,-96000000.0,5263000000.0,5263000000.0,0.0,427000000.0,,7.185,19439000000.0,,,19439000000.0,0.0,166000000.0,129759000000.0,0.01,0.1,564000000.0,730000000.0,0.379,730000000.0,564000000.0,564000000.0,0.78,0.77,0.78,21422000000.0,,21422000000.0,32419179488.0,19.0,13.656,1529000000.0,2.872,1.0,1926000000.0,1.0,7703000000.0,0.0,181808000000.0,,0.0,155114000000.0,,,153913000000.0,,,19733179488.0,977000000.0,0.0,-50000000.0,2491000000.0,-63000000.0,3253000000.0,-3901000000.0,-3805000000.0,1625000000.0,0.0,426000000.0,413000000.0,413000000.0,0.0,1000000.0,0.214,1361000000.0,565000000.0,0.0,0.128,0.921,15.214,15.148,1565000000.0,13000000.0,36.81,2.626,2.617,0.0,11936000000.0,1926000000.0,1926000000.0,0.0,,,,,9000000.0,1086000000.0,1.0,536082029.0,532471000,537908000.0,3.617,167632000000.0,0.0,138000000.0,0.0,314.819,
24,STI,MRQ,2013-09-30,2013-09-30,2013-09-30,2019-11-01,-316000000.0,171777000000.0,,,,,39.47,-61000000.0,4286000000.0,4286000000.0,0.0,196000000.0,,7.153,16972000000.0,,,16972000000.0,0.0,177000000.0,128883000000.0,0.009,0.1,56000000.0,233000000.0,0.13,233000000.0,56000000.0,56000000.0,0.33,0.33,0.33,21070000000.0,,21070000000.0,31199670923.0,20.0,13.612,1800000000.0,3.372,1.0,1793000000.0,1.0,7656000000.0,0.0,176807000000.0,,0.0,153088000000.0,,,150707000000.0,,,17426670923.0,127000000.0,-3000000.0,-50000000.0,-967000000.0,-63000000.0,191000000.0,-1925000000.0,-1861000000.0,1861000000.0,0.0,189000000.0,179000000.0,179000000.0,0.0,7000000.0,0.1,1730000000.0,63000000.0,0.0,0.303,0.827,14.122,14.035,1515000000.0,10000000.0,32.42,2.317,2.301,0.0,11573000000.0,1793000000.0,1793000000.0,0.0,,,,,24000000.0,1037000000.0,1.0,537528406.0,533829000,538850000.0,3.359,164121000000.0,0.0,-133000000.0,0.0,307.441,
25,STI,MRQ,2013-06-30,2013-06-30,2013-06-30,2019-11-01,-283000000.0,171546000000.0,,,,,39.253,-15000000.0,4159000000.0,4159000000.0,0.0,380000000.0,,7.166,17932000000.0,,,17932000000.0,0.0,181000000.0,127619000000.0,0.008,0.1,533000000.0,714000000.0,0.371,714000000.0,533000000.0,533000000.0,0.68,0.68,0.68,21007000000.0,,21007000000.0,27050242068.0,9.0,6.986,88000000.0,0.164,1.0,1923000000.0,1.0,7613000000.0,0.0,177706000000.0,,0.0,152766000000.0,,,150539000000.0,,,17053242068.0,-1803000000.0,0.0,-50000000.0,2028000000.0,-63000000.0,-376000000.0,-1530000000.0,-1515000000.0,103000000.0,0.0,377000000.0,365000000.0,365000000.0,0.0,3000000.0,0.19,1387000000.0,536000000.0,0.0,0.147,0.812,8.04,7.952,1506000000.0,12000000.0,31.57,1.876,1.858,0.0,11447000000.0,1923000000.0,1923000000.0,0.0,,,,,8000000.0,1087000000.0,1.0,540172381.0,535172000,539763000.0,3.593,163933000000.0,0.0,156000000.0,0.0,306.318,
26,STI,MRQ,2013-03-31,2013-03-31,2013-03-31,2019-11-01,185000000.0,172435000000.0,,,,,39.565,-28000000.0,5962000000.0,5962000000.0,0.0,358000000.0,,7.136,15959000000.0,,,15959000000.0,0.0,184000000.0,129915000000.0,0.007,0.05,513000000.0,697000000.0,0.372,697000000.0,513000000.0,513000000.0,0.64,0.63,0.64,21194000000.0,,21194000000.0,22120898738.0,7.0,5.956,593000000.0,1.107,1.0,1872000000.0,1.0,7445000000.0,0.0,174987000000.0,,0.0,151918000000.0,,,151241000000.0,,,15526898738.0,-2295000000.0,0.0,0.0,1102000000.0,-36000000.0,-1329000000.0,-1587000000.0,-1559000000.0,621000000.0,0.0,352000000.0,340000000.0,340000000.0,0.0,6000000.0,0.182,1353000000.0,519000000.0,0.0,0.078,0.733,7.664,7.582,1541000000.0,12000000.0,28.81,1.71,1.699,0.0,11133000000.0,1872000000.0,1872000000.0,0.0,,,,,8000000.0,1101000000.0,1.0,538941296.0,535680000,539862000.0,3.495,164990000000.0,0.0,161000000.0,0.0,308.001,
27,STI,MRQ,2012-12-31,2012-12-31,2012-12-31,2019-11-01,309000000.0,173442000000.0,,,,,39.223,-38000000.0,8257000000.0,8257000000.0,0.0,360000000.0,,7.265,14851000000.0,,,14851000000.0,0.0,190000000.0,132316000000.0,0.007,0.05,458000000.0,648000000.0,0.335,648000000.0,458000000.0,458000000.0,0.66,0.65,0.66,20985000000.0,,20985000000.0,29254794439.0,11.0,8.295,1067000000.0,1.994,1.0,1933000000.0,1.0,7325000000.0,0.0,172711000000.0,,0.0,150875000000.0,,,152457000000.0,,,15275794439.0,2650000000.0,1000000.0,0.0,-4740000000.0,-30000000.0,762000000.0,783000000.0,820000000.0,1105000000.0,0.0,356000000.0,350000000.0,350000000.0,0.0,4000000.0,0.181,1470000000.0,463000000.0,0.0,0.076,0.728,7.911,7.831,1564000000.0,6000000.0,28.35,1.682,1.668,0.0,10817000000.0,1933000000.0,1933000000.0,0.0,,,,,36000000.0,1110000000.0,1.0,538828728.0,535019000,539630000.0,3.613,166117000000.0,0.0,102000000.0,0.0,310.488,
28,STI,MRQ,2012-09-30,2012-09-30,2012-09-30,2019-11-01,504000000.0,173181000000.0,,,,,38.164,-56000000.0,5607000000.0,5607000000.0,0.0,1086000000.0,,7.49,19586000000.0,,,19586000000.0,0.0,185000000.0,127226000000.0,0.007,0.05,1628000000.0,1813000000.0,0.539,1813000000.0,1628000000.0,1628000000.0,1.99,1.98,1.99,20399000000.0,,20399000000.0,31087943443.0,13.0,10.048,0.0,0.0,1.0,3363000000.0,1.0,7265000000.0,0.0,179895000000.0,,0.0,152631000000.0,,,152782000000.0,,,15222943443.0,-1132000000.0,-4000000.0,0.0,-3075000000.0,-29000000.0,-4273000000.0,3085000000.0,3145000000.0,56000000.0,0.0,1077000000.0,1066000000.0,1066000000.0,0.0,9000000.0,0.317,1724000000.0,1639000000.0,0.0,0.025,0.746,9.215,9.149,1578000000.0,11000000.0,28.27,1.723,1.71,0.0,10491000000.0,3363000000.0,3363000000.0,0.0,,,,,9000000.0,1167000000.0,1.0,538484027.0,534506000,538699000.0,6.292,165916000000.0,0.0,551000000.0,0.0,310.41,
29,STI,MRQ,2012-06-30,2012-06-30,2012-06-30,2019-11-01,1743000000.0,178257000000.0,,,,,38.519,-64000000.0,6739000000.0,6739000000.0,0.0,277000000.0,,7.667,22604000000.0,,,22604000000.0,0.0,190000000.0,128403000000.0,0.008,0.05,366000000.0,556000000.0,0.29,556000000.0,366000000.0,366000000.0,0.51,0.5,0.51,20568000000.0,,20568000000.0,28519825832.0,30.0,16.466,686000000.0,1.285,1.0,1914000000.0,1.0,7315000000.0,0.0,186807000000.0,,0.0,156119000000.0,,,157689000000.0,,,13039825832.0,758000000.0,-9000000.0,0.0,1004000000.0,-30000000.0,-651000000.0,659000000.0,732000000.0,750000000.0,0.0,275000000.0,270000000.0,270000000.0,0.0,2000000.0,0.141,1533000000.0,381000000.0,0.0,0.098,0.634,16.361,16.153,1578000000.0,5000000.0,24.23,1.788,1.774,0.0,9443000000.0,1914000000.0,1914000000.0,0.0,,,,,9000000.0,1108000000.0,1.0,538168627.0,533964000,537495000.0,3.585,170942000000.0,0.0,91000000.0,0.0,320.138,
30,STI,MRQ,2012-03-31,2012-03-31,2012-03-31,2019-11-01,1674000000.0,178226000000.0,,,,,37.968,-48000000.0,5981000000.0,5981000000.0,0.0,260000000.0,,7.805,21461000000.0,,,21461000000.0,0.0,192000000.0,130032000000.0,0.007,0.05,319000000.0,511000000.0,0.273,511000000.0,319000000.0,319000000.0,0.46,0.46,0.46,20241000000.0,,20241000000.0,30829262834.0,37.0,19.292,54000000.0,0.101,1.0,1870000000.0,1.0,7499000000.0,0.0,186207000000.0,,0.0,156731000000.0,,,157985000000.0,,,12964262834.0,1472000000.0,0.0,0.0,-933000000.0,-30000000.0,1157000000.0,213000000.0,261000000.0,102000000.0,0.0,250000000.0,245000000.0,245000000.0,0.0,10000000.0,0.131,1541000000.0,329000000.0,0.0,0.109,0.64,18.494,18.311,1561000000.0,5000000.0,24.17,1.811,1.8,0.0,9198000000.0,1870000000.0,1870000000.0,0.0,,,,,8000000.0,1133000000.0,1.0,536378272.0,533100000,536407000.0,3.508,170727000000.0,0.0,69000000.0,0.0,320.253,
31,STI,MRQ,2011-12-31,2011-12-31,2011-12-31,2019-11-01,1749000000.0,176859000000.0,,,,,37.701,-53000000.0,4509000000.0,4509000000.0,0.0,80000000.0,,7.814,22374000000.0,,,22374000000.0,0.0,197000000.0,127922000000.0,0.007,0.05,17000000.0,214000000.0,0.127,214000000.0,17000000.0,17000000.0,0.13,0.13,0.13,20066000000.0,,20066000000.0,23780852458.0,33.0,16.003,747000000.0,1.404,1.0,1690000000.0,1.0,7361000000.0,0.0,187363000000.0,,0.0,156787000000.0,,,156793000000.0,,,9504852458.0,-991000000.0,-4000000.0,0.0,2628000000.0,-29000000.0,4373000000.0,-6164000000.0,-6107000000.0,800000000.0,0.0,74000000.0,71000000.0,71000000.0,0.0,6000000.0,0.042,1667000000.0,23000000.0,0.0,0.385,0.474,19.202,18.83,1564000000.0,3000000.0,17.7,1.363,1.33,0.0,8978000000.0,1690000000.0,1690000000.0,0.0,,,,,44000000.0,986000000.0,1.0,536997314.0,532236000,535808000.0,3.175,169498000000.0,0.0,-57000000.0,0.0,318.464,
32,STI,MRQ,2011-09-30,2011-09-30,2011-09-30,2019-11-01,2026000000.0,172553000000.0,,,,,37.975,-69000000.0,5500000000.0,5500000000.0,0.0,214000000.0,,7.542,19776000000.0,,,19776000000.0,0.0,191000000.0,126251000000.0,0.004,0.05,260000000.0,451000000.0,0.248,451000000.0,260000000.0,260000000.0,0.4,0.39,0.4,20200000000.0,,20200000000.0,22525942204.0,24.0,13.219,572000000.0,1.075,1.0,1819000000.0,1.0,7482000000.0,0.0,179347000000.0,,0.0,150908000000.0,,,152353000000.0,,,9636942204.0,-1287000000.0,-2000000.0,0.0,1169000000.0,-27000000.0,2461000000.0,-4389000000.0,-4318000000.0,641000000.0,0.0,215000000.0,211000000.0,211000000.0,0.0,-1000000.0,0.116,1561000000.0,258000000.0,0.0,0.125,0.477,17.946,17.26,1559000000.0,4000000.0,17.95,1.363,1.351,0.0,8933000000.0,1819000000.0,1819000000.0,0.0,,,,,-24000000.0,1089000000.0,1.0,536877003.0,531928000,535395000.0,3.42,165071000000.0,0.0,45000000.0,0.0,310.326,
33,STI,MRQ,2011-06-30,2011-06-30,2011-06-30,2019-11-01,1668000000.0,172173000000.0,,,,,36.969,-8000000.0,6787000000.0,6787000000.0,0.0,179000000.0,,7.758,19676000000.0,,,19676000000.0,0.0,186000000.0,124921000000.0,0.002,0.01,236000000.0,422000000.0,0.237,422000000.0,236000000.0,236000000.0,0.33,0.33,0.33,19660000000.0,,19660000000.0,28418731917.0,34.0,17.586,1185000000.0,2.228,1.0,1779000000.0,1.0,7882000000.0,0.0,177180000000.0,,0.0,148023000000.0,,,152513000000.0,,,13851731917.0,570000000.0,-18000000.0,1000000.0,-1177000000.0,-8000000.0,-248000000.0,-375000000.0,-349000000.0,1193000000.0,0.0,178000000.0,174000000.0,174000000.0,0.0,1000000.0,0.098,1543000000.0,236000000.0,0.0,0.03,0.705,33.785,31.852,1536000000.0,4000000.0,25.8,2.002,1.983,0.0,8745000000.0,1779000000.0,1779000000.0,0.0,,,,,12000000.0,1089000000.0,1.0,536888834.0,531792000,535416000.0,3.345,164291000000.0,0.0,58000000.0,0.0,308.938,
34,STI,MRQ,2011-03-31,2011-03-31,2011-03-31,2019-11-01,1425000000.0,170794000000.0,,,,,38.471,-1000000.0,6217000000.0,6217000000.0,0.0,187000000.0,,7.885,20784000000.0,,,20784000000.0,0.0,186000000.0,123985000000.0,0.001,0.01,213000000.0,399000000.0,0.237,399000000.0,213000000.0,213000000.0,0.08,0.08,0.08,19223000000.0,,19223000000.0,28533164391.0,50.0,20.949,1904000000.0,3.811,1.0,1685000000.0,1.0,7983000000.0,0.0,177378000000.0,,0.0,147101000000.0,,,151571000000.0,,,14434164391.0,839000000.0,0.0,1016000000.0,1208000000.0,-67000000.0,-1752000000.0,686000000.0,687000000.0,1905000000.0,0.0,180000000.0,38000000.0,38000000.0,0.0,7000000.0,0.023,1465000000.0,220000000.0,0.0,0.125,0.751,80.19,77.946,1575000000.0,142000000.0,28.84,2.184,2.18,0.0,8575000000.0,1685000000.0,1685000000.0,0.0,,,,,12000000.0,1083000000.0,1.0,500491137.0,499669000,503503000.0,3.372,162811000000.0,0.0,33000000.0,0.0,325.838,
35,STI,MRQ,2010-12-31,2010-12-31,2010-12-31,2019-11-01,1616000000.0,172874000000.0,,,,,46.66,-96000000.0,5378000000.0,5378000000.0,0.0,192000000.0,,6.474,19469000000.0,,,19469000000.0,0.0,203000000.0,123044000000.0,0.001,0.01,229000000.0,432000000.0,0.242,432000000.0,229000000.0,229000000.0,0.23,0.23,0.23,23130000000.0,,23130000000.0,34212587900.0,8553.0,42.395,275000000.0,0.555,1.0,1786000000.0,1.0,7894000000.0,0.0,179071000000.0,,0.0,149572000000.0,,,149744000000.0,,,14753794900.0,1223000000.0,-6000000.0,0.0,-4086000000.0,-57000000.0,-1443000000.0,2295000000.0,2397000000.0,371000000.0,0.0,184000000.0,114000000.0,114000000.0,0.0,8000000.0,0.064,1546000000.0,240000000.0,0.0,0.043,0.638,-169.584,-163.944,1620000000.0,70000000.0,29.51,2.487,2.464,0.0,8542000000.0,1786000000.0,1786000000.0,0.0,,,,,35000000.0,1103000000.0,1.0,499959163.0,495715000,499431000.0,3.603,164980000000.0,0.0,45000000.0,0.0,332.812,
36,STI,MRQ,2010-09-30,2010-09-30,2010-09-30,2019-11-01,2064925000.0,174702690000.0,,,,,47.301,-67000000.0,4155200000.0,4155200000.0,0.0,157000000.0,,6.454,23613993000.0,,,23613993000.0,0.0,196000000.0,120344178000.0,0.002,0.01,167000000.0,363000000.0,0.217,363000000.0,167000000.0,167000000.0,0.17,0.17,0.17,23437574000.0,,23437574000.0,30043127674.0,-41.0,280.149,1414000000.0,2.854,1.0,1670000000.0,1.0,7527380000.0,0.0,186634103000.0,,0.0,152042464000.0,,,151265116000.0,,,12913297674.0,-638000000.0,0.0,0.0,963000000.0,-67000000.0,2572000000.0,-4691000000.0,-4624000000.0,1481000000.0,0.0,153000000.0,84000000.0,84000000.0,0.0,4000000.0,0.05,1487000000.0,183000000.0,0.0,0.059,0.551,-24.975,-26.629,1567629000.0,69000000.0,25.83,2.536,2.514,0.0,8431253000.0,1670000000.0,1670000000.0,0.0,,,,,-2000000.0,1046000000.0,1.0,499934095.0,495501000,498802000.0,3.37,167175310000.0,0.0,14000000.0,0.0,337.386,
37,STI,MRQ,2010-06-30,2010-06-30,2010-06-30,2019-11-01,1744917000.0,170668470000.0,,,,,46.48,-41000000.0,4793175000.0,4793175000.0,0.0,15000000.0,,6.413,21923005000.0,,,21923005000.0,0.0,206000000.0,118668103000.0,0.002,0.01,-38000000.0,168000000.0,0.114,168000000.0,-38000000.0,-38000000.0,-0.11,-0.11,-0.11,23023894000.0,,23023894000.0,28215535009.0,-18.0,-42.554,995000000.0,2.009,1.0,1468000000.0,1.0,7766255000.0,0.0,180032045000.0,,0.0,146718296000.0,,,147644576000.0,,,11647368009.0,-1517000000.0,-4000000.0,0.0,-944000000.0,-68000000.0,-1093000000.0,-1460000000.0,-1415000000.0,1036000000.0,0.0,12000000.0,-56000000.0,-56000000.0,0.0,3000000.0,-0.038,1440000000.0,28000000.0,0.0,-0.091,0.506,-11.907,-12.263,1547294000.0,68000000.0,23.3,2.773,2.748,0.0,8358155000.0,1468000000.0,1468000000.0,0.0,,,,,15000000.0,1016000000.0,1.0,499887039.0,495351000,498499000.0,2.964,162902215000.0,0.0,-50000000.0,0.0,328.862,
38,STI,MRQ,2010-03-31,2010-03-31,2010-03-31,2019-11-01,1306379000.0,171796255000.0,,,,,45.697,-48000000.0,6309673000.0,6309673000.0,0.0,-159000000.0,,6.595,22877840000.0,,,22877840000.0,0.0,198000000.0,118749436000.0,0.005,0.01,-355000000.0,-157000000.0,-0.156,-157000000.0,-355000000.0,-355000000.0,-0.46,-0.46,-0.46,22619926000.0,,22619926000.0,29241565215.0,-16.0,-31.714,1282000000.0,2.59,1.0,1008000000.0,1.0,8122797000.0,0.0,180241625000.0,,0.0,146777071000.0,,,149176329000.0,,,13377588215.0,-687000000.0,0.0,0.0,-1974000000.0,-67000000.0,-5154000000.0,3137000000.0,3185000000.0,1330000000.0,0.0,-161000000.0,-229000000.0,-229000000.0,0.0,2000000.0,-0.227,1370000000.0,-362000000.0,0.0,-0.022,0.591,-12.311,-12.177,1553786000.0,68000000.0,26.79,3.403,3.374,0.0,8419219000.0,1008000000.0,1008000000.0,0.0,,,,,18000000.0,1007000000.0,1.0,499350064.0,495000000,498000000.0,2.036,163673458000.0,0.0,-194000000.0,0.0,330.653,
39,STI,MRQ,2009-12-31,2009-12-31,2009-12-31,2019-11-01,1070000000.0,174165000000.0,,,,,45.519,-51326000.0,6997000000.0,6997000000.0,0.0,-245917000.0,,6.73,22862000000.0,,,22862000000.0,0.0,243882000.0,121863000000.0,0.011,0.01,-510642000.0,-266760000.0,-0.282,-266760000.0,-510642000.0,-510642000.0,-0.57,-0.57,-0.57,22531000000.0,,22531000000.0,28069872219.0,-11.0,-18.763,1275342000.0,2.577,1.0,945031000.0,1.0,8030000000.0,0.0,182000000000.0,,0.0,148682000000.0,,,151634000000.0,,,10127763219.0,1839665000.0,-7957000.0,265000.0,-265025000.0,-67685000.0,2202225000.0,-1689228000.0,-1629945000.0,1326668000.0,0.0,-248432000.0,-316047000.0,-316047000.0,0.0,2515000.0,-0.334,1534614000.0,-589583000.0,0.0,-0.018,0.45,-5.844,-5.098,1552000000.0,67615000.0,20.29,2.463,2.148,0.0,8563000000.0,945031000.0,945031000.0,0.0,,,,,19994000.0,1026456000.0,1.0,499150479.0,494980000,503612000.0,1.909,166135000000.0,0.0,-262210000.0,0.0,335.64,
40,STI,MRQ,2009-09-30,2009-09-30,2009-09-30,2019-11-01,1152151000.0,172717747000.0,,,,,46.357,-51854000.0,5157737000.0,5157737000.0,0.0,-314211000.0,,6.54,23099846000.0,,,23099846000.0,0.0,245702000.0,119331042000.0,0.057,0.01,-652997000.0,-407295000.0,-0.523,-407295000.0,-652997000.0,-652997000.0,-0.76,-0.76,-0.76,22908284000.0,,22908284000.0,34913884103.0,-13.0,-20.661,5318905000.0,10.763,1.0,778580000.0,1.0,7918518000.0,0.0,182741338000.0,,0.0,146837960000.0,,,149809463000.0,,,11248560103.0,1900053000.0,-107000.0,568000.0,-4068707000.0,-59596000.0,-3610865000.0,140159000.0,192120000.0,5370759000.0,0.0,-316941000.0,-377144000.0,-377144000.0,0.0,2730000.0,-0.484,1416571000.0,-637991000.0,0.0,-0.013,0.491,-6.278,-4.757,1553342000.0,60203000.0,22.55,2.744,2.718,0.0,8886150000.0,778580000.0,778580000.0,0.0,,,,,12450000.0,983105000.0,1.0,498827499.0,494169000,494169000.0,1.576,164799229000.0,0.0,-336056000.0,0.0,333.488,
41,STI,MRQ,2009-06-30,2009-06-30,2009-06-30,2019-11-01,823986000.0,176734971000.0,,,,,57.492,-61694000.0,3257684000.0,3257684000.0,0.0,-179864000.0,,6.7,26923008000.0,,,26923008000.0,0.0,241431000.0,118801471000.0,0.125,0.1,-332417000.0,-90986000.0,-0.076,-90986000.0,-332417000.0,-332417000.0,-0.41,-0.41,-0.41,22953158000.0,,22953158000.0,29460993425.0,-17.0,-35.984,-1981785000.0,-4.964,1.0,1199151000.0,1.0,7831865000.0,0.0,192568430000.0,,0.0,155155778000.0,,,153781813000.0,,,5869426425.0,-3803315000.0,110407000.0,1829167000.0,-3859826000.0,-103286000.0,-2523578000.0,640354000.0,591641000.0,-1920091000.0,0.0,-183460000.0,-164428000.0,-164428000.0,0.0,3596000.0,-0.137,1464527000.0,-265376000.0,0.0,-0.244,0.256,-5.286,-5.289,1545990000.0,-19032000.0,16.45,1.118,1.251,0.0,9271388000.0,1199151000.0,1199151000.0,0.0,,,,,21169000.0,1010344000.0,1.0,356804038.0,399242000,400633000.0,3.004,168903106000.0,0.0,-148957000.0,0.0,423.059,
42,STI,MRQ,2009-03-31,2009-03-31,2009-03-31,2019-11-01,1034015000.0,179116402000.0,,,,,61.607,-47126000.0,7060999000.0,7060999000.0,0.0,-812008000.0,,7.275,30652566000.0,,,30652566000.0,0.0,234985000.0,118972175000.0,0.232,0.1,-965944000.0,-730959000.0,-0.615,-730959000.0,-965944000.0,-965944000.0,-2.49,-2.49,-2.49,21645626000.0,,21645626000.0,33847468119.0,-55.0,153.723,-1782462000.0,-5.073,1.0,1189238000.0,1.0,7412764000.0,0.0,195295205000.0,,0.0,154994748000.0,,,157470776000.0,,,4187445119.0,423597000.0,-15343000.0,0.0,-5379442000.0,-98433000.0,166218000.0,1992715000.0,2055184000.0,-1735336000.0,0.0,-815167000.0,-875381000.0,-875381000.0,0.0,3159000.0,-0.736,2107288000.0,-918050000.0,0.0,-0.04,0.193,-10.068,-9.949,1546600000.0,60214000.0,11.74,0.679,0.668,0.0,9466914000.0,1189238000.0,1189238000.0,0.0,,,,,23387000.0,1040095000.0,1.0,356681867.0,351352000,351352000.0,3.385,171703638000.0,0.0,-150777000.0,0.0,488.694,
43,STI,MRQ,2008-12-31,2008-12-31,2008-12-31,2019-11-01,981125000.0,189137961000.0,,,,,64.146,-80619000.0,6637402000.0,6637402000.0,0.0,-345254000.0,,7.406,36297425000.0,,,36297425000.0,0.0,195419000.0,113328384000.0,0.115,1.08,-656046000.0,-460627000.0,-0.494,-460627000.0,-656046000.0,-656046000.0,-1.08,-1.07,-1.08,22500805000.0,,22500805000.0,38979413102.0,53.0,25.099,304823000.0,0.869,1.0,932191000.0,1.0,8078930000.0,0.0,210719054000.0,,0.0,158772381000.0,,,166637156000.0,,,10460388102.0,2067074000.0,-93262000.0,3826000.0,2850362000.0,-211829000.0,4917090000.0,-3235458000.0,-3061348000.0,385442000.0,0.0,-347361000.0,-374920000.0,-374920000.0,0.0,2107000.0,-0.402,1485781000.0,-553590000.0,0.0,-1.0,0.465,14.117,13.934,1547892000.0,27559000.0,29.54,1.58,1.558,0.0,10388984000.0,932191000.0,932191000.0,0.0,,,,,26216000.0,967434000.0,1.0,354109279.0,350773000,351161000.0,2.658,181059031000.0,0.0,-308685000.0,0.0,516.172,
44,STI,MRQ,2008-09-30,2008-09-30,2008-09-30,2019-11-01,888290000.0,174776760000.0,,,,,51.315,-59518000.0,4570527000.0,4570527000.0,0.0,315235000.0,,8.734,33089552000.0,,,33089552000.0,0.0,204178000.0,115911881000.0,0.068,0.77,259677000.0,463855000.0,0.241,463855000.0,259677000.0,259677000.0,0.87,0.87,0.87,17956025000.0,,17956025000.0,42660001650.0,32.0,19.854,551951000.0,1.577,1.0,1927763000.0,1.0,8452834000.0,0.0,194842951000.0,,0.0,153006771000.0,,,156820735000.0,,,15912468650.0,-937139000.0,61761000.0,3337000.0,1378629000.0,-277264000.0,-2594465000.0,1045857000.0,890724000.0,611469000.0,0.0,312444000.0,304397000.0,304397000.0,0.0,2791000.0,0.158,1617339000.0,310424000.0,0.0,0.885,0.886,14.356,14.103,1518451000.0,8047000.0,44.99,2.25,2.226,0.0,10959830000.0,1927763000.0,1927763000.0,0.0,,,,,26933000.0,1186940000.0,1.0,353689012.0,349916000,350970000.0,5.509,166323926000.0,0.0,-52767000.0,0.0,475.325,
45,STI,MRQ,2008-06-30,2008-06-30,2008-06-30,2019-11-01,921935000.0,177232727000.0,,,,,51.352,-47676000.0,5507666000.0,5507666000.0,0.0,543553000.0,,8.897,32255199000.0,,,32255199000.0,0.0,204750000.0,119579163000.0,0.083,0.77,743166000.0,947916000.0,0.447,947916000.0,743166000.0,743166000.0,1.52,1.52,1.52,17907152000.0,,17907152000.0,43376428699.0,27.0,17.631,2117245000.0,6.072,1.0,2121699000.0,1.0,8498071000.0,0.0,195482189000.0,,0.0,154521390000.0,,,159325575000.0,,,12716656699.0,244621000.0,239041000.0,2023000.0,-3797505000.0,-276966000.0,-2121281000.0,200981000.0,-47454000.0,2164921000.0,0.0,540362000.0,529968000.0,529968000.0,0.0,3191000.0,0.25,1350381000.0,771318000.0,0.0,0.507,0.71,10.452,10.319,1533579000.0,10394000.0,36.22,1.814,1.802,0.0,10924650000.0,2121699000.0,2121699000.0,0.0,,,,,23945000.0,1002839000.0,1.0,351094884.0,348714000,349783000.0,6.084,168734656000.0,0.0,202804000.0,0.0,483.877,
46,STI,MRQ,2008-03-31,2008-03-31,2008-03-31,2019-11-01,1908909000.0,178986947000.0,,,,,53.181,-34187000.0,5263045000.0,5263045000.0,0.0,293466000.0,,8.711,35922817000.0,,,35922817000.0,0.0,219653000.0,116179280000.0,0.054,0.77,382203000.0,601856000.0,0.368,601856000.0,382203000.0,382203000.0,0.81,0.81,0.81,18431448000.0,,18431448000.0,48766833855.0,26.0,18.033,419981000.0,1.212,1.0,1637347000.0,1.0,8353301000.0,0.0,201293418000.0,,0.0,155959483000.0,,,160555499000.0,,,19229688855.0,-379556000.0,153460000.0,16814000.0,581514000.0,-275941000.0,-1338344000.0,504620000.0,158078000.0,454168000.0,0.0,290555000.0,281555000.0,281555000.0,0.0,2911000.0,0.172,1233499000.0,403848000.0,0.0,0.951,1.043,14.133,14.138,1506777000.0,9000000.0,55.14,2.696,2.679,0.0,10661250000.0,1637347000.0,1637347000.0,0.0,,,,,14906000.0,1018787000.0,1.0,348742997.0,346581000,348072000.0,4.724,170633646000.0,0.0,91648000.0,0.0,492.334,
47,STI,MRQ,2007-12-31,2007-12-31,2007-12-31,2019-11-01,1607149000.0,179573933000.0,,,,,52.193,-77511000.0,5642601000.0,5642601000.0,0.0,23848000.0,,8.947,35179746000.0,,,35179746000.0,0.0,203651000.0,117842650000.0,0.047,0.73,-68592000.0,135059000.0,0.097,135059000.0,-68592000.0,-68592000.0,-0.01,0.0,-0.01,18052518000.0,,18052518000.0,50282923458.0,22.0,16.476,-146249000.0,-0.423,1.0,1386749000.0,1.0,8284488000.0,0.0,200826590000.0,,0.0,156670671000.0,,,161521415000.0,,,21756158458.0,481908000.0,-30026000.0,13476000.0,2465131000.0,-261541000.0,4201355000.0,-3650709000.0,-4367428000.0,-68738000.0,0.0,11124000.0,-7529000.0,-7529000.0,0.0,12724000.0,-0.005,1442443000.0,-55694000.0,0.0,-73.0,1.205,13.658,13.704,1595691000.0,18653000.0,62.49,2.907,2.917,0.0,10646640000.0,1386749000.0,1386749000.0,0.0,,,,,16873000.0,991771000.0,1.0,348154240.0,345881000,348020000.0,4.009,171289445000.0,0.0,-79716000.0,0.0,495.227,
48,STI,MRQ,2007-09-30,2007-09-30,2007-09-30,2019-11-01,1251968000.0,175857229000.0,,,,,51.733,-45142000.0,4192140000.0,4192140000.0,0.0,420164000.0,,8.82,32718905000.0,,,32718905000.0,0.0,202355000.0,115859713000.0,0.037,0.73,573062000.0,775417000.0,0.416,775417000.0,573062000.0,573062000.0,1.19,1.18,1.19,17907247000.0,,17907247000.0,54353607570.0,18.0,14.209,3397247000.0,9.814,1.0,1864307000.0,1.0,8239170000.0,0.0,196144824000.0,,0.0,154108641000.0,,,157949982000.0,,,26431143570.0,-263723000.0,-10576000.0,22703000.0,510047000.0,-261517000.0,-6757378000.0,3051266000.0,3023963000.0,3442389000.0,0.0,420164000.0,412638000.0,412638000.0,0.0,0.0,0.221,1281445000.0,582862000.0,0.0,0.613,1.476,12.592,12.696,1879945000.0,7526000.0,75.67,3.294,3.264,0.0,10897059000.0,1864307000.0,1864307000.0,0.0,,,,,13010000.0,968952000.0,1.0,349294880.0,346150000,349592000.0,5.386,167618059000.0,0.0,152898000.0,0.0,484.235,
49,STI,MRQ,2007-06-30,2007-06-30,2007-06-30,2019-11-01,920888000.0,180314372000.0,,,,,49.345,8788000.0,4280421000.0,4280421000.0,0.0,681431000.0,,9.381,32202885000.0,,,32202885000.0,0.0,198013000.0,122890702000.0,0.031,0.73,994032000.0,1192045000.0,0.531,1192045000.0,994032000.0,994032000.0,1.91,1.89,1.91,17368853000.0,,17368853000.0,60956420696.0,19.0,15.256,-4050305000.0,-11.507,1.0,2245226000.0,1.0,8187510000.0,0.0,200049326000.0,,0.0,159127216000.0,,,162945519000.0,,,30576918696.0,650652000.0,0.0,-781917000.0,-2075790000.0,-266651000.0,-3667118000.0,8376863000.0,8240769000.0,-4059093000.0,0.0,681431000.0,673912000.0,673912000.0,0.0,0.0,0.3,1251194000.0,994032000.0,0.0,0.382,1.76,13.761,13.718,1930551000.0,7519000.0,85.74,3.771,3.722,0.0,10739449000.0,2245226000.0,2245226000.0,0.0,,,,,13432000.0,993142000.0,1.0,356623731.0,351987000,356008000.0,6.379,172126862000.0,0.0,312601000.0,0.0,489.015,
50,STI,MRQ,2007-03-31,2007-03-31,2007-03-31,2019-11-01,1185226000.0,186384841000.0,,,,,50.838,-72566000.0,3889931000.0,3889931000.0,0.0,521296000.0,,9.373,34269433000.0,,,34269433000.0,0.0,198323000.0,123438275000.0,0.031,0.73,751027000.0,949350000.0,0.478,949350000.0,751027000.0,751027000.0,1.45,1.44,1.45,17968538000.0,,17968538000.0,58132921757.0,20.0,15.379,4343711000.0,12.29,1.0,1987024000.0,1.0,8190180000.0,0.0,208574163000.0,,0.0,165538779000.0,,,168416303000.0,,,29501184757.0,-533981000.0,-42287000.0,78353000.0,1064387000.0,-267160000.0,300939000.0,-5251197000.0,-5136344000.0,4416277000.0,0.0,521296000.0,513933000.0,513933000.0,0.0,0.0,0.259,1235997000.0,751027000.0,0.0,0.503,1.642,14.101,14.195,1995647000.0,7363000.0,83.04,3.755,3.736,0.0,10325246000.0,1987024000.0,1987024000.0,0.0,,,,,4521000.0,980047000.0,1.0,355264749.0,353448000,357214000.0,5.622,178194661000.0,0.0,229731000.0,0.0,504.161,
51,STI,MRQ,2006-12-31,2006-12-31,2006-12-31,2019-11-01,925949000.0,182161609000.0,,,,,50.232,-114657000.0,5307745000.0,5307745000.0,0.0,506354000.0,,9.226,32889436000.0,,,32889436000.0,0.0,214315000.0,124021629000.0,0.029,0.61,694272000.0,908587000.0,0.471,908587000.0,694272000.0,694272000.0,1.41,1.4,1.41,17813606000.0,,17813606000.0,58328607831.0,20.0,15.36,703144000.0,1.983,1.0,1928049000.0,1.0,8071844000.0,0.0,201671456000.0,,0.0,160079278000.0,,,164348003000.0,,,29907185831.0,54167000.0,113750000.0,-814139000.0,353328000.0,-223643000.0,-1047879000.0,284245000.0,294809000.0,817801000.0,0.0,506354000.0,498625000.0,498625000.0,0.0,0.0,0.259,1222112000.0,705937000.0,0.0,0.433,1.679,14.176,14.387,1977412000.0,7729000.0,84.45,3.802,3.859,0.0,10541152000.0,1928049000.0,1928049000.0,0.0,,,,,6150000.0,938960000.0,1.0,354140744.0,354625000,358242000.0,5.437,174089765000.0,0.0,187918000.0,0.0,490.912,
52,STI,MRQ,2006-09-30,2006-09-30,2006-09-30,2019-11-01,1178764000.0,183104553000.0,,,,,51.379,-64101000.0,4106155000.0,4106155000.0,0.0,535588000.0,,8.85,32527577000.0,,,32527577000.0,0.0,202438000.0,124392950000.0,0.031,0.61,743256000.0,945694000.0,0.485,945694000.0,743256000.0,743256000.0,1.48,1.47,1.48,18589307000.0,,18589307000.0,55325716323.0,18.0,14.493,-340416000.0,-0.941,1.0,1948755000.0,1.0,8023103000.0,0.0,203502872000.0,,0.0,162028384000.0,,,164515246000.0,,,28192230323.0,66786000.0,0.0,-69290000.0,1165759000.0,-220302000.0,923236000.0,-580135000.0,-611761000.0,-276315000.0,0.0,535588000.0,535588000.0,535588000.0,0.0,0.0,0.275,1205499000.0,743256000.0,0.0,0.412,1.517,13.238,13.076,1917318000.0,0.0,77.28,3.58,3.55,0.0,10258441000.0,1948755000.0,1948755000.0,0.0,,,,,1099000.0,944815000.0,1.0,364806293.0,361805000,365121000.0,5.386,175081450000.0,0.0,207668000.0,0.0,483.911,
53,STI,MRQ,2006-06-30,2006-06-30,2006-06-30,2019-11-01,776520000.0,181143444000.0,,,,,48.23,-81565000.0,4243809000.0,4243809000.0,0.0,544002000.0,,9.396,31377295000.0,,,31377295000.0,0.0,198075000.0,124852437000.0,0.03,0.61,778260000.0,976335000.0,0.49,976335000.0,778260000.0,778260000.0,1.51,1.49,1.51,17423920000.0,,17423920000.0,55242130599.0,18.0,14.47,-2171557000.0,-6.011,1.0,1992353000.0,1.0,8041568000.0,0.0,200235362000.0,,0.0,160109073000.0,,,163719524000.0,,,27730234599.0,-161988000.0,0.0,37868000.0,-381322000.0,-222444000.0,2515606000.0,-587602000.0,-557098000.0,-2089992000.0,0.0,544002000.0,544002000.0,544002000.0,0.0,0.0,0.273,1214093000.0,778260000.0,0.0,0.404,1.592,13.175,13.036,1905672000.0,0.0,76.26,3.535,3.512,0.0,9943155000.0,1992353000.0,1992353000.0,0.0,,,,,8974000.0,966715000.0,1.0,363627519.0,361267000,364391000.0,5.515,173101876000.0,0.0,234258000.0,0.0,479.152,
54,STI,MRQ,2006-03-31,2006-03-31,2006-03-31,2019-11-01,894360000.0,178876476000.0,,,,,47.668,-73931000.0,4239939000.0,4239939000.0,0.0,531527000.0,,9.426,31751835000.0,,,31751835000.0,0.0,196053000.0,121775742000.0,0.031,0.61,770653000.0,966706000.0,0.484,966706000.0,770653000.0,770653000.0,1.48,1.46,1.48,17157448000.0,,17157448000.0,54490690460.0,19.0,14.668,5260516000.0,14.615,1.0,1997144000.0,1.0,8020568000.0,0.0,198367804000.0,,0.0,157824125000.0,,,161719028000.0,,,26379553460.0,-956826000.0,0.0,-43535000.0,-1358193000.0,-220908000.0,-1883040000.0,-4408233000.0,-4408328000.0,5334447000.0,0.0,531527000.0,531527000.0,531527000.0,0.0,0.0,0.266,1226491000.0,770653000.0,0.0,0.412,1.537,13.017,12.901,1876579000.0,0.0,72.76,3.426,3.401,0.0,9621597000.0,1997144000.0,1997144000.0,0.0,,,,,-5172000.0,972995000.0,1.0,362555710.0,359934000,363437000.0,5.549,170855908000.0,0.0,239126000.0,0.0,474.687,
55,STI,MRQ,2005-12-31,2005-12-31,2005-12-31,2019-11-01,938091000.0,179712841000.0,,,,,47.013,-93764000.0,4992108000.0,4992108000.0,0.0,518471000.0,,9.642,33103245000.0,,,33103245000.0,0.0,198720000.0,122053178000.0,0.03,0.55,729906000.0,928626000.0,0.479,928626000.0,729906000.0,729906000.0,1.44,1.43,1.44,16887395000.0,,16887395000.0,57278464923.0,20.0,15.695,-3029491000.0,-8.434,1.0,1936833000.0,1.0,7958135000.0,0.0,199865843000.0,,0.0,157872924000.0,,,162825446000.0,,,26295615923.0,846235000.0,0.0,28387000.0,-2069630000.0,-198661000.0,6084490000.0,-2302528000.0,-2209908000.0,-2935727000.0,0.0,518471000.0,518471000.0,518471000.0,0.0,0.0,0.268,1206927000.0,729906000.0,0.0,0.382,1.557,13.232,13.157,1854527000.0,0.0,72.76,3.48,3.457,0.0,9310978000.0,1936833000.0,1936833000.0,0.0,,,,,8964000.0,918950000.0,1.0,361402088.0,359204000,363175000.0,5.392,171754706000.0,0.0,211435000.0,0.0,478.154,
56,STI,MRQ,2005-09-30,2005-09-30,2005-09-30,2019-11-01,1138279000.0,172416096000.0,,,,,46.477,-37360000.0,4251284000.0,4251284000.0,0.0,510774000.0,,9.313,35234133000.0,,,35234133000.0,0.0,204318000.0,113730058000.0,0.031,0.55,741595000.0,945913000.0,0.493,945913000.0,741595000.0,741595000.0,1.42,1.4,1.42,16717750000.0,,16717750000.0,56898071324.0,20.0,15.958,-2332703000.0,-6.485,1.0,1918666000.0,1.0,7954504000.0,0.0,195444441000.0,,0.0,152305193000.0,,,155698346000.0,,,25178108324.0,-537657000.0,0.0,-102333000.0,-892917000.0,-199058000.0,2959934000.0,-1202248000.0,-1166537000.0,-2295343000.0,0.0,510774000.0,510774000.0,510774000.0,0.0,0.0,0.266,1177071000.0,741595000.0,0.0,0.387,1.506,13.083,12.981,1821137000.0,0.0,69.45,3.39,3.364,0.0,8991168000.0,1918666000.0,1918666000.0,0.0,,,,,7876000.0,893538000.0,1.0,362535757.0,359702000,363854000.0,5.334,164461592000.0,0.0,230821000.0,0.0,457.216,
57,STI,MRQ,2005-06-30,2005-06-30,2005-06-30,2019-11-01,1297962000.0,168952575000.0,,,,,46.357,-21176000.0,4500484000.0,4500484000.0,0.0,465700000.0,,9.15,36220447000.0,,,36220447000.0,0.0,199712000.0,109577098000.0,0.029,0.55,673982000.0,873694000.0,0.473,873694000.0,673982000.0,673982000.0,1.3,1.28,1.3,16646196000.0,,16646196000.0,56718140439.0,22.0,17.177,900406000.0,2.507,1.0,1846807000.0,1.0,7967914000.0,0.0,192704624000.0,,0.0,148967677000.0,,,152306379000.0,,,26112662439.0,36594000.0,0.0,38548000.0,1238987000.0,-198822000.0,3122226000.0,-4007214000.0,-3988005000.0,921582000.0,0.0,465700000.0,465700000.0,465700000.0,0.0,0.0,0.252,1172825000.0,673982000.0,0.0,0.423,1.569,14.65,13.786,1834935000.0,0.0,72.24,3.746,3.721,0.0,8679452000.0,1846807000.0,1846807000.0,0.0,,,,,9482000.0,873926000.0,1.0,361470964.0,359090000,363642000.0,5.143,160984661000.0,0.0,208282000.0,0.0,448.313,
58,STI,MRQ,2005-03-31,2005-03-31,2005-03-31,2019-11-01,1090596000.0,164810954000.0,,,,,44.952,-49350000.0,4195880000.0,4195880000.0,0.0,492294000.0,,9.234,34801358000.0,,,34801358000.0,0.0,180334000.0,107534884000.0,0.028,0.55,720912000.0,901246000.0,0.486,901246000.0,720912000.0,720912000.0,1.37,1.36,1.37,16104259000.0,,16104259000.0,55657077008.0,22.0,17.611,-458580000.0,-1.28,1.0,1854818000.0,1.0,7934875000.0,0.0,187481557000.0,,0.0,144347734000.0,,,148706695000.0,,,26005096008.0,471495000.0,0.0,-25297000.0,1371636000.0,-198430000.0,5325301000.0,-4444576000.0,-4395777000.0,-409230000.0,0.0,492294000.0,492294000.0,492294000.0,0.0,0.0,0.265,1133906000.0,720912000.0,0.0,0.401,1.615,15.267,13.522,1857681000.0,0.0,72.07,3.931,3.903,0.0,8412574000.0,1854818000.0,1854818000.0,0.0,,,,,9243000.0,878003000.0,1.0,360831081.0,358253000,363138000.0,5.177,156876079000.0,0.0,228618000.0,0.0,437.892,
59,STI,MRQ,2004-12-31,2004-12-31,2004-12-31,2019-11-01,1276950000.0,158869784000.0,,,,,44.663,-76737000.0,3892670000.0,3892670000.0,0.0,455729000.0,,8.937,33544651000.0,,,33544651000.0,0.0,187454000.0,103361251000.0,0.027,0.5,657116000.0,844570000.0,0.468,844570000.0,657116000.0,657116000.0,1.26,1.25,1.26,15986899000.0,,15986899000.0,52564221563.0,23.0,17.976,-1539794000.0,-4.302,1.0,1806108000.0,1.0,7867464000.0,0.0,180654301000.0,,0.0,139677365000.0,,,142882885000.0,,,27392783563.0,665362000.0,-1074001000.0,70614000.0,-289804000.0,-180088000.0,4083493000.0,-1955074000.0,-804576000.0,-1463057000.0,0.0,455729000.0,455729000.0,455729000.0,0.0,0.0,0.252,1148992000.0,657116000.0,0.0,0.397,1.713,17.415,14.072,1860415000.0,0.0,73.88,4.451,3.594,0.0,8118710000.0,1806108000.0,1806108000.0,0.0,,,,,5954000.0,857601000.0,1.0,370774006.0,357947000,363093000.0,5.046,151002320000.0,0.0,201387000.0,0.0,421.857,
60,STI,MRQ,2004-09-30,2004-09-30,2004-09-30,2019-11-01,1297506000.0,127785985000.0,,,,,36.149,-52740000.0,3661545000.0,3661545000.0,0.0,368766000.0,,11.616,28832983000.0,,,28832983000.0,0.0,149550000.0,83096061000.0,0.028,0.5,532943000.0,682493000.0,0.467,682493000.0,532943000.0,532943000.0,1.31,1.3,1.31,10128517000.0,,10128517000.0,42831302629.0,20.0,15.655,1389456000.0,4.959,1.0,1462792000.0,1.0,1888437000.0,0.0,151068986000.0,,0.0,115884507000.0,,,117657468000.0,,,19911262629.0,-941715000.0,0.0,-23586000.0,1584845000.0,-141200000.0,-1012583000.0,-1371328000.0,-1318942000.0,1442196000.0,0.0,368766000.0,368766000.0,368766000.0,0.0,0.0,0.252,929849000.0,532943000.0,0.0,0.382,1.966,13.641,13.645,1624474000.0,0.0,70.41,3.477,3.445,0.0,7843069000.0,1462792000.0,1462792000.0,0.0,,,,,6744000.0,738236000.0,1.0,282790266.0,280185000,283502000.0,5.221,125897548000.0,0.0,164177000.0,0.0,449.337,
61,STI,MRQ,2004-06-30,2004-06-30,2004-06-30,2019-11-01,1477675000.0,128176523000.0,,,,,35.948,-36344000.0,4085889000.0,4085889000.0,0.0,386571000.0,,11.742,27005929000.0,,,27005929000.0,0.0,168201000.0,85528703000.0,0.029,0.5,563818000.0,732019000.0,0.491,732019000.0,563818000.0,563818000.0,1.39,1.36,1.39,10059759000.0,,10059759000.0,43178055382.0,21.0,15.638,890983000.0,3.184,1.0,1492267000.0,1.0,1886274000.0,0.0,149210289000.0,,0.0,115743305000.0,,,118116764000.0,,,18354688382.0,1070487000.0,-191649000.0,17217000.0,-790035000.0,-141062000.0,3745719000.0,-3602559000.0,-3375683000.0,927327000.0,0.0,386571000.0,386571000.0,386571000.0,0.0,0.0,0.259,928449000.0,563818000.0,0.0,0.36,1.825,12.903,12.895,1615562000.0,0.0,64.99,3.282,3.252,0.0,7615503000.0,1492267000.0,1492267000.0,0.0,,,,,7208000.0,730565000.0,1.0,282423271.0,279840000,283116000.0,5.333,126290249000.0,0.0,177247000.0,0.0,451.294,
62,STI,MRQ,2004-03-31,2004-03-31,2004-03-31,2019-11-01,1781660000.0,125250052000.0,,,,,36.111,-72188000.0,3380574000.0,3380574000.0,0.0,361835000.0,,11.409,28203941000.0,,,28203941000.0,0.0,161940000.0,80869594000.0,0.027,0.5,503149000.0,665089000.0,0.477,665089000.0,503149000.0,503149000.0,1.29,1.28,1.29,10093810000.0,,10093810000.0,44780334630.0,23.0,16.155,200930000.0,0.719,1.0,1392897000.0,1.0,1707863000.0,0.0,148365556000.0,,0.0,113704152000.0,,,115156242000.0,,,19670719630.0,-626569000.0,0.0,18148000.0,1580437000.0,-140959000.0,1138435000.0,-2038122000.0,-1966807000.0,273118000.0,0.0,361835000.0,361835000.0,361835000.0,0.0,0.0,0.26,889748000.0,503149000.0,0.0,0.388,1.949,14.397,14.403,1621241000.0,0.0,69.71,3.634,3.6,0.0,7369994000.0,1392897000.0,1392897000.0,0.0,,,,,6052000.0,709585000.0,1.0,282179309.0,279523000,283523000.0,4.983,123542189000.0,0.0,141314000.0,0.0,441.975,
63,STI,MRQ,2003-12-31,2003-12-31,2003-12-31,2019-11-01,1664092000.0,125250483000.0,,,,,34.896,-60189000.0,3947982000.0,3947982000.0,0.0,342507000.0,,11.871,28943328000.0,,,28943328000.0,0.0,161760000.0,81189519000.0,0.025,0.45,494512000.0,656272000.0,0.476,656272000.0,494512000.0,494512000.0,1.17,1.21,1.17,9731166000.0,,9731166000.0,47190367001.0,25.0,16.91,3302443000.0,11.843,1.0,1379306000.0,1.0,1717257000.0,0.0,148528572000.0,,0.0,114033202000.0,,,115519317000.0,,,20129396001.0,592402000.0,0.0,-16487000.0,-1620999000.0,-126564000.0,-1039901000.0,-1730329000.0,-1670140000.0,3362632000.0,0.0,342507000.0,342507000.0,342507000.0,0.0,0.0,0.248,884794000.0,494512000.0,0.0,0.385,2.069,15.109,15.116,1595307000.0,0.0,71.5,3.791,3.747,0.0,7149118000.0,1379306000.0,1379306000.0,0.0,,,,,3757000.0,710226000.0,1.0,281530014.0,278859000,282550000.0,4.946,123533226000.0,0.0,152005000.0,0.0,442.995,
64,STI,MRQ,2003-09-30,2003-09-30,2003-09-30,2019-11-01,1418820000.0,126654376000.0,,,,,33.196,-49493000.0,3721954000.0,3721954000.0,0.0,331583000.0,,12.71,30782925000.0,,,30782925000.0,0.0,240106000.0,80467217000.0,0.029,0.45,467614000.0,707720000.0,0.533,707720000.0,467614000.0,467614000.0,1.19,1.18,1.19,9238413000.0,,9238413000.0,41046053021.0,22.0,14.825,138469000.0,0.498,1.0,1327479000.0,1.0,1690429000.0,0.0,152024918000.0,,0.0,115669964000.0,,,117415963000.0,,,16993274021.0,-1529344000.0,0.0,-3489000.0,-297508000.0,-126331000.0,2766077000.0,-4483383000.0,-4447822000.0,187962000.0,0.0,331583000.0,331583000.0,331583000.0,0.0,0.0,0.25,859865000.0,467614000.0,0.0,0.378,1.839,12.777,12.656,1577885000.0,0.0,60.37,3.275,3.238,0.0,6933175000.0,1327479000.0,1327479000.0,0.0,,,,,3604000.0,667817000.0,1.0,281485407.0,278296000,281567000.0,4.77,124963947000.0,0.0,136031000.0,0.0,449.032,
65,STI,MRQ,2003-06-30,2003-06-30,2003-06-30,2019-11-01,1564477000.0,120857299000.0,,,,,33.089,-25270000.0,4106710000.0,4106710000.0,0.0,330359000.0,,12.167,28159489000.0,,,28159489000.0,0.0,266852000.0,77275660000.0,0.03,0.45,475915000.0,742767000.0,0.565,742767000.0,475915000.0,475915000.0,1.19,1.17,1.19,9178703000.0,,9178703000.0,40031275692.0,22.0,14.775,572946000.0,2.065,1.0,1313643000.0,1.0,1675857000.0,0.0,143234221000.0,,0.0,109843224000.0,,,111678596000.0,,,16620760692.0,1007373000.0,-34261000.0,12197000.0,387862000.0,-125658000.0,-877250000.0,1286407000.0,1345938000.0,598216000.0,0.0,330359000.0,330359000.0,330359000.0,0.0,0.0,0.251,837728000.0,475915000.0,0.0,0.378,1.811,12.39,12.388,1573382000.0,0.0,59.34,3.248,3.217,0.0,6727923000.0,1313643000.0,1313643000.0,0.0,,,,,3962000.0,672313000.0,1.0,280093709.0,277397000,280287000.0,4.736,119181442000.0,0.0,145556000.0,0.0,429.642,
66,STI,MRQ,2003-03-31,2003-03-31,2003-03-31,2019-11-01,1380812000.0,120062147000.0,,,,,31.218,-22656000.0,3828047000.0,3828047000.0,0.0,327848000.0,,12.803,27238562000.0,,,27238562000.0,0.0,212824000.0,78006376000.0,0.033,0.45,471097000.0,683921000.0,0.53,683921000.0,471097000.0,471097000.0,1.18,1.17,1.18,8698289000.0,,8698289000.0,34097319984.0,18.0,12.934,-56991000.0,-0.205,1.0,1289326000.0,1.0,1577160000.0,0.0,141895502000.0,,0.0,108665173000.0,,,111363858000.0,,,14866958984.0,-307352000.0,0.0,-146428000.0,3502572000.0,-126843000.0,1538525000.0,-1811542000.0,-1788886000.0,-34335000.0,0.0,327848000.0,327848000.0,327848000.0,0.0,0.0,0.254,818229000.0,471097000.0,0.0,0.381,1.709,10.974,10.923,1588353000.0,0.0,52.65,2.911,2.873,0.0,6523222000.0,1289326000.0,1289326000.0,0.0,,,,,2874000.0,656850000.0,1.0,282373390.0,278631000,281330000.0,4.627,118484987000.0,0.0,143249000.0,0.0,425.24,
67,STI,MRQ,2002-12-31,2002-12-31,2002-12-31,2019-11-01,1509470000.0,117322523000.0,,,,,31.281,-22397000.0,4466014000.0,4466014000.0,0.0,340250000.0,,12.378,23696375000.0,,,23696375000.0,0.0,212336000.0,79706628000.0,0.03,0.43,421918000.0,634254000.0,0.504,634254000.0,421918000.0,421918000.0,1.21,1.2,1.21,8769496000.0,,8769496000.0,35247560341.0,19.0,14.426,-2454867000.0,-8.757,1.0,1258325000.0,1.0,1575919000.0,0.0,134976965000.0,,0.0,106240851000.0,,,108553027000.0,,,16145256341.0,-485880000.0,0.0,-151378000.0,-66629000.0,-121397000.0,5568738000.0,-3622148000.0,-3599751000.0,-2432470000.0,0.0,340250000.0,340250000.0,340250000.0,0.0,0.0,0.27,836407000.0,421918000.0,0.0,0.355,1.841,12.123,12.085,1607200000.0,0.0,56.92,3.202,3.189,0.0,6322217000.0,1258325000.0,1258325000.0,0.0,,,,,1397000.0,415641000.0,1.0,283648214.0,280341783,283568378.0,4.489,115746604000.0,0.0,81668000.0,0.0,412.877,
68,STI,MRQ,2002-09-30,2002-09-30,2002-09-30,2019-11-01,1657239000.0,112422026000.0,,,,,31.343,-35057000.0,4601333000.0,4601333000.0,0.0,342993000.0,,11.705,23703637000.0,,,23703637000.0,0.0,169377000.0,73807961000.0,0.027,0.43,479146000.0,648523000.0,0.517,648523000.0,479146000.0,479146000.0,1.21,1.2,1.21,8848394000.0,,8848394000.0,36179680316.0,19.0,15.122,-224013000.0,-0.794,1.0,1255298000.0,1.0,1605447000.0,0.0,129918883000.0,,0.0,100453257000.0,,,103573632000.0,,,17522244316.0,540332000.0,0.0,-79142000.0,1106005000.0,-122341000.0,2975423000.0,-2246135000.0,-2178968000.0,-188956000.0,0.0,342993000.0,342993000.0,342993000.0,0.0,0.0,0.273,776152000.0,479146000.0,0.0,0.355,1.98,12.996,12.943,1628267000.0,0.0,61.48,3.526,3.492,0.0,6103364000.0,1255298000.0,1255298000.0,0.0,,,,,-325000.0,611353000.0,1.0,285007227.0,282309551,285991438.0,4.447,110816579000.0,0.0,136153000.0,0.0,392.536,
69,STI,MRQ,2002-06-30,2002-06-30,2002-06-30,2019-11-01,1945698000.0,107988132000.0,,,,,31.756,-61336000.0,3926071000.0,3926071000.0,0.0,343685000.0,,11.004,22583507000.0,,,22583507000.0,0.0,159535000.0,71745926000.0,0.025,0.43,510075000.0,669610000.0,0.513,669610000.0,510075000.0,510075000.0,1.22,1.2,1.22,8996278000.0,,8996278000.0,38135024442.0,20.0,16.606,369412000.0,1.304,1.0,1304057000.0,1.0,1635579000.0,0.0,125009989000.0,,0.0,97441123000.0,,,98991854000.0,,,18029145442.0,1133188000.0,0.0,11789000.0,-1007797000.0,-122798000.0,1128518000.0,-426078000.0,-379329000.0,430748000.0,0.0,343685000.0,343685000.0,343685000.0,0.0,0.0,0.264,793982000.0,510075000.0,0.0,0.352,2.004,13.46,14.378,1631295000.0,0.0,67.72,3.614,3.845,0.0,5882712000.0,1304057000.0,1304057000.0,0.0,,,,,1146000.0,638145000.0,1.0,266230736.0,283293239,287288121.0,4.603,106352553000.0,0.0,166390000.0,0.0,375.415,
70,STI,MRQ,2002-03-31,2002-03-31,2002-03-31,2019-11-01,1759260000.0,106244822000.0,,,,,30.196,-4455000.0,3477469000.0,3477469000.0,0.0,304881000.0,,11.387,23583348000.0,,,23583348000.0,0.0,78717000.0,69506807000.0,0.024,0.43,412185000.0,490902000.0,0.401,490902000.0,412185000.0,412185000.0,1.07,1.06,1.07,8577289000.0,,8577289000.0,39225193079.0,20.0,17.206,673796000.0,2.372,1.0,1225064000.0,1.0,1628117000.0,0.0,124722584000.0,,0.0,96177174000.0,,,97667533000.0,,,19168451079.0,-1539389000.0,1160333000.0,-69177000.0,-998091000.0,-123007000.0,-3712665000.0,1495025000.0,321624000.0,678251000.0,0.0,304881000.0,304881000.0,304881000.0,0.0,0.0,0.249,812879000.0,412185000.0,0.0,0.402,2.235,14.274,14.198,1623543000.0,0.0,66.73,3.841,3.798,0.0,5661825000.0,1225064000.0,1225064000.0,0.0,,,,,1741000.0,637447000.0,1.0,287253875.0,284054605,287375269.0,4.313,104616705000.0,0.0,107304000.0,0.0,368.298,
71,STI,MRQ,2001-12-31,2001-12-31,2001-12-31,2019-11-01,1655253000.0,104740644000.0,,,,,29.268,-28533000.0,4414935000.0,4414935000.0,0.0,356722000.0,,11.529,24471677000.0,,,24471677000.0,0.0,96530000.0,67536422000.0,0.026,0.4,486961000.0,583491000.0,0.492,583491000.0,486961000.0,486961000.0,1.25,1.24,1.25,8359568000.0,,8359568000.0,40971293998.0,20.0,17.166,-759412000.0,-2.659,1.0,1185660000.0,1.0,811276000.0,0.0,123986110000.0,,0.0,94906859000.0,,,96381076000.0,,,18108699998.0,781568000.0,0.0,-17691000.0,-2066706000.0,-115169000.0,2210802000.0,-698355000.0,-630365000.0,-730879000.0,0.0,356722000.0,356722000.0,356722000.0,0.0,0.0,0.301,716523000.0,469137000.0,0.0,0.32,2.166,13.165,13.117,1584869000.0,0.0,62.7,3.601,3.587,0.0,5479951000.0,1185660000.0,1185660000.0,0.0,,,,,-4027000.0,360611000.0,1.0,288814992.0,285623390,289293566.0,4.151,103929368000.0,0.0,130239000.0,0.0,363.869,
72,STI,MRQ,2001-09-30,2001-09-30,2001-09-30,2019-11-01,1721529000.0,103262035000.0,,,,,28.714,-12124000.0,3712630000.0,3712630000.0,0.0,334144000.0,,11.593,26575224000.0,,,26575224000.0,0.0,55221000.0,63126054000.0,0.024,0.4,497262000.0,552483000.0,0.434,552483000.0,497262000.0,497262000.0,1.17,1.15,1.17,8199899000.0,,8199899000.0,40773372689.0,20.0,17.295,-118967000.0,-0.417,1.0,1274074000.0,1.0,858073000.0,0.0,125266556000.0,,0.0,93478783000.0,,,95062136000.0,,,19221536689.0,442934000.0,0.0,12690000.0,1296313000.0,-115070000.0,980310000.0,-430533000.0,-430501000.0,-106843000.0,0.0,334144000.0,334144000.0,334144000.0,0.0,0.0,0.262,776812000.0,497262000.0,0.0,0.342,2.344,14.247,14.261,1589726000.0,0.0,66.6,3.828,3.788,0.0,5238398000.0,1274074000.0,1274074000.0,0.0,,,,,1293000.0,629319000.0,1.0,288611662.0,285570284,289601031.0,4.462,102403962000.0,0.0,163118000.0,0.0,358.595,
73,STI,MRQ,2001-06-30,2001-06-30,2001-06-30,2019-11-01,1627842000.0,100822534000.0,,,,,27.349,-40168000.0,3756548000.0,3756548000.0,0.0,347146000.0,,11.806,25308384000.0,,,25308384000.0,0.0,128394000.0,63339677000.0,0.024,0.4,524438000.0,652832000.0,0.5,652832000.0,524438000.0,524438000.0,1.21,1.19,1.21,7873155000.0,,7873155000.0,44086831451.0,22.0,18.663,160531000.0,0.558,1.0,1306100000.0,1.0,849161000.0,0.0,121525209000.0,,0.0,91638569000.0,,,92949379000.0,,,18915023451.0,186507000.0,0.0,-209757000.0,-3369585000.0,-115716000.0,-3078045000.0,3063853000.0,3089683000.0,200699000.0,0.0,347146000.0,347146000.0,347146000.0,0.0,0.0,0.266,763838000.0,542262000.0,0.0,0.331,2.402,14.096,14.052,1590308000.0,0.0,64.78,3.833,3.779,0.0,5019324000.0,1306100000.0,1306100000.0,0.0,,,,,1684000.0,595973000.0,1.0,291988630.0,287877855,291677416.0,4.537,99973373000.0,0.0,177292000.0,0.0,347.277,
74,STI,MRQ,2001-03-31,2001-03-31,2001-03-31,2019-11-01,1608444000.0,103726385000.0,,,,,26.834,-8399000.0,3502244000.0,3502244000.0,0.0,337525000.0,,12.247,28674052000.0,,,28674052000.0,0.0,77226000.0,62722664000.0,0.023,0.4,520779000.0,598005000.0,0.473,598005000.0,520779000.0,520779000.0,1.16,1.14,1.16,7830400000.0,,7830400000.0,36867238352.0,19.0,16.393,-525625000.0,-1.801,1.0,1263476000.0,1.0,868541000.0,0.0,128029652000.0,,0.0,94738334000.0,,,95895985000.0,,,19204046352.0,-892317000.0,0.0,-295479000.0,6962845000.0,-117574000.0,-260881000.0,-114210000.0,-118838000.0,-517226000.0,0.0,337525000.0,337525000.0,337525000.0,0.0,0.0,0.267,742697000.0,520779000.0,0.0,0.345,2.452,14.635,14.529,1605144000.0,0.0,64.8,3.989,3.928,0.0,6531995000.0,1263476000.0,1263476000.0,0.0,,,,,1050000.0,595746000.0,1.0,296358740.0,291804986,295832464.0,4.33,102857844000.0,0.0,183254000.0,0.0,352.488,
75,STI,MRQ,2000-12-31,2000-12-31,2000-12-31,2019-11-01,1942774000.0,103660374000.0,,,,,28.086,-49144000.0,4124324000.0,4124324000.0,0.0,330372000.0,,11.581,21787516000.0,,,21787516000.0,0.0,74623000.0,69533337000.0,0.023,0.37,479622000.0,554245000.0,0.471,554245000.0,479622000.0,479622000.0,1.13,1.11,1.13,8239208000.0,,8239208000.0,35284146433.0,18.0,15.897,-54735000.0,-0.187,1.0,1177486000.0,1.0,810860000.0,0.0,120512706000.0,,0.0,94307741000.0,,,95421166000.0,,,18661418433.0,752694000.0,0.0,-59605000.0,1946795000.0,-109196000.0,2158461000.0,-1400176000.0,-1364733000.0,-5591000.0,0.0,330372000.0,330372000.0,330372000.0,0.0,0.0,0.281,697864000.0,479622000.0,0.0,0.327,2.265,14.42,14.483,1629071000.0,0.0,63.0,3.93,3.952,0.0,6312044000.0,1177486000.0,1177486000.0,0.0,,,,,2754000.0,405747000.0,1.0,296212991.0,293355327,296429309.0,4.014,102849514000.0,0.0,149250000.0,0.0,350.597,
76,STI,MRQ,2000-09-30,2000-09-30,2000-09-30,2019-11-01,1565694000.0,100714752000.0,,,,,26.043,-26198000.0,3211340000.0,3211340000.0,0.0,326820000.0,,12.084,19834068000.0,,,19834068000.0,0.0,75558000.0,69152870000.0,0.029,0.37,481573000.0,557131000.0,0.469,557131000.0,481573000.0,481573000.0,1.11,1.1,1.11,7697803000.0,,7697803000.0,32025555420.0,16.0,14.124,465568000.0,1.575,1.0,1188143000.0,1.0,812079000.0,0.0,116525401000.0,,0.0,92174932000.0,,,93016949000.0,,,14869344420.0,169770000.0,0.0,-199010000.0,-173382000.0,-109915000.0,-5872000.0,-316124000.0,-306386000.0,491766000.0,0.0,326820000.0,326820000.0,326820000.0,0.0,0.0,0.275,706570000.0,481573000.0,0.0,0.333,1.932,10.67,10.891,1618907000.0,0.0,49.88,3.21,3.183,0.0,6090868000.0,1188143000.0,1188143000.0,0.0,,,,,1928000.0,567705000.0,1.0,298102334.0,295574838,298558479.0,4.02,99902673000.0,0.0,154753000.0,0.0,337.995,
77,STI,MRQ,2000-06-30,2000-06-30,2000-06-30,2019-11-01,1466668000.0,99957644000.0,,,,,25.349,-39880000.0,2855808000.0,2855808000.0,0.0,317469000.0,,12.189,20003910000.0,,,20003910000.0,0.0,74002000.0,68676435000.0,0.031,0.37,465523000.0,539525000.0,0.455,539525000.0,465523000.0,465523000.0,1.06,1.05,1.06,7578954000.0,,7578954000.0,29550404582.0,15.0,13.032,-467140000.0,-1.562,1.0,1185307000.0,1.0,800728000.0,0.0,116305018000.0,,0.0,91792448000.0,,,92378690000.0,,,13818753582.0,-168012000.0,0.0,-27509000.0,677629000.0,-111273000.0,2875054000.0,-2615806000.0,-2579317000.0,-427260000.0,0.0,317469000.0,317469000.0,317469000.0,0.0,0.0,0.268,719784000.0,465523000.0,0.0,0.349,1.823,9.955,10.199,1631331000.0,0.0,45.69,2.979,2.945,0.0,5873963000.0,1185307000.0,1185307000.0,0.0,,,,,2044000.0,579462000.0,1.0,302445909.0,298985834,302140506.0,3.964,99156916000.0,0.0,148054000.0,0.0,331.644,
78,STI,MRQ,2000-03-31,2000-03-31,2000-03-31,2019-11-01,1177157000.0,96318905000.0,,,,,23.425,-30599000.0,3615651000.0,3615651000.0,0.0,319439000.0,,12.549,19332340000.0,,,19332340000.0,0.0,75774000.0,66340228000.0,0.024,0.37,492838000.0,568612000.0,0.475,568612000.0,492838000.0,492838000.0,1.05,1.04,1.05,7108712000.0,,7108712000.0,38221195527.0,20.0,16.973,463863000.0,1.529,1.0,1197153000.0,1.0,780677000.0,0.0,111254917000.0,,0.0,87861875000.0,,,89210193000.0,,,17772801527.0,-882466000.0,0.0,-341583000.0,-5035956000.0,-113023000.0,749137000.0,-2126065000.0,-2120870000.0,494462000.0,0.0,319439000.0,319439000.0,319439000.0,0.0,0.0,0.267,704315000.0,492838000.0,0.0,0.352,2.5,13.027,13.306,1630717000.0,0.0,57.75,3.828,3.775,0.0,5667767000.0,1197153000.0,1197153000.0,0.0,,,,,2682000.0,593620000.0,1.0,307754139.0,303461233,306738634.0,3.945,95538228000.0,0.0,173399000.0,0.0,314.828,
79,STI,MRQ,1999-12-31,1999-12-31,1999-12-31,2019-11-01,1562822000.0,95389968000.0,,,,,24.315,-48243000.0,3931924000.0,3931924000.0,0.0,429794000.0,,11.507,24380318000.0,,,24380318000.0,0.0,91432000.0,60100529000.0,0.02,0.345,510698000.0,602130000.0,0.567,602130000.0,510698000.0,510698000.0,1.36,1.35,1.36,7626862000.0,,7626862000.0,41669451224.0,22.0,19.086,166542000.0,0.531,1.0,1061929000.0,1.0,804632000.0,0.0,115033730000.0,,0.0,86827581000.0,,,87763106000.0,,,22016797224.0,478003000.0,0.0,-817395000.0,1322987000.0,-109428000.0,1853155000.0,-1589937000.0,-1520183000.0,214785000.0,0.0,429794000.0,429794000.0,429794000.0,0.0,0.0,0.405,753879000.0,308050000.0,0.0,0.254,2.887,16.596,16.462,1636484000.0,0.0,68.81,4.785,4.742,0.0,5461351000.0,1061929000.0,1061929000.0,0.0,,,,,3858000.0,451183000.0,1.0,319965081.0,313669938,317662524.0,3.385,94585336000.0,0.0,80904000.0,0.0,301.544,
80,STI,MRQ,1999-09-30,1999-09-30,1999-09-30,2019-11-01,1281393000.0,92755402000.0,,,,,24.63,-42630000.0,3615265000.0,3615265000.0,0.0,321406000.0,,10.834,23226400000.0,,,23226400000.0,0.0,54579000.0,58644062000.0,0.02,0.345,502747000.0,557326000.0,0.467,557326000.0,502747000.0,502747000.0,1.01,1.0,1.01,7838080000.0,,7838080000.0,38607512367.0,23.0,20.05,1555169000.0,4.887,1.0,1194531000.0,1.0,831478000.0,0.0,111535059000.0,,0.0,84333889000.0,,,84917322000.0,,,21153049367.0,-162178000.0,0.0,-121591000.0,1975437000.0,-110614000.0,26685000.0,-1786662000.0,-1772967000.0,1597799000.0,0.0,321406000.0,321406000.0,321406000.0,0.0,0.0,0.269,691784000.0,502747000.0,0.0,0.342,2.699,20.056,19.804,1632184000.0,0.0,65.75,4.582,4.533,0.0,5140985000.0,1194531000.0,1194531000.0,0.0,,,,,4958000.0,568524000.0,1.0,321719382.0,318238977,322222668.0,3.754,91923924000.0,0.0,181341000.0,0.0,288.852,
81,STI,MRQ,1999-06-30,1999-06-30,1999-06-30,2019-11-01,1729615000.0,93219881000.0,,,,,25.738,-58719000.0,3786251000.0,3786251000.0,0.0,293663000.0,,10.378,21240714000.0,,,21240714000.0,0.0,70797000.0,60360085000.0,0.017,0.345,453008000.0,523805000.0,0.441,523805000.0,453008000.0,453008000.0,0.92,0.91,0.92,8192667000.0,,8192667000.0,40060560564.0,26.0,21.665,518939000.0,1.63,1.0,1188923000.0,1.0,819020000.0,0.0,109855324000.0,,0.0,84431758000.0,,,85027214000.0,,,22329392564.0,653075000.0,0.0,4032000.0,-31055000.0,-110588000.0,2294374000.0,-2218957000.0,-2191068000.0,577658000.0,0.0,293663000.0,293663000.0,293663000.0,0.0,0.0,0.247,735915000.0,453008000.0,0.0,0.375,2.726,22.107,21.768,1618936000.0,0.0,69.44,4.894,4.844,0.0,4930193000.0,1188923000.0,1188923000.0,0.0,,,,,3040000.0,593156000.0,1.0,321563833.0,318315379,322448490.0,3.735,92400861000.0,0.0,159345000.0,0.0,290.281,
82,STI,MRQ,1999-03-31,1999-03-31,1999-03-31,2019-11-01,1865836000.0,91122492000.0,,,,,25.586,-107587000.0,3529131000.0,3529131000.0,0.0,281737000.0,,10.196,21260299000.0,,,21260299000.0,0.0,68185000.0,57928100000.0,0.018,0.345,431852000.0,500037000.0,0.426,500037000.0,431852000.0,431852000.0,0.89,0.87,0.89,8138741000.0,,8138741000.0,37694568710.0,25.0,20.829,1108462000.0,3.485,1.0,1172750000.0,1.0,816621000.0,0.0,108037039000.0,,0.0,82435198000.0,,,82983751000.0,,,20001479710.0,-1526368000.0,0.0,7031000.0,-819784000.0,-110001000.0,-2027937000.0,-714480000.0,-634289000.0,1216049000.0,0.0,281737000.0,281737000.0,281737000.0,0.0,0.0,0.24,740898000.0,431852000.0,0.0,0.388,2.458,20.248,19.888,1587601000.0,0.0,62.25,4.47,4.425,0.0,4747118000.0,1172750000.0,1172750000.0,0.0,,,,,3701000.0,586840000.0,1.0,321308911.0,318090071,322363870.0,3.687,90305871000.0,0.0,150115000.0,0.0,283.9,
83,STI,MRQ,1998-12-31,1998-12-31,1998-12-31,2019-11-01,2088207000.0,93169932000.0,,,,,25.93,-82081000.0,4675834000.0,4675834000.0,0.0,157895000.0,,10.392,22368923000.0,,,22368923000.0,0.0,72905000.0,59033283000.0,0.013,0.25,271457000.0,344362000.0,0.325,344362000.0,271457000.0,271457000.0,0.5,0.49,0.5,8178644000.0,,8178644000.0,32838613858.0,22.0,18.439,-355297000.0,-1.126,1.0,1060093000.0,1.0,797045000.0,0.0,110065976000.0,,0.0,83344352000.0,,,84991288000.0,,,16031963858.0,1034057000.0,1437000.0,135500000.0,311635000.0,-90069000.0,5845759000.0,-4538486000.0,-4361849000.0,-273216000.0,0.0,157895000.0,157895000.0,157895000.0,0.0,0.0,0.149,788636000.0,271457000.0,0.0,0.5,1.96,16.51,24.838,1519711000.0,0.0,76.5,3.67,5.515,0.0,4575382000.0,1060093000.0,1060093000.0,0.0,,,,,3205000.0,444147000.0,1.0,209568155.0,315406537,320951989.0,3.361,92372887000.0,0.0,113562000.0,0.0,292.869,
84,STI,MRQ,1998-09-30,1998-09-30,1998-09-30,2019-11-01,1824272000.0,86456644000.0,,,,,24.187,-74934000.0,3084950000.0,3084950000.0,0.0,276760000.0,,10.399,21834734000.0,,,21834734000.0,0.0,72837000.0,53544590000.0,0.016,0.25,408076000.0,480913000.0,0.421,480913000.0,408076000.0,408076000.0,0.88,0.87,0.88,7584329000.0,,7584329000.0,29240467674.0,15.0,12.689,797250000.0,2.542,1.0,1141041000.0,1.0,763041000.0,0.0,104443387000.0,,0.0,78530755000.0,,,78872315000.0,,,12951026674.0,-970751000.0,0.0,25218000.0,1147319000.0,-88896000.0,-247972000.0,-1594963000.0,-1580935000.0,872184000.0,0.0,276760000.0,276760000.0,276760000.0,0.0,0.0,0.243,732965000.0,408076000.0,0.0,0.284,1.708,10.009,18.675,1498386000.0,0.0,62.0,2.485,3.73,0.0,4507556000.0,1141041000.0,1141041000.0,0.0,,,,,4411000.0,574936000.0,1.0,208887527.0,313571745,317919790.0,3.639,85693603000.0,0.0,131316000.0,0.0,273.282,
85,STI,MRQ,1998-06-30,1998-06-30,1998-06-30,2019-11-01,2625782000.0,87485205000.0,,,,,25.931,-56001000.0,3975179000.0,3975179000.0,0.0,271428000.0,,9.71,20670157000.0,,,20670157000.0,0.0,71932000.0,54876203000.0,0.012,0.25,412436000.0,484368000.0,0.44,484368000.0,412436000.0,412436000.0,0.86,0.85,0.86,8168371000.0,,8168371000.0,32315557857.0,18.0,15.267,-433959000.0,-1.378,1.0,1100532000.0,1.0,747887000.0,0.0,103432296000.0,,0.0,78673774000.0,,,79316834000.0,,,17165142857.0,395716000.0,0.0,-209756000.0,354244000.0,-89034000.0,1151105000.0,-377431000.0,-365788000.0,-377958000.0,0.0,271428000.0,271428000.0,271428000.0,0.0,0.0,0.247,688096000.0,412436000.0,0.0,0.291,2.101,14.476,25.018,1466260000.0,0.0,81.31,3.612,5.39,0.0,4319692000.0,1100532000.0,1100532000.0,0.0,,,,,2801000.0,546776000.0,1.0,211107402.0,314998914,319688680.0,3.494,86737318000.0,0.0,141008000.0,0.0,275.358,
86,STI,MRQ,1998-03-31,1998-03-31,1998-03-31,2019-11-01,2368278000.0,85910488000.0,,,,,25.138,-46016000.0,3547141000.0,3547141000.0,0.0,264934000.0,,9.826,20292179000.0,,,20292179000.0,0.0,64925000.0,53780552000.0,0.013,0.25,406337000.0,471262000.0,0.442,471262000.0,406337000.0,406337000.0,0.84,0.83,0.84,7935546000.0,,7935546000.0,25062255450.0,15.0,13.011,-1168255000.0,-3.701,1.0,1066723000.0,1.0,700875000.0,0.0,101954651000.0,,0.0,77243143000.0,,,77974942000.0,,,15936001450.0,-992385000.0,13420000.0,-37528000.0,2655618000.0,-84455000.0,1733403000.0,-1603549000.0,-1764630000.0,-1122239000.0,0.0,264934000.0,264934000.0,264934000.0,0.0,0.0,0.248,660386000.0,406337000.0,0.0,0.298,2.008,14.758,23.779,1457437000.0,0.0,75.38,3.689,5.508,0.0,4142522000.0,1066723000.0,1066723000.0,0.0,,,,,2354000.0,527681000.0,1.0,211408881.0,315677691,320386492.0,3.379,85209613000.0,0.0,141403000.0,0.0,269.926,
87,STI,MRQ,1997-12-31,1997-12-31,1997-12-31,2019-11-01,2048153000.0,82840820000.0,,,,,23.108,-140486000.0,4366174000.0,4366174000.0,0.0,480853000.0,,10.329,17764801000.0,,,17764801000.0,0.0,127972000.0,54580784000.0,0.013,0.25,739934000.0,867906000.0,0.456,867906000.0,739934000.0,739934000.0,0.74,0.73,0.74,7312091000.0,,7312091000.0,,,,312433000.0,0.987,1.0,1903983000.0,1.0,559533000.0,0.0,95679914000.0,,0.0,74453342000.0,,,75528729000.0,,,15090365926.0,1254083000.0,-11577000.0,-153004000.0,688046000.0,-182852000.0,2707746000.0,-1906582000.0,-1791748000.0,452919000.0,0.0,480853000.0,480853000.0,480853000.0,0.0,0.0,0.253,1164049000.0,739934000.0,0.0,0.338,2.064,15.463,23.175,1450280000.0,0.0,71.38,3.854,5.769,0.0,3967359000.0,1903983000.0,1903983000.0,0.0,,,,,2097000.0,793849000.0,1.0,211408881.0,316436000,320932000.0,6.017,82281287000.0,0.0,259081000.0,0.0,260.025,
88,STI,MRQ,1997-09-30,1997-09-30,1997-09-30,2019-11-01,1877883000.0,55554191000.0,,,,,24.234,-33597000.0,2638422000.0,2638422000.0,0.0,168578000.0,,10.001,14997671000.0,,,14997671000.0,0.0,36893000.0,36217054000.0,0.013,0.225,256312000.0,293205000.0,0.431,293205000.0,256312000.0,256312000.0,0.81,0.8,0.81,5050056000.0,,5050056000.0,,,,651154000.0,3.125,1.0,680660000.0,1.0,285765000.0,0.0,67627675000.0,,0.0,50245568000.0,,,50504135000.0,,,,58266000.0,122603000.0,-88982000.0,-225463000.0,-47183000.0,-100055000.0,-526430000.0,-614915000.0,684751000.0,0.0,168578000.0,168578000.0,168578000.0,0.0,0.0,0.248,424348000.0,256312000.0,0.0,0.278,,,,953567000.0,0.0,68.0,,,0.0,2972637000.0,680660000.0,680660000.0,0.0,,,,,2651000.0,347496000.0,1.0,,208391415,211670768.0,3.266,55268426000.0,0.0,87734000.0,0.0,265.215,
89,STI,MRQ,1997-06-30,1997-06-30,1997-06-30,2019-11-01,2064055000.0,55562804000.0,,,,,24.698,-34317000.0,2631506000.0,2631506000.0,0.0,165436000.0,,9.682,15481506000.0,,,15481506000.0,0.0,38650000.0,35832878000.0,0.016,0.225,255269000.0,293919000.0,0.44,293919000.0,255269000.0,255269000.0,0.78,0.77,0.78,5201654000.0,,5201654000.0,,,,83770000.0,0.398,1.0,668614000.0,1.0,275265000.0,0.0,68137539000.0,,0.0,49999197000.0,,,50361150000.0,,,,-686628000.0,0.0,-184873000.0,1914079000.0,-47884000.0,852891000.0,-1657606000.0,-1608738000.0,118087000.0,0.0,165436000.0,165436000.0,165436000.0,0.0,0.0,0.247,413345000.0,255269000.0,0.0,0.288,,,,947783000.0,0.0,55.13,,,0.0,2851242000.0,668614000.0,668614000.0,0.0,,,,,2118000.0,341395000.0,1.0,,210608429,213571707.0,3.175,55287539000.0,0.0,89833000.0,0.0,262.513,
90,STI,MRQ,1997-03-31,1997-03-31,1997-03-31,2019-11-01,1667875000.0,53833279000.0,,,,,22.689,-202065000.0,2813635000.0,2813635000.0,0.0,161056000.0,,10.039,12956152000.0,,,12956152000.0,0.0,36878000.0,36661309000.0,0.018,0.225,248084000.0,284962000.0,0.43,284962000.0,248084000.0,248084000.0,0.75,0.74,0.75,4876850000.0,,4876850000.0,,,,-349435000.0,-1.626,1.0,662088000.0,1.0,277216000.0,0.0,63698580000.0,,0.0,48197828000.0,,,48956429000.0,,,,-648837000.0,0.0,-251852000.0,1291112000.0,-48424000.0,761756000.0,-1263223000.0,-1053655000.0,-147370000.0,0.0,161056000.0,161056000.0,161056000.0,0.0,0.0,0.243,414004000.0,248084000.0,0.0,0.3,,,,944314000.0,0.0,46.38,,,0.0,3146532000.0,662088000.0,662088000.0,0.0,,,,,2330000.0,340495000.0,1.0,,214939509,218226968.0,3.08,53556063000.0,0.0,87028000.0,0.0,249.168,
91,STI,MRQ,1996-12-31,1996-12-31,1996-12-31,2019-11-01,1601778000.0,52568249000.0,,,,,15.133,,3050770000.0,3050770000.0,,,,9.639,11577455000.0,,,11577455000.0,0.0,,36890389000.0,0.017,0.225,,,,,,,,,,4940980000.0,,4940980000.0,,,,,,1.0,,,277736000.0,,60817198000.0,,0.0,47131710000.0,,,47627269000.0,,,,,,,,,,,,,,,,,,,,,,0.0,,,,18.726,768266000.0,,49.25,,4.405,0.0,3033900000.0,,,,,,,,,,1.0,,326502000,,,52290513000.0,0.0,,0.0,160.154,
0,STI,MRT,2019-09-30,2019-09-30,2019-09-30,2019-11-01,-149000000.0,227368000000.0,221406000000.0,,,0.041,59.665,-436000000.0,9184000000.0,9184000000.0,0.0,2557000000.0,,7.583,27513000000.0,,,27513000000.0,0.0,699000000.0,167671000000.0,0.03,2.06,3016000000.0,3715000000.0,0.408,3715000000.0,3016000000.0,3016000000.0,5.5,5.46,5.5,26489000000.0,25363500000.0,26489000000.0,55238941830.0,18.0,14.869,1247000000.0,2.809,1.0,9107000000.0,1.0,7979000000.0,0.0,237718000000.0,233514500000.0,0.0,197224000000.0,,,200879000000.0,,,30542941830.0,1579000000.0,0.0,-993000000.0,5375000000.0,-1019000000.0,10603000000.0,-10707000000.0,-10497000000.0,1683000000.0,0.0,2549000000.0,2446000000.0,2446000000.0,0.0,8000000.0,0.269,6083000000.0,3024000000.0,0.0,0.375,1.153,12.487,12.509,1985000000.0,103000000.0,68.8,3.354,3.354,0.0,20664000000.0,9107000000.0,9107000000.0,0.0,0.011,0.096,0.013,0.331,134000000.0,5055000000.0,1.0,443938108.0,443960000,446962000.0,20.513,219389000000.0,0.0,467000000.0,0.0,494.164,
1,STI,MRT,2019-06-30,2019-06-30,2019-06-30,2019-11-01,-401000000.0,222288000000.0,217383000000.0,,,0.042,58.273,-382000000.0,5028000000.0,5028000000.0,0.0,2686000000.0,,7.595,29724000000.0,,,29724000000.0,0.0,707000000.0,161132000000.0,0.032,2.0,3118000000.0,3825000000.0,0.419,3825000000.0,3118000000.0,3118000000.0,5.73,5.68,5.73,25862000000.0,24776000000.0,25862000000.0,49747433304.0,16.0,13.006,577000000.0,1.3,1.0,9119000000.0,1.0,8127000000.0,0.0,238857000000.0,228442250000.0,0.0,196234000000.0,,,196426000000.0,,,27894433304.0,-2220000000.0,0.0,-1493000000.0,12614000000.0,-1002000000.0,9751000000.0,-12930000000.0,-12348000000.0,959000000.0,0.0,2678000000.0,2575000000.0,2575000000.0,0.0,8000000.0,0.282,5993000000.0,3126000000.0,0.0,0.349,1.079,10.833,10.969,1963000000.0,103000000.0,62.85,3.059,3.059,0.0,20319000000.0,9119000000.0,9119000000.0,0.0,0.012,0.104,0.014,0.342,132000000.0,4991000000.0,1.0,443825510.0,443806000,446391000.0,20.547,214161000000.0,0.0,440000000.0,0.0,482.555,
2,STI,MRT,2019-03-31,2019-03-31,2019-03-31,2019-11-01,-966000000.0,220425000000.0,213687250000.0,,,0.042,55.962,-359000000.0,5932000000.0,5932000000.0,0.0,2720000000.0,,7.88,27785000000.0,,,27785000000.0,0.0,713000000.0,162152000000.0,0.032,1.9,3218000000.0,3931000000.0,0.438,3931000000.0,3218000000.0,3218000000.0,5.74,5.69,5.74,24823000000.0,24389500000.0,24823000000.0,42611863964.0,13.0,10.84,1587000000.0,3.578,1.0,8971000000.0,1.0,8294000000.0,0.0,233984000000.0,221021250000.0,0.0,193483000000.0,,,195602000000.0,,,26262863964.0,-1372000000.0,0.0,-1826000000.0,13739000000.0,-964000000.0,10670000000.0,-13988000000.0,-13429000000.0,1946000000.0,0.0,2712000000.0,2609000000.0,2609000000.0,0.0,8000000.0,0.291,5745000000.0,3226000000.0,0.0,0.331,1.058,10.066,10.322,1997000000.0,103000000.0,59.25,2.928,2.93,0.0,19882000000.0,8971000000.0,8971000000.0,0.0,0.012,0.107,0.015,0.359,121000000.0,4941000000.0,1.0,443255088.0,443566000,446662000.0,20.225,212131000000.0,0.0,506000000.0,0.0,478.24,
3,STI,MRT,2018-12-31,2018-12-31,2018-12-31,2019-11-01,-1420000000.0,215543000000.0,209802250000.0,,,0.043,52.677,-345000000.0,7495000000.0,7495000000.0,0.0,2784000000.0,,7.877,23844000000.0,,,23844000000.0,0.0,716000000.0,162589000000.0,0.036,1.8,3323000000.0,4039000000.0,0.449,4039000000.0,3323000000.0,3323000000.0,5.79,5.74,5.79,24280000000.0,24251000000.0,24280000000.0,37285946194.0,11.0,9.231,2224000000.0,4.825,1.0,9005000000.0,1.0,8393000000.0,0.0,223499000000.0,213404750000.0,0.0,188640000000.0,,,191263000000.0,,,22661946194.0,583000000.0,0.0,-1874000000.0,9661000000.0,-936000000.0,8165000000.0,-10151000000.0,-9542000000.0,2569000000.0,0.0,2775000000.0,2668000000.0,2668000000.0,0.0,9000000.0,0.296,5673000000.0,3332000000.0,0.0,0.311,0.933,8.494,8.712,2024000000.0,107000000.0,50.44,2.517,2.582,0.0,19522000000.0,9005000000.0,9005000000.0,0.0,0.013,0.11,0.016,0.369,140000000.0,4930000000.0,1.0,449285214.0,460922000,464961000.0,19.537,207150000000.0,0.0,548000000.0,0.0,449.425,
4,STI,MRT,2018-09-30,2018-09-30,2018-09-30,2019-11-01,-1874000000.0,211276000000.0,207407000000.0,,,0.043,52.447,-347000000.0,7605000000.0,7605000000.0,0.0,2865000000.0,,7.752,22229000000.0,,,22229000000.0,0.0,722000000.0,160378000000.0,0.025,1.7,3196000000.0,3918000000.0,0.439,3918000000.0,3196000000.0,3196000000.0,5.88,5.81,5.88,24139000000.0,24469500000.0,24139000000.0,40807246533.0,13.0,10.415,3962000000.0,8.608,1.0,8916000000.0,1.0,8471000000.0,0.0,217429000000.0,208903500000.0,0.0,184213000000.0,,,187137000000.0,,,30772246533.0,-673000000.0,261000000.0,-1446000000.0,5850000000.0,-902000000.0,1144000000.0,-6126000000.0,-5770000000.0,4309000000.0,0.0,2857000000.0,2746000000.0,2746000000.0,0.0,8000000.0,0.308,5712000000.0,3204000000.0,0.0,0.289,1.275,11.206,11.359,1555000000.0,111000000.0,66.79,3.451,3.448,0.0,19111000000.0,8916000000.0,8916000000.0,0.0,0.013,0.112,0.015,0.358,157000000.0,4895000000.0,1.0,460731345.0,460252000,464164000.0,19.372,202805000000.0,0.0,339000000.0,0.0,440.639,
5,STI,MRT,2018-06-30,2018-06-30,2018-06-30,2019-11-01,-1679000000.0,207505000000.0,206651000000.0,,,0.043,52.233,-373000000.0,7248000000.0,7248000000.0,0.0,2651000000.0,,7.534,17283000000.0,,,17283000000.0,0.0,727000000.0,161448000000.0,0.024,1.6,3112000000.0,3839000000.0,0.434,3839000000.0,3112000000.0,3112000000.0,5.37,5.31,5.37,24316000000.0,24565250000.0,24316000000.0,37647848963.0,12.0,9.807,2900000000.0,6.229,1.0,8839000000.0,1.0,8367000000.0,0.0,209173000000.0,206711000000.0,0.0,181560000000.0,,,183189000000.0,,,30687848963.0,-993000000.0,261000000.0,-1265000000.0,-49000000.0,-866000000.0,-616000000.0,-3650000000.0,-3484000000.0,3273000000.0,0.0,2643000000.0,2532000000.0,2532000000.0,0.0,8000000.0,0.286,5719000000.0,3120000000.0,0.0,0.298,1.262,12.12,12.294,1538000000.0,111000000.0,66.02,3.472,3.477,0.0,18616000000.0,8839000000.0,8839000000.0,0.0,0.012,0.103,0.015,0.352,157000000.0,4883000000.0,1.0,464826552.0,465529000,469339000.0,18.987,199138000000.0,0.0,469000000.0,0.0,427.767,
6,STI,MRT,2018-03-31,2018-03-31,2018-03-31,2019-11-01,-1522000000.0,204885000000.0,206580500000.0,,,0.042,51.777,-434000000.0,7304000000.0,7304000000.0,0.0,2457000000.0,,7.442,14264000000.0,,,14264000000.0,0.0,723000000.0,162379000000.0,0.021,1.46,2969000000.0,3692000000.0,0.425,3692000000.0,2969000000.0,2969000000.0,4.92,4.85,4.92,24269000000.0,24605500000.0,24269000000.0,39517143975.0,13.0,10.703,2892000000.0,6.17,1.0,8694000000.0,1.0,8327000000.0,0.0,203518000000.0,206571750000.0,0.0,179347000000.0,,,180616000000.0,,,31863143975.0,-970000000.0,261000000.0,-1175000000.0,-628000000.0,-782000000.0,-2324000000.0,-1972000000.0,-1620000000.0,3326000000.0,0.0,2449000000.0,2340000000.0,2340000000.0,0.0,8000000.0,0.269,5717000000.0,2977000000.0,0.0,0.297,1.313,13.617,13.829,1628000000.0,109000000.0,68.04,3.665,3.668,0.0,18107000000.0,8694000000.0,8694000000.0,0.0,0.011,0.095,0.014,0.341,158000000.0,4859000000.0,1.0,468300176.0,468723000,473620000.0,18.548,196558000000.0,0.0,520000000.0,0.0,419.348,
7,STI,MRT,2017-12-31,2017-12-31,2017-12-31,2019-11-01,-820000000.0,205962000000.0,206769750000.0,,,0.041,52.258,-410000000.0,6912000000.0,6912000000.0,0.0,2282000000.0,,7.188,14566000000.0,,,14566000000.0,0.0,727000000.0,160780000000.0,0.02,1.32,2805000000.0,3532000000.0,0.412,3532000000.0,2805000000.0,2805000000.0,4.53,4.47,4.53,25154000000.0,24409250000.0,25154000000.0,39197987036.0,14.0,11.098,5212000000.0,10.828,1.0,8578000000.0,1.0,8122000000.0,0.0,205494000000.0,206815500000.0,0.0,179776000000.0,,,180808000000.0,,,30746987036.0,489000000.0,261000000.0,-1293000000.0,-1701000000.0,-723000000.0,-2135000000.0,-2998000000.0,-2729000000.0,5622000000.0,0.0,2273000000.0,2179000000.0,2179000000.0,0.0,9000000.0,0.254,5764000000.0,2814000000.0,0.0,0.291,1.222,14.111,14.258,2053000000.0,94000000.0,64.59,3.584,3.624,0.0,17540000000.0,8578000000.0,8578000000.0,0.0,0.011,0.089,0.014,0.327,160000000.0,4856000000.0,1.0,476033241.0,481339000,486954000.0,17.821,197840000000.0,0.0,532000000.0,0.0,411.02,
8,STI,MRT,2017-09-30,2017-09-30,2017-09-30,2019-11-01,-735000000.0,208252000000.0,206498000000.0,,,0.041,51.274,-328000000.0,8278000000.0,8278000000.0,0.0,2007000000.0,,7.492,16729000000.0,,,16729000000.0,0.0,732000000.0,162737000000.0,0.02,1.18,2799000000.0,3531000000.0,0.418,3531000000.0,2799000000.0,2799000000.0,3.95,3.9,3.95,24522000000.0,24025250000.0,24522000000.0,38105766950.0,14.0,10.792,1941000000.0,4.058,1.0,8447000000.0,1.0,8044000000.0,0.0,208659000000.0,207184500000.0,0.0,183089000000.0,,,183730000000.0,,,28685766950.0,-1462000000.0,-165000000.0,-1201000000.0,-2000000.0,-637000000.0,2746000000.0,-6477000000.0,-5626000000.0,2269000000.0,0.0,1999000000.0,1916000000.0,1916000000.0,0.0,8000000.0,0.227,5640000000.0,2807000000.0,0.0,0.299,1.17,14.972,15.132,1616000000.0,83000000.0,59.77,3.396,3.384,0.0,17021000000.0,8447000000.0,8447000000.0,0.0,0.009,0.08,0.014,0.331,162000000.0,4756000000.0,1.0,479935870.0,478258000,483640000.0,17.662,200208000000.0,0.0,800000000.0,0.0,418.619,
9,STI,MRT,2017-06-30,2017-06-30,2017-06-30,2019-11-01,-777000000.0,207223000000.0,205707750000.0,,,0.041,50.686,-363000000.0,8241000000.0,8241000000.0,0.0,1943000000.0,,7.466,17661000000.0,,,17661000000.0,0.0,732000000.0,159873000000.0,0.018,1.04,2725000000.0,3457000000.0,0.412,3457000000.0,2725000000.0,2725000000.0,3.8,3.75,3.8,24477000000.0,24007000000.0,24477000000.0,34340770801.0,13.0,9.934,2280000000.0,4.721,1.0,8391000000.0,1.0,8027000000.0,0.0,208616000000.0,206181750000.0,0.0,182352000000.0,,,182746000000.0,,,27422770801.0,2976000000.0,-165000000.0,-1119000000.0,582000000.0,-576000000.0,6712000000.0,-6379000000.0,-5461000000.0,2643000000.0,0.0,1935000000.0,1861000000.0,1861000000.0,0.0,8000000.0,0.222,5658000000.0,2733000000.0,0.0,0.274,1.12,14.736,14.926,1594000000.0,74000000.0,56.72,3.268,3.264,0.0,16701000000.0,8391000000.0,8391000000.0,0.0,0.009,0.078,0.013,0.325,160000000.0,4741000000.0,1.0,483476213.0,482913000,488020000.0,17.376,199196000000.0,0.0,790000000.0,0.0,412.488,
10,STI,MRT,2017-03-31,2017-03-31,2017-03-31,2019-11-01,-867000000.0,205642000000.0,203625000000.0,,,0.041,47.918,-302000000.0,8274000000.0,8274000000.0,0.0,1907000000.0,,7.757,15192000000.0,,,15192000000.0,0.0,733000000.0,162853000000.0,0.018,1.02,2668000000.0,3401000000.0,0.41,3401000000.0,2668000000.0,2668000000.0,3.7,3.66,3.7,23484000000.0,24003750000.0,23484000000.0,37264131711.0,14.0,10.957,1473000000.0,3.006,1.0,8291000000.0,1.0,8067000000.0,0.0,204493000000.0,204861750000.0,0.0,181058000000.0,,,182158000000.0,,,27175131711.0,3947000000.0,-165000000.0,-1045000000.0,1804000000.0,-572000000.0,10837000000.0,-8665000000.0,-7931000000.0,1775000000.0,0.0,1899000000.0,1831000000.0,1831000000.0,0.0,8000000.0,0.221,5615000000.0,2676000000.0,0.0,0.276,1.157,14.842,14.946,1543000000.0,68000000.0,55.3,3.278,3.269,0.0,16322000000.0,8291000000.0,8291000000.0,0.0,0.009,0.076,0.013,0.322,159000000.0,4685000000.0,1.0,491412870.0,490091000,496002000.0,16.917,197575000000.0,0.0,769000000.0,0.0,403.139,
11,STI,MRT,2016-12-31,2016-12-31,2016-12-31,2019-11-01,-821000000.0,204875000000.0,200754000000.0,,,0.041,47.365,-283000000.0,6423000000.0,6423000000.0,0.0,1887000000.0,,7.675,16512000000.0,,,16512000000.0,0.0,725000000.0,160398000000.0,0.018,1.0,2683000000.0,3408000000.0,0.418,3408000000.0,2683000000.0,2683000000.0,3.63,3.6,3.63,23618000000.0,24146000000.0,23618000000.0,33945256807.0,13.0,9.96,-801000000.0,-1.606,1.0,8160000000.0,1.0,7994000000.0,0.0,206970000000.0,202677000000.0,0.0,182497000000.0,,,181257000000.0,,,26920256807.0,824000000.0,-188000000.0,-805000000.0,3511000000.0,-564000000.0,12649000000.0,-11307000000.0,-10492000000.0,-518000000.0,0.0,1878000000.0,1811000000.0,1811000000.0,0.0,9000000.0,0.222,5468000000.0,2692000000.0,0.0,0.275,1.14,14.865,15.11,1556000000.0,67000000.0,54.85,3.299,3.352,0.0,16000000000.0,8160000000.0,8160000000.0,0.0,0.009,0.075,0.013,0.329,126000000.0,4596000000.0,1.0,490797754.0,498638000,503466000.0,16.365,196881000000.0,0.0,805000000.0,0.0,394.838,
12,STI,MRT,2016-09-30,2016-09-30,2016-09-30,2019-11-01,115000000.0,205091000000.0,197239500000.0,,,0.041,49.262,-300000000.0,9740000000.0,9740000000.0,0.0,1906000000.0,,7.389,16765000000.0,,,16765000000.0,0.0,723000000.0,158842000000.0,0.022,0.98,2693000000.0,3416000000.0,0.424,3416000000.0,2693000000.0,2693000000.0,3.64,3.6,3.64,24449000000.0,24100750000.0,24449000000.0,33569360272.0,12.0,9.827,615000000.0,1.239,1.0,8062000000.0,1.0,7468000000.0,0.0,204648000000.0,198595750000.0,0.0,180277000000.0,,,180642000000.0,,,21713360272.0,4824000000.0,-23000000.0,-786000000.0,4533000000.0,-558000000.0,15609000000.0,-11700000000.0,-11272000000.0,915000000.0,0.0,1897000000.0,1829000000.0,1829000000.0,0.0,9000000.0,0.227,5360000000.0,2702000000.0,0.0,0.269,0.888,11.872,12.033,1510000000.0,68000000.0,43.8,2.693,2.696,0.0,15681000000.0,8062000000.0,8062000000.0,0.0,0.009,0.076,0.014,0.334,109000000.0,4523000000.0,1.0,495738819.0,496304000,500885000.0,16.244,197623000000.0,0.0,796000000.0,0.0,398.189,
13,STI,MRT,2016-06-30,2016-06-30,2016-06-30,2019-11-01,233000000.0,198892000000.0,192725750000.0,,,0.041,48.794,-216000000.0,5265000000.0,5265000000.0,0.0,1969000000.0,,7.13,17121000000.0,,,17121000000.0,0.0,731000000.0,152751000000.0,0.023,0.96,2728000000.0,3459000000.0,0.435,3459000000.0,2728000000.0,2728000000.0,3.73,3.69,3.73,24464000000.0,23904500000.0,24464000000.0,29717322506.0,11.0,8.591,2505000000.0,4.996,1.0,7952000000.0,1.0,7412000000.0,0.0,203336000000.0,194155500000.0,0.0,178536000000.0,,,174428000000.0,,,20586322506.0,-2023000000.0,-23000000.0,-725000000.0,1057000000.0,-552000000.0,7543000000.0,-12287000000.0,-11968000000.0,2721000000.0,0.0,1960000000.0,1891000000.0,1891000000.0,0.0,9000000.0,0.238,5215000000.0,2737000000.0,0.0,0.257,0.841,10.886,11.013,1474000000.0,69000000.0,41.08,2.589,2.59,0.0,15353000000.0,7952000000.0,7952000000.0,0.0,0.01,0.079,0.014,0.343,113000000.0,4444000000.0,1.0,501127617.0,501374000,505633000.0,15.86,191480000000.0,0.0,768000000.0,0.0,381.911,
14,STI,MRT,2016-03-31,2016-03-31,2016-03-31,2019-11-01,21000000.0,194158000000.0,190217250000.0,,,0.042,47.584,-177000000.0,4327000000.0,4327000000.0,0.0,1960000000.0,,7.072,13458000000.0,,,13458000000.0,0.0,756000000.0,152161000000.0,0.027,0.96,2720000000.0,3476000000.0,0.439,3476000000.0,2720000000.0,2720000000.0,3.68,3.64,3.68,24053000000.0,23594250000.0,24053000000.0,25710340360.0,9.0,7.397,3388000000.0,6.703,1.0,7927000000.0,1.0,7535000000.0,0.0,195754000000.0,190832250000.0,0.0,175125000000.0,,,170105000000.0,,,18220340360.0,-3411000000.0,-43000000.0,-721000000.0,-3871000000.0,-554000000.0,2488000000.0,-9464000000.0,-9116000000.0,3565000000.0,0.0,1951000000.0,1883000000.0,1883000000.0,0.0,9000000.0,0.238,5198000000.0,2729000000.0,0.0,0.261,0.758,9.676,9.804,1481000000.0,68000000.0,36.08,2.299,2.301,0.0,14999000000.0,7927000000.0,7927000000.0,0.0,0.01,0.08,0.014,0.343,111000000.0,4442000000.0,1.0,504998347.0,505482000,509931000.0,15.682,186623000000.0,0.0,769000000.0,0.0,369.198,
15,STI,MRT,2015-12-31,2015-12-31,2015-12-31,2019-11-01,-460000000.0,190817000000.0,189148000000.0,,,0.042,45.523,-186000000.0,5599000000.0,5599000000.0,0.0,1943000000.0,,7.142,13089000000.0,,,13089000000.0,0.0,786000000.0,149830000000.0,0.021,0.92,2697000000.0,3483000000.0,0.443,3483000000.0,2697000000.0,2697000000.0,3.62,3.58,3.62,23437000000.0,23396000000.0,23437000000.0,29301819849.0,11.0,8.413,3366000000.0,6.538,1.0,7867000000.0,1.0,7662000000.0,0.0,190645000000.0,189945500000.0,0.0,170472000000.0,,,167380000000.0,,,21831819849.0,-2630000000.0,-30000000.0,-662000000.0,-8892000000.0,-539000000.0,-866000000.0,-5316000000.0,-4983000000.0,3552000000.0,0.0,1933000000.0,1863000000.0,1863000000.0,0.0,10000000.0,0.237,5160000000.0,2707000000.0,0.0,0.254,0.932,11.719,11.834,1502000000.0,70000000.0,42.84,2.775,2.804,0.0,14686000000.0,7867000000.0,7867000000.0,0.0,0.01,0.08,0.014,0.343,89000000.0,4413000000.0,1.0,509612975.0,514844000,520586000.0,15.28,183155000000.0,0.0,764000000.0,0.0,355.749,
16,STI,MRT,2015-09-30,2015-09-30,2015-09-30,2019-11-01,-88000000.0,187036000000.0,189025750000.0,,,0.041,46.128,-125000000.0,4916000000.0,4916000000.0,0.0,1849000000.0,,6.904,12386000000.0,,,12386000000.0,0.0,785000000.0,146371000000.0,0.023,0.88,2552000000.0,3337000000.0,0.426,3337000000.0,2552000000.0,2552000000.0,3.42,3.39,3.42,23664000000.0,23288000000.0,23664000000.0,28595164393.0,11.0,8.569,207000000.0,0.404,1.0,7839000000.0,1.0,7619000000.0,0.0,186887000000.0,191472000000.0,0.0,167613000000.0,,,163372000000.0,,,19657164393.0,-3409000000.0,-30000000.0,-551000000.0,-10849000000.0,-508000000.0,-1608000000.0,-2133000000.0,-1844000000.0,332000000.0,0.0,1843000000.0,1776000000.0,1776000000.0,0.0,6000000.0,0.227,5281000000.0,2558000000.0,0.0,0.257,0.831,11.068,11.181,1430000000.0,67000000.0,38.24,2.508,2.503,0.0,14341000000.0,7839000000.0,7839000000.0,0.0,0.009,0.076,0.013,0.326,87000000.0,4372000000.0,1.0,514047186.0,513010000,518677000.0,15.28,179417000000.0,0.0,709000000.0,0.0,349.734,
17,STI,MRT,2015-06-30,2015-06-30,2015-06-30,2019-11-01,-294000000.0,188858000000.0,188971250000.0,,,0.041,44.922,-123000000.0,7288000000.0,7288000000.0,0.0,1886000000.0,,7.132,16226000000.0,,,16226000000.0,0.0,769000000.0,144937000000.0,0.02,0.84,2471000000.0,3240000000.0,0.418,3240000000.0,2471000000.0,2471000000.0,3.48,3.45,3.48,23223000000.0,22939250000.0,23223000000.0,32063758588.0,13.0,9.896,-1621000000.0,-3.136,1.0,7751000000.0,1.0,7753000000.0,0.0,190043000000.0,193287750000.0,0.0,166712000000.0,,,165635000000.0,,,22207758588.0,429000000.0,-33000000.0,-592000000.0,-5934000000.0,-491000000.0,5075000000.0,-3148000000.0,-2826000000.0,-1498000000.0,0.0,1882000000.0,1820000000.0,1820000000.0,0.0,4000000.0,0.235,5276000000.0,2475000000.0,0.0,0.241,0.956,12.202,12.362,1448000000.0,62000000.0,43.02,2.865,2.869,0.0,13944000000.0,7751000000.0,7751000000.0,0.0,0.01,0.079,0.013,0.319,70000000.0,4352000000.0,1.0,516219400.0,516968000,522479000.0,14.993,181105000000.0,0.0,589000000.0,0.0,350.321,
18,STI,MRT,2015-03-31,2015-03-31,2015-03-31,2019-11-01,-65000000.0,189881000000.0,187396500000.0,,,0.042,44.643,-146000000.0,7738000000.0,7738000000.0,0.0,1804000000.0,,7.163,17594000000.0,,,17594000000.0,0.0,731000000.0,144423000000.0,0.019,0.8,2358000000.0,3089000000.0,0.395,3089000000.0,2358000000.0,2358000000.0,3.31,3.28,3.31,23260000000.0,22666250000.0,23260000000.0,35466543951.0,15.0,11.482,-2346000000.0,-4.503,1.0,7829000000.0,1.0,7530000000.0,0.0,192207000000.0,193366000000.0,0.0,167247000000.0,,,166621000000.0,,,21487543951.0,-169000000.0,180000000.0,-513000000.0,-2438000000.0,-461000000.0,8550000000.0,-6519000000.0,-6359000000.0,-2200000000.0,0.0,1798000000.0,1740000000.0,1740000000.0,0.0,6000000.0,0.222,5465000000.0,2364000000.0,0.0,0.242,0.924,12.349,12.414,1494000000.0,58000000.0,41.09,2.745,2.735,0.0,13600000000.0,7829000000.0,7829000000.0,0.0,0.009,0.077,0.012,0.301,56000000.0,4330000000.0,1.0,522938524.0,521020000,526837000.0,15.026,182351000000.0,0.0,560000000.0,0.0,349.988,
19,STI,MRT,2014-12-31,2014-12-31,2014-12-31,2019-11-01,-122000000.0,190328000000.0,184811750000.0,,,0.042,43.611,-147000000.0,8229000000.0,8229000000.0,0.0,1785000000.0,,7.273,22208000000.0,,,22208000000.0,0.0,693000000.0,140567000000.0,0.017,0.7,2267000000.0,2960000000.0,0.378,2960000000.0,2267000000.0,2267000000.0,3.26,3.23,3.26,23005000000.0,22305500000.0,23005000000.0,36838025758.0,16.0,12.445,-1307000000.0,-2.478,1.0,7821000000.0,1.0,7556000000.0,0.0,196751000000.0,191369250000.0,0.0,167379000000.0,,,167323000000.0,,,21849025758.0,2966000000.0,182000000.0,-448000000.0,2968000000.0,-409000000.0,13399000000.0,-9273000000.0,-9178000000.0,-1160000000.0,0.0,1774000000.0,1722000000.0,1722000000.0,0.0,11000000.0,0.22,5543000000.0,2278000000.0,0.0,0.215,0.95,12.688,12.853,1508000000.0,52000000.0,41.9,2.794,2.826,0.0,13295000000.0,7821000000.0,7821000000.0,0.0,0.009,0.077,0.012,0.29,67000000.0,4346000000.0,1.0,521456462.0,527500000,533391000.0,14.827,182772000000.0,0.0,493000000.0,0.0,346.487,
20,STI,MRT,2014-09-30,2014-09-30,2014-09-30,2019-11-01,-177000000.0,186818000000.0,181063500000.0,,,0.043,42.224,-192000000.0,8325000000.0,8325000000.0,0.0,1817000000.0,,7.389,23314000000.0,,,23314000000.0,0.0,670000000.0,136507000000.0,0.016,0.6,2309000000.0,2979000000.0,0.381,2979000000.0,2309000000.0,2309000000.0,3.32,3.28,3.32,22269000000.0,21909750000.0,22269000000.0,35602507641.0,15.0,11.951,1996000000.0,3.785,1.0,7814000000.0,1.0,7657000000.0,0.0,194150000000.0,187633500000.0,0.0,163866000000.0,,,164549000000.0,,,20191507641.0,4039000000.0,182000000.0,-398000000.0,6631000000.0,-357000000.0,13511000000.0,-11660000000.0,-11541000000.0,2188000000.0,0.0,1806000000.0,1756000000.0,1756000000.0,0.0,11000000.0,0.225,5494000000.0,2320000000.0,0.0,0.181,0.907,11.499,11.455,1504000000.0,50000000.0,38.03,2.584,2.567,0.0,13020000000.0,7814000000.0,7814000000.0,0.0,0.01,0.08,0.012,0.295,54000000.0,4384000000.0,1.0,530936304.0,527402000,533230000.0,14.816,179161000000.0,0.0,503000000.0,0.0,339.705,
21,STI,MRT,2014-06-30,2014-06-30,2014-06-30,2019-11-01,-59000000.0,182559000000.0,177303250000.0,,,0.043,41.775,-217000000.0,6859000000.0,6859000000.0,0.0,1437000000.0,,7.249,22270000000.0,,,22270000000.0,0.0,671000000.0,133285000000.0,0.012,0.5,1722000000.0,2393000000.0,0.311,2393000000.0,1722000000.0,1722000000.0,2.58,2.55,2.58,22131000000.0,21610000000.0,22131000000.0,33682695027.0,20.0,14.076,4417000000.0,8.338,1.0,7705000000.0,1.0,7614000000.0,0.0,190356000000.0,183297750000.0,0.0,160943000000.0,,,160428000000.0,,,21345695027.0,2700000000.0,182000000.0,-233000000.0,4565000000.0,-305000000.0,9708000000.0,-11642000000.0,-11531000000.0,4634000000.0,0.0,1419000000.0,1372000000.0,1372000000.0,0.0,18000000.0,0.178,5965000000.0,1740000000.0,0.0,0.194,0.965,15.558,15.527,1518000000.0,47000000.0,40.06,2.77,2.754,0.0,12560000000.0,7705000000.0,7705000000.0,0.0,0.008,0.063,0.009,0.223,62000000.0,4347000000.0,1.0,532843111.0,529764000,535486000.0,14.544,174945000000.0,0.0,303000000.0,0.0,330.232,
22,STI,MRT,2014-03-31,2014-03-31,2014-03-31,2019-11-01,-200000000.0,179542000000.0,174550000000.0,,,0.043,41.074,-206000000.0,7907000000.0,7907000000.0,0.0,1414000000.0,,7.229,20244000000.0,,,20244000000.0,0.0,687000000.0,132956000000.0,0.01,0.4,1683000000.0,2370000000.0,0.315,2370000000.0,1683000000.0,1683000000.0,2.53,2.51,2.53,21817000000.0,21329000000.0,21817000000.0,35450590882.0,21.0,14.958,4213000000.0,7.932,1.0,7535000000.0,1.0,7659000000.0,0.0,184220000000.0,180135250000.0,0.0,156794000000.0,,,157725000000.0,,,21274590882.0,1945000000.0,-11000000.0,-200000000.0,4340000000.0,-252000000.0,6947000000.0,-9421000000.0,-9204000000.0,4419000000.0,0.0,1397000000.0,1350000000.0,1350000000.0,0.0,17000000.0,0.179,5835000000.0,1700000000.0,0.0,0.158,0.975,15.759,15.727,1550000000.0,47000000.0,39.79,2.823,2.805,0.0,12278000000.0,7535000000.0,7535000000.0,0.0,0.008,0.063,0.009,0.223,55000000.0,4335000000.0,1.0,534671799.0,531162000,536992000.0,14.186,171883000000.0,0.0,286000000.0,0.0,323.598,
23,STI,MRT,2013-12-31,2013-12-31,2013-12-31,2019-11-01,-289000000.0,175335000000.0,172773250000.0,,,0.043,40.095,-200000000.0,5263000000.0,5263000000.0,0.0,1361000000.0,,7.185,19439000000.0,,,19439000000.0,0.0,708000000.0,129759000000.0,0.01,0.35,1666000000.0,2374000000.0,0.316,2374000000.0,1666000000.0,1666000000.0,2.43,2.41,2.43,21422000000.0,21173250000.0,21422000000.0,32419179488.0,19.0,13.656,4010000000.0,7.505,1.0,7514000000.0,1.0,7703000000.0,0.0,181808000000.0,177827000000.0,0.0,155114000000.0,,,153913000000.0,,,19733179488.0,-2994000000.0,-3000000.0,-150000000.0,4654000000.0,-225000000.0,1739000000.0,-8943000000.0,-8740000000.0,4210000000.0,0.0,1344000000.0,1297000000.0,1297000000.0,0.0,17000000.0,0.173,5831000000.0,1683000000.0,0.0,0.144,0.921,15.214,15.148,1565000000.0,47000000.0,36.81,2.626,2.617,0.0,11936000000.0,7514000000.0,7514000000.0,0.0,0.008,0.061,0.009,0.222,49000000.0,4311000000.0,1.0,536082029.0,534283000,539093000.0,14.064,167632000000.0,0.0,322000000.0,0.0,313.751,
24,STI,MRT,2013-09-30,2013-09-30,2013-09-30,2019-11-01,-316000000.0,171777000000.0,172300000000.0,,,0.044,39.47,-142000000.0,4286000000.0,4286000000.0,0.0,1294000000.0,,7.153,16972000000.0,,,16972000000.0,0.0,732000000.0,128883000000.0,0.009,0.3,1560000000.0,2292000000.0,0.305,2292000000.0,1560000000.0,1560000000.0,2.31,2.29,2.31,21070000000.0,21064000000.0,21070000000.0,31199670923.0,20.0,13.612,3548000000.0,6.646,1.0,7521000000.0,1.0,7656000000.0,0.0,176807000000.0,175552750000.0,0.0,153088000000.0,,,150707000000.0,,,17426670923.0,-1321000000.0,-2000000.0,-100000000.0,-2577000000.0,-192000000.0,-752000000.0,-4259000000.0,-4115000000.0,3690000000.0,0.0,1274000000.0,1234000000.0,1234000000.0,0.0,20000000.0,0.164,5940000000.0,1581000000.0,0.0,0.13,0.827,14.122,14.035,1515000000.0,40000000.0,32.42,2.317,2.301,0.0,11573000000.0,7521000000.0,7521000000.0,0.0,0.007,0.059,0.009,0.207,76000000.0,4335000000.0,1.0,537528406.0,533829000,538850000.0,14.089,164121000000.0,0.0,286000000.0,0.0,307.441,
25,STI,MRT,2013-06-30,2013-06-30,2013-06-30,2019-11-01,-283000000.0,171546000000.0,172651000000.0,,,0.053,39.253,-137000000.0,4159000000.0,4159000000.0,0.0,2184000000.0,,7.166,17932000000.0,,,17932000000.0,0.0,740000000.0,127619000000.0,0.008,0.25,3132000000.0,3872000000.0,0.426,3872000000.0,3132000000.0,3132000000.0,3.97,3.94,3.97,21007000000.0,20896250000.0,21007000000.0,27050242068.0,9.0,6.986,1748000000.0,3.266,1.0,9091000000.0,1.0,7613000000.0,0.0,177706000000.0,176324750000.0,0.0,152766000000.0,,,150539000000.0,,,17053242068.0,-2580000000.0,-3000000.0,-50000000.0,-4685000000.0,-158000000.0,-5216000000.0,751000000.0,891000000.0,1885000000.0,0.0,2162000000.0,2121000000.0,2121000000.0,0.0,22000000.0,0.233,5934000000.0,3157000000.0,0.0,0.063,0.812,8.04,7.952,1506000000.0,41000000.0,31.57,1.876,1.858,0.0,11447000000.0,9091000000.0,9091000000.0,0.0,0.012,0.102,0.018,0.345,61000000.0,4465000000.0,1.0,540172381.0,535172000,539763000.0,16.987,163933000000.0,0.0,970000000.0,0.0,306.318,
26,STI,MRT,2013-03-31,2013-03-31,2013-03-31,2019-11-01,185000000.0,172435000000.0,174328750000.0,,,0.052,39.565,-186000000.0,5962000000.0,5962000000.0,0.0,2081000000.0,,7.136,15959000000.0,,,15959000000.0,0.0,749000000.0,129915000000.0,0.007,0.2,2965000000.0,3714000000.0,0.409,3714000000.0,2965000000.0,2965000000.0,3.8,3.76,3.8,21194000000.0,20786500000.0,21194000000.0,22120898738.0,7.0,5.956,2346000000.0,4.379,1.0,9082000000.0,1.0,7445000000.0,0.0,174987000000.0,178600000000.0,0.0,151918000000.0,,,151241000000.0,,,15526898738.0,-19000000.0,-12000000.0,0.0,-5709000000.0,-125000000.0,-5491000000.0,2940000000.0,3138000000.0,2532000000.0,0.0,2060000000.0,2026000000.0,2026000000.0,0.0,21000000.0,0.223,6080000000.0,3002000000.0,0.0,0.053,0.733,7.664,7.582,1541000000.0,34000000.0,28.81,1.71,1.699,0.0,11133000000.0,9082000000.0,9082000000.0,0.0,0.012,0.097,0.017,0.326,62000000.0,4486000000.0,1.0,538941296.0,535680000,539862000.0,16.954,164990000000.0,0.0,905000000.0,0.0,308.001,
27,STI,MRT,2012-12-31,2012-12-31,2012-12-31,2019-11-01,309000000.0,173442000000.0,175776500000.0,,,0.052,39.287,-206000000.0,8257000000.0,8257000000.0,0.0,1984000000.0,,7.265,14851000000.0,,,14851000000.0,0.0,757000000.0,132316000000.0,0.007,0.2,2770000000.0,3527000000.0,0.388,3527000000.0,2770000000.0,2770000000.0,3.62,3.59,3.62,20985000000.0,20548250000.0,20985000000.0,29254794439.0,11.0,8.295,1807000000.0,3.383,1.0,9080000000.0,1.0,7325000000.0,0.0,172711000000.0,181405000000.0,0.0,150875000000.0,,,152457000000.0,,,15275794439.0,3748000000.0,-12000000.0,0.0,-7744000000.0,-119000000.0,-3005000000.0,4740000000.0,4958000000.0,2013000000.0,0.0,1958000000.0,1931000000.0,1931000000.0,0.0,26000000.0,0.213,6268000000.0,2812000000.0,0.0,0.055,0.728,7.911,7.831,1564000000.0,27000000.0,28.35,1.682,1.668,0.0,10817000000.0,9080000000.0,9080000000.0,0.0,0.011,0.094,0.015,0.305,62000000.0,4518000000.0,1.0,538828728.0,534149000,538061000.0,16.999,166117000000.0,0.0,812000000.0,0.0,310.994,
28,STI,MRT,2012-09-30,2012-09-30,2012-09-30,2019-11-01,504000000.0,173181000000.0,176630750000.0,,,0.05,38.164,-221000000.0,5607000000.0,5607000000.0,0.0,1703000000.0,,7.49,19586000000.0,,,19586000000.0,0.0,764000000.0,127226000000.0,0.007,0.2,2330000000.0,3094000000.0,0.35,3094000000.0,2330000000.0,2330000000.0,3.09,3.07,3.09,20399000000.0,20318500000.0,20399000000.0,31087943443.0,13.0,10.048,1487000000.0,2.782,1.0,8837000000.0,1.0,7265000000.0,0.0,179895000000.0,185068000000.0,0.0,152631000000.0,,,152782000000.0,,,15222943443.0,107000000.0,-17000000.0,0.0,-376000000.0,-118000000.0,606000000.0,-2207000000.0,-1969000000.0,1708000000.0,0.0,1676000000.0,1652000000.0,1652000000.0,0.0,27000000.0,0.187,6465000000.0,2372000000.0,0.0,0.065,0.746,9.215,9.149,1578000000.0,24000000.0,28.27,1.723,1.71,0.0,10491000000.0,8837000000.0,8837000000.0,0.0,0.009,0.081,0.013,0.264,70000000.0,4394000000.0,1.0,538484027.0,534506000,538699000.0,16.533,165916000000.0,0.0,654000000.0,0.0,310.41,
29,STI,MRT,2012-06-30,2012-06-30,2012-06-30,2019-11-01,1743000000.0,178257000000.0,176473750000.0,,,0.041,38.519,-234000000.0,6739000000.0,6739000000.0,0.0,831000000.0,,7.667,22604000000.0,,,22604000000.0,0.0,770000000.0,128403000000.0,0.008,0.2,962000000.0,1732000000.0,0.237,1732000000.0,962000000.0,962000000.0,1.5,1.48,1.5,20568000000.0,20268750000.0,20568000000.0,28519825832.0,30.0,16.466,2059000000.0,3.856,1.0,7293000000.0,1.0,7315000000.0,0.0,186807000000.0,184931000000.0,0.0,156119000000.0,,,157689000000.0,,,13039825832.0,-48000000.0,-15000000.0,0.0,3868000000.0,-116000000.0,7340000000.0,-9681000000.0,-9432000000.0,2293000000.0,0.0,814000000.0,797000000.0,797000000.0,0.0,17000000.0,0.109,6302000000.0,991000000.0,0.0,0.133,0.634,16.361,16.153,1578000000.0,17000000.0,24.23,1.788,1.774,0.0,9443000000.0,7293000000.0,7293000000.0,0.0,0.005,0.039,0.005,0.132,37000000.0,4316000000.0,1.0,538168627.0,533964000,537495000.0,13.658,170942000000.0,0.0,148000000.0,0.0,320.138,
30,STI,MRT,2012-03-31,2012-03-31,2012-03-31,2019-11-01,1674000000.0,178226000000.0,174952750000.0,,,0.041,37.968,-178000000.0,5981000000.0,5981000000.0,0.0,733000000.0,,7.805,21461000000.0,,,21461000000.0,0.0,766000000.0,130032000000.0,0.007,0.16,832000000.0,1598000000.0,0.223,1598000000.0,832000000.0,832000000.0,1.32,1.31,1.32,20241000000.0,20041750000.0,20241000000.0,30829262834.0,37.0,19.292,2558000000.0,4.798,1.0,7158000000.0,1.0,7499000000.0,0.0,186207000000.0,182524250000.0,0.0,156731000000.0,,,157985000000.0,,,12964262834.0,-236000000.0,-24000000.0,1000000.0,1687000000.0,-94000000.0,7743000000.0,-10715000000.0,-10513000000.0,2736000000.0,0.0,717000000.0,701000000.0,701000000.0,0.0,16000000.0,0.098,6312000000.0,846000000.0,0.0,0.121,0.64,18.494,18.311,1561000000.0,16000000.0,24.17,1.811,1.8,0.0,9198000000.0,7158000000.0,7158000000.0,0.0,0.004,0.035,0.005,0.116,40000000.0,4297000000.0,1.0,536378272.0,533100000,536407000.0,13.427,170727000000.0,0.0,115000000.0,0.0,320.253,
31,STI,MRT,2011-12-31,2011-12-31,2011-12-31,2019-11-01,1749000000.0,176859000000.0,173094750000.0,,,0.04,38.294,-131000000.0,4509000000.0,4509000000.0,0.0,660000000.0,,7.814,22374000000.0,,,22374000000.0,0.0,760000000.0,127922000000.0,0.007,0.12,726000000.0,1486000000.0,0.213,1486000000.0,726000000.0,726000000.0,0.94,0.94,0.94,20066000000.0,19787250000.0,20066000000.0,23780852458.0,33.0,16.003,4408000000.0,8.412,1.0,6973000000.0,1.0,7361000000.0,0.0,187363000000.0,180317000000.0,0.0,156787000000.0,,,156793000000.0,,,9504852458.0,-869000000.0,-24000000.0,1017000000.0,3828000000.0,-131000000.0,4834000000.0,-10242000000.0,-10087000000.0,4539000000.0,0.0,647000000.0,495000000.0,495000000.0,0.0,13000000.0,0.071,6237000000.0,736000000.0,0.0,0.128,0.474,19.202,18.83,1564000000.0,152000000.0,17.7,1.363,1.33,0.0,8978000000.0,6973000000.0,6973000000.0,0.0,0.003,0.025,0.004,0.104,44000000.0,4247000000.0,1.0,536997314.0,523995000,527618000.0,13.307,169498000000.0,0.0,79000000.0,0.0,323.473,
32,STI,MRT,2011-09-30,2011-09-30,2011-09-30,2019-11-01,2026000000.0,172553000000.0,172098500000.0,,,0.041,37.975,-174000000.0,5500000000.0,5500000000.0,0.0,772000000.0,,7.542,19776000000.0,,,19776000000.0,0.0,766000000.0,126251000000.0,0.004,0.08,938000000.0,1704000000.0,0.241,1704000000.0,938000000.0,938000000.0,1.04,1.03,1.04,20200000000.0,20553250000.0,20200000000.0,22525942204.0,24.0,13.219,3936000000.0,7.399,1.0,7069000000.0,1.0,7482000000.0,0.0,179347000000.0,178244000000.0,0.0,150908000000.0,,,152353000000.0,,,9636942204.0,1345000000.0,-26000000.0,1017000000.0,-2886000000.0,-159000000.0,-982000000.0,-1783000000.0,-1583000000.0,4110000000.0,0.0,757000000.0,537000000.0,537000000.0,0.0,15000000.0,0.076,6115000000.0,954000000.0,0.0,0.077,0.477,17.946,17.26,1559000000.0,220000000.0,17.95,1.363,1.351,0.0,8933000000.0,7069000000.0,7069000000.0,0.0,0.003,0.026,0.005,0.133,35000000.0,4364000000.0,1.0,536877003.0,531928000,535395000.0,13.289,165071000000.0,0.0,181000000.0,0.0,310.326,
33,STI,MRT,2011-06-30,2011-06-30,2011-06-30,2019-11-01,1668000000.0,172173000000.0,172635922500.0,,,0.04,36.969,-172000000.0,6787000000.0,6787000000.0,0.0,715000000.0,,7.758,19676000000.0,,,19676000000.0,0.0,771000000.0,124921000000.0,0.002,0.04,845000000.0,1616000000.0,0.234,1616000000.0,845000000.0,845000000.0,0.81,0.81,0.81,19660000000.0,21362643500.0,19660000000.0,28418731917.0,34.0,17.586,4778000000.0,8.985,1.0,6920000000.0,1.0,7882000000.0,0.0,177180000000.0,180065775750.0,0.0,148023000000.0,,,152513000000.0,,,13851731917.0,1994000000.0,-24000000.0,1017000000.0,-3092000000.0,-199000000.0,-871000000.0,-2085000000.0,-1889000000.0,4950000000.0,0.0,695000000.0,410000000.0,410000000.0,0.0,20000000.0,0.059,6041000000.0,879000000.0,0.0,0.049,0.705,33.785,31.852,1536000000.0,285000000.0,25.8,2.002,1.983,0.0,8745000000.0,6920000000.0,6920000000.0,0.0,0.002,0.019,0.005,0.122,57000000.0,4321000000.0,1.0,536888834.0,531792000,535416000.0,13.013,164291000000.0,0.0,150000000.0,0.0,308.938,
34,STI,MRT,2011-03-31,2011-03-31,2011-03-31,2019-11-01,1425000000.0,170794000000.0,172259790000.0,,,0.038,38.471,-205000000.0,6217000000.0,6217000000.0,0.0,551000000.0,,7.885,20784000000.0,,,20784000000.0,0.0,791000000.0,123985000000.0,0.001,0.04,571000000.0,1362000000.0,0.206,1362000000.0,571000000.0,571000000.0,0.37,0.37,0.37,19223000000.0,22203617000.0,19223000000.0,28533164391.0,50.0,20.949,4588000000.0,9.182,1.0,6609000000.0,1.0,7983000000.0,0.0,177378000000.0,180778787000.0,0.0,147101000000.0,,,151571000000.0,,,14434164391.0,-93000000.0,-10000000.0,1016000000.0,-2859000000.0,-259000000.0,-1716000000.0,-3170000000.0,-2955000000.0,4793000000.0,0.0,529000000.0,180000000.0,180000000.0,0.0,22000000.0,0.027,5938000000.0,671000000.0,0.0,0.108,0.751,80.19,77.946,1575000000.0,349000000.0,28.84,2.184,2.18,0.0,8575000000.0,6609000000.0,6609000000.0,0.0,0.001,0.008,0.003,0.086,60000000.0,4248000000.0,1.0,500491137.0,499669000,503503000.0,13.227,162811000000.0,0.0,42000000.0,0.0,325.838,
35,STI,MRT,2010-12-31,2010-12-31,2010-12-31,2019-11-01,1616000000.0,172874000000.0,172510353750.0,,,0.034,46.693,-252000000.0,5378000000.0,5378000000.0,0.0,206000000.0,,6.474,19469000000.0,,,19469000000.0,0.0,803000000.0,123044000000.0,0.001,0.04,4000000.0,807000000.0,0.136,807000000.0,4000000.0,4000000.0,-0.18,-0.18,-0.18,23130000000.0,23052848500.0,23130000000.0,34212587900.0,8553.0,42.395,3966000000.0,8.006,1.0,5932000000.0,1.0,7894000000.0,0.0,179071000000.0,181494693250.0,0.0,149572000000.0,,,149744000000.0,,,14753794900.0,-1619000000.0,-10000000.0,0.0,-6041000000.0,-259000000.0,-5118000000.0,-719000000.0,-457000000.0,4218000000.0,0.0,189000000.0,-87000000.0,-87000000.0,0.0,17000000.0,-0.015,5841000000.0,91000000.0,0.0,-0.222,0.638,-169.584,-163.944,1620000000.0,276000000.0,29.51,2.487,2.464,0.0,8542000000.0,5932000000.0,5932000000.0,0.0,-0.001,-0.004,0.0,0.001,66000000.0,4171000000.0,1.0,499959163.0,495361000,498744000.0,11.975,164980000000.0,0.0,-185000000.0,0.0,333.05,
36,STI,MRT,2010-09-30,2010-09-30,2010-09-30,2019-11-01,2064925000.0,174702690000.0,172833103750.0,,,0.029,47.301,-207326000.0,4155200000.0,4155200000.0,0.0,-232917000.0,,6.454,23613993000.0,,,23613993000.0,0.0,843882000.0,120344178000.0,0.002,0.04,-736642000.0,107240000.0,0.021,107240000.0,-736642000.0,-736642000.0,-0.97,-0.97,-0.97,23437574000.0,22903098500.0,23437574000.0,30043127674.0,-41.0,280.149,4966342000.0,10.023,1.0,5091031000.0,1.0,7527380000.0,0.0,186634103000.0,182226943250.0,0.0,152042464000.0,,,151265116000.0,,,12913297674.0,-1002335000.0,-11957000.0,265000.0,-2220025000.0,-269685000.0,-1472775000.0,-4703228000.0,-4483945000.0,5173668000.0,0.0,-244432000.0,-517047000.0,-517047000.0,0.0,11515000.0,-0.102,5831614000.0,-740583000.0,0.0,-0.041,0.551,-24.975,-26.629,1567629000.0,272615000.0,25.83,2.536,2.514,0.0,8431253000.0,5091031000.0,5091031000.0,0.0,-0.003,-0.023,-0.004,-0.145,50994000.0,4095456000.0,1.0,499934095.0,495501000,498802000.0,10.275,167175310000.0,0.0,-492210000.0,0.0,337.386,
37,STI,MRT,2010-06-30,2010-06-30,2010-06-30,2019-11-01,1744917000.0,170668470000.0,172336868000.0,,,0.024,46.48,-192180000.0,4793175000.0,4793175000.0,0.0,-704128000.0,,6.413,21923005000.0,,,21923005000.0,0.0,893584000.0,118668103000.0,0.002,0.04,-1556639000.0,-663055000.0,-0.158,-663055000.0,-1556639000.0,-1556639000.0,-1.9,-1.9,-1.9,23023894000.0,22770776000.0,23023894000.0,28215535009.0,-18.0,-42.554,8871247000.0,17.909,1.0,4199611000.0,1.0,7766255000.0,0.0,180032045000.0,181253752000.0,0.0,146718296000.0,,,147644576000.0,,,11647368009.0,1535718000.0,-12064000.0,833000.0,-7251732000.0,-262281000.0,-7655640000.0,127931000.0,332175000.0,9063427000.0,0.0,-714373000.0,-978191000.0,-978191000.0,0.0,10245000.0,-0.233,5761185000.0,-1561574000.0,0.0,-0.021,0.506,-11.907,-12.263,1547294000.0,263818000.0,23.3,2.773,2.748,0.0,8358155000.0,4199611000.0,4199611000.0,0.0,-0.006,-0.043,-0.009,-0.371,65444000.0,4032561000.0,1.0,499887039.0,495351000,498499000.0,8.478,162902215000.0,0.0,-842266000.0,0.0,328.862,
38,STI,MRT,2010-03-31,2010-03-31,2010-03-31,2019-11-01,1306379000.0,171796255000.0,173853493250.0,,,0.023,45.697,-212874000.0,6309673000.0,6309673000.0,0.0,-898992000.0,,6.595,22877840000.0,,,22877840000.0,0.0,929015000.0,118749436000.0,0.005,0.13,-1851056000.0,-922041000.0,-0.235,-922041000.0,-1851056000.0,-1851056000.0,-2.2,-2.2,-2.2,22619926000.0,22753092000.0,22619926000.0,29241565215.0,-16.0,-31.714,5894462000.0,11.908,1.0,3930762000.0,1.0,8122797000.0,0.0,180241625000.0,184387848250.0,0.0,146777071000.0,,,149176329000.0,,,13377588215.0,-750597000.0,102343000.0,1830000000.0,-10167558000.0,-297567000.0,-9086218000.0,2228285000.0,2338816000.0,6107336000.0,0.0,-909833000.0,-1086619000.0,-1086619000.0,0.0,10841000.0,-0.276,5785712000.0,-1854950000.0,0.0,-0.059,0.591,-12.311,-12.177,1553786000.0,176786000.0,26.79,3.403,3.374,0.0,8419219000.0,3930762000.0,3930762000.0,0.0,-0.006,-0.048,-0.01,-0.471,71613000.0,4026905000.0,1.0,499350064.0,495000000,498000000.0,7.941,163673458000.0,0.0,-941223000.0,0.0,330.653,
39,STI,MRT,2009-12-31,2009-12-31,2009-12-31,2019-11-01,1070000000.0,174165000000.0,175683530000.0,,,0.023,51.756,-212000000.0,6997000000.0,6997000000.0,0.0,-1552000000.0,,6.73,22862000000.0,,,22862000000.0,0.0,966000000.0,121863000000.0,0.011,0.22,-2462000000.0,-1496000000.0,-0.364,-1496000000.0,-2462000000.0,-2462000000.0,-3.98,-3.98,-3.98,22531000000.0,22509517000.0,22531000000.0,28069872219.0,-11.0,-18.763,2830000000.0,6.501,1.0,4112000000.0,1.0,8030000000.0,0.0,182000000000.0,188151243250.0,0.0,148682000000.0,,,151634000000.0,,,10127763219.0,360000000.0,87000000.0,1830000000.0,-13573000000.0,-329000000.0,-3766000000.0,1084000000.0,1209000000.0,3042000000.0,0.0,-1564000000.0,-1733000000.0,-1733000000.0,0.0,12000000.0,-0.421,6523000000.0,-2411000000.0,0.0,-0.055,0.45,-5.844,-5.098,1552000000.0,169000000.0,20.29,2.463,2.148,0.0,8563000000.0,4112000000.0,4112000000.0,0.0,-0.01,-0.077,-0.013,-0.599,77000000.0,4060000000.0,1.0,499150479.0,435328000,437486000.0,9.446,166135000000.0,0.0,-898000000.0,0.0,381.632,
40,STI,MRT,2009-09-30,2009-09-30,2009-09-30,2019-11-01,1152151000.0,172717747000.0,179426770250.0,,,0.023,46.357,-241293000.0,5157737000.0,5157737000.0,0.0,-1651337000.0,,6.54,23099846000.0,,,23099846000.0,0.0,917537000.0,119331042000.0,0.057,1.29,-2607404000.0,-1689867000.0,-0.412,-1689867000.0,-2607404000.0,-2607404000.0,-4.74,-4.73,-4.74,22908284000.0,22501968250.0,22908284000.0,34913884103.0,-13.0,-20.661,1859481000.0,3.763,1.0,4099160000.0,1.0,7918518000.0,0.0,182741338000.0,195331006750.0,0.0,146837960000.0,,,149809463000.0,,,11248560103.0,587409000.0,1695000.0,1833561000.0,-10457613000.0,-473144000.0,-1051135000.0,-462230000.0,-222403000.0,2100774000.0,0.0,-1662929000.0,-1791873000.0,-1791873000.0,0.0,11592000.0,-0.437,6474167000.0,-2375007000.0,0.0,-0.272,0.491,-6.278,-4.757,1553342000.0,128944000.0,22.55,2.744,2.718,0.0,8886150000.0,4099160000.0,4099160000.0,0.0,-0.01,-0.08,-0.013,-0.636,83222000.0,4000978000.0,1.0,498827499.0,494169000,494169000.0,8.295,164799229000.0,0.0,-944475000.0,0.0,333.488,
41,STI,MRT,2009-06-30,2009-06-30,2009-06-30,2019-11-01,823986000.0,176734971000.0,179941523500.0,,,0.029,57.492,-248957000.0,3257684000.0,3257684000.0,0.0,-1021891000.0,,6.7,26923008000.0,,,26923008000.0,0.0,876013000.0,118801471000.0,0.125,2.05,-1694730000.0,-818717000.0,-0.156,-818717000.0,-1694730000.0,-1694730000.0,-3.11,-3.1,-3.11,22953158000.0,21263903500.0,22953158000.0,29460993425.0,-17.0,-35.984,-2907473000.0,-7.282,1.0,5248343000.0,1.0,7831865000.0,0.0,192568430000.0,198356410000.0,0.0,155155778000.0,,,153781813000.0,,,5869426425.0,-2249783000.0,63563000.0,1836330000.0,-5010277000.0,-690812000.0,-34735000.0,443468000.0,476201000.0,-2658516000.0,0.0,-1033544000.0,-1110332000.0,-1110332000.0,0.0,11653000.0,-0.212,6674935000.0,-1426592000.0,0.0,-0.659,0.256,-5.286,-5.289,1545990000.0,76788000.0,16.45,1.118,1.251,0.0,9271388000.0,5248343000.0,5248343000.0,0.0,-0.006,-0.052,-0.009,-0.323,97705000.0,4204813000.0,1.0,356804038.0,399242000,400633000.0,13.146,168903106000.0,0.0,-661186000.0,0.0,423.059,
42,STI,MRT,2009-03-31,2009-03-31,2009-03-31,2019-11-01,1034015000.0,179116402000.0,180065962500.0,,,0.034,61.607,-234939000.0,7060999000.0,7060999000.0,0.0,-298474000.0,,7.275,30652566000.0,,,30652566000.0,0.0,839332000.0,118972175000.0,0.232,2.72,-619147000.0,220185000.0,0.036,220185000.0,-619147000.0,-619147000.0,-1.18,-1.17,-1.18,21645626000.0,20002402000.0,21645626000.0,33847468119.0,-55.0,153.723,1191557000.0,3.391,1.0,6170891000.0,1.0,7412764000.0,0.0,195295205000.0,199084849750.0,0.0,154994748000.0,,,157470776000.0,,,4187445119.0,1798153000.0,192197000.0,9186000.0,-4947956000.0,-864492000.0,367562000.0,4095000.0,-162894000.0,1426496000.0,0.0,-309722000.0,-415936000.0,-415936000.0,0.0,11248000.0,-0.067,6560789000.0,-389898000.0,0.0,-2.305,0.193,-10.068,-9.949,1546600000.0,106214000.0,11.74,0.679,0.668,0.0,9466914000.0,6170891000.0,6170891000.0,0.0,-0.002,-0.021,-0.003,-0.1,100481000.0,4197308000.0,1.0,356681867.0,351352000,351352000.0,17.563,171703638000.0,0.0,-309425000.0,0.0,488.694,
43,STI,MRT,2008-12-31,2008-12-31,2008-12-31,2019-11-01,981125000.0,189137961000.0,180033598750.0,,,0.037,64.472,-222000000.0,6637402000.0,6637402000.0,0.0,807000000.0,,7.406,36297425000.0,,,36297425000.0,0.0,824000000.0,113328384000.0,0.115,3.39,729000000.0,1553000000.0,0.235,1553000000.0,729000000.0,729000000.0,2.12,2.12,2.12,22500805000.0,19198857500.0,22500805000.0,38979413102.0,53.0,25.099,3394000000.0,9.725,1.0,6619000000.0,1.0,8078930000.0,0.0,210719054000.0,200584403000.0,0.0,158772381000.0,,,166637156000.0,,,10460388102.0,995000000.0,361000000.0,26000000.0,1013000000.0,-1042000000.0,-1137000000.0,-1484000000.0,-2060000000.0,3616000000.0,0.0,796000000.0,741000000.0,741000000.0,0.0,11000000.0,0.112,5687000000.0,932000000.0,0.0,1.599,0.465,14.117,13.934,1547892000.0,55000000.0,29.54,1.58,1.558,0.0,10388984000.0,6619000000.0,6619000000.0,0.0,0.004,0.039,0.004,0.11,92000000.0,4176000000.0,1.0,354109279.0,349000000,350000000.0,18.966,181059031000.0,0.0,-67000000.0,0.0,518.794,
44,STI,MRT,2008-09-30,2008-09-30,2008-09-30,2019-11-01,888290000.0,174776760000.0,177642591750.0,,,0.04,51.315,-218892000.0,4570527000.0,4570527000.0,0.0,1176102000.0,,8.734,33089552000.0,,,33089552000.0,0.0,832232000.0,115911881000.0,0.068,3.04,1316454000.0,2148686000.0,0.304,2148686000.0,1316454000.0,1316454000.0,3.19,3.2,3.19,17956025000.0,18086785750.0,17956025000.0,42660001650.0,32.0,19.854,2942928000.0,8.41,1.0,7073558000.0,1.0,8452834000.0,0.0,194842951000.0,198111287000.0,0.0,153006771000.0,,,156820735000.0,,,15912468650.0,-590166000.0,424236000.0,35650000.0,627769000.0,-1091712000.0,-1852735000.0,-1899251000.0,-3366080000.0,3161820000.0,0.0,1154485000.0,1108391000.0,1108391000.0,0.0,21617000.0,0.157,5643662000.0,1429896000.0,0.0,0.953,0.886,14.356,14.103,1518451000.0,46094000.0,44.99,2.25,2.226,0.0,10959830000.0,7073558000.0,7073558000.0,0.0,0.006,0.061,0.007,0.186,82657000.0,4200337000.0,1.0,353689012.0,349916000,350970000.0,20.215,166323926000.0,0.0,161969000.0,0.0,475.325,
45,STI,MRT,2008-06-30,2008-06-30,2008-06-30,2019-11-01,921935000.0,177232727000.0,177912709000.0,,,0.039,51.352,-204516000.0,5507666000.0,5507666000.0,0.0,1281031000.0,,8.897,32255199000.0,,,32255199000.0,0.0,830409000.0,119579163000.0,0.083,3.0,1629839000.0,2460248000.0,0.351,2460248000.0,1629839000.0,1629839000.0,3.51,3.51,3.51,17907152000.0,18074591250.0,17907152000.0,43376428699.0,27.0,17.631,5788224000.0,16.599,1.0,7010102000.0,1.0,8498071000.0,0.0,195482189000.0,198436755250.0,0.0,154521390000.0,,,159325575000.0,,,12716656699.0,83250000.0,351899000.0,55016000.0,-240813000.0,-1075965000.0,-6015648000.0,106158000.0,-1232841000.0,5992740000.0,0.0,1262205000.0,1216632000.0,1216632000.0,0.0,18826000.0,0.174,5307768000.0,1702334000.0,0.0,0.855,0.71,10.452,10.319,1533579000.0,45573000.0,36.22,1.814,1.802,0.0,10924650000.0,7010102000.0,7010102000.0,0.0,0.007,0.067,0.008,0.232,68734000.0,3982349000.0,1.0,351094884.0,348714000,349783000.0,20.103,168734656000.0,0.0,367634000.0,0.0,483.877,
46,STI,MRT,2008-03-31,2008-03-31,2008-03-31,2019-11-01,1908909000.0,178986947000.0,178683120250.0,,,0.04,53.181,-148052000.0,5263045000.0,5263045000.0,0.0,1418909000.0,,8.711,35922817000.0,,,35922817000.0,0.0,823672000.0,116179280000.0,0.054,2.96,1880705000.0,2704377000.0,0.379,2704377000.0,1880705000.0,1880705000.0,3.9,3.88,3.9,18431448000.0,17940016500.0,18431448000.0,48766833855.0,26.0,18.033,-379326000.0,-1.094,1.0,7133629000.0,1.0,8353301000.0,0.0,201293418000.0,199578539500.0,0.0,155959483000.0,,,160555499000.0,,,19229688855.0,489281000.0,112858000.0,-728924000.0,1480902000.0,-1065650000.0,-7561485000.0,8282040000.0,7055382000.0,-231274000.0,0.0,1403274000.0,1360576000.0,1360576000.0,0.0,15635000.0,0.191,5208581000.0,1925048000.0,0.0,0.759,1.043,14.133,14.138,1506777000.0,42698000.0,55.14,2.696,2.679,0.0,10661250000.0,7133629000.0,7133629000.0,0.0,0.008,0.076,0.009,0.264,58221000.0,3972652000.0,1.0,348742997.0,346581000,348072000.0,20.583,170633646000.0,0.0,477431000.0,0.0,492.334,
47,STI,MRT,2007-12-31,2007-12-31,2007-12-31,2019-11-01,1607149000.0,179573933000.0,180532593750.0,,,0.041,51.675,-186431000.0,5642601000.0,5642601000.0,0.0,1646739000.0,,8.947,35179746000.0,,,35179746000.0,0.0,802342000.0,117842650000.0,0.047,2.92,2249529000.0,3051871000.0,0.408,3051871000.0,2249529000.0,2249529000.0,4.56,4.52,4.56,18052518000.0,17824289000.0,18052518000.0,50282923458.0,22.0,16.476,3544404000.0,10.146,1.0,7483306000.0,1.0,8284488000.0,0.0,200826590000.0,201398725750.0,0.0,156670671000.0,,,161521415000.0,,,21756158458.0,334856000.0,-82889000.0,-667385000.0,1963775000.0,-1056869000.0,-5922202000.0,2526223000.0,1760960000.0,3730835000.0,0.0,1634015000.0,1592954000.0,1592954000.0,0.0,12724000.0,0.213,5211079000.0,2272227000.0,0.0,0.64,1.205,13.658,13.704,1595691000.0,41061000.0,62.49,2.907,2.917,0.0,10646640000.0,7483306000.0,7483306000.0,0.0,0.009,0.089,0.011,0.301,47836000.0,3933912000.0,1.0,348154240.0,349346000,352688000.0,21.421,171289445000.0,0.0,615514000.0,0.0,490.315,
48,STI,MRT,2007-09-30,2007-09-30,2007-09-30,2019-11-01,1251968000.0,175857229000.0,181179512750.0,,,0.044,51.733,-223577000.0,4192140000.0,4192140000.0,0.0,2129245000.0,,8.82,32718905000.0,,,32718905000.0,0.0,813006000.0,115859713000.0,0.037,2.8,3012393000.0,3825399000.0,0.477,3825399000.0,3012393000.0,3012393000.0,5.96,5.91,5.96,17907247000.0,17764561000.0,17907247000.0,54353607570.0,18.0,14.209,4393797000.0,12.693,1.0,8024606000.0,1.0,8239170000.0,0.0,196144824000.0,201609942250.0,0.0,154108641000.0,,,157949982000.0,,,26431143570.0,-92885000.0,60887000.0,-1495000000.0,-148028000.0,-1018971000.0,-11171436000.0,6461177000.0,6423197000.0,4617374000.0,0.0,2129245000.0,2099108000.0,2099108000.0,0.0,0.0,0.262,4990748000.0,3033858000.0,0.0,0.47,1.476,12.592,12.696,1879945000.0,30137000.0,75.67,3.294,3.264,0.0,10897059000.0,8024606000.0,8024606000.0,0.0,0.012,0.118,0.015,0.375,37113000.0,3881101000.0,1.0,349294880.0,346150000,349592000.0,23.182,167618059000.0,0.0,883148000.0,0.0,484.235,
49,STI,MRT,2007-06-30,2007-06-30,2007-06-30,2019-11-01,920888000.0,180314372000.0,182991343750.0,,,0.044,49.345,-242536000.0,4280421000.0,4280421000.0,0.0,2244669000.0,,9.381,32202885000.0,,,32202885000.0,0.0,813089000.0,122890702000.0,0.031,2.68,3182587000.0,3995676000.0,0.493,3995676000.0,3182587000.0,3182587000.0,6.25,6.2,6.25,17368853000.0,17935076000.0,17368853000.0,60956420696.0,19.0,15.256,656134000.0,1.864,1.0,8109054000.0,1.0,8187510000.0,0.0,200049326000.0,203449454250.0,0.0,159127216000.0,,,162945519000.0,,,30576918696.0,237624000.0,71463000.0,-1586993000.0,507684000.0,-977756000.0,-3490822000.0,2829776000.0,2787473000.0,898670000.0,0.0,2244669000.0,2222058000.0,2222058000.0,0.0,0.0,0.274,4914802000.0,3194252000.0,0.0,0.429,1.76,13.761,13.718,1930551000.0,22611000.0,85.74,3.771,3.722,0.0,10739449000.0,8109054000.0,8109054000.0,0.0,0.012,0.124,0.016,0.392,25202000.0,3856964000.0,1.0,356623731.0,351987000,356008000.0,23.038,172126862000.0,0.0,937918000.0,0.0,489.015,
50,STI,MRT,2007-03-31,2007-03-31,2007-03-31,2019-11-01,1185226000.0,186384841000.0,183198611750.0,,,0.043,50.838,-332889000.0,3889931000.0,3889931000.0,0.0,2107240000.0,,9.373,34269433000.0,,,34269433000.0,0.0,813151000.0,123438275000.0,0.031,2.56,2966815000.0,3779966000.0,0.481,3779966000.0,2966815000.0,2966815000.0,5.85,5.8,5.85,17968538000.0,17948842750.0,17968538000.0,58132921757.0,20.0,15.379,2534882000.0,7.172,1.0,7856181000.0,1.0,8190180000.0,0.0,208574163000.0,203495963250.0,0.0,165538779000.0,,,168416303000.0,,,29501184757.0,-575016000.0,71463000.0,-767208000.0,2202152000.0,-933549000.0,2691902000.0,-6134689000.0,-6010394000.0,2867771000.0,0.0,2107240000.0,2092148000.0,2092148000.0,0.0,0.0,0.266,4877701000.0,2978480000.0,0.0,0.438,1.642,14.101,14.195,1995647000.0,15092000.0,83.04,3.755,3.736,0.0,10325246000.0,7856181000.0,7856181000.0,0.0,0.011,0.117,0.015,0.378,20744000.0,3830537000.0,1.0,355264749.0,353448000,357214000.0,22.227,178194661000.0,0.0,859575000.0,0.0,504.161,
51,STI,MRT,2006-12-31,2006-12-31,2006-12-31,2019-11-01,925949000.0,182161609000.0,181321520500.0,,,0.043,49.563,-334254000.0,5307745000.0,5307745000.0,0.0,2117471000.0,,9.226,32889436000.0,,,32889436000.0,0.0,810881000.0,124021629000.0,0.029,2.44,2986441000.0,3797322000.0,0.483,3797322000.0,2986441000.0,2986441000.0,5.87,5.82,5.87,17813606000.0,17746070250.0,17813606000.0,58328607831.0,20.0,15.36,3451687000.0,9.604,1.0,7866301000.0,1.0,8071844000.0,0.0,201671456000.0,200944373500.0,0.0,160079278000.0,,,164348003000.0,,,29907185831.0,-997861000.0,113750000.0,-889096000.0,-220428000.0,-887297000.0,507923000.0,-5291725000.0,-5282378000.0,3785941000.0,0.0,2117471000.0,2109742000.0,2109742000.0,0.0,0.0,0.268,4868195000.0,2998106000.0,0.0,0.416,1.679,14.176,14.387,1977412000.0,7729000.0,84.45,3.802,3.859,0.0,10541152000.0,7866301000.0,7866301000.0,0.0,0.012,0.119,0.015,0.38,11051000.0,3823485000.0,1.0,354140744.0,359413000,362802000.0,21.887,174089765000.0,0.0,868970000.0,0.0,484.372,
52,STI,MRT,2006-09-30,2006-09-30,2006-09-30,2019-11-01,1178764000.0,183104553000.0,180709328500.0,,,0.044,51.379,-313361000.0,4106155000.0,4106155000.0,0.0,2129588000.0,,8.85,32527577000.0,,,32527577000.0,0.0,795286000.0,124392950000.0,0.031,2.38,3022075000.0,3817361000.0,0.485,3817361000.0,3022075000.0,3022075000.0,5.91,5.85,5.91,18589307000.0,17514517500.0,18589307000.0,55325716323.0,18.0,14.493,-280948000.0,-0.777,1.0,7875085000.0,1.0,8023103000.0,0.0,203502872000.0,200492970250.0,0.0,162028384000.0,,,164515246000.0,,,28192230323.0,-205793000.0,0.0,-46570000.0,-2643386000.0,-862315000.0,7640292000.0,-7878498000.0,-7787095000.0,32413000.0,0.0,2129588000.0,2129588000.0,2129588000.0,0.0,0.0,0.27,4853010000.0,3022075000.0,0.0,0.403,1.517,13.238,13.076,1917318000.0,0.0,77.28,3.58,3.55,0.0,10258441000.0,7875085000.0,7875085000.0,0.0,0.012,0.122,0.015,0.384,13865000.0,3803475000.0,1.0,364806293.0,361805000,365121000.0,21.766,175081450000.0,0.0,892487000.0,0.0,483.911,
53,STI,MRT,2006-06-30,2006-06-30,2006-06-30,2019-11-01,776520000.0,181143444000.0,178037214250.0,,,0.044,48.23,-286620000.0,4243809000.0,4243809000.0,0.0,2104774000.0,,9.396,31377295000.0,,,31377295000.0,0.0,797166000.0,124852437000.0,0.03,2.32,3020414000.0,3817580000.0,0.487,3817580000.0,3020414000.0,3020414000.0,5.85,5.78,5.85,17423920000.0,17046628250.0,17423920000.0,55242130599.0,18.0,14.47,-2273235000.0,-6.292,1.0,7844996000.0,1.0,8041568000.0,0.0,200235362000.0,198478362500.0,0.0,160109073000.0,,,163719524000.0,,,27730234599.0,-810236000.0,0.0,-79613000.0,-4702062000.0,-841071000.0,9676990000.0,-8500611000.0,-8341871000.0,-1986615000.0,0.0,2104774000.0,2104774000.0,2104774000.0,0.0,0.0,0.268,4824582000.0,3020414000.0,0.0,0.397,1.592,13.175,13.036,1905672000.0,0.0,76.26,3.535,3.512,0.0,9943155000.0,7844996000.0,7844996000.0,0.0,0.012,0.123,0.015,0.385,20642000.0,3752198000.0,1.0,363627519.0,361267000,364391000.0,21.715,173101876000.0,0.0,915640000.0,0.0,479.152,
54,STI,MRT,2006-03-31,2006-03-31,2006-03-31,2019-11-01,894360000.0,178876476000.0,174989497000.0,,,0.044,47.668,-226231000.0,4239939000.0,4239939000.0,0.0,2026472000.0,,9.426,31751835000.0,,,31751835000.0,0.0,798803000.0,121775742000.0,0.031,2.26,2916136000.0,3714939000.0,0.482,3714939000.0,2916136000.0,2916136000.0,5.64,5.57,5.64,17157448000.0,16852197250.0,17157448000.0,54490690460.0,19.0,14.668,798728000.0,2.219,1.0,7699450000.0,1.0,8020568000.0,0.0,198367804000.0,196595678000.0,0.0,157824125000.0,,,161719028000.0,,,26379553460.0,-611654000.0,0.0,-78933000.0,-3081753000.0,-817449000.0,10283610000.0,-11920223000.0,-11772778000.0,1024959000.0,0.0,2026472000.0,2026472000.0,2026472000.0,0.0,0.0,0.263,4783314000.0,2916136000.0,0.0,0.401,1.537,13.017,12.901,1876579000.0,0.0,72.76,3.426,3.401,0.0,9621597000.0,7699450000.0,7699450000.0,0.0,0.012,0.12,0.015,0.379,21150000.0,3659409000.0,1.0,362555710.0,359934000,363437000.0,21.391,170855908000.0,0.0,889664000.0,0.0,474.687,
55,STI,MRT,2005-12-31,2005-12-31,2005-12-31,2019-11-01,938091000.0,179712841000.0,171473116500.0,,,0.044,47.031,-201650000.0,4992108000.0,4992108000.0,0.0,1987239000.0,,9.642,33103245000.0,,,33103245000.0,0.0,783084000.0,122053178000.0,0.03,2.2,2866395000.0,3649479000.0,0.483,3649479000.0,2866395000.0,2866395000.0,5.53,5.47,5.53,16887395000.0,16588900000.0,16887395000.0,57278464923.0,20.0,15.695,-4920368000.0,-13.703,1.0,7557124000.0,1.0,7958135000.0,0.0,199865843000.0,193874116250.0,0.0,157872924000.0,,,162825446000.0,,,26295615923.0,816667000.0,0.0,-60695000.0,-351924000.0,-794971000.0,17491951000.0,-11956566000.0,-11760227000.0,-4718718000.0,0.0,1987239000.0,1987239000.0,1987239000.0,0.0,0.0,0.263,4690729000.0,2866395000.0,0.0,0.398,1.557,13.232,13.157,1854527000.0,0.0,72.76,3.48,3.457,0.0,9310978000.0,7557124000.0,7557124000.0,0.0,0.012,0.12,0.015,0.379,35565000.0,3564417000.0,1.0,361402088.0,359066000,363454000.0,21.047,171754706000.0,0.0,879156000.0,0.0,478.337,
56,STI,MRT,2005-09-30,2005-09-30,2005-09-30,2019-11-01,1138279000.0,172416096000.0,166262352250.0,,,0.045,46.477,-184623000.0,4251284000.0,4251284000.0,0.0,1924497000.0,,9.313,35234133000.0,,,35234133000.0,0.0,771818000.0,113730058000.0,0.031,2.15,2793605000.0,3565423000.0,0.48,3565423000.0,2793605000.0,2793605000.0,5.35,5.29,5.35,16717750000.0,16363776000.0,16717750000.0,56898071324.0,20.0,15.958,-3430671000.0,-9.538,1.0,7426399000.0,1.0,7954504000.0,0.0,195444441000.0,189071230750.0,0.0,152305193000.0,,,155698346000.0,,,25178108324.0,635794000.0,-1074001000.0,-18468000.0,1427902000.0,-776398000.0,15490954000.0,-11609112000.0,-10354895000.0,-3246048000.0,0.0,1924497000.0,1924497000.0,1924497000.0,0.0,0.0,0.259,4632794000.0,2793605000.0,0.0,0.402,1.506,13.083,12.981,1821137000.0,0.0,69.45,3.39,3.364,0.0,8991168000.0,7426399000.0,7426399000.0,0.0,0.012,0.118,0.015,0.376,32555000.0,3503068000.0,1.0,362535757.0,359702000,363854000.0,20.646,164461592000.0,0.0,869108000.0,0.0,457.216,
57,STI,MRT,2005-06-30,2005-06-30,2005-06-30,2019-11-01,1297962000.0,168952575000.0,155104824500.0,,,0.045,46.357,-200003000.0,4500484000.0,4500484000.0,0.0,1782489000.0,,9.15,36220447000.0,,,36220447000.0,0.0,717050000.0,109577098000.0,0.029,2.1,2584953000.0,3302003000.0,0.474,3302003000.0,2584953000.0,2584953000.0,5.24,5.19,5.24,16646196000.0,14716467750.0,16646196000.0,56718140439.0,22.0,17.177,291488000.0,0.812,1.0,6970525000.0,1.0,7967914000.0,0.0,192704624000.0,177977367000.0,0.0,148967677000.0,,,152306379000.0,,,26112662439.0,231736000.0,-1074001000.0,60279000.0,3905664000.0,-718540000.0,11518437000.0,-11778192000.0,-10507300000.0,491491000.0,0.0,1782489000.0,1782489000.0,1782489000.0,0.0,0.0,0.256,4385572000.0,2584953000.0,0.0,0.401,1.569,14.65,13.786,1834935000.0,0.0,72.24,3.746,3.721,0.0,8679452000.0,6970525000.0,6970525000.0,0.0,0.011,0.121,0.015,0.371,31423000.0,3347766000.0,1.0,361470964.0,359090000,363642000.0,19.412,160984661000.0,0.0,802464000.0,0.0,448.313,
58,STI,MRT,2005-03-31,2005-03-31,2005-03-31,2019-11-01,1090596000.0,164810954000.0,144910811500.0,,,0.046,44.952,-215171000.0,4195880000.0,4195880000.0,0.0,1703360000.0,,9.234,34801358000.0,,,34801358000.0,0.0,685539000.0,107534884000.0,0.028,2.05,2474789000.0,3160328000.0,0.478,3160328000.0,2474789000.0,2474789000.0,5.33,5.27,5.33,16104259000.0,13069858500.0,16104259000.0,55657077008.0,22.0,17.611,282065000.0,0.787,1.0,6615985000.0,1.0,7934875000.0,0.0,187481557000.0,167103783250.0,0.0,144347734000.0,,,148706695000.0,,,26005096008.0,1265629000.0,-1265650000.0,38948000.0,1876642000.0,-660780000.0,12141930000.0,-11373537000.0,-9894978000.0,497236000.0,0.0,1703360000.0,1703360000.0,1703360000.0,0.0,0.0,0.257,4141196000.0,2474789000.0,0.0,0.385,1.615,15.267,13.522,1857681000.0,0.0,72.07,3.931,3.903,0.0,8412574000.0,6615985000.0,6615985000.0,0.0,0.012,0.13,0.015,0.374,29149000.0,3204405000.0,1.0,360831081.0,358253000,363138000.0,18.467,156876079000.0,0.0,771429000.0,0.0,437.892,
59,STI,MRT,2004-12-31,2004-12-31,2004-12-31,2019-11-01,1276950000.0,158869784000.0,135020586000.0,,,0.046,53.401,-238009000.0,3892670000.0,3892670000.0,0.0,1572901000.0,,8.937,33544651000.0,,,33544651000.0,0.0,667145000.0,103361251000.0,0.027,2.0,2257026000.0,2924171000.0,0.475,2924171000.0,2257026000.0,2257026000.0,5.25,5.19,5.25,15986899000.0,11567246250.0,15986899000.0,52564221563.0,23.0,17.976,941575000.0,3.145,1.0,6154064000.0,1.0,7867464000.0,0.0,180654301000.0,157324783000.0,0.0,139677365000.0,,,142882885000.0,,,27392783563.0,167565000.0,-1265650000.0,82393000.0,2085443000.0,-603309000.0,7955064000.0,-8967083000.0,-7466008000.0,1179584000.0,0.0,1572901000.0,1572901000.0,1572901000.0,0.0,0.0,0.256,3897038000.0,2257026000.0,0.0,0.381,1.713,17.415,14.072,1860415000.0,0.0,73.88,4.451,3.594,0.0,8118710000.0,6154064000.0,6154064000.0,0.0,0.012,0.136,0.014,0.367,25958000.0,3035987000.0,1.0,370774006.0,299375000,303309000.0,20.556,151002320000.0,0.0,684125000.0,0.0,504.392,
60,STI,MRT,2004-09-30,2004-09-30,2004-09-30,2019-11-01,1297506000.0,127785985000.0,126615760750.0,,,0.045,36.149,-221461000.0,3661545000.0,3661545000.0,0.0,1459679000.0,,11.616,28832983000.0,,,28832983000.0,0.0,641451000.0,83096061000.0,0.028,1.95,2094422000.0,2735873000.0,0.478,2735873000.0,2094422000.0,2094422000.0,5.16,5.15,5.16,10128517000.0,10003313000.0,10128517000.0,42831302629.0,20.0,15.655,5783812000.0,20.643,1.0,5727262000.0,1.0,1888437000.0,0.0,151068986000.0,149293350750.0,0.0,115884507000.0,,,117657468000.0,,,19911262629.0,94605000.0,-191649000.0,-4708000.0,754248000.0,-549785000.0,2831670000.0,-8742338000.0,-8331572000.0,6005273000.0,0.0,1459679000.0,1459679000.0,1459679000.0,0.0,0.0,0.255,3632840000.0,2094422000.0,0.0,0.378,1.966,13.641,13.645,1624474000.0,0.0,70.41,3.477,3.445,0.0,7843069000.0,5727262000.0,5727262000.0,0.0,0.012,0.146,0.014,0.366,23761000.0,2888612000.0,1.0,282790266.0,280185000,283502000.0,20.441,125897548000.0,0.0,634743000.0,0.0,449.337,
61,STI,MRT,2004-06-30,2004-06-30,2004-06-30,2019-11-01,1477675000.0,128176523000.0,126332858500.0,,,0.044,35.948,-218214000.0,4085889000.0,4085889000.0,0.0,1422496000.0,,11.742,27005929000.0,,,27005929000.0,0.0,732007000.0,85528703000.0,0.029,1.9,2029093000.0,2761100000.0,0.494,2761100000.0,2029093000.0,2029093000.0,5.04,5.03,5.04,10059759000.0,9780787000.0,10059759000.0,43178055382.0,21.0,15.638,4532825000.0,16.198,1.0,5591949000.0,1.0,1886274000.0,0.0,149210289000.0,149532333750.0,0.0,115743305000.0,,,118116764000.0,,,18354688382.0,-493024000.0,-191649000.0,15389000.0,-1128105000.0,-534916000.0,6610330000.0,-11854393000.0,-11460452000.0,4751039000.0,0.0,1422496000.0,1422496000.0,1422496000.0,0.0,0.0,0.254,3562856000.0,2029093000.0,0.0,0.377,1.825,12.903,12.895,1615562000.0,0.0,64.99,3.282,3.252,0.0,7615503000.0,5591949000.0,5591949000.0,0.0,0.011,0.145,0.014,0.363,20621000.0,2818193000.0,1.0,282423271.0,279840000,283116000.0,19.983,126290249000.0,0.0,606597000.0,0.0,451.294,
62,STI,MRT,2004-03-31,2004-03-31,2004-03-31,2019-11-01,1781660000.0,125250052000.0,124503052500.0,,,0.043,36.111,-207140000.0,3380574000.0,3380574000.0,0.0,1366284000.0,,11.409,28203941000.0,,,28203941000.0,0.0,830658000.0,80869594000.0,0.027,1.85,1941190000.0,2771848000.0,0.512,2771848000.0,1941190000.0,1941190000.0,4.84,4.84,4.84,10093810000.0,9560523000.0,10093810000.0,44780334630.0,23.0,16.155,4214788000.0,15.079,1.0,5413325000.0,1.0,1707863000.0,0.0,148365556000.0,148038316750.0,0.0,113704152000.0,,,115156242000.0,,,19670719630.0,-556138000.0,-34261000.0,10369000.0,49792000.0,-519512000.0,1987361000.0,-6965427000.0,-6738831000.0,4421928000.0,0.0,1366284000.0,1366284000.0,1366284000.0,0.0,0.0,0.252,3472135000.0,1941190000.0,0.0,0.382,1.949,14.397,14.403,1621241000.0,0.0,69.71,3.634,3.6,0.0,7369994000.0,5413325000.0,5413325000.0,0.0,0.011,0.143,0.013,0.359,17375000.0,2759941000.0,1.0,282179309.0,279523000,283523000.0,19.366,123542189000.0,0.0,574906000.0,0.0,441.975,
63,STI,MRT,2003-12-31,2003-12-31,2003-12-31,2019-11-01,1664092000.0,125250483000.0,123206076250.0,,,0.043,34.967,-157608000.0,3947982000.0,3947982000.0,0.0,1332297000.0,,11.871,28943328000.0,,,28943328000.0,0.0,881542000.0,81189519000.0,0.025,1.8,1909138000.0,2790680000.0,0.526,2790680000.0,1909138000.0,1909138000.0,4.73,4.73,4.73,9731166000.0,9211642750.0,9731166000.0,47190367001.0,25.0,16.91,3956867000.0,14.218,1.0,5309754000.0,1.0,1717257000.0,0.0,148528572000.0,146420803250.0,0.0,114033202000.0,,,115519317000.0,,,20129396001.0,-236921000.0,-34261000.0,-154207000.0,1971927000.0,-505396000.0,2387451000.0,-6738847000.0,-6560910000.0,4114475000.0,0.0,1332297000.0,1332297000.0,1332297000.0,0.0,0.0,0.251,3400616000.0,1909138000.0,0.0,0.381,2.069,15.109,15.116,1595307000.0,0.0,71.5,3.791,3.747,0.0,7149118000.0,5309754000.0,5309754000.0,0.0,0.011,0.145,0.013,0.36,14197000.0,2707206000.0,1.0,281530014.0,278295000,281434000.0,19.08,123533226000.0,0.0,576841000.0,0.0,443.893,
64,STI,MRT,2003-09-30,2003-09-30,2003-09-30,2019-11-01,1418820000.0,126654376000.0,121224086250.0,,,0.043,33.196,-119816000.0,3721954000.0,3721954000.0,0.0,1330040000.0,,12.71,30782925000.0,,,30782925000.0,0.0,932118000.0,80467217000.0,0.029,1.78,1836544000.0,2768662000.0,0.534,2768662000.0,1836544000.0,1836544000.0,4.77,4.72,4.77,9238413000.0,8971225250.0,9238413000.0,41046053021.0,22.0,14.825,-1800443000.0,-6.47,1.0,5188773000.0,1.0,1690429000.0,0.0,152024918000.0,143032901500.0,0.0,115669964000.0,,,117415963000.0,,,16993274021.0,-1315203000.0,-34261000.0,-289098000.0,3526297000.0,-500229000.0,8996090000.0,-8630666000.0,-8490521000.0,-1680627000.0,0.0,1330040000.0,1330040000.0,1330040000.0,0.0,0.0,0.256,3352229000.0,1836544000.0,0.0,0.373,1.839,12.777,12.656,1577885000.0,0.0,60.37,3.275,3.238,0.0,6933175000.0,5188773000.0,5188773000.0,0.0,0.011,0.148,0.013,0.354,11837000.0,2412621000.0,1.0,281485407.0,278296000,281567000.0,18.645,124963947000.0,0.0,506504000.0,0.0,449.032,
65,STI,MRT,2003-06-30,2003-06-30,2003-06-30,2019-11-01,1564477000.0,120857299000.0,117665998750.0,,,0.043,33.089,-105380000.0,4106710000.0,4106710000.0,0.0,1341450000.0,,12.167,28159489000.0,,,28159489000.0,0.0,861389000.0,77275660000.0,0.03,1.76,1848076000.0,2709465000.0,0.53,2709465000.0,1848076000.0,1848076000.0,4.79,4.74,4.79,9178703000.0,8873720500.0,9178703000.0,40031275692.0,22.0,14.775,-2162925000.0,-7.797,1.0,5116592000.0,1.0,1675857000.0,0.0,143234221000.0,137506392750.0,0.0,109843224000.0,,,111678596000.0,,,16620760692.0,754473000.0,-34261000.0,-364751000.0,4929810000.0,-496239000.0,9205436000.0,-6393418000.0,-6221667000.0,-2057545000.0,0.0,1341450000.0,1341450000.0,1341450000.0,0.0,0.0,0.262,3268516000.0,1848076000.0,0.0,0.367,1.811,12.39,12.388,1573382000.0,0.0,59.34,3.248,3.217,0.0,6727923000.0,5116592000.0,5116592000.0,0.0,0.011,0.151,0.013,0.361,7908000.0,2356157000.0,1.0,280093709.0,277397000,280287000.0,18.445,119181442000.0,0.0,506626000.0,0.0,429.642,
66,STI,MRT,2003-03-31,2003-03-31,2003-03-31,2019-11-01,1380812000.0,120062147000.0,114448707000.0,,,0.045,31.218,-141446000.0,3828047000.0,3828047000.0,0.0,1354776000.0,,12.803,27238562000.0,,,27238562000.0,0.0,754072000.0,78006376000.0,0.033,1.74,1882236000.0,2636308000.0,0.516,2636308000.0,1882236000.0,1882236000.0,4.82,4.77,4.82,8698289000.0,8828114250.0,8698289000.0,34097319984.0,18.0,12.934,-2366459000.0,-8.493,1.0,5107006000.0,1.0,1577160000.0,0.0,141895502000.0,132950334750.0,0.0,108665173000.0,,,111363858000.0,,,14866958984.0,880288000.0,0.0,-365159000.0,3534151000.0,-493379000.0,11211204000.0,-8105903000.0,-7946934000.0,-2225013000.0,0.0,1354776000.0,1354776000.0,1354776000.0,0.0,0.0,0.265,3224770000.0,1882236000.0,0.0,0.361,1.709,10.974,10.923,1588353000.0,0.0,52.65,2.911,2.873,0.0,6523222000.0,5107006000.0,5107006000.0,0.0,0.012,0.153,0.014,0.369,5092000.0,2321989000.0,1.0,282373390.0,278631000,281330000.0,18.329,118484987000.0,0.0,527460000.0,0.0,425.24,
67,STI,MRT,2002-12-31,2002-12-31,2002-12-31,2019-11-01,1509470000.0,117322523000.0,110994375750.0,,,0.045,31.043,-123245000.0,4466014000.0,4466014000.0,0.0,1331809000.0,,12.378,23696375000.0,,,23696375000.0,0.0,619965000.0,79706628000.0,0.03,1.72,1823324000.0,2443289000.0,0.485,2443289000.0,1823324000.0,1823324000.0,4.71,4.66,4.71,8769496000.0,8797864250.0,8769496000.0,35247560341.0,19.0,14.426,-1635672000.0,-5.79,1.0,5042744000.0,1.0,1575919000.0,0.0,134976965000.0,128657105250.0,0.0,106240851000.0,,,108553027000.0,,,16145256341.0,-351749000.0,1160333000.0,-287908000.0,-966512000.0,-489543000.0,5960014000.0,-4799336000.0,-5836424000.0,-1512427000.0,0.0,1331809000.0,1331809000.0,1331809000.0,0.0,0.0,0.264,3219420000.0,1823324000.0,0.0,0.365,1.841,12.123,12.085,1607200000.0,0.0,56.92,3.202,3.189,0.0,6322217000.0,5042744000.0,5042744000.0,0.0,0.012,0.151,0.014,0.362,3959000.0,2302586000.0,1.0,283648214.0,282495000,286052000.0,17.851,115746604000.0,0.0,491515000.0,0.0,409.73,
68,STI,MRT,2002-09-30,2002-09-30,2002-09-30,2019-11-01,1657239000.0,112422026000.0,107848906000.0,,,0.046,31.343,-129381000.0,4601333000.0,4601333000.0,0.0,1348281000.0,,11.705,23703637000.0,,,23703637000.0,0.0,504159000.0,73807961000.0,0.027,1.69,1888367000.0,2392526000.0,0.481,2392526000.0,1888367000.0,1888367000.0,4.75,4.7,4.75,8848394000.0,8695382250.0,8848394000.0,36179680316.0,19.0,15.122,59783000.0,0.212,1.0,4970079000.0,1.0,1605447000.0,0.0,129918883000.0,125909391500.0,0.0,100453257000.0,,,103573632000.0,,,17522244316.0,915699000.0,1160333000.0,-154221000.0,-2966589000.0,-483315000.0,2602078000.0,-1875543000.0,-2867038000.0,189164000.0,0.0,1348281000.0,1348281000.0,1348281000.0,0.0,0.0,0.271,3099536000.0,1870543000.0,0.0,0.356,1.98,12.996,12.943,1628267000.0,0.0,61.48,3.526,3.492,0.0,6103364000.0,4970079000.0,4970079000.0,0.0,0.013,0.155,0.015,0.38,-1465000.0,2247556000.0,1.0,285007227.0,282309551,285991438.0,17.605,110816579000.0,0.0,540086000.0,0.0,392.536,
69,STI,MRT,2002-06-30,2002-06-30,2002-06-30,2019-11-01,1945698000.0,107988132000.0,105558908250.0,,,0.047,31.756,-106448000.0,3926071000.0,3926071000.0,0.0,1339432000.0,,11.004,22583507000.0,,,22583507000.0,0.0,390003000.0,71745926000.0,0.025,1.66,1906483000.0,2296486000.0,0.46,2296486000.0,1906483000.0,1906483000.0,4.71,4.65,4.71,8996278000.0,8533258500.0,8996278000.0,38135024442.0,20.0,16.606,164829000.0,0.582,1.0,4988855000.0,1.0,1635579000.0,0.0,125009989000.0,124746309750.0,0.0,97441123000.0,,,98991854000.0,,,18029145442.0,818301000.0,1160333000.0,-62389000.0,-2776281000.0,-476044000.0,606965000.0,-59941000.0,-1118571000.0,271277000.0,0.0,1339432000.0,1339432000.0,1339432000.0,0.0,0.0,0.268,3100196000.0,1888659000.0,0.0,0.352,2.004,13.46,14.378,1631295000.0,0.0,67.72,3.614,3.845,0.0,5882712000.0,4988855000.0,4988855000.0,0.0,0.013,0.157,0.015,0.382,153000.0,2265522000.0,1.0,266230736.0,283293239,287288121.0,17.61,106352553000.0,0.0,567051000.0,0.0,375.415,
70,STI,MRT,2002-03-31,2002-03-31,2002-03-31,2019-11-01,1759260000.0,106244822000.0,103767508750.0,,,0.048,30.196,-85280000.0,3477469000.0,3477469000.0,0.0,1342893000.0,,11.387,23583348000.0,,,23583348000.0,0.0,358862000.0,69506807000.0,0.024,1.63,1920846000.0,2279708000.0,0.457,2279708000.0,1920846000.0,1920846000.0,4.7,4.64,4.7,8577289000.0,8252477750.0,8577289000.0,39225193079.0,20.0,17.206,-44052000.0,-0.155,1.0,4990898000.0,1.0,1628117000.0,0.0,124722584000.0,123875114750.0,0.0,96177174000.0,,,97667533000.0,,,19168451079.0,-128380000.0,1160333000.0,-283935000.0,-5138069000.0,-468962000.0,-3599598000.0,3429990000.0,2350441000.0,41228000.0,0.0,1342893000.0,1342893000.0,1342893000.0,0.0,0.0,0.269,3070052000.0,1920846000.0,0.0,0.347,2.235,14.274,14.198,1623543000.0,0.0,66.73,3.841,3.798,0.0,5661825000.0,4990898000.0,4990898000.0,0.0,0.013,0.163,0.016,0.385,691000.0,2223350000.0,1.0,287253875.0,284054605,287375269.0,17.57,104616705000.0,0.0,577953000.0,0.0,368.298,
71,STI,MRT,2001-12-31,2001-12-31,2001-12-31,2019-11-01,1655253000.0,104740644000.0,103137899500.0,,,0.049,29.056,-89224000.0,4414935000.0,4414935000.0,0.0,1375537000.0,,11.529,24471677000.0,,,24471677000.0,0.0,357371000.0,67536422000.0,0.026,1.6,2029440000.0,2386811000.0,0.475,2386811000.0,2029440000.0,2029440000.0,4.78,4.72,4.78,8359568000.0,8065755500.0,8359568000.0,40971293998.0,20.0,17.166,-1243473000.0,-4.322,1.0,5029310000.0,1.0,811276000.0,0.0,123986110000.0,124701881750.0,0.0,94906859000.0,,,96381076000.0,,,18108699998.0,518692000.0,0.0,-510237000.0,2822867000.0,-463529000.0,-147814000.0,1820755000.0,1909979000.0,-1154249000.0,0.0,1375537000.0,1375537000.0,1375537000.0,0.0,0.0,0.274,2999870000.0,2029440000.0,0.0,0.335,2.166,13.165,13.117,1584869000.0,0.0,62.7,3.601,3.587,0.0,5479951000.0,5029310000.0,5029310000.0,0.0,0.013,0.171,0.016,0.404,0.0,2181649000.0,1.0,288814992.0,287702000,291584000.0,17.481,103929368000.0,0.0,653903000.0,0.0,361.24,
72,STI,MRT,2001-09-30,2001-09-30,2001-09-30,2019-11-01,1721529000.0,103262035000.0,102867832000.0,,,0.049,28.714,-109835000.0,3712630000.0,3712630000.0,0.0,1349187000.0,,11.593,26575224000.0,,,26575224000.0,0.0,335464000.0,63126054000.0,0.024,1.57,2022101000.0,2357565000.0,0.47,2357565000.0,2022101000.0,2022101000.0,4.67,4.59,4.67,8199899000.0,8035665500.0,8199899000.0,40773372689.0,20.0,17.295,-538796000.0,-1.887,1.0,5021136000.0,1.0,858073000.0,0.0,125266556000.0,123833530750.0,0.0,93478783000.0,,,95062136000.0,,,19221536689.0,489818000.0,0.0,-552151000.0,6836368000.0,-457556000.0,-200155000.0,1118934000.0,1175611000.0,-428961000.0,0.0,1349187000.0,1349187000.0,1349187000.0,0.0,0.0,0.269,2981211000.0,2039925000.0,0.0,0.336,2.344,14.247,14.261,1589726000.0,0.0,66.6,3.828,3.788,0.0,5238398000.0,5021136000.0,5021136000.0,0.0,0.013,0.168,0.016,0.403,6781000.0,2226785000.0,1.0,288611662.0,285570284,289601031.0,17.583,102403962000.0,0.0,672914000.0,0.0,358.595,
73,STI,MRT,2001-06-30,2001-06-30,2001-06-30,2019-11-01,1627842000.0,100822534000.0,102231011250.0,,,0.048,27.349,-123909000.0,3756548000.0,3756548000.0,0.0,1341863000.0,,11.806,25308384000.0,,,25308384000.0,0.0,355801000.0,63339677000.0,0.024,1.54,2006412000.0,2362213000.0,0.479,2362213000.0,2006412000.0,2006412000.0,4.61,4.54,4.61,7873155000.0,7910141500.0,7873155000.0,44086831451.0,22.0,18.663,45739000.0,0.159,1.0,4935205000.0,1.0,849161000.0,0.0,121525209000.0,121648242000.0,0.0,91638569000.0,,,92949379000.0,,,18915023451.0,216654000.0,0.0,-763851000.0,5366673000.0,-452401000.0,-1186337000.0,1233343000.0,1299726000.0,169648000.0,0.0,1341863000.0,1341863000.0,1341863000.0,0.0,0.0,0.272,2910969000.0,2024236000.0,0.0,0.334,2.402,14.096,14.052,1590308000.0,0.0,64.78,3.833,3.779,0.0,5019324000.0,4935205000.0,4935205000.0,0.0,0.013,0.17,0.016,0.407,7416000.0,2165171000.0,1.0,291988630.0,287877855,291677416.0,17.143,99973373000.0,0.0,664549000.0,0.0,347.277,
74,STI,MRT,2001-03-31,2001-03-31,2001-03-31,2019-11-01,1608444000.0,103726385000.0,102014788750.0,,,0.047,26.834,-123621000.0,3502244000.0,3502244000.0,0.0,1312186000.0,,12.247,28674052000.0,,,28674052000.0,0.0,301409000.0,62722664000.0,0.023,1.51,1947497000.0,2248906000.0,0.467,2248906000.0,1947497000.0,1947497000.0,4.46,4.4,4.46,7830400000.0,7836591250.0,7830400000.0,36867238352.0,19.0,16.393,-581932000.0,-1.994,1.0,4814412000.0,1.0,868541000.0,0.0,128029652000.0,120343194250.0,0.0,94738334000.0,,,95895985000.0,,,19204046352.0,-137865000.0,0.0,-581603000.0,9413887000.0,-447958000.0,4766762000.0,-4446316000.0,-4369274000.0,-458311000.0,0.0,1312186000.0,1312186000.0,1312186000.0,0.0,0.0,0.273,2866915000.0,1947497000.0,0.0,0.339,2.452,14.635,14.529,1605144000.0,0.0,64.8,3.989,3.928,0.0,6531995000.0,4814412000.0,4814412000.0,0.0,0.013,0.167,0.016,0.405,7776000.0,2148660000.0,1.0,296358740.0,291804986,295832464.0,16.499,102857844000.0,0.0,635311000.0,0.0,352.488,
75,STI,MRT,2000-12-31,2000-12-31,2000-12-31,2019-11-01,1942774000.0,103660374000.0,100162918750.0,,,0.047,27.664,-145821000.0,4124324000.0,4124324000.0,0.0,1294100000.0,,11.581,21787516000.0,,,21787516000.0,0.0,299957000.0,69533337000.0,0.023,1.48,1919556000.0,2219513000.0,0.467,2219513000.0,1919556000.0,1919556000.0,4.35,4.3,4.35,8239208000.0,7656169250.0,8239208000.0,35284146433.0,18.0,15.897,407556000.0,1.368,1.0,4748089000.0,1.0,810860000.0,0.0,120512706000.0,116149510500.0,0.0,94307741000.0,,,95421166000.0,,,18661418433.0,-128014000.0,0.0,-627707000.0,-2584914000.0,-443407000.0,5776780000.0,-6458171000.0,-6371306000.0,553377000.0,0.0,1294100000.0,1294100000.0,1294100000.0,0.0,0.0,0.273,2828533000.0,1919556000.0,0.0,0.34,2.265,14.42,14.483,1629071000.0,0.0,63.0,3.93,3.952,0.0,6312044000.0,4748089000.0,4748089000.0,0.0,0.013,0.169,0.017,0.404,9408000.0,2146534000.0,1.0,296212991.0,297834000,300956000.0,15.942,102849514000.0,0.0,625456000.0,0.0,345.325,
76,STI,MRT,2000-09-30,2000-09-30,2000-09-30,2019-11-01,1565694000.0,100714752000.0,98095317250.0,,,0.047,26.043,-144920000.0,3211340000.0,3211340000.0,0.0,1393522000.0,,12.084,19834068000.0,,,19834068000.0,0.0,316766000.0,69152870000.0,0.029,1.455,1950632000.0,2267398000.0,0.489,2267398000.0,1950632000.0,1950632000.0,4.58,4.54,4.58,7697803000.0,7503082750.0,7697803000.0,32025555420.0,16.0,14.124,628833000.0,2.127,1.0,4632532000.0,1.0,812079000.0,0.0,116525401000.0,114779766500.0,0.0,92174932000.0,,,93016949000.0,,,14869344420.0,-402705000.0,0.0,-1385497000.0,-3208722000.0,-443639000.0,5471474000.0,-6647932000.0,-6526756000.0,773753000.0,0.0,1393522000.0,1393522000.0,1393522000.0,0.0,0.0,0.301,2884548000.0,1747984000.0,0.0,0.318,1.932,10.67,10.891,1618907000.0,0.0,49.88,3.21,3.183,0.0,6090868000.0,4632532000.0,4632532000.0,0.0,0.014,0.186,0.017,0.421,10512000.0,2191970000.0,1.0,298102334.0,295574838,298558479.0,15.673,99902673000.0,0.0,557110000.0,0.0,337.995,
77,STI,MRT,2000-06-30,2000-06-30,2000-06-30,2019-11-01,1466668000.0,99957644000.0,96105479750.0,,,0.048,25.349,-161352000.0,2855808000.0,2855808000.0,0.0,1388108000.0,,12.189,20003910000.0,,,20003910000.0,0.0,295787000.0,68676435000.0,0.031,1.43,1971806000.0,2267593000.0,0.489,2267593000.0,1971806000.0,1971806000.0,4.48,4.44,4.48,7578954000.0,7538152000.0,7578954000.0,29550404582.0,15.0,13.032,1718434000.0,5.748,1.0,4638920000.0,1.0,800728000.0,0.0,116305018000.0,113532181000.0,0.0,91792448000.0,,,92378690000.0,,,13818753582.0,-734653000.0,0.0,-1308078000.0,-1059903000.0,-444338000.0,5504031000.0,-8118470000.0,-7993337000.0,1879786000.0,0.0,1388108000.0,1388108000.0,1388108000.0,0.0,0.0,0.299,2869762000.0,1769158000.0,0.0,0.319,1.823,9.955,10.199,1631331000.0,0.0,45.69,2.979,2.945,0.0,5873963000.0,4638920000.0,4638920000.0,0.0,0.014,0.184,0.017,0.425,13542000.0,2192789000.0,1.0,302445909.0,298985834,302140506.0,15.516,99156916000.0,0.0,583698000.0,0.0,331.644,
78,STI,MRT,2000-03-31,2000-03-31,2000-03-31,2019-11-01,1177157000.0,96318905000.0,94421039000.0,,,0.049,23.425,-180191000.0,3615651000.0,3615651000.0,0.0,1364302000.0,,12.549,19332340000.0,,,19332340000.0,0.0,292582000.0,66340228000.0,0.024,1.405,1959291000.0,2251873000.0,0.485,2251873000.0,1959291000.0,1959291000.0,4.34,4.3,4.34,7108712000.0,7691580250.0,7108712000.0,38221195527.0,20.0,16.973,2704513000.0,8.912,1.0,4642536000.0,1.0,780677000.0,0.0,111254917000.0,111919757500.0,0.0,87861875000.0,,,89210193000.0,,,17772801527.0,86434000.0,0.0,-1276537000.0,-1768587000.0,-443653000.0,4923351000.0,-7721621000.0,-7605088000.0,2884704000.0,0.0,1364302000.0,1364302000.0,1364302000.0,0.0,0.0,0.294,2885893000.0,1756643000.0,0.0,0.324,2.5,13.027,13.306,1630717000.0,0.0,57.75,3.828,3.775,0.0,5667767000.0,4642536000.0,4642536000.0,0.0,0.014,0.177,0.018,0.422,14538000.0,2206483000.0,1.0,307754139.0,303461233,306738634.0,15.299,95538228000.0,0.0,594989000.0,0.0,314.828,
79,STI,MRT,1999-12-31,1999-12-31,1999-12-31,2019-11-01,1562822000.0,95389968000.0,93121935750.0,,,0.049,24.054,-257179000.0,3931924000.0,3931924000.0,0.0,1326600000.0,,11.507,24380318000.0,,,24380318000.0,0.0,284993000.0,60100529000.0,0.02,1.38,1898305000.0,2183298000.0,0.475,2183298000.0,1898305000.0,1898305000.0,4.18,4.13,4.18,7626862000.0,7949087500.0,7626862000.0,41669451224.0,22.0,19.086,3349112000.0,10.562,1.0,4600935000.0,1.0,804632000.0,0.0,115033730000.0,111115288000.0,0.0,86827581000.0,,,87763106000.0,,,22016797224.0,-557468000.0,0.0,-927923000.0,2447585000.0,-440631000.0,2146277000.0,-6310036000.0,-6118507000.0,3606291000.0,0.0,1326600000.0,1326600000.0,1326600000.0,0.0,0.0,0.288,2905278000.0,1695657000.0,0.0,0.33,2.887,16.596,16.462,1636484000.0,0.0,68.81,4.785,4.742,0.0,5461351000.0,4600935000.0,4600935000.0,0.0,0.014,0.167,0.017,0.413,15557000.0,2199703000.0,1.0,319965081.0,317079000,321174000.0,14.51,94585336000.0,0.0,571705000.0,0.0,298.302,
80,STI,MRT,1999-09-30,1999-09-30,1999-09-30,2019-11-01,1281393000.0,92755402000.0,92566926750.0,,,0.05,24.63,-291017000.0,3615265000.0,3615265000.0,0.0,1054701000.0,,10.834,23226400000.0,,,23226400000.0,0.0,266466000.0,58644062000.0,0.02,1.285,1659064000.0,1925530000.0,0.417,1925530000.0,1659064000.0,1659064000.0,3.32,3.27,3.32,7838080000.0,8087033000.0,7838080000.0,38607512367.0,23.0,20.05,2827273000.0,8.884,1.0,4616297000.0,1.0,831478000.0,0.0,111535059000.0,109873349500.0,0.0,84333889000.0,,,84917322000.0,,,21153049367.0,-1414000.0,1437000.0,24972000.0,1436233000.0,-421272000.0,6138881000.0,-9258585000.0,-8960173000.0,3118290000.0,0.0,1054701000.0,1054701000.0,1054701000.0,0.0,0.0,0.228,2957233000.0,1659064000.0,0.0,0.387,2.699,20.056,19.804,1632184000.0,0.0,65.75,4.582,4.533,0.0,5140985000.0,4616297000.0,4616297000.0,0.0,0.011,0.13,0.015,0.359,14904000.0,2192667000.0,1.0,321719382.0,318238977,322222668.0,14.506,91923924000.0,0.0,604363000.0,0.0,288.852,
81,STI,MRT,1999-06-30,1999-06-30,1999-06-30,2019-11-01,1729615000.0,93219881000.0,90992237250.0,,,0.05,25.738,-323321000.0,3786251000.0,3786251000.0,0.0,1010055000.0,,10.378,21240714000.0,,,21240714000.0,0.0,284724000.0,60360085000.0,0.017,1.19,1564393000.0,1849117000.0,0.405,1849117000.0,1564393000.0,1564393000.0,3.19,3.14,3.19,8192667000.0,8023595250.0,8192667000.0,40060560564.0,26.0,21.665,2069354000.0,6.501,1.0,4562807000.0,1.0,819020000.0,0.0,109855324000.0,108100431500.0,0.0,84431758000.0,,,85027214000.0,,,22329392564.0,-809987000.0,1437000.0,171781000.0,608115000.0,-399554000.0,5864224000.0,-9066886000.0,-8768141000.0,2392675000.0,0.0,1010055000.0,1010055000.0,1010055000.0,0.0,0.0,0.221,2998414000.0,1564393000.0,0.0,0.373,2.726,22.107,21.768,1618936000.0,0.0,69.44,4.894,4.844,0.0,4930193000.0,4562807000.0,4562807000.0,0.0,0.011,0.126,0.014,0.343,14357000.0,2199079000.0,1.0,321563833.0,318315379,322448490.0,14.334,92400861000.0,0.0,554338000.0,0.0,290.281,
82,STI,MRT,1999-03-31,1999-03-31,1999-03-31,2019-11-01,1865836000.0,91122492000.0,89558568250.0,,,0.05,25.586,-320603000.0,3529131000.0,3529131000.0,0.0,987820000.0,,10.196,21260299000.0,,,21260299000.0,0.0,285859000.0,57928100000.0,0.018,1.095,1523821000.0,1809680000.0,0.404,1809680000.0,1523821000.0,1523821000.0,3.13,3.08,3.13,8138741000.0,8017521250.0,8138741000.0,37694568710.0,25.0,20.829,1116456000.0,3.51,1.0,4474416000.0,1.0,816621000.0,0.0,108037039000.0,106494674500.0,0.0,82435198000.0,,,82983751000.0,,,20001479710.0,-1067346000.0,1437000.0,-42007000.0,993414000.0,-378000000.0,4720955000.0,-7225360000.0,-6942861000.0,1437059000.0,0.0,987820000.0,987820000.0,987820000.0,0.0,0.0,0.221,2950595000.0,1523821000.0,0.0,0.35,2.458,20.248,19.888,1587601000.0,0.0,62.25,4.47,4.425,0.0,4747118000.0,4474416000.0,4474416000.0,0.0,0.011,0.123,0.014,0.341,14118000.0,2152699000.0,1.0,321308911.0,318090071,322363870.0,14.067,90305871000.0,0.0,536001000.0,0.0,283.9,
83,STI,MRT,1998-12-31,1998-12-31,1998-12-31,2019-11-01,2088207000.0,93169932000.0,88255567250.0,,,0.049,25.972,-259032000.0,4675834000.0,4675834000.0,0.0,971017000.0,,10.392,22368923000.0,,,22368923000.0,0.0,282599000.0,59033283000.0,0.013,1.0,1498306000.0,1780905000.0,0.408,1780905000.0,1498306000.0,1498306000.0,3.08,3.04,3.08,8178644000.0,7966722500.0,8178644000.0,32838613858.0,22.0,18.439,-1160261000.0,-3.684,1.0,4368389000.0,1.0,797045000.0,0.0,110065976000.0,104974077500.0,0.0,83344352000.0,,,84991288000.0,,,16031963858.0,-533363000.0,14857000.0,-86566000.0,4468816000.0,-352454000.0,8482295000.0,-8114429000.0,-8073202000.0,-901229000.0,0.0,971017000.0,971017000.0,971017000.0,0.0,0.0,0.222,2870083000.0,1498306000.0,0.0,0.325,1.96,16.51,24.838,1519711000.0,0.0,76.5,3.67,5.515,0.0,4575382000.0,4368389000.0,4368389000.0,0.0,0.011,0.122,0.014,0.343,12771000.0,2093540000.0,1.0,209568155.0,314908000,319711000.0,13.872,92372887000.0,0.0,527289000.0,0.0,293.333,
84,STI,MRT,1998-09-30,1998-09-30,1998-09-30,2019-11-01,1824272000.0,86456644000.0,85673289250.0,,,0.061,24.187,-317437000.0,3084950000.0,3084950000.0,0.0,1293975000.0,,10.399,21834734000.0,,,21834734000.0,0.0,337666000.0,53544590000.0,0.016,1.0,1966783000.0,2304449000.0,0.442,2304449000.0,1966783000.0,1966783000.0,3.32,3.28,3.32,7584329000.0,7750084250.0,7584329000.0,29240467674.0,15.0,12.689,-492531000.0,-1.571,1.0,5212279000.0,1.0,763041000.0,0.0,104443387000.0,101377562000.0,0.0,78530755000.0,,,78872315000.0,,,12951026674.0,-313337000.0,1843000.0,-375070000.0,4845227000.0,-445237000.0,5344282000.0,-5482525000.0,-5503101000.0,-175094000.0,0.0,1293975000.0,1293975000.0,1293975000.0,0.0,0.0,0.248,3245496000.0,1966783000.0,0.0,0.301,1.708,10.009,18.675,1498386000.0,0.0,62.0,2.485,3.73,0.0,4507556000.0,5212279000.0,5212279000.0,0.0,0.015,0.167,0.019,0.377,11663000.0,2443242000.0,1.0,208887527.0,313571745,317919790.0,16.622,85693603000.0,0.0,672808000.0,0.0,273.282,
85,STI,MRT,1998-06-30,1998-06-30,1998-06-30,2019-11-01,2625782000.0,87485205000.0,77947676000.0,,,0.061,25.931,-276100000.0,3975179000.0,3975179000.0,0.0,1185793000.0,,9.71,20670157000.0,,,20670157000.0,0.0,301722000.0,54876203000.0,0.012,0.975,1815019000.0,2116741000.0,0.445,2116741000.0,1815019000.0,1815019000.0,3.25,3.21,3.25,8168371000.0,7116516000.0,8168371000.0,32315557857.0,18.0,15.267,-638627000.0,-2.027,1.0,4751898000.0,1.0,747887000.0,0.0,103432296000.0,92173634000.0,0.0,78673774000.0,,,79316834000.0,,,17165142857.0,715680000.0,124446000.0,-489270000.0,3472445000.0,-403524000.0,5492199000.0,-4413992000.0,-4537081000.0,-362527000.0,0.0,1185793000.0,1185793000.0,1185793000.0,0.0,0.0,0.25,2936879000.0,1815019000.0,0.0,0.3,2.101,14.476,25.018,1466260000.0,0.0,81.31,3.612,5.39,0.0,4319692000.0,4751898000.0,4751898000.0,0.0,0.015,0.167,0.02,0.382,9903000.0,2215802000.0,1.0,211107402.0,314998914,319688680.0,15.085,86737318000.0,0.0,629226000.0,0.0,275.358,
86,STI,MRT,1998-03-31,1998-03-31,1998-03-31,2019-11-01,2368278000.0,85910488000.0,69967075750.0,,,0.062,25.138,-254416000.0,3547141000.0,3547141000.0,0.0,1079801000.0,,9.826,20292179000.0,,,20292179000.0,0.0,268440000.0,53780552000.0,0.013,0.95,1657852000.0,1926292000.0,0.446,1926292000.0,1657852000.0,1657852000.0,3.17,3.13,3.17,7935546000.0,6374836750.0,7935546000.0,25062255450.0,15.0,13.011,-120898000.0,-0.383,1.0,4319980000.0,1.0,700875000.0,0.0,101954651000.0,83349944750.0,0.0,77243143000.0,,,77974942000.0,,,15936001450.0,-366664000.0,124446000.0,-464387000.0,5032280000.0,-362374000.0,5193985000.0,-5694167000.0,-5780031000.0,133518000.0,0.0,1079801000.0,1079801000.0,1079801000.0,0.0,0.0,0.25,2662128000.0,1657852000.0,0.0,0.3,2.008,14.758,23.779,1457437000.0,0.0,75.38,3.689,5.508,0.0,4142522000.0,4319980000.0,4319980000.0,0.0,0.015,0.169,0.02,0.384,9220000.0,2010421000.0,1.0,211408881.0,315677691,320386492.0,13.685,85209613000.0,0.0,578051000.0,0.0,269.926,
87,STI,MRT,1997-12-31,1997-12-31,1997-12-31,2019-11-01,2048153000.0,82840820000.0,61947773500.0,,,0.063,23.108,-410465000.0,4366174000.0,4366174000.0,0.0,975923000.0,,10.329,17764801000.0,,,17764801000.0,0.0,240393000.0,54580784000.0,0.013,0.925,1499599000.0,1739992000.0,0.444,1739992000.0,1499599000.0,1499599000.0,3.08,3.04,3.08,7312091000.0,5610162750.0,7312091000.0,,,,697922000.0,2.206,1.0,3915345000.0,1.0,559533000.0,0.0,95679914000.0,73785927000.0,0.0,74453342000.0,,,75528729000.0,,,15090365926.0,-23116000.0,111026000.0,-678711000.0,3667774000.0,-326343000.0,4222338000.0,-5353841000.0,-5069056000.0,1108387000.0,0.0,975923000.0,975923000.0,975923000.0,0.0,0.0,0.249,2415746000.0,1499599000.0,0.0,0.3,2.064,15.463,23.175,1450280000.0,0.0,71.38,3.854,5.769,0.0,3967359000.0,3915345000.0,3915345000.0,0.0,0.016,0.174,0.02,0.383,9196000.0,1823235000.0,1.0,211408881.0,316436000,320932000.0,12.373,82281287000.0,0.0,523676000.0,0.0,260.025,
88,STI,MRT,1997-09-30,1997-09-30,1997-09-30,2019-11-01,1877883000.0,55554191000.0,54379630750.0,,,,24.234,,2638422000.0,2638422000.0,,,,10.001,14997671000.0,,,14997671000.0,0.0,,36217054000.0,0.013,0.9,,,,,,,,,,5050056000.0,5017385000.0,5050056000.0,,,,,,1.0,,,285765000.0,,67627675000.0,65070248000.0,0.0,50245568000.0,,,50504135000.0,,,,,,,,,,,,,,,,,,,,,,0.0,,,,,953567000.0,,68.0,,,0.0,2972637000.0,,,,,,,,,,1.0,,208391415,,,55268426000.0,0.0,,0.0,265.215,
89,STI,MRT,1997-06-30,1997-06-30,1997-06-30,2019-11-01,2064055000.0,55562804000.0,,,,,24.698,,2631506000.0,2631506000.0,,,,9.682,15481506000.0,,,15481506000.0,0.0,,35832878000.0,0.016,0.875,,,,,,,,,,5201654000.0,,5201654000.0,,,,,,1.0,,,275265000.0,,68137539000.0,,0.0,49999197000.0,,,50361150000.0,,,,,,,,,,,,,,,,,,,,,,0.0,,,,,947783000.0,,55.13,,,0.0,2851242000.0,,,,,,,,,,1.0,,210608429,,,55287539000.0,0.0,,0.0,262.513,
90,STI,MRT,1997-03-31,1997-03-31,1997-03-31,2019-11-01,1667875000.0,53833279000.0,,,,,22.689,,2813635000.0,2813635000.0,,,,10.039,12956152000.0,,,12956152000.0,0.0,,36661309000.0,0.018,0.85,,,,,,,,,,4876850000.0,,4876850000.0,,,,,,1.0,,,277216000.0,,63698580000.0,,0.0,48197828000.0,,,48956429000.0,,,,,,,,,,,,,,,,,,,,,,0.0,,,,,944314000.0,,46.38,,,0.0,3146532000.0,,,,,,,,,,1.0,,214939509,,,53556063000.0,0.0,,0.0,249.168,
91,STI,MRT,1996-12-31,1996-12-31,1996-12-31,2019-11-01,1601778000.0,52568249000.0,,,,,15.133,-210922000.0,3050770000.0,3050770000.0,0.0,858950000.0,,9.639,11577455000.0,,,11577455000.0,0.0,206629000.0,36890389000.0,0.017,0.825,1265942000.0,1472571000.0,0.403,1472571000.0,1265942000.0,1265942000.0,2.63,2.59,2.63,4940980000.0,,4940980000.0,,,,1032848000.0,3.163,1.0,3650539000.0,1.0,277736000.0,0.0,60817198000.0,,0.0,47131710000.0,,,47627269000.0,,,,807866000.0,137641000.0,-375840000.0,2529940000.0,-282552000.0,4730883000.0,-5166787000.0,-5042537000.0,1243770000.0,0.0,858950000.0,858950000.0,858950000.0,0.0,0.0,0.235,2384597000.0,1265942000.0,0.0,0.314,,,18.726,768266000.0,0.0,49.25,,4.405,0.0,3033900000.0,3650539000.0,3650539000.0,0.0,,,,0.347,10985000.0,1821623000.0,1.0,,326502000,331042000.0,11.181,52290513000.0,0.0,406992000.0,0.0,160.154,
92,STI,MRT,1995-12-31,1995-12-31,1995-12-31,2019-11-01,,,,,,,,-30044000.0,,,0.0,586826000.0,,,,,,,,133771000.0,,0.022,0.74,860925000.0,994696000.0,0.43,994696000.0,860925000.0,860925000.0,2.59,2.56,2.59,,,,,,,500911000.0,2.21,1.0,2312404000.0,1.0,,0.0,,,,,,,,,,,377792000.0,-57939000.0,-200010000.0,1201062000.0,-168660000.0,1566527000.0,-1719690000.0,-1622227000.0,530955000.0,0.0,586826000.0,586826000.0,586826000.0,0.0,0.0,0.254,1451479000.0,860925000.0,,0.286,,,13.224,,0.0,34.25,,3.357,,,2312404000.0,2312404000.0,0.0,,,,0.372,6132000.0,1100594000.0,1.0,,226665006,229543890.0,10.202,,,274099000.0,,,
