None,ticker,dimension,calendardate,datekey,reportperiod,lastupdated,accoci,assets,assetsavg,assetsc,assetsnc,assetturnover,bvps,capex,cashneq,cashnequsd,cor,consolinc,currentratio,de,debt,debtc,debtnc,debtusd,deferredrev,depamor,deposits,divyield,dps,ebit,ebitda,ebitdamargin,ebitdausd,ebitusd,ebt,eps,epsdil,epsusd,equity,equityavg,equityusd,ev,evebit,evebitda,fcf,fcfps,fxusd,gp,grossmargin,intangibles,intexp,invcap,invcapavg,inventory,investments,investmentsc,investmentsnc,liabilities,liabilitiesc,liabilitiesnc,marketcap,ncf,ncfbus,ncfcommon,ncfdebt,ncfdiv,ncff,ncfi,ncfinv,ncfo,ncfx,netinc,netinccmn,netinccmnusd,netincdis,netincnci,netmargin,opex,opinc,payables,payoutratio,pb,pe,pe1,ppnenet,prefdivis,price,ps,ps1,receivables,retearn,revenue,revenueusd,rnd,roa,roe,roic,ros,sbcomp,sgna,sharefactor,sharesbas,shareswa,shareswadil,sps,tangibles,taxassets,taxexp,taxliabilities,tbvps,workingcapital
0,APTV,MRY,2020-12-31,2020-12-31,2020-12-31,2021-08-25,-545000000.0,17522000000.0,16353250000.0,7465000000.0,10057000000.0,0.799,30.008,-584000000.0,2853000000.0,2853000000.0,11126000000.0,1822000000.0,1.845,1.192,4401000000.0,90000000.0,4311000000.0,4401000000.0,0.0,764000000.0,0.0,0.002,0.22,2017000000.0,2781000000.0,0.213,2781000000.0,2017000000.0,1853000000.0,6.72,6.66,6.72,7905000000.0,6795250000.0,7905000000.0,37355605978.0,19.0,13.432,829000000.0,3.147,1.0,1940000000.0,0.148,3671000000.0,164000000.0,11353000000.0,11923000000.0,1297000000.0,2011000000.0,0.0,2011000000.0,9422000000.0,4046000000.0,5376000000.0,35181605978.0,2424000000.0,-49000000.0,1058000000.0,-429000000.0,-56000000.0,1613000000.0,-626000000.0,9000000.0,1413000000.0,24000000.0,1804000000.0,1769000000.0,1769000000.0,0.0,18000000.0,0.135,-178000000.0,2118000000.0,2571000000.0,0.033,4.451,19.888,19.388,3681000000.0,35000000.0,130.29,2.693,2.627,2812000000.0,4550000000.0,13066000000.0,13066000000.0,0.0,0.108,0.26,0.169,0.154,60000000.0,976000000.0,1.0,270025374.0,263430000.0,270700000.0,49.6,13851000000.0,0.0,49000000.0,0.0,52.579,3419000000.0
1,APTV,MRY,2019-12-31,2019-12-31,2019-12-31,2021-08-25,-719000000.0,13459000000.0,13131250000.0,5319000000.0,8140000000.0,1.093,14.871,-781000000.0,428000000.0,428000000.0,11711000000.0,1009000000.0,1.312,2.474,4693000000.0,393000000.0,4300000000.0,4693000000.0,0.0,717000000.0,0.0,0.009,0.88,1286000000.0,2003000000.0,0.14,2003000000.0,1286000000.0,1122000000.0,3.85,3.85,3.85,3819000000.0,3580250000.0,3819000000.0,28599709337.0,22.0,14.278,843000000.0,3.283,1.0,2646000000.0,0.184,3593000000.0,164000000.0,10077000000.0,9935750000.0,1286000000.0,106000000.0,0.0,106000000.0,9448000000.0,4054000000.0,5394000000.0,24244709337.0,-139000000.0,-334000000.0,-420000000.0,42000000.0,-226000000.0,-649000000.0,-1111000000.0,14000000.0,1624000000.0,-3000000.0,990000000.0,990000000.0,990000000.0,0.0,19000000.0,0.069,1370000000.0,1276000000.0,2463000000.0,0.229,6.348,24.49,24.668,3722000000.0,0.0,94.97,1.689,1.699,2569000000.0,2890000000.0,14357000000.0,14357000000.0,0.0,0.075,0.277,0.129,0.09,66000000.0,1076000000.0,1.0,255288084.0,256810000.0,257390000.0,55.905,9866000000.0,0.0,132000000.0,0.0,38.418,1265000000.0
2,APTV,MRY,2018-12-31,2018-12-31,2018-12-31,2021-08-25,-694000000.0,12480000000.0,12420750000.0,4777000000.0,7703000000.0,1.162,13.082,-846000000.0,568000000.0,568000000.0,11706000000.0,1107000000.0,1.293,2.547,4344000000.0,306000000.0,4038000000.0,4344000000.0,0.0,676000000.0,0.0,0.014,0.88,1458000000.0,2134000000.0,0.148,2134000000.0,1458000000.0,1317000000.0,4.04,4.02,4.04,3459000000.0,3514250000.0,3459000000.0,19557988957.0,13.0,9.165,782000000.0,2.958,1.0,2729000000.0,0.189,3904000000.0,141000000.0,8658000000.0,8673750000.0,1277000000.0,99000000.0,0.0,99000000.0,8810000000.0,3694000000.0,5116000000.0,16221988957.0,-1029000000.0,-1197000000.0,-499000000.0,255000000.0,-233000000.0,-555000000.0,-2048000000.0,11000000.0,1628000000.0,-54000000.0,1067000000.0,1067000000.0,1067000000.0,0.0,40000000.0,0.074,1256000000.0,1473000000.0,2334000000.0,0.218,4.69,15.203,15.24,3179000000.0,0.0,61.57,1.124,1.128,2487000000.0,2511000000.0,14435000000.0,14435000000.0,0.0,0.086,0.304,0.168,0.101,58000000.0,993000000.0,1.0,263472291.0,264410000.0,265220000.0,54.593,8576000000.0,0.0,250000000.0,0.0,32.434,1083000000.0
3,APTV,MRY,2017-12-31,2017-12-31,2017-12-31,2021-08-25,-471000000.0,12169000000.0,12972000000.0,5641000000.0,6528000000.0,0.993,12.348,-698000000.0,1597000000.0,1597000000.0,10270000000.0,1428000000.0,1.594,2.623,4149000000.0,17000000.0,4132000000.0,4149000000.0,0.0,546000000.0,0.0,0.014,1.16,1718000000.0,2264000000.0,0.176,2264000000.0,1718000000.0,1578000000.0,5.07,5.06,5.07,3299000000.0,2994000000.0,3299000000.0,26096189725.0,15.0,11.527,770000000.0,2.882,1.0,2614000000.0,0.203,3163000000.0,140000000.0,8018000000.0,9265750000.0,1083000000.0,91000000.0,0.0,91000000.0,8652000000.0,3540000000.0,5112000000.0,22551189725.0,758000000.0,-324000000.0,-383000000.0,779000000.0,-310000000.0,456000000.0,-1252000000.0,-21000000.0,1468000000.0,86000000.0,1355000000.0,1355000000.0,1355000000.0,-365000000.0,73000000.0,0.105,1198000000.0,1416000000.0,2227000000.0,0.229,6.836,16.643,16.732,2804000000.0,0.0,84.83,1.75,1.759,2440000000.0,2118000000.0,12884000000.0,12884000000.0,0.0,0.104,0.453,0.185,0.133,62000000.0,952000000.0,1.0,265839794.0,267160000.0,268030000.0,48.226,9006000000.0,0.0,223000000.0,0.0,33.71,2101000000.0
4,APTV,MRY,2016-12-31,2016-12-31,2016-12-31,2021-08-25,-1215000000.0,12292000000.0,12110500000.0,5419000000.0,6873000000.0,1.014,8.794,-657000000.0,738000000.0,738000000.0,9527000000.0,1326000000.0,1.306,3.969,3963000000.0,10000000.0,3953000000.0,3963000000.0,0.0,489000000.0,0.0,0.017,1.16,1579000000.0,2068000000.0,0.168,2068000000.0,1579000000.0,1424000000.0,4.6,4.59,4.6,2401000000.0,2399750000.0,2401000000.0,21918051774.0,14.0,10.599,1284000000.0,4.703,1.0,2747000000.0,0.224,2650000000.0,155000000.0,8719000000.0,8869500000.0,859000000.0,67000000.0,0.0,67000000.0,9529000000.0,4148000000.0,5381000000.0,18241051774.0,259000000.0,230000000.0,-634000000.0,-44000000.0,-317000000.0,-1081000000.0,-578000000.0,18000000.0,1941000000.0,-23000000.0,1257000000.0,1257000000.0,1257000000.0,0.0,69000000.0,0.102,1208000000.0,1539000000.0,1820000000.0,0.252,7.597,14.512,14.641,2325000000.0,0.0,67.35,1.486,1.498,2130000000.0,1980000000.0,12274000000.0,12274000000.0,0.0,0.104,0.524,0.178,0.129,62000000.0,924000000.0,1.0,270839670.0,273020000.0,273700000.0,44.956,9642000000.0,0.0,167000000.0,0.0,35.316,1271000000.0
5,APTV,MRY,2015-12-31,2015-12-31,2015-12-31,2021-08-25,-1033000000.0,11973000000.0,11009500000.0,5121000000.0,6852000000.0,0.987,7.889,-503000000.0,536000000.0,536000000.0,8691000000.0,1535000000.0,1.304,4.107,4008000000.0,52000000.0,3956000000.0,4008000000.0,0.0,344000000.0,0.0,0.012,1.0,1735000000.0,2079000000.0,0.191,2079000000.0,1735000000.0,1611000000.0,5.08,5.06,5.08,2250000000.0,2302750000.0,2250000000.0,26697958814.0,15.0,12.842,1200000000.0,4.208,1.0,2173000000.0,0.2,2922000000.0,124000000.0,8596000000.0,7893750000.0,1181000000.0,94000000.0,0.0,94000000.0,9240000000.0,3927000000.0,5313000000.0,24011958814.0,-325000000.0,-930000000.0,-1159000000.0,1283000000.0,-286000000.0,-284000000.0,-1699000000.0,7000000.0,1703000000.0,-45000000.0,1450000000.0,1450000000.0,1450000000.0,0.0,85000000.0,0.133,1052000000.0,1121000000.0,2541000000.0,0.197,10.672,16.56,16.876,3377000000.0,0.0,85.73,2.21,2.251,2750000000.0,1627000000.0,10864000000.0,10864000000.0,0.0,0.132,0.63,0.22,0.16,67000000.0,803000000.0,1.0,280088170.0,285200000.0,286640000.0,38.093,9051000000.0,0.0,161000000.0,0.0,31.736,1194000000.0
6,APTV,MRY,2014-12-31,2014-12-31,2014-12-31,2021-08-25,-741000000.0,10721000000.0,11069500000.0,5224000000.0,5497000000.0,1.4,8.359,-779000000.0,860000000.0,860000000.0,12471000000.0,1440000000.0,1.343,3.071,2426000000.0,34000000.0,2392000000.0,2426000000.0,0.0,540000000.0,0.0,0.014,1.0,1741000000.0,2281000000.0,0.147,2281000000.0,1741000000.0,1606000000.0,4.5,4.48,4.5,2510000000.0,2872500000.0,2510000000.0,22956891568.0,13.0,10.064,1356000000.0,4.516,1.0,3028000000.0,0.195,1384000000.0,135000000.0,7014000000.0,7384750000.0,1013000000.0,98000000.0,0.0,98000000.0,7708000000.0,3889000000.0,3819000000.0,21530891568.0,-485000000.0,-345000000.0,-1024000000.0,8000000.0,-301000000.0,-1398000000.0,-1186000000.0,15000000.0,2135000000.0,-36000000.0,1351000000.0,1351000000.0,1351000000.0,0.0,89000000.0,0.087,1278000000.0,1750000000.0,2278000000.0,0.222,8.578,15.937,16.16,3021000000.0,0.0,72.72,1.389,1.409,2400000000.0,1548000000.0,15499000000.0,15499000000.0,0.0,0.122,0.47,0.236,0.112,73000000.0,1036000000.0,1.0,296079367.0,300270000.0,301890000.0,51.617,9337000000.0,0.0,255000000.0,0.0,31.095,1335000000.0
7,APTV,MRY,2013-12-31,2013-12-31,2013-12-31,2021-08-25,-237000000.0,11047000000.0,10670500000.0,5752000000.0,5295000000.0,1.411,9.366,-605000000.0,1393000000.0,1393000000.0,12274000000.0,1301000000.0,1.477,2.615,2412000000.0,61000000.0,2351000000.0,2412000000.0,0.0,499000000.0,0.0,0.011,0.68,1595000000.0,2094000000.0,0.139,2094000000.0,1595000000.0,1452000000.0,3.9,3.89,3.9,2911000000.0,2644000000.0,2911000000.0,19863056883.0,12.0,9.486,1145000000.0,3.684,1.0,2777000000.0,0.185,1219000000.0,143000000.0,6953000000.0,6997250000.0,1093000000.0,234000000.0,0.0,234000000.0,7613000000.0,3894000000.0,3719000000.0,18503056883.0,284000000.0,2000000.0,-457000000.0,-85000000.0,-211000000.0,-822000000.0,-655000000.0,33000000.0,1750000000.0,11000000.0,1212000000.0,1212000000.0,1212000000.0,0.0,89000000.0,0.081,1150000000.0,1627000000.0,2595000000.0,0.174,6.356,15.267,15.418,3216000000.0,0.0,60.13,1.229,1.242,2662000000.0,1446000000.0,15051000000.0,15051000000.0,0.0,0.114,0.458,0.228,0.106,46000000.0,916000000.0,1.0,307717560.0,310820000.0,311800000.0,48.424,9828000000.0,0.0,240000000.0,0.0,31.62,1858000000.0
8,APTV,MRY,2012-12-31,2012-12-31,2012-12-31,2021-08-25,-237000000.0,10176000000.0,9735000000.0,5227000000.0,4949000000.0,1.594,7.261,-705000000.0,1113000000.0,1113000000.0,12861000000.0,1160000000.0,1.429,3.133,2464000000.0,140000000.0,2324000000.0,2464000000.0,0.0,486000000.0,0.0,0.0,0.0,1425000000.0,1911000000.0,0.123,1911000000.0,1425000000.0,1289000000.0,3.34,3.33,3.34,2345000000.0,2274500000.0,2345000000.0,12591442030.0,9.0,6.589,773000000.0,2.394,1.0,2658000000.0,0.171,1276000000.0,136000000.0,6592000000.0,6014000000.0,1066000000.0,231000000.0,0.0,231000000.0,7346000000.0,3659000000.0,3687000000.0,12146442030.0,-258000000.0,-996000000.0,-403000000.0,345000000.0,0.0,-105000000.0,-1631000000.0,34000000.0,1478000000.0,0.0,1077000000.0,1077000000.0,1077000000.0,0.0,83000000.0,0.069,1182000000.0,1476000000.0,2278000000.0,0.0,5.18,11.278,11.452,2860000000.0,0.0,38.25,0.783,0.796,2425000000.0,856000000.0,15519000000.0,15519000000.0,0.0,0.111,0.474,0.237,0.092,21000000.0,927000000.0,1.0,317554040.0,322940000.0,323290000.0,48.055,8900000000.0,0.0,212000000.0,0.0,27.559,1568000000.0
9,APTV,MRY,2011-12-31,2011-12-31,2011-12-31,2021-08-25,-183000000.0,9128000000.0,10105000000.0,5501000000.0,3627000000.0,1.587,4.007,-630000000.0,1372000000.0,1372000000.0,13386000000.0,1223000000.0,1.482,4.121,2103000000.0,107000000.0,1996000000.0,2103000000.0,0.0,475000000.0,0.0,0.0,0.0,1573000000.0,2048000000.0,0.128,2048000000.0,1573000000.0,1450000000.0,2.72,2.72,2.72,1688000000.0,3664500000.0,1688000000.0,,,,747000000.0,1.773,1.0,2655000000.0,0.166,596000000.0,123000000.0,5551000000.0,4361000000.0,1054000000.0,257000000.0,0.0,257000000.0,6957000000.0,3712000000.0,3245000000.0,7070386745.0,-1856000000.0,-17000000.0,0.0,1689000000.0,-93000000.0,-3194000000.0,-10000000.0,608000000.0,1377000000.0,-29000000.0,1145000000.0,1145000000.0,1145000000.0,0.0,78000000.0,0.071,1011000000.0,1644000000.0,2397000000.0,0.0,4.189,6.175,7.919,2315000000.0,0.0,21.54,0.441,0.566,2459000000.0,110000000.0,16041000000.0,16041000000.0,0.0,0.113,0.312,0.361,0.098,14000000.0,901000000.0,1.0,328244510.0,421260000.0,421260000.0,38.079,8532000000.0,0.0,305000000.0,0.0,20.254,1789000000.0
10,APTV,MRY,2010-12-31,2010-12-31,2010-12-31,2021-08-25,91000000.0,11082000000.0,,7666000000.0,3416000000.0,,8.223,-500000000.0,3816000000.0,3816000000.0,11768000000.0,703000000.0,2.061,0.883,289000000.0,218000000.0,71000000.0,289000000.0,0.0,421000000.0,0.0,,0.0,919000000.0,1340000000.0,0.097,1340000000.0,919000000.0,889000000.0,0.92,0.92,0.92,5641000000.0,,5641000000.0,,,,642000000.0,0.936,1.0,2049000000.0,0.148,665000000.0,30000000.0,3171000000.0,,988000000.0,281000000.0,0.0,281000000.0,4983000000.0,3719000000.0,1264000000.0,,112000000.0,0.0,0.0,-99000000.0,0.0,-126000000.0,-911000000.0,-457000000.0,1142000000.0,7000000.0,631000000.0,631000000.0,631000000.0,0.0,72000000.0,0.046,1109000000.0,940000000.0,2236000000.0,0.0,,,,2067000000.0,0.0,,,,2307000000.0,0.0,13817000000.0,13817000000.0,0.0,,,,0.067,5000000.0,815000000.0,1.0,,686020000.0,686020000.0,20.141,10417000000.0,0.0,258000000.0,0.0,15.185,3947000000.0
0,APTV,MRQ,2021-06-30,2021-06-30,2021-06-30,2021-08-25,-566000000.0,17780000000.0,,8055000000.0,9725000000.0,,30.766,-127000000.0,2978000000.0,2978000000.0,3205000000.0,166000000.0,2.063,1.112,4342000000.0,16000000.0,4326000000.0,4342000000.0,0.0,197000000.0,0.0,0.0,0.0,229000000.0,426000000.0,0.112,426000000.0,229000000.0,191000000.0,0.54,0.54,0.54,8322000000.0,,8322000000.0,43969904300.0,33.0,20.643,170000000.0,0.628,1.0,602000000.0,0.158,3568000000.0,38000000.0,11671000000.0,,1801000000.0,1908000000.0,0.0,1908000000.0,9255000000.0,3905000000.0,5350000000.0,42551904300.0,96000000.0,-45000000.0,0.0,-10000000.0,0.0,-26000000.0,-180000000.0,-7000000.0,297000000.0,5000000.0,163000000.0,147000000.0,147000000.0,0.0,3000000.0,0.039,317000000.0,285000000.0,2574000000.0,0.0,5.113,42.895,43.104,3571000000.0,16000000.0,157.33,2.709,2.709,2654000000.0,4976000000.0,3807000000.0,3807000000.0,0.0,,,,,28000000.0,266000000.0,1.0,270462749.0,270490000.0,271060000.0,14.074,14212000000.0,0.0,28000000.0,0.0,52.542,4150000000.0
1,APTV,MRQ,2021-03-31,2021-03-31,2021-03-31,2021-08-25,-636000000.0,17476000000.0,,7801000000.0,9675000000.0,,29.881,-134000000.0,2882000000.0,2882000000.0,3296000000.0,300000000.0,1.969,1.139,4300000000.0,78000000.0,4222000000.0,4300000000.0,0.0,193000000.0,0.0,0.0,0.0,383000000.0,576000000.0,0.143,576000000.0,383000000.0,343000000.0,1.03,1.03,1.03,8077000000.0,,8077000000.0,38784499075.0,50.0,24.99,118000000.0,0.437,1.0,727000000.0,0.181,3536000000.0,40000000.0,11396000000.0,,1525000000.0,1962000000.0,0.0,1962000000.0,9200000000.0,3962000000.0,5238000000.0,37236499075.0,29000000.0,0.0,0.0,-16000000.0,0.0,-77000000.0,-134000000.0,0.0,252000000.0,-12000000.0,295000000.0,279000000.0,279000000.0,0.0,5000000.0,0.069,298000000.0,429000000.0,2624000000.0,0.0,4.61,78.228,82.083,3523000000.0,16000000.0,137.9,2.686,2.689,2798000000.0,4829000000.0,4023000000.0,4023000000.0,0.0,,,,,29000000.0,255000000.0,1.0,270025374.0,270310000.0,271140000.0,14.883,13940000000.0,0.0,48000000.0,0.0,51.57,3839000000.0
2,APTV,MRQ,2020-12-31,2020-12-31,2020-12-31,2021-08-25,-545000000.0,17522000000.0,,7465000000.0,10057000000.0,,29.271,-95000000.0,2853000000.0,2853000000.0,3433000000.0,315000000.0,1.845,1.192,4401000000.0,90000000.0,4311000000.0,4401000000.0,0.0,208000000.0,0.0,0.002,0.0,393000000.0,601000000.0,0.143,601000000.0,393000000.0,354000000.0,1.03,1.03,1.03,7905000000.0,,7905000000.0,37355605978.0,19.0,13.432,704000000.0,2.607,1.0,779000000.0,0.185,3671000000.0,39000000.0,11353000000.0,,1297000000.0,2011000000.0,0.0,2011000000.0,9422000000.0,4046000000.0,5376000000.0,35181605978.0,699000000.0,0.0,0.0,-11000000.0,0.0,-31000000.0,-94000000.0,2000000.0,799000000.0,25000000.0,299000000.0,283000000.0,283000000.0,0.0,16000000.0,0.067,333000000.0,446000000.0,2571000000.0,0.0,4.451,19.888,19.388,3681000000.0,16000000.0,130.29,2.693,2.627,2812000000.0,4550000000.0,4212000000.0,4212000000.0,0.0,,,,,36000000.0,278000000.0,1.0,270025374.0,270060000.0,281380000.0,15.597,13851000000.0,0.0,55000000.0,0.0,51.289,3419000000.0
3,APTV,MRQ,2020-09-30,2020-09-30,2020-09-30,2021-08-25,-768000000.0,16444000000.0,,6589000000.0,9855000000.0,,27.267,-117000000.0,2154000000.0,2154000000.0,3021000000.0,305000000.0,1.841,1.207,4328000000.0,99000000.0,4229000000.0,4328000000.0,0.0,192000000.0,0.0,0.005,0.0,335000000.0,527000000.0,0.144,527000000.0,335000000.0,297000000.0,1.05,1.05,1.05,7363000000.0,,7363000000.0,27277926288.0,14.0,10.259,442000000.0,1.637,1.0,647000000.0,0.176,3574000000.0,38000000.0,11465000000.0,,1229000000.0,2047000000.0,0.0,2047000000.0,8890000000.0,3579000000.0,5311000000.0,24755926288.0,237000000.0,-22000000.0,0.0,-180000000.0,0.0,-196000000.0,-138000000.0,2000000.0,559000000.0,12000000.0,299000000.0,283000000.0,283000000.0,0.0,6000000.0,0.077,283000000.0,364000000.0,2186000000.0,0.0,3.362,14.427,13.745,3598000000.0,16000000.0,91.68,1.988,1.988,2620000000.0,4267000000.0,3668000000.0,3668000000.0,0.0,,,,,12000000.0,229000000.0,1.0,270025374.0,270030000.0,270380000.0,13.584,12870000000.0,0.0,-2000000.0,0.0,47.661,3010000000.0
4,APTV,MRQ,2020-06-30,2020-06-30,2020-06-30,2021-08-25,-894000000.0,15280000000.0,,5412000000.0,9868000000.0,,26.904,-167000000.0,1917000000.0,1917000000.0,1947000000.0,-365000000.0,1.893,1.175,4439000000.0,200000000.0,4239000000.0,4439000000.0,0.0,184000000.0,0.0,0.008,0.0,-336000000.0,-152000000.0,-0.078,-152000000.0,-336000000.0,-380000000.0,-1.43,-1.43,-1.43,6942000000.0,,6942000000.0,24304926622.0,13.0,9.22,-273000000.0,-1.058,1.0,13000000.0,0.007,3505000000.0,44000000.0,11438000000.0,,1212000000.0,2073000000.0,0.0,2073000000.0,8154000000.0,2859000000.0,5295000000.0,19859926622.0,-170000000.0,-22000000.0,1115000000.0,-2109000000.0,0.0,120000000.0,-187000000.0,2000000.0,-106000000.0,3000000.0,-366000000.0,-369000000.0,-369000000.0,0.0,1000000.0,-0.188,324000000.0,-311000000.0,1432000000.0,0.0,2.861,11.828,11.842,3573000000.0,3000000.0,77.92,1.609,1.629,1834000000.0,3984000000.0,1960000000.0,1960000000.0,0.0,,,,,13000000.0,217000000.0,1.0,254875855.0,258030000.0,258210000.0,7.596,11775000000.0,0.0,-14000000.0,0.0,45.634,2553000000.0
5,APTV,MRQ,2020-03-31,2020-03-31,2020-03-31,2021-08-25,-991000000.0,16167000000.0,,6190000000.0,9977000000.0,,19.455,-205000000.0,2087000000.0,2087000000.0,2725000000.0,1567000000.0,1.694,2.216,6532000000.0,260000000.0,6272000000.0,6532000000.0,0.0,180000000.0,0.0,0.018,0.22,1625000000.0,1805000000.0,0.56,1805000000.0,1625000000.0,1582000000.0,6.15,6.14,6.15,4971000000.0,,4971000000.0,16835392938.0,6.0,5.065,-44000000.0,-0.172,1.0,501000000.0,0.155,3521000000.0,43000000.0,13436000000.0,,1363000000.0,2090000000.0,0.0,2090000000.0,11014000000.0,3655000000.0,7359000000.0,12570392938.0,1658000000.0,-5000000.0,-57000000.0,1871000000.0,-56000000.0,1720000000.0,-207000000.0,3000000.0,161000000.0,-16000000.0,1572000000.0,1572000000.0,1572000000.0,0.0,-5000000.0,0.487,-1118000000.0,1619000000.0,2243000000.0,0.036,2.529,5.414,5.423,3642000000.0,0.0,49.24,0.897,0.898,2308000000.0,4353000000.0,3226000000.0,3226000000.0,0.0,,,,,-1000000.0,252000000.0,1.0,255288240.0,255510000.0,255830000.0,12.626,12646000000.0,0.0,10000000.0,0.0,49.493,2535000000.0
6,APTV,MRQ,2019-12-31,2019-12-31,2019-12-31,2021-08-25,-719000000.0,13459000000.0,,5319000000.0,8140000000.0,,14.96,-162000000.0,428000000.0,428000000.0,2909000000.0,241000000.0,1.312,2.474,4693000000.0,393000000.0,4300000000.0,4693000000.0,0.0,178000000.0,0.0,0.009,0.22,301000000.0,479000000.0,0.133,479000000.0,301000000.0,260000000.0,0.9,0.9,0.9,3819000000.0,,3819000000.0,28599709337.0,22.0,14.278,541000000.0,2.119,1.0,687000000.0,0.191,3593000000.0,41000000.0,10077000000.0,,1286000000.0,106000000.0,0.0,106000000.0,9448000000.0,4054000000.0,5394000000.0,24244709337.0,71000000.0,-311000000.0,-30000000.0,-63000000.0,-56000000.0,-160000000.0,-479000000.0,0.0,703000000.0,7000000.0,230000000.0,230000000.0,230000000.0,0.0,11000000.0,0.064,363000000.0,324000000.0,2463000000.0,0.244,6.348,24.49,24.668,3722000000.0,0.0,94.97,1.689,1.699,2569000000.0,2890000000.0,3596000000.0,3596000000.0,0.0,,,,,23000000.0,298000000.0,1.0,255288084.0,255280000.0,256340000.0,14.086,9866000000.0,0.0,30000000.0,0.0,38.648,1265000000.0
7,APTV,MRQ,2019-09-30,2019-09-30,2019-09-30,2021-08-25,-806000000.0,12939000000.0,,5385000000.0,7554000000.0,,13.932,-168000000.0,357000000.0,357000000.0,2882000000.0,252000000.0,1.39,2.569,4712000000.0,444000000.0,4268000000.0,4712000000.0,0.0,178000000.0,0.0,0.01,0.22,326000000.0,504000000.0,0.142,504000000.0,326000000.0,284000000.0,0.96,0.96,0.96,3565000000.0,,3565000000.0,26879370817.0,21.0,13.099,157000000.0,0.614,1.0,677000000.0,0.19,3264000000.0,42000000.0,10155000000.0,,1345000000.0,105000000.0,0.0,105000000.0,9158000000.0,3875000000.0,5283000000.0,22396370817.0,-23000000.0,0.0,-44000000.0,-74000000.0,-56000000.0,-174000000.0,-163000000.0,6000000.0,325000000.0,-11000000.0,246000000.0,246000000.0,246000000.0,0.0,6000000.0,0.069,357000000.0,320000000.0,2232000000.0,0.229,6.282,22.241,22.358,3556000000.0,0.0,87.42,1.556,1.554,2661000000.0,2745000000.0,3559000000.0,3559000000.0,0.0,,,,,7000000.0,262000000.0,1.0,256192757.0,255890000.0,256440000.0,13.908,9675000000.0,0.0,38000000.0,0.0,37.809,1510000000.0
8,APTV,MRQ,2019-06-30,2019-06-30,2019-06-30,2021-08-25,-699000000.0,13108000000.0,,4854000000.0,8254000000.0,,13.692,-216000000.0,381000000.0,381000000.0,2958000000.0,271000000.0,1.216,2.664,4864000000.0,517000000.0,4347000000.0,4864000000.0,0.0,188000000.0,0.0,0.011,0.22,348000000.0,536000000.0,0.148,536000000.0,348000000.0,305000000.0,1.07,1.07,1.07,3519000000.0,,3519000000.0,25405831745.0,19.0,12.497,296000000.0,1.152,1.0,669000000.0,0.184,3822000000.0,43000000.0,9778000000.0,,1304000000.0,103000000.0,0.0,103000000.0,9376000000.0,3991000000.0,5385000000.0,20840831745.0,59000000.0,-25000000.0,-120000000.0,-39000000.0,-57000000.0,-216000000.0,-234000000.0,7000000.0,512000000.0,-3000000.0,274000000.0,274000000.0,274000000.0,0.0,-3000000.0,0.076,334000000.0,335000000.0,2284000000.0,0.206,5.922,21.201,21.327,3681000000.0,0.0,80.83,1.455,1.45,2679000000.0,2597000000.0,3627000000.0,3627000000.0,0.0,,,,,21000000.0,260000000.0,1.0,257835355.0,257020000.0,257260000.0,14.112,9286000000.0,0.0,31000000.0,0.0,36.129,863000000.0
9,APTV,MRQ,2019-03-31,2019-03-31,2019-03-31,2021-08-25,-682000000.0,13019000000.0,,4819000000.0,8200000000.0,,13.193,-235000000.0,322000000.0,322000000.0,2962000000.0,245000000.0,1.201,2.745,4887000000.0,542000000.0,4345000000.0,4887000000.0,0.0,173000000.0,0.0,0.011,0.22,311000000.0,484000000.0,0.135,484000000.0,311000000.0,273000000.0,0.93,0.92,0.93,3418000000.0,,3418000000.0,24446147413.0,18.0,11.85,-151000000.0,-0.583,1.0,613000000.0,0.171,3837000000.0,38000000.0,9733000000.0,,1326000000.0,102000000.0,0.0,102000000.0,9384000000.0,4014000000.0,5370000000.0,20670147413.0,-246000000.0,2000000.0,-226000000.0,218000000.0,-57000000.0,-99000000.0,-235000000.0,1000000.0,84000000.0,4000000.0,240000000.0,240000000.0,240000000.0,0.0,5000000.0,0.067,316000000.0,297000000.0,2340000000.0,0.237,6.047,20.67,20.809,3652000000.0,0.0,79.49,1.437,1.432,2736000000.0,2491000000.0,3575000000.0,3575000000.0,0.0,,,,,15000000.0,256000000.0,1.0,260034563.0,259080000.0,259550000.0,13.799,9182000000.0,0.0,33000000.0,0.0,35.441,805000000.0
10,APTV,MRQ,2018-12-31,2018-12-31,2018-12-31,2021-08-25,-694000000.0,12480000000.0,,4777000000.0,7703000000.0,,13.173,-185000000.0,568000000.0,568000000.0,2967000000.0,257000000.0,1.293,2.547,4344000000.0,306000000.0,4038000000.0,4344000000.0,0.0,202000000.0,0.0,0.014,0.22,326000000.0,528000000.0,0.145,528000000.0,326000000.0,289000000.0,0.95,0.93,0.95,3459000000.0,,3459000000.0,19557988957.0,13.0,9.165,572000000.0,2.178,1.0,669000000.0,0.184,3904000000.0,37000000.0,8658000000.0,,1277000000.0,99000000.0,0.0,99000000.0,8810000000.0,3694000000.0,5116000000.0,16221988957.0,-204000000.0,-685000000.0,-285000000.0,274000000.0,-58000000.0,-73000000.0,-879000000.0,7000000.0,757000000.0,-9000000.0,247000000.0,247000000.0,247000000.0,0.0,10000000.0,0.068,314000000.0,355000000.0,2334000000.0,0.232,4.69,15.203,15.24,3179000000.0,0.0,61.57,1.124,1.128,2487000000.0,2511000000.0,3636000000.0,3636000000.0,0.0,,,,,25000000.0,242000000.0,1.0,263472291.0,262580000.0,263660000.0,13.847,8576000000.0,0.0,42000000.0,0.0,32.661,1083000000.0
11,APTV,MRQ,2018-09-30,2018-09-30,2018-09-30,2021-08-25,-638000000.0,12327000000.0,,5204000000.0,7123000000.0,,13.638,-212000000.0,772000000.0,772000000.0,2834000000.0,231000000.0,1.536,2.361,4108000000.0,24000000.0,4084000000.0,4108000000.0,0.0,163000000.0,0.0,0.011,0.22,322000000.0,485000000.0,0.139,485000000.0,322000000.0,288000000.0,0.84,0.84,0.84,3608000000.0,,3608000000.0,25329516942.0,16.0,11.577,-41000000.0,-0.155,1.0,651000000.0,0.187,3378000000.0,34000000.0,8898000000.0,,1358000000.0,101000000.0,0.0,101000000.0,8518000000.0,3387000000.0,5131000000.0,22211516942.0,-199000000.0,0.0,-65000000.0,-4000000.0,-58000000.0,-161000000.0,-208000000.0,4000000.0,171000000.0,-1000000.0,222000000.0,222000000.0,222000000.0,0.0,9000000.0,0.064,328000000.0,323000000.0,2254000000.0,0.262,6.156,20.643,20.665,3056000000.0,0.0,83.9,1.56,1.559,2635000000.0,2610000000.0,3485000000.0,3485000000.0,0.0,,,,,6000000.0,232000000.0,1.0,264737985.0,264560000.0,265330000.0,13.173,8949000000.0,0.0,66000000.0,0.0,33.826,1817000000.0
12,APTV,MRQ,2018-06-30,2018-06-30,2018-06-30,2021-08-25,-622000000.0,12316000000.0,,5340000000.0,6976000000.0,,13.304,-206000000.0,971000000.0,971000000.0,2958000000.0,303000000.0,1.553,2.429,4089000000.0,22000000.0,4067000000.0,4089000000.0,0.0,156000000.0,0.0,0.011,0.22,410000000.0,566000000.0,0.154,566000000.0,410000000.0,374000000.0,1.1,1.1,1.1,3523000000.0,,3523000000.0,27137793549.0,16.0,11.799,339000000.0,1.28,1.0,726000000.0,0.197,3402000000.0,36000000.0,8594000000.0,,1265000000.0,99000000.0,0.0,99000000.0,8558000000.0,3438000000.0,5120000000.0,24260793549.0,-375000000.0,-507000000.0,0.0,-50000000.0,-58000000.0,-116000000.0,-716000000.0,-3000000.0,545000000.0,-88000000.0,291000000.0,291000000.0,291000000.0,0.0,12000000.0,0.079,305000000.0,421000000.0,2307000000.0,0.2,6.886,19.424,19.496,2972000000.0,0.0,91.63,1.745,1.745,2598000000.0,2510000000.0,3684000000.0,3684000000.0,0.0,,,,,14000000.0,260000000.0,1.0,264769110.0,264810000.0,265480000.0,13.912,8914000000.0,0.0,83000000.0,0.0,33.662,1902000000.0
13,APTV,MRQ,2018-03-31,2018-03-31,2018-03-31,2021-08-25,-436000000.0,12560000000.0,,5926000000.0,6634000000.0,,13.049,-243000000.0,1346000000.0,1346000000.0,2947000000.0,316000000.0,1.598,2.556,4223000000.0,60000000.0,4163000000.0,4223000000.0,0.0,155000000.0,0.0,0.013,0.22,400000000.0,555000000.0,0.153,555000000.0,400000000.0,366000000.0,1.16,1.15,1.16,3467000000.0,,3467000000.0,25140407296.0,15.0,10.902,-88000000.0,-0.331,1.0,683000000.0,0.188,3184000000.0,34000000.0,8545000000.0,,1202000000.0,101000000.0,0.0,101000000.0,8862000000.0,3708000000.0,5154000000.0,22588407296.0,-251000000.0,-5000000.0,-149000000.0,35000000.0,-59000000.0,-205000000.0,-245000000.0,3000000.0,155000000.0,44000000.0,307000000.0,307000000.0,307000000.0,0.0,9000000.0,0.085,309000000.0,374000000.0,2282000000.0,0.19,6.515,17.022,17.062,2890000000.0,0.0,84.97,1.689,1.688,2646000000.0,2278000000.0,3630000000.0,3630000000.0,0.0,,,,,13000000.0,259000000.0,1.0,265839794.0,265690000.0,266440000.0,13.663,9376000000.0,0.0,59000000.0,0.0,35.289,2218000000.0
14,APTV,MRQ,2017-12-31,2017-12-31,2017-12-31,2021-08-25,-471000000.0,12169000000.0,,5641000000.0,6528000000.0,,12.41,-218000000.0,1597000000.0,1597000000.0,2730000000.0,277000000.0,1.594,2.623,4149000000.0,17000000.0,4132000000.0,4149000000.0,0.0,154000000.0,0.0,0.014,0.29,428000000.0,582000000.0,0.169,582000000.0,428000000.0,391000000.0,0.96,0.96,0.96,3299000000.0,,3299000000.0,26096189725.0,15.0,11.527,210000000.0,0.79,1.0,710000000.0,0.206,3163000000.0,37000000.0,8018000000.0,,1083000000.0,91000000.0,0.0,91000000.0,8652000000.0,3540000000.0,5112000000.0,22551189725.0,243000000.0,-284000000.0,0.0,-9000000.0,-77000000.0,351000000.0,-570000000.0,-15000000.0,428000000.0,34000000.0,256000000.0,256000000.0,256000000.0,-55000000.0,21000000.0,0.074,324000000.0,386000000.0,2227000000.0,0.302,6.836,16.643,16.732,2804000000.0,0.0,84.83,1.75,1.759,2440000000.0,2118000000.0,3440000000.0,3440000000.0,0.0,,,,,19000000.0,266000000.0,1.0,265839794.0,265840000.0,267430000.0,12.94,9006000000.0,0.0,135000000.0,0.0,33.878,2101000000.0
15,APTV,MRQ,2017-09-30,2017-09-30,2017-09-30,2021-08-25,-913000000.0,14166000000.0,,6710000000.0,7456000000.0,,12.03,-169000000.0,1354000000.0,1354000000.0,2498000000.0,413000000.0,1.62,3.294,4899000000.0,15000000.0,4884000000.0,4899000000.0,0.0,136000000.0,0.0,0.012,0.29,461000000.0,597000000.0,0.19,597000000.0,461000000.0,426000000.0,1.48,1.48,1.48,3203000000.0,,3203000000.0,29536465738.0,19.0,15.472,-18000000.0,-0.068,1.0,650000000.0,0.206,2883000000.0,35000000.0,10685000000.0,,1642000000.0,130000000.0,0.0,130000000.0,10552000000.0,4143000000.0,6409000000.0,26257465738.0,561000000.0,0.0,-94000000.0,793000000.0,-77000000.0,618000000.0,-219000000.0,4000000.0,151000000.0,11000000.0,395000000.0,395000000.0,395000000.0,-107000000.0,18000000.0,0.125,277000000.0,373000000.0,2745000000.0,0.196,8.198,19.027,19.144,3819000000.0,0.0,98.4,2.802,2.796,3225000000.0,2485000000.0,3148000000.0,3148000000.0,0.0,,,,,15000000.0,230000000.0,1.0,266844164.0,266240000.0,267160000.0,11.824,11283000000.0,0.0,31000000.0,0.0,42.379,2567000000.0
16,APTV,MRQ,2017-06-30,2017-06-30,2017-06-30,2021-08-25,-982000000.0,13056000000.0,,5849000000.0,7207000000.0,,10.826,-147000000.0,793000000.0,793000000.0,2498000000.0,386000000.0,1.403,3.375,4072000000.0,13000000.0,4059000000.0,4072000000.0,0.0,130000000.0,0.0,0.013,0.29,442000000.0,572000000.0,0.181,572000000.0,442000000.0,407000000.0,1.38,1.38,1.38,2895000000.0,,2895000000.0,26931602676.0,18.0,14.348,452000000.0,1.69,1.0,655000000.0,0.208,2860000000.0,35000000.0,9305000000.0,,1485000000.0,127000000.0,0.0,127000000.0,9771000000.0,4170000000.0,5601000000.0,23480602676.0,245000000.0,0.0,-95000000.0,-1000000.0,-78000000.0,-181000000.0,-193000000.0,-10000000.0,599000000.0,20000000.0,369000000.0,369000000.0,369000000.0,-80000000.0,17000000.0,0.117,291000000.0,364000000.0,2603000000.0,0.21,8.111,18.373,18.492,3671000000.0,0.0,87.65,2.277,2.273,3127000000.0,2257000000.0,3153000000.0,3153000000.0,0.0,,,,,15000000.0,231000000.0,1.0,267890504.0,267410000.0,268030000.0,11.791,10196000000.0,0.0,38000000.0,0.0,38.129,1679000000.0
17,APTV,MRQ,2017-03-31,2017-03-31,2017-03-31,2021-08-25,-1087000000.0,12497000000.0,,5487000000.0,7010000000.0,,9.58,-164000000.0,548000000.0,548000000.0,2544000000.0,352000000.0,1.341,3.702,3999000000.0,8000000.0,3991000000.0,3999000000.0,0.0,126000000.0,0.0,0.014,0.29,387000000.0,513000000.0,0.163,513000000.0,387000000.0,354000000.0,1.24,1.24,1.24,2579000000.0,,2579000000.0,24829032260.0,17.0,13.221,126000000.0,0.468,1.0,599000000.0,0.191,2801000000.0,33000000.0,9055000000.0,,1375000000.0,118000000.0,0.0,118000000.0,9548000000.0,4092000000.0,5456000000.0,21697032260.0,-291000000.0,-40000000.0,-194000000.0,-4000000.0,-78000000.0,-332000000.0,-270000000.0,0.0,290000000.0,21000000.0,335000000.0,335000000.0,335000000.0,0.0,17000000.0,0.107,306000000.0,293000000.0,2549000000.0,0.234,8.413,18.592,18.675,3569000000.0,0.0,80.49,1.909,1.906,3132000000.0,2057000000.0,3143000000.0,3143000000.0,0.0,,,,,13000000.0,225000000.0,1.0,269561837.0,269200000.0,269540000.0,11.675,9696000000.0,0.0,19000000.0,0.0,36.018,1395000000.0
18,APTV,MRQ,2016-12-31,2016-12-31,2016-12-31,2021-08-25,-1215000000.0,12292000000.0,,5419000000.0,6873000000.0,,8.881,-43000000.0,738000000.0,738000000.0,-334000000.0,306000000.0,1.306,3.969,3963000000.0,10000000.0,3953000000.0,3963000000.0,0.0,-37000000.0,0.0,0.017,0.29,264000000.0,227000000.0,-3.068,227000000.0,264000000.0,232000000.0,1.04,1.03,1.04,2401000000.0,,2401000000.0,21918051774.0,14.0,10.599,640000000.0,2.367,1.0,260000000.0,-3.514,2650000000.0,32000000.0,8719000000.0,,859000000.0,67000000.0,0.0,67000000.0,9529000000.0,4148000000.0,5381000000.0,18241051774.0,443000000.0,193000000.0,-104000000.0,-20000000.0,-79000000.0,-221000000.0,9000000.0,20000000.0,683000000.0,-28000000.0,281000000.0,281000000.0,281000000.0,108000000.0,25000000.0,-3.797,-51000000.0,311000000.0,1820000000.0,0.279,7.597,14.512,14.641,2325000000.0,0.0,67.35,1.486,1.498,2130000000.0,1980000000.0,-74000000.0,-74000000.0,0.0,,,,,15000000.0,91000000.0,1.0,270839670.0,270350000.0,271630000.0,-0.274,9642000000.0,0.0,-49000000.0,0.0,35.665,1271000000.0
19,APTV,MRQ,2016-09-30,2016-09-30,2016-09-30,2021-08-25,-941000000.0,12122000000.0,,5147000000.0,6975000000.0,,9.376,-202000000.0,397000000.0,397000000.0,3253000000.0,306000000.0,1.34,3.605,4074000000.0,36000000.0,4038000000.0,4074000000.0,0.0,174000000.0,0.0,0.016,0.29,391000000.0,565000000.0,0.138,565000000.0,391000000.0,350000000.0,1.08,1.07,1.08,2552000000.0,,2552000000.0,23081580972.0,15.0,11.693,213000000.0,0.783,1.0,838000000.0,0.205,2905000000.0,41000000.0,9053000000.0,,1375000000.0,104000000.0,0.0,104000000.0,9201000000.0,3841000000.0,5360000000.0,19453580972.0,-42000000.0,0.0,-95000000.0,-75000000.0,-79000000.0,-265000000.0,-197000000.0,6000000.0,415000000.0,5000000.0,293000000.0,293000000.0,293000000.0,0.0,13000000.0,0.072,444000000.0,394000000.0,2544000000.0,0.269,7.623,16.655,16.703,3522000000.0,0.0,71.32,1.631,1.628,2983000000.0,1870000000.0,4091000000.0,4091000000.0,0.0,,,,,19000000.0,278000000.0,1.0,272764736.0,272190000.0,272770000.0,15.03,9217000000.0,0.0,57000000.0,0.0,33.862,1306000000.0
20,APTV,MRQ,2016-06-30,2016-06-30,2016-06-30,2021-08-25,-979000000.0,11957000000.0,,5051000000.0,6906000000.0,,8.724,-172000000.0,438000000.0,438000000.0,3346000000.0,271000000.0,1.295,3.858,4066000000.0,97000000.0,3969000000.0,4066000000.0,0.0,190000000.0,0.0,0.017,0.29,383000000.0,573000000.0,0.136,573000000.0,383000000.0,342000000.0,0.95,0.94,0.95,2381000000.0,,2381000000.0,20977363080.0,13.0,10.308,403000000.0,1.477,1.0,860000000.0,0.204,2916000000.0,41000000.0,8770000000.0,,1318000000.0,96000000.0,0.0,96000000.0,9187000000.0,3899000000.0,5288000000.0,17088363080.0,-26000000.0,0.0,-77000000.0,-270000000.0,-79000000.0,-429000000.0,-166000000.0,6000000.0,575000000.0,-6000000.0,258000000.0,258000000.0,258000000.0,0.0,13000000.0,0.061,466000000.0,394000000.0,2527000000.0,0.305,7.177,13.361,13.55,3430000000.0,0.0,62.6,1.49,1.49,2900000000.0,1749000000.0,4206000000.0,4206000000.0,0.0,,,,,11000000.0,278000000.0,1.0,272977046.0,272920000.0,273370000.0,15.411,9041000000.0,0.0,84000000.0,0.0,33.127,1152000000.0
21,APTV,MRQ,2016-03-31,2016-03-31,2016-03-31,2021-08-25,-969000000.0,12071000000.0,,5082000000.0,6989000000.0,,8.188,-240000000.0,464000000.0,464000000.0,3262000000.0,443000000.0,1.251,4.162,4353000000.0,368000000.0,3985000000.0,4353000000.0,0.0,162000000.0,0.0,0.014,0.29,541000000.0,703000000.0,0.174,703000000.0,541000000.0,500000000.0,1.54,1.53,1.54,2265000000.0,,2265000000.0,24292575848.0,12.0,10.328,28000000.0,0.101,1.0,789000000.0,0.195,2963000000.0,41000000.0,8936000000.0,,1287000000.0,100000000.0,0.0,100000000.0,9427000000.0,4061000000.0,5366000000.0,20820575848.0,-116000000.0,37000000.0,-358000000.0,321000000.0,-80000000.0,-166000000.0,-224000000.0,-14000000.0,268000000.0,6000000.0,425000000.0,425000000.0,425000000.0,0.0,18000000.0,0.105,345000000.0,444000000.0,2514000000.0,0.188,9.192,12.497,12.694,3446000000.0,0.0,75.02,1.873,1.867,2934000000.0,1629000000.0,4051000000.0,4051000000.0,0.0,,,,,17000000.0,277000000.0,1.0,277533669.0,276620000.0,277040000.0,14.645,9108000000.0,0.0,75000000.0,0.0,32.926,1021000000.0
22,APTV,MRQ,2015-12-31,2015-12-31,2015-12-31,2021-08-25,-1033000000.0,11973000000.0,,5121000000.0,6852000000.0,,8.057,36000000.0,536000000.0,536000000.0,-303000000.0,221000000.0,1.304,4.107,4008000000.0,52000000.0,3956000000.0,4008000000.0,0.0,-50000000.0,0.0,0.012,0.25,183000000.0,133000000.0,-0.315,133000000.0,183000000.0,151000000.0,0.7,0.7,0.7,2250000000.0,,2250000000.0,26697958814.0,15.0,12.842,731000000.0,2.618,1.0,-119000000.0,0.282,2922000000.0,32000000.0,8596000000.0,,1181000000.0,94000000.0,0.0,94000000.0,9240000000.0,3927000000.0,5313000000.0,24011958814.0,120000000.0,-819000000.0,-213000000.0,677000000.0,-70000000.0,393000000.0,-964000000.0,0.0,695000000.0,-4000000.0,192000000.0,192000000.0,192000000.0,0.0,29000000.0,-0.455,81000000.0,-200000000.0,2541000000.0,0.357,10.672,16.56,16.876,3377000000.0,0.0,85.73,2.21,2.251,2750000000.0,1627000000.0,-422000000.0,-422000000.0,0.0,,,,,15000000.0,38000000.0,1.0,280088170.0,279260000.0,281570000.0,-1.511,9051000000.0,0.0,-41000000.0,0.0,32.411,1194000000.0
23,APTV,MRQ,2015-09-30,2015-09-30,2015-09-30,2021-08-25,-1015000000.0,10792000000.0,,5054000000.0,5738000000.0,,8.185,-179000000.0,436000000.0,436000000.0,2862000000.0,418000000.0,1.255,3.462,3122000000.0,424000000.0,2698000000.0,3122000000.0,0.0,131000000.0,0.0,0.013,0.25,495000000.0,626000000.0,0.172,626000000.0,495000000.0,465000000.0,1.43,1.42,1.43,2316000000.0,,2316000000.0,23185872258.0,12.0,9.157,160000000.0,0.565,1.0,769000000.0,0.212,1304000000.0,30000000.0,8146000000.0,,1187000000.0,93000000.0,0.0,93000000.0,8018000000.0,4028000000.0,3990000000.0,21621872258.0,-776000000.0,-764000000.0,-404000000.0,392000000.0,-71000000.0,-133000000.0,-943000000.0,4000000.0,339000000.0,-39000000.0,404000000.0,404000000.0,404000000.0,0.0,14000000.0,0.111,319000000.0,450000000.0,2327000000.0,0.175,9.336,13.497,13.676,3010000000.0,0.0,76.04,1.435,1.428,2615000000.0,1693000000.0,3631000000.0,3631000000.0,0.0,,,,,17000000.0,249000000.0,1.0,284348662.0,282970000.0,284400000.0,12.832,9488000000.0,0.0,61000000.0,0.0,33.53,1026000000.0
24,APTV,MRQ,2015-06-30,2015-06-30,2015-06-30,2021-08-25,-897000000.0,10809000000.0,,5934000000.0,4875000000.0,,8.653,-147000000.0,1172000000.0,1172000000.0,3076000000.0,667000000.0,1.573,3.128,2736000000.0,43000000.0,2693000000.0,2736000000.0,0.0,135000000.0,0.0,0.012,0.25,755000000.0,890000000.0,0.231,890000000.0,755000000.0,725000000.0,2.24,2.23,2.24,2490000000.0,,2490000000.0,26726703146.0,14.0,10.967,387000000.0,1.345,1.0,782000000.0,0.203,1280000000.0,30000000.0,7321000000.0,,1150000000.0,93000000.0,0.0,93000000.0,7788000000.0,3772000000.0,4016000000.0,24568703146.0,634000000.0,653000000.0,-302000000.0,-3000000.0,-72000000.0,-377000000.0,458000000.0,3000000.0,534000000.0,19000000.0,645000000.0,645000000.0,645000000.0,0.0,22000000.0,0.167,301000000.0,481000000.0,2386000000.0,0.112,9.867,16.346,16.522,2988000000.0,0.0,85.09,1.617,1.611,2700000000.0,1739000000.0,3858000000.0,3858000000.0,0.0,,,,,22000000.0,261000000.0,1.0,288737844.0,287770000.0,288850000.0,13.407,9529000000.0,0.0,80000000.0,0.0,33.113,2162000000.0
25,APTV,MRQ,2015-03-31,2015-03-31,2015-03-31,2021-08-25,-950000000.0,10464000000.0,,5687000000.0,4777000000.0,,7.408,-213000000.0,559000000.0,559000000.0,3056000000.0,229000000.0,1.49,3.62,2717000000.0,44000000.0,2673000000.0,2717000000.0,0.0,128000000.0,0.0,0.013,0.25,302000000.0,430000000.0,0.113,430000000.0,302000000.0,270000000.0,0.72,0.72,0.72,2155000000.0,,2155000000.0,24692848816.0,15.0,11.469,-78000000.0,-0.268,1.0,741000000.0,0.195,1292000000.0,32000000.0,7512000000.0,,1081000000.0,101000000.0,0.0,101000000.0,7801000000.0,3818000000.0,3983000000.0,23146848816.0,-303000000.0,0.0,-240000000.0,217000000.0,-73000000.0,-167000000.0,-250000000.0,0.0,135000000.0,-21000000.0,209000000.0,209000000.0,209000000.0,0.0,20000000.0,0.055,295000000.0,446000000.0,2287000000.0,0.347,10.741,18.667,19.122,2905000000.0,0.0,79.74,1.503,1.506,2677000000.0,1460000000.0,3797000000.0,3797000000.0,0.0,,,,,13000000.0,255000000.0,1.0,290279017.0,290900000.0,291810000.0,13.053,9172000000.0,0.0,61000000.0,0.0,31.53,1869000000.0
26,APTV,MRQ,2014-12-31,2014-12-31,2014-12-31,2021-08-25,-741000000.0,10721000000.0,,5224000000.0,5497000000.0,,8.537,-178000000.0,860000000.0,860000000.0,3004000000.0,368000000.0,1.343,3.071,2426000000.0,34000000.0,2392000000.0,2426000000.0,0.0,134000000.0,0.0,0.014,0.25,452000000.0,586000000.0,0.155,586000000.0,452000000.0,418000000.0,1.17,1.16,1.17,2510000000.0,,2510000000.0,22956891568.0,13.0,10.064,695000000.0,2.364,1.0,774000000.0,0.205,1384000000.0,34000000.0,7014000000.0,,1013000000.0,98000000.0,0.0,98000000.0,7708000000.0,3889000000.0,3819000000.0,21530891568.0,-122000000.0,-345000000.0,-362000000.0,-2000000.0,-73000000.0,-449000000.0,-529000000.0,8000000.0,873000000.0,-17000000.0,344000000.0,344000000.0,344000000.0,0.0,24000000.0,0.091,318000000.0,456000000.0,2278000000.0,0.214,8.578,15.937,16.16,3021000000.0,0.0,72.72,1.389,1.409,2400000000.0,1548000000.0,3778000000.0,3778000000.0,0.0,,,,,20000000.0,268000000.0,1.0,296079367.0,294030000.0,296880000.0,12.849,9337000000.0,0.0,74000000.0,0.0,31.755,1335000000.0
27,APTV,MRQ,2014-09-30,2014-09-30,2014-09-30,2021-08-25,-406000000.0,10923000000.0,,5682000000.0,5241000000.0,,9.692,-184000000.0,1028000000.0,1028000000.0,3041000000.0,325000000.0,1.478,2.607,2454000000.0,37000000.0,2417000000.0,2454000000.0,0.0,137000000.0,0.0,0.015,0.25,394000000.0,531000000.0,0.141,531000000.0,394000000.0,361000000.0,1.02,1.02,1.02,2894000000.0,,2894000000.0,19660422095.0,12.0,8.994,315000000.0,1.055,1.0,721000000.0,0.192,1083000000.0,33000000.0,7422000000.0,,1227000000.0,243000000.0,0.0,243000000.0,7544000000.0,3844000000.0,3700000000.0,18379422095.0,-140000000.0,0.0,-304000000.0,3000000.0,-75000000.0,-430000000.0,-191000000.0,2000000.0,499000000.0,-18000000.0,305000000.0,305000000.0,305000000.0,0.0,20000000.0,0.081,329000000.0,392000000.0,2521000000.0,0.245,6.351,14.084,14.265,3273000000.0,0.0,61.34,1.268,1.264,2839000000.0,1602000000.0,3762000000.0,3762000000.0,0.0,,,,,21000000.0,259000000.0,1.0,299631922.0,298590000.0,300140000.0,12.599,9840000000.0,0.0,56000000.0,0.0,32.955,1838000000.0
28,APTV,MRQ,2014-06-30,2014-06-30,2014-06-30,2021-08-25,-219000000.0,11452000000.0,,6082000000.0,5370000000.0,,10.324,-145000000.0,1171000000.0,1171000000.0,3262000000.0,406000000.0,1.521,2.486,2452000000.0,32000000.0,2420000000.0,2452000000.0,0.0,135000000.0,0.0,0.012,0.25,471000000.0,606000000.0,0.149,606000000.0,471000000.0,438000000.0,1.26,1.26,1.26,3125000000.0,,3125000000.0,22337881164.0,13.0,10.294,482000000.0,1.592,1.0,800000000.0,0.197,1158000000.0,33000000.0,7577000000.0,,1262000000.0,248000000.0,0.0,248000000.0,7768000000.0,3998000000.0,3770000000.0,20873881164.0,188000000.0,0.0,-205000000.0,3000000.0,-76000000.0,-278000000.0,-166000000.0,4000000.0,627000000.0,5000000.0,382000000.0,382000000.0,382000000.0,0.0,24000000.0,0.094,338000000.0,462000000.0,2696000000.0,0.198,6.68,16.423,16.524,3311000000.0,0.0,68.74,1.416,1.411,3049000000.0,1646000000.0,4062000000.0,4062000000.0,0.0,,,,,19000000.0,261000000.0,1.0,303664259.0,302680000.0,303740000.0,13.42,10294000000.0,0.0,56000000.0,0.0,34.01,2084000000.0
29,APTV,MRQ,2014-03-31,2014-03-31,2014-03-31,2021-08-25,-279000000.0,11182000000.0,,5880000000.0,5302000000.0,,9.681,-272000000.0,985000000.0,985000000.0,3164000000.0,341000000.0,1.496,2.596,2449000000.0,31000000.0,2418000000.0,2449000000.0,0.0,134000000.0,0.0,0.011,0.25,424000000.0,558000000.0,0.143,558000000.0,424000000.0,389000000.0,1.05,1.04,1.05,2961000000.0,,2961000000.0,21810567651.0,13.0,10.042,-136000000.0,-0.445,1.0,733000000.0,0.188,1190000000.0,35000000.0,7526000000.0,,1235000000.0,229000000.0,0.0,229000000.0,7688000000.0,3930000000.0,3758000000.0,20791567651.0,-411000000.0,0.0,-153000000.0,4000000.0,-77000000.0,-241000000.0,-300000000.0,1000000.0,136000000.0,-6000000.0,320000000.0,320000000.0,320000000.0,0.0,21000000.0,0.082,310000000.0,423000000.0,2681000000.0,0.238,7.022,16.554,16.632,3251000000.0,0.0,67.86,1.393,1.391,3066000000.0,1544000000.0,3897000000.0,3897000000.0,0.0,,,,,13000000.0,248000000.0,1.0,306389149.0,305850000.0,306890000.0,12.742,9992000000.0,0.0,69000000.0,0.0,32.67,1950000000.0
30,APTV,MRQ,2013-12-31,2013-12-31,2013-12-31,2021-08-25,-237000000.0,11047000000.0,,5752000000.0,5295000000.0,,9.481,-93000000.0,1393000000.0,1393000000.0,2133000000.0,321000000.0,1.477,2.615,2412000000.0,61000000.0,2351000000.0,2412000000.0,0.0,98000000.0,0.0,0.011,0.17,393000000.0,491000000.0,0.177,491000000.0,393000000.0,356000000.0,0.97,0.97,0.97,2911000000.0,,2911000000.0,19863056883.0,12.0,9.486,587000000.0,1.912,1.0,637000000.0,0.23,1219000000.0,37000000.0,6953000000.0,,1093000000.0,234000000.0,0.0,234000000.0,7613000000.0,3894000000.0,3719000000.0,18503056883.0,336000000.0,12000000.0,-104000000.0,-5000000.0,-52000000.0,-190000000.0,-160000000.0,9000000.0,680000000.0,6000000.0,298000000.0,298000000.0,298000000.0,0.0,23000000.0,0.108,277000000.0,360000000.0,2595000000.0,0.175,6.356,15.267,15.418,3216000000.0,0.0,60.13,1.229,1.242,2662000000.0,1446000000.0,2770000000.0,2770000000.0,0.0,,,,,10000000.0,217000000.0,1.0,307717560.0,307040000.0,308590000.0,9.022,9828000000.0,0.0,58000000.0,0.0,32.009,1858000000.0
31,APTV,MRQ,2013-09-30,2013-09-30,2013-09-30,2021-08-25,-262000000.0,10811000000.0,,5787000000.0,5024000000.0,,8.867,-176000000.0,1058000000.0,1058000000.0,3338000000.0,293000000.0,1.5,2.763,2418000000.0,59000000.0,2359000000.0,2418000000.0,0.0,138000000.0,0.0,0.009,0.17,377000000.0,515000000.0,0.128,515000000.0,377000000.0,343000000.0,0.88,0.87,0.88,2746000000.0,,2746000000.0,19541884000.0,14.0,10.253,222000000.0,0.717,1.0,679000000.0,0.169,1227000000.0,34000000.0,7087000000.0,,1233000000.0,217000000.0,0.0,217000000.0,7588000000.0,3857000000.0,3731000000.0,18121884000.0,52000000.0,-12000000.0,-113000000.0,-8000000.0,-53000000.0,-192000000.0,-168000000.0,20000000.0,398000000.0,14000000.0,271000000.0,271000000.0,271000000.0,0.0,22000000.0,0.067,292000000.0,387000000.0,2504000000.0,0.193,6.599,17.259,17.233,2982000000.0,0.0,58.42,1.129,1.127,2856000000.0,1287000000.0,4017000000.0,4017000000.0,0.0,,,,,12000000.0,228000000.0,1.0,310200000.0,309680000.0,310620000.0,12.971,9584000000.0,0.0,72000000.0,0.0,30.948,1930000000.0
32,APTV,MRQ,2013-06-30,2013-06-30,2013-06-30,2021-08-25,-377000000.0,10551000000.0,,5633000000.0,4918000000.0,,8.082,-123000000.0,1006000000.0,1006000000.0,3464000000.0,389000000.0,1.479,2.979,2426000000.0,59000000.0,2367000000.0,2426000000.0,0.0,132000000.0,0.0,0.007,0.17,476000000.0,608000000.0,0.143,608000000.0,476000000.0,440000000.0,1.18,1.17,1.18,2521000000.0,,2521000000.0,17492004602.0,13.0,9.419,400000000.0,1.282,1.0,776000000.0,0.183,1224000000.0,36000000.0,6938000000.0,,1162000000.0,208000000.0,0.0,208000000.0,7509000000.0,3809000000.0,3700000000.0,15848004602.0,171000000.0,0.0,-118000000.0,-53000000.0,-53000000.0,-224000000.0,-122000000.0,2000000.0,523000000.0,-6000000.0,367000000.0,367000000.0,367000000.0,0.0,22000000.0,0.087,293000000.0,483000000.0,2501000000.0,0.144,6.286,15.122,15.131,2875000000.0,0.0,50.69,1.01,1.008,2868000000.0,1177000000.0,4240000000.0,4240000000.0,0.0,,,,,14000000.0,241000000.0,1.0,312645583.0,311930000.0,312690000.0,13.593,9327000000.0,0.0,73000000.0,0.0,29.901,1824000000.0
33,APTV,MRQ,2013-03-31,2013-03-31,2013-03-31,2021-08-25,-292000000.0,10273000000.0,,5387000000.0,4886000000.0,,7.62,-213000000.0,834000000.0,834000000.0,3339000000.0,298000000.0,1.466,3.076,2478000000.0,103000000.0,2375000000.0,2478000000.0,0.0,131000000.0,0.0,0.004,0.17,349000000.0,480000000.0,0.119,480000000.0,349000000.0,313000000.0,0.88,0.88,0.88,2398000000.0,,2398000000.0,15350283725.0,12.0,8.42,-64000000.0,-0.203,1.0,685000000.0,0.17,1232000000.0,36000000.0,7011000000.0,,1148000000.0,223000000.0,0.0,223000000.0,7376000000.0,3674000000.0,3702000000.0,13999283725.0,-275000000.0,2000000.0,-122000000.0,-19000000.0,-53000000.0,-216000000.0,-205000000.0,2000000.0,149000000.0,-3000000.0,276000000.0,276000000.0,276000000.0,0.0,22000000.0,0.069,288000000.0,397000000.0,2386000000.0,0.193,5.838,13.847,13.962,2843000000.0,0.0,44.4,0.906,0.904,2795000000.0,971000000.0,4024000000.0,4024000000.0,0.0,,,,,10000000.0,230000000.0,1.0,315299183.0,314680000.0,315360000.0,12.788,9041000000.0,0.0,37000000.0,0.0,28.731,1713000000.0
34,APTV,MRQ,2012-12-31,2012-12-31,2012-12-31,2021-08-25,-237000000.0,10176000000.0,,5227000000.0,4949000000.0,,7.403,-142000000.0,1113000000.0,1113000000.0,3158000000.0,155000000.0,1.429,3.133,2464000000.0,140000000.0,2324000000.0,2464000000.0,0.0,146000000.0,0.0,0.0,0.0,157000000.0,303000000.0,0.08,303000000.0,157000000.0,121000000.0,0.45,0.44,0.45,2345000000.0,,2345000000.0,12591442030.0,9.0,6.589,168000000.0,0.53,1.0,609000000.0,0.162,1276000000.0,36000000.0,6592000000.0,,1066000000.0,231000000.0,0.0,231000000.0,7346000000.0,3659000000.0,3687000000.0,12146442030.0,-529000000.0,-980000000.0,-103000000.0,366000000.0,0.0,255000000.0,-1105000000.0,16000000.0,310000000.0,11000000.0,136000000.0,136000000.0,136000000.0,0.0,19000000.0,0.036,432000000.0,177000000.0,2278000000.0,0.0,5.18,11.278,11.452,2860000000.0,0.0,38.25,0.783,0.796,2425000000.0,856000000.0,3767000000.0,3767000000.0,0.0,,,,,1000000.0,254000000.0,1.0,317554040.0,316760000.0,317320000.0,11.892,8900000000.0,0.0,-15000000.0,0.0,28.097,1568000000.0
35,APTV,MRQ,2012-09-30,2012-09-30,2012-09-30,2021-08-25,-114000000.0,9639000000.0,,5897000000.0,3742000000.0,,7.497,-163000000.0,1645000000.0,1645000000.0,3058000000.0,292000000.0,1.607,2.813,2090000000.0,92000000.0,1998000000.0,2090000000.0,0.0,113000000.0,0.0,0.0,0.0,353000000.0,466000000.0,0.127,466000000.0,353000000.0,321000000.0,0.84,0.84,0.84,2406000000.0,,2406000000.0,10541914843.0,6.0,5.056,251000000.0,0.782,1.0,605000000.0,0.165,548000000.0,32000000.0,5866000000.0,,1121000000.0,222000000.0,0.0,222000000.0,6769000000.0,3670000000.0,3099000000.0,10012914843.0,111000000.0,0.0,-150000000.0,17000000.0,0.0,-167000000.0,-160000000.0,2000000.0,414000000.0,24000000.0,269000000.0,269000000.0,269000000.0,0.0,23000000.0,0.073,238000000.0,367000000.0,2244000000.0,0.0,4.162,8.134,8.333,2466000000.0,0.0,31.0,0.64,0.636,2540000000.0,796000000.0,3663000000.0,3663000000.0,0.0,,,,,8000000.0,215000000.0,1.0,322997253.0,320930000.0,321280000.0,11.414,9091000000.0,0.0,52000000.0,0.0,28.327,2227000000.0
36,APTV,MRQ,2012-06-30,2012-06-30,2012-06-30,2021-08-25,-220000000.0,9437000000.0,,5850000000.0,3587000000.0,,6.705,-140000000.0,1535000000.0,1535000000.0,3272000000.0,350000000.0,1.583,3.1,2064000000.0,69000000.0,1995000000.0,2064000000.0,0.0,113000000.0,0.0,0.0,0.0,461000000.0,574000000.0,0.144,574000000.0,461000000.0,428000000.0,1.01,1.01,1.01,2185000000.0,,2185000000.0,9030235005.0,5.0,4.236,321000000.0,0.985,1.0,725000000.0,0.181,552000000.0,33000000.0,5718000000.0,,1106000000.0,207000000.0,0.0,207000000.0,6774000000.0,3696000000.0,3078000000.0,8370235005.0,111000000.0,0.0,-150000000.0,-20000000.0,0.0,-170000000.0,-126000000.0,13000000.0,461000000.0,-54000000.0,330000000.0,330000000.0,330000000.0,0.0,20000000.0,0.083,257000000.0,468000000.0,2356000000.0,0.0,3.831,6.816,6.948,2367000000.0,0.0,25.5,0.526,0.522,2635000000.0,660000000.0,3997000000.0,3997000000.0,0.0,,,,,8000000.0,230000000.0,1.0,328244510.0,325870000.0,326140000.0,12.266,8885000000.0,0.0,98000000.0,0.0,27.265,2154000000.0
37,APTV,MRQ,2012-03-31,2012-03-31,2012-03-31,2021-08-25,-55000000.0,9688000000.0,,6016000000.0,3672000000.0,,6.587,-260000000.0,1425000000.0,1425000000.0,3373000000.0,363000000.0,1.547,3.258,2085000000.0,89000000.0,1996000000.0,2085000000.0,0.0,114000000.0,0.0,0.0,0.0,454000000.0,568000000.0,0.139,568000000.0,454000000.0,419000000.0,1.04,1.04,1.04,2162000000.0,,2162000000.0,11103526516.0,7.0,5.323,33000000.0,0.101,1.0,719000000.0,0.176,580000000.0,35000000.0,5880000000.0,,1137000000.0,209000000.0,0.0,209000000.0,7043000000.0,3888000000.0,3155000000.0,10372526516.0,49000000.0,-16000000.0,0.0,-18000000.0,0.0,-23000000.0,-240000000.0,3000000.0,293000000.0,19000000.0,342000000.0,342000000.0,342000000.0,0.0,21000000.0,0.084,255000000.0,464000000.0,2469000000.0,0.0,4.798,8.673,8.927,2403000000.0,0.0,31.6,0.643,0.643,2854000000.0,452000000.0,4092000000.0,4092000000.0,0.0,,,,,4000000.0,228000000.0,1.0,328244510.0,328240000.0,328470000.0,12.466,9108000000.0,0.0,77000000.0,0.0,27.748,2128000000.0
38,APTV,MRQ,2011-12-31,2011-12-31,2011-12-31,2021-08-25,-183000000.0,9128000000.0,,5501000000.0,3627000000.0,,4.007,-176000000.0,1372000000.0,1372000000.0,3221000000.0,312000000.0,1.482,4.121,2103000000.0,107000000.0,1996000000.0,2103000000.0,0.0,119000000.0,0.0,0.0,0.0,358000000.0,477000000.0,0.122,477000000.0,358000000.0,319000000.0,0.83,0.83,0.83,1688000000.0,,1688000000.0,,,,292000000.0,0.693,1.0,679000000.0,0.174,596000000.0,39000000.0,5551000000.0,,1054000000.0,257000000.0,0.0,257000000.0,6957000000.0,3712000000.0,3245000000.0,7070386745.0,-23000000.0,5000000.0,0.0,-70000000.0,-93000000.0,-286000000.0,-185000000.0,-6000000.0,468000000.0,-20000000.0,290000000.0,290000000.0,290000000.0,0.0,22000000.0,0.074,268000000.0,411000000.0,2397000000.0,0.0,4.189,6.175,7.919,2315000000.0,0.0,21.54,0.441,0.566,2459000000.0,110000000.0,3900000000.0,3900000000.0,0.0,,,,,8000000.0,234000000.0,1.0,328244510.0,421260000.0,421260000.0,9.258,8532000000.0,0.0,29000000.0,0.0,20.254,1789000000.0
39,APTV,MRQ,2011-09-30,2011-09-30,2011-09-30,2021-08-25,-70000000.0,9318000000.0,,5807000000.0,3511000000.0,,4.857,-162000000.0,1396000000.0,1396000000.0,3294000000.0,285000000.0,1.496,4.413,2173000000.0,122000000.0,2051000000.0,2173000000.0,0.0,123000000.0,0.0,,0.0,390000000.0,513000000.0,0.131,513000000.0,390000000.0,353000000.0,0.79,0.79,0.79,1636000000.0,,1636000000.0,,,,248000000.0,0.736,1.0,637000000.0,0.162,623000000.0,37000000.0,5591000000.0,,1146000000.0,259000000.0,0.0,259000000.0,7220000000.0,3881000000.0,3339000000.0,,64000000.0,0.0,0.0,-55000000.0,0.0,-151000000.0,-136000000.0,15000000.0,410000000.0,-59000000.0,266000000.0,266000000.0,266000000.0,0.0,19000000.0,0.068,244000000.0,393000000.0,2385000000.0,0.0,,,,2185000000.0,0.0,,,,2644000000.0,,3931000000.0,3931000000.0,0.0,,,,,2000000.0,222000000.0,1.0,328244510.0,336830000.0,336830000.0,11.671,8695000000.0,0.0,87000000.0,0.0,25.814,1926000000.0
40,APTV,MRQ,2011-06-30,2011-06-30,2011-06-30,2021-08-25,,,,,,,,-111000000.0,,,3518000000.0,316000000.0,,,,,,,,116000000.0,,,0.0,412000000.0,528000000.0,0.125,528000000.0,412000000.0,371000000.0,0.88,0.88,0.88,,,,,,,232000000.0,0.687,1.0,695000000.0,0.165,,41000000.0,,,,,,,,,,,-311000000.0,-17000000.0,0.0,-539000000.0,0.0,-553000000.0,-122000000.0,2000000.0,343000000.0,21000000.0,298000000.0,298000000.0,298000000.0,0.0,18000000.0,0.071,267000000.0,428000000.0,,0.0,,,,,0.0,,,,,,4213000000.0,4213000000.0,0.0,,,,,2000000.0,240000000.0,1.0,,337780000.0,337780000.0,12.473,,,73000000.0,,,
41,APTV,MRQ,2011-03-31,2011-03-31,2011-03-31,2021-08-25,,,,,,,,-181000000.0,,,3353000000.0,310000000.0,,,,,,,,117000000.0,,,0.0,413000000.0,530000000.0,0.133,530000000.0,413000000.0,407000000.0,0.42,0.42,0.42,,,,,,,-25000000.0,-0.036,1.0,644000000.0,0.161,,6000000.0,,,,,,,,,,,-1586000000.0,-5000000.0,0.0,2353000000.0,0.0,-2204000000.0,433000000.0,597000000.0,156000000.0,29000000.0,291000000.0,291000000.0,291000000.0,0.0,19000000.0,0.073,232000000.0,412000000.0,,0.0,,,,,0.0,,,,,,3997000000.0,3997000000.0,0.0,,,,,2000000.0,205000000.0,1.0,,686990000.0,686990000.0,5.818,,,116000000.0,,,
42,APTV,MRQ,2010-12-31,2010-12-31,2010-12-31,2021-08-25,91000000.0,11082000000.0,,7666000000.0,3416000000.0,,8.223,-235000000.0,3816000000.0,3816000000.0,3210000000.0,91000000.0,2.061,0.883,289000000.0,218000000.0,71000000.0,289000000.0,0.0,110000000.0,0.0,,0.0,132000000.0,242000000.0,0.066,242000000.0,132000000.0,124000000.0,,,,5641000000.0,,5641000000.0,,,,52000000.0,0.076,1.0,442000000.0,0.121,665000000.0,8000000.0,3171000000.0,,988000000.0,281000000.0,0.0,281000000.0,4983000000.0,3719000000.0,1264000000.0,,-486000000.0,-83000000.0,0.0,-7000000.0,0.0,-9000000.0,-763000000.0,-457000000.0,287000000.0,-1000000.0,75000000.0,75000000.0,75000000.0,0.0,16000000.0,0.021,329000000.0,113000000.0,2236000000.0,,,,,2067000000.0,0.0,,,,2307000000.0,0.0,3652000000.0,3652000000.0,0.0,,,,,5000000.0,211000000.0,1.0,,686020000.0,,5.323,10417000000.0,0.0,49000000.0,0.0,15.185,3947000000.0
43,APTV,MRQ,2010-09-30,2010-09-30,2010-09-30,2021-08-25,,,,,,,,,,,2807000000.0,144000000.0,,,,,,,,,,,0.0,195000000.0,,,,195000000.0,189000000.0,,,,,,,,,,,,1.0,502000000.0,0.152,,6000000.0,,,,,,,,,,,,,,,,,,,,,127000000.0,127000000.0,127000000.0,0.0,17000000.0,0.038,296000000.0,206000000.0,,,,,,,0.0,,,,,,3309000000.0,3309000000.0,0.0,,,,,,207000000.0,1.0,,,,,,,62000000.0,,,
0,APTV,MRT,2021-06-30,2021-06-30,2021-06-30,2021-08-25,-566000000.0,17780000000.0,17305500000.0,8055000000.0,9725000000.0,0.908,30.766,-473000000.0,2978000000.0,2978000000.0,12955000000.0,1086000000.0,2.063,1.112,4342000000.0,16000000.0,4326000000.0,4342000000.0,0.0,790000000.0,0.0,0.0,0.0,1340000000.0,2130000000.0,0.136,2130000000.0,1340000000.0,1185000000.0,3.65,3.65,3.65,8322000000.0,7916750000.0,8322000000.0,43969904300.0,33.0,20.643,1434000000.0,5.301,1.0,2755000000.0,0.175,3568000000.0,155000000.0,11671000000.0,11471250000.0,1801000000.0,1908000000.0,0.0,1908000000.0,9255000000.0,3905000000.0,5350000000.0,42551904300.0,1061000000.0,-67000000.0,0.0,-217000000.0,0.0,-330000000.0,-546000000.0,-3000000.0,1907000000.0,30000000.0,1056000000.0,992000000.0,992000000.0,0.0,30000000.0,0.063,1231000000.0,1524000000.0,2574000000.0,0.0,5.113,42.895,43.104,3571000000.0,64000000.0,157.33,2.709,2.709,2654000000.0,4976000000.0,15710000000.0,15710000000.0,0.0,0.057,0.125,0.117,0.085,105000000.0,1028000000.0,1.0,270462749.0,270490000.0,271060000.0,58.08,14212000000.0,0.0,129000000.0,0.0,52.542,4150000000.0
1,APTV,MRT,2021-03-31,2021-03-31,2021-03-31,2021-08-25,-636000000.0,17476000000.0,16680500000.0,7801000000.0,9675000000.0,0.831,29.881,-513000000.0,2882000000.0,2882000000.0,11697000000.0,555000000.0,1.969,1.139,4300000000.0,78000000.0,4222000000.0,4300000000.0,0.0,777000000.0,0.0,0.0,0.0,775000000.0,1552000000.0,0.112,1552000000.0,775000000.0,614000000.0,1.68,1.68,1.68,8077000000.0,7571750000.0,8077000000.0,38784499075.0,50.0,24.99,991000000.0,3.666,1.0,2166000000.0,0.156,3536000000.0,161000000.0,11396000000.0,11413000000.0,1525000000.0,1962000000.0,0.0,1962000000.0,9200000000.0,3962000000.0,5238000000.0,37236499075.0,795000000.0,-44000000.0,1115000000.0,-2316000000.0,0.0,-184000000.0,-553000000.0,6000000.0,1504000000.0,28000000.0,527000000.0,476000000.0,476000000.0,0.0,28000000.0,0.034,1238000000.0,928000000.0,2624000000.0,0.0,4.61,78.228,82.083,3523000000.0,51000000.0,137.9,2.686,2.689,2798000000.0,4829000000.0,13863000000.0,13863000000.0,0.0,0.029,0.063,0.068,0.056,90000000.0,979000000.0,1.0,270025374.0,270310000.0,271140000.0,51.286,13940000000.0,0.0,87000000.0,0.0,51.57,3839000000.0
2,APTV,MRT,2020-12-31,2020-12-31,2020-12-31,2021-08-25,-545000000.0,17522000000.0,16353250000.0,7465000000.0,10057000000.0,0.799,30.008,-584000000.0,2853000000.0,2853000000.0,11126000000.0,1822000000.0,1.845,1.192,4401000000.0,90000000.0,4311000000.0,4401000000.0,0.0,764000000.0,0.0,0.002,0.22,2017000000.0,2781000000.0,0.213,2781000000.0,2017000000.0,1853000000.0,6.72,6.66,6.72,7905000000.0,6795250000.0,7905000000.0,37355605978.0,19.0,13.432,829000000.0,3.147,1.0,1940000000.0,0.148,3671000000.0,164000000.0,11353000000.0,11923000000.0,1297000000.0,2011000000.0,0.0,2011000000.0,9422000000.0,4046000000.0,5376000000.0,35181605978.0,2424000000.0,-49000000.0,1058000000.0,-429000000.0,-56000000.0,1613000000.0,-626000000.0,9000000.0,1413000000.0,24000000.0,1804000000.0,1769000000.0,1769000000.0,0.0,18000000.0,0.135,-178000000.0,2118000000.0,2571000000.0,0.033,4.451,19.888,19.388,3681000000.0,35000000.0,130.29,2.693,2.627,2812000000.0,4550000000.0,13066000000.0,13066000000.0,0.0,0.108,0.26,0.169,0.154,60000000.0,976000000.0,1.0,270025374.0,263430000.0,270700000.0,49.6,13851000000.0,0.0,49000000.0,0.0,52.579,3419000000.0
3,APTV,MRT,2020-09-30,2020-09-30,2020-09-30,2021-08-25,-768000000.0,16444000000.0,15337500000.0,6589000000.0,9855000000.0,0.812,27.267,-651000000.0,2154000000.0,2154000000.0,10602000000.0,1748000000.0,1.841,1.207,4328000000.0,99000000.0,4229000000.0,4328000000.0,0.0,734000000.0,0.0,0.005,0.44,1925000000.0,2659000000.0,0.214,2659000000.0,1925000000.0,1759000000.0,6.67,6.66,6.67,7363000000.0,5773750000.0,7363000000.0,27277926288.0,14.0,10.259,666000000.0,2.466,1.0,1848000000.0,0.148,3574000000.0,166000000.0,11465000000.0,11604000000.0,1229000000.0,2047000000.0,0.0,2047000000.0,8890000000.0,3579000000.0,5311000000.0,24755926288.0,1796000000.0,-360000000.0,1028000000.0,-481000000.0,-112000000.0,1484000000.0,-1011000000.0,7000000.0,1317000000.0,6000000.0,1735000000.0,1716000000.0,1716000000.0,0.0,13000000.0,0.138,-148000000.0,1996000000.0,2186000000.0,0.066,3.362,14.427,13.745,3598000000.0,19000000.0,91.68,1.988,1.988,2620000000.0,4267000000.0,12450000000.0,12450000000.0,0.0,0.112,0.297,0.166,0.155,47000000.0,996000000.0,1.0,270025374.0,270030000.0,270380000.0,46.106,12870000000.0,0.0,24000000.0,0.0,47.661,3010000000.0
4,APTV,MRT,2020-06-30,2020-06-30,2020-06-30,2021-08-25,-894000000.0,15280000000.0,14461250000.0,5412000000.0,9868000000.0,0.853,26.904,-702000000.0,1917000000.0,1917000000.0,10463000000.0,1695000000.0,1.893,1.175,4439000000.0,200000000.0,4239000000.0,4439000000.0,0.0,720000000.0,0.0,0.008,0.66,1916000000.0,2636000000.0,0.214,2636000000.0,1916000000.0,1746000000.0,6.58,6.57,6.58,6942000000.0,4824250000.0,6942000000.0,24304926622.0,13.0,9.22,381000000.0,1.477,1.0,1878000000.0,0.152,3505000000.0,170000000.0,11438000000.0,11276500000.0,1212000000.0,2073000000.0,0.0,2073000000.0,8154000000.0,2859000000.0,5295000000.0,19859926622.0,1536000000.0,-338000000.0,984000000.0,-375000000.0,-168000000.0,1506000000.0,-1036000000.0,11000000.0,1083000000.0,-17000000.0,1682000000.0,1679000000.0,1679000000.0,0.0,13000000.0,0.136,-74000000.0,1952000000.0,1432000000.0,0.1,2.861,11.828,11.842,3573000000.0,3000000.0,77.92,1.609,1.629,1834000000.0,3984000000.0,12341000000.0,12341000000.0,0.0,0.116,0.348,0.17,0.155,42000000.0,1029000000.0,1.0,254875855.0,258030000.0,258210000.0,47.828,11775000000.0,0.0,64000000.0,0.0,45.634,2553000000.0
5,APTV,MRT,2020-03-31,2020-03-31,2020-03-31,2021-08-25,-991000000.0,16167000000.0,13918250000.0,6190000000.0,9977000000.0,1.006,19.455,-751000000.0,2087000000.0,2087000000.0,11474000000.0,2331000000.0,1.694,2.216,6532000000.0,260000000.0,6272000000.0,6532000000.0,0.0,724000000.0,0.0,0.018,0.88,2600000000.0,3324000000.0,0.237,3324000000.0,2600000000.0,2431000000.0,9.08,9.07,9.08,4971000000.0,3968500000.0,4971000000.0,16835392938.0,6.0,5.065,950000000.0,3.718,1.0,2534000000.0,0.181,3521000000.0,169000000.0,13436000000.0,10861500000.0,1363000000.0,2090000000.0,0.0,2090000000.0,11014000000.0,3655000000.0,7359000000.0,12570392938.0,1765000000.0,-341000000.0,-251000000.0,1695000000.0,-225000000.0,1170000000.0,-1083000000.0,16000000.0,1701000000.0,-23000000.0,2322000000.0,2322000000.0,2322000000.0,0.0,9000000.0,0.166,-64000000.0,2598000000.0,2243000000.0,0.097,2.529,5.414,5.423,3642000000.0,0.0,49.24,0.897,0.898,2308000000.0,4353000000.0,14008000000.0,14008000000.0,0.0,0.167,0.585,0.239,0.186,50000000.0,1072000000.0,1.0,255288240.0,255510000.0,255830000.0,54.824,12646000000.0,0.0,109000000.0,0.0,49.493,2535000000.0
6,APTV,MRT,2019-12-31,2019-12-31,2019-12-31,2021-08-25,-719000000.0,13459000000.0,13131250000.0,5319000000.0,8140000000.0,1.093,14.871,-781000000.0,428000000.0,428000000.0,11711000000.0,1009000000.0,1.312,2.474,4693000000.0,393000000.0,4300000000.0,4693000000.0,0.0,717000000.0,0.0,0.009,0.88,1286000000.0,2003000000.0,0.14,2003000000.0,1286000000.0,1122000000.0,3.85,3.85,3.85,3819000000.0,3580250000.0,3819000000.0,28599709337.0,22.0,14.278,843000000.0,3.283,1.0,2646000000.0,0.184,3593000000.0,164000000.0,10077000000.0,9935750000.0,1286000000.0,106000000.0,0.0,106000000.0,9448000000.0,4054000000.0,5394000000.0,24244709337.0,-139000000.0,-334000000.0,-420000000.0,42000000.0,-226000000.0,-649000000.0,-1111000000.0,14000000.0,1624000000.0,-3000000.0,990000000.0,990000000.0,990000000.0,0.0,19000000.0,0.069,1370000000.0,1276000000.0,2463000000.0,0.229,6.348,24.49,24.668,3722000000.0,0.0,94.97,1.689,1.699,2569000000.0,2890000000.0,14357000000.0,14357000000.0,0.0,0.075,0.277,0.129,0.09,66000000.0,1076000000.0,1.0,255288084.0,256810000.0,257390000.0,55.905,9866000000.0,0.0,132000000.0,0.0,38.418,1265000000.0
7,APTV,MRT,2019-09-30,2019-09-30,2019-09-30,2021-08-25,-806000000.0,12939000000.0,12886500000.0,5385000000.0,7554000000.0,1.117,13.932,-804000000.0,357000000.0,357000000.0,11769000000.0,1025000000.0,1.39,2.569,4712000000.0,444000000.0,4268000000.0,4712000000.0,0.0,741000000.0,0.0,0.01,0.88,1311000000.0,2052000000.0,0.143,2052000000.0,1311000000.0,1151000000.0,3.91,3.88,3.91,3565000000.0,3490250000.0,3565000000.0,26879370817.0,21.0,13.099,874000000.0,3.416,1.0,2628000000.0,0.183,3264000000.0,160000000.0,10155000000.0,9581000000.0,1345000000.0,105000000.0,0.0,105000000.0,9158000000.0,3875000000.0,5283000000.0,22396370817.0,-414000000.0,-708000000.0,-675000000.0,379000000.0,-228000000.0,-562000000.0,-1511000000.0,21000000.0,1678000000.0,-19000000.0,1007000000.0,1007000000.0,1007000000.0,0.0,18000000.0,0.07,1321000000.0,1307000000.0,2232000000.0,0.225,6.282,22.241,22.358,3556000000.0,0.0,87.42,1.556,1.554,2661000000.0,2745000000.0,14397000000.0,14397000000.0,0.0,0.078,0.289,0.137,0.091,68000000.0,1020000000.0,1.0,256192757.0,255890000.0,256440000.0,56.262,9675000000.0,0.0,144000000.0,0.0,37.809,1510000000.0
8,APTV,MRT,2019-06-30,2019-06-30,2019-06-30,2021-08-25,-699000000.0,13108000000.0,12733500000.0,4854000000.0,8254000000.0,1.125,13.692,-848000000.0,381000000.0,381000000.0,11721000000.0,1004000000.0,1.216,2.664,4864000000.0,517000000.0,4347000000.0,4864000000.0,0.0,726000000.0,0.0,0.011,0.88,1307000000.0,2033000000.0,0.142,2033000000.0,1307000000.0,1155000000.0,3.79,3.76,3.79,3519000000.0,3501000000.0,3519000000.0,25405831745.0,19.0,12.497,676000000.0,2.63,1.0,2602000000.0,0.182,3822000000.0,152000000.0,9778000000.0,9266750000.0,1304000000.0,103000000.0,0.0,103000000.0,9376000000.0,3991000000.0,5385000000.0,20840831745.0,-590000000.0,-708000000.0,-696000000.0,449000000.0,-230000000.0,-549000000.0,-1556000000.0,19000000.0,1524000000.0,-9000000.0,983000000.0,983000000.0,983000000.0,0.0,21000000.0,0.069,1292000000.0,1310000000.0,2284000000.0,0.232,5.922,21.201,21.327,3681000000.0,0.0,80.83,1.455,1.45,2679000000.0,2597000000.0,14323000000.0,14323000000.0,0.0,0.077,0.281,0.141,0.091,67000000.0,990000000.0,1.0,257835355.0,257020000.0,257260000.0,55.727,9286000000.0,0.0,172000000.0,0.0,36.129,863000000.0
9,APTV,MRT,2019-03-31,2019-03-31,2019-03-31,2021-08-25,-682000000.0,13019000000.0,12535500000.0,4819000000.0,8200000000.0,1.147,13.193,-838000000.0,322000000.0,322000000.0,11721000000.0,1036000000.0,1.201,2.745,4887000000.0,542000000.0,4345000000.0,4887000000.0,0.0,694000000.0,0.0,0.011,0.88,1369000000.0,2063000000.0,0.143,2063000000.0,1369000000.0,1224000000.0,3.82,3.79,3.82,3418000000.0,3502000000.0,3418000000.0,24446147413.0,18.0,11.85,719000000.0,2.775,1.0,2659000000.0,0.185,3837000000.0,145000000.0,9733000000.0,8970750000.0,1326000000.0,102000000.0,0.0,102000000.0,9384000000.0,4014000000.0,5370000000.0,20670147413.0,-1024000000.0,-1190000000.0,-576000000.0,438000000.0,-231000000.0,-449000000.0,-2038000000.0,9000000.0,1557000000.0,-94000000.0,1000000000.0,1000000000.0,1000000000.0,0.0,36000000.0,0.07,1263000000.0,1396000000.0,2340000000.0,0.23,6.047,20.67,20.809,3652000000.0,0.0,79.49,1.437,1.432,2736000000.0,2491000000.0,14380000000.0,14380000000.0,0.0,0.08,0.286,0.153,0.095,60000000.0,990000000.0,1.0,260034563.0,259080000.0,259550000.0,55.504,9182000000.0,0.0,224000000.0,0.0,35.441,805000000.0
10,APTV,MRT,2018-12-31,2018-12-31,2018-12-31,2021-08-25,-694000000.0,12480000000.0,12420750000.0,4777000000.0,7703000000.0,1.162,13.082,-846000000.0,568000000.0,568000000.0,11706000000.0,1107000000.0,1.293,2.547,4344000000.0,306000000.0,4038000000.0,4344000000.0,0.0,676000000.0,0.0,0.014,0.88,1458000000.0,2134000000.0,0.148,2134000000.0,1458000000.0,1317000000.0,4.04,4.02,4.04,3459000000.0,3514250000.0,3459000000.0,19557988957.0,13.0,9.165,782000000.0,2.958,1.0,2729000000.0,0.189,3904000000.0,141000000.0,8658000000.0,8673750000.0,1277000000.0,99000000.0,0.0,99000000.0,8810000000.0,3694000000.0,5116000000.0,16221988957.0,-1029000000.0,-1197000000.0,-499000000.0,255000000.0,-233000000.0,-555000000.0,-2048000000.0,11000000.0,1628000000.0,-54000000.0,1067000000.0,1067000000.0,1067000000.0,0.0,40000000.0,0.074,1256000000.0,1473000000.0,2334000000.0,0.218,4.69,15.203,15.24,3179000000.0,0.0,61.57,1.124,1.128,2487000000.0,2511000000.0,14435000000.0,14435000000.0,0.0,0.086,0.304,0.168,0.101,58000000.0,993000000.0,1.0,263472291.0,264410000.0,265220000.0,54.593,8576000000.0,0.0,250000000.0,0.0,32.434,1083000000.0
11,APTV,MRT,2018-09-30,2018-09-30,2018-09-30,2021-08-25,-638000000.0,12327000000.0,12343000000.0,5204000000.0,7123000000.0,1.154,13.638,-879000000.0,772000000.0,772000000.0,11469000000.0,1127000000.0,1.536,2.361,4108000000.0,24000000.0,4084000000.0,4108000000.0,0.0,628000000.0,0.0,0.011,0.95,1560000000.0,2188000000.0,0.154,2188000000.0,1560000000.0,1419000000.0,4.06,4.05,4.06,3608000000.0,3474250000.0,3608000000.0,25329516942.0,16.0,11.577,420000000.0,1.588,1.0,2770000000.0,0.195,3378000000.0,141000000.0,8898000000.0,8513750000.0,1358000000.0,101000000.0,0.0,101000000.0,8518000000.0,3387000000.0,5131000000.0,22211516942.0,-582000000.0,-796000000.0,-214000000.0,-28000000.0,-252000000.0,-131000000.0,-1739000000.0,-11000000.0,1299000000.0,-11000000.0,1076000000.0,1076000000.0,1076000000.0,-55000000.0,51000000.0,0.076,1266000000.0,1504000000.0,2254000000.0,0.234,6.156,20.643,20.665,3056000000.0,0.0,83.9,1.56,1.559,2635000000.0,2610000000.0,14239000000.0,14239000000.0,0.0,0.087,0.31,0.183,0.11,52000000.0,1017000000.0,1.0,264737985.0,264560000.0,265330000.0,53.821,8949000000.0,0.0,343000000.0,0.0,33.826,1817000000.0
12,APTV,MRT,2018-06-30,2018-06-30,2018-06-30,2021-08-25,-622000000.0,12316000000.0,12802750000.0,5340000000.0,6976000000.0,1.086,13.304,-836000000.0,971000000.0,971000000.0,11133000000.0,1309000000.0,1.553,2.429,4089000000.0,22000000.0,4067000000.0,4089000000.0,0.0,601000000.0,0.0,0.011,1.02,1699000000.0,2300000000.0,0.165,2300000000.0,1699000000.0,1557000000.0,4.7,4.69,4.7,3523000000.0,3373000000.0,3523000000.0,27137793549.0,16.0,11.799,443000000.0,1.673,1.0,2769000000.0,0.199,3402000000.0,142000000.0,8594000000.0,8960500000.0,1265000000.0,99000000.0,0.0,99000000.0,8558000000.0,3438000000.0,5120000000.0,24260793549.0,178000000.0,-796000000.0,-243000000.0,769000000.0,-271000000.0,648000000.0,-1750000000.0,-11000000.0,1279000000.0,1000000.0,1249000000.0,1249000000.0,1249000000.0,-162000000.0,60000000.0,0.09,1215000000.0,1554000000.0,2307000000.0,0.217,6.886,19.424,19.496,2972000000.0,0.0,91.63,1.745,1.745,2598000000.0,2510000000.0,13902000000.0,13902000000.0,0.0,0.098,0.37,0.19,0.122,61000000.0,1015000000.0,1.0,264769110.0,264810000.0,265480000.0,52.498,8914000000.0,0.0,308000000.0,0.0,33.662,1902000000.0
13,APTV,MRT,2018-03-31,2018-03-31,2018-03-31,2021-08-25,-436000000.0,12560000000.0,12987750000.0,5926000000.0,6634000000.0,1.03,13.049,-777000000.0,1346000000.0,1346000000.0,10673000000.0,1392000000.0,1.598,2.556,4223000000.0,60000000.0,4163000000.0,4223000000.0,0.0,575000000.0,0.0,0.013,1.09,1731000000.0,2306000000.0,0.172,2306000000.0,1731000000.0,1590000000.0,4.98,4.97,4.98,3467000000.0,3216000000.0,3467000000.0,25140407296.0,15.0,10.902,556000000.0,2.093,1.0,2698000000.0,0.202,3184000000.0,141000000.0,8545000000.0,9138250000.0,1202000000.0,101000000.0,0.0,101000000.0,8862000000.0,3708000000.0,5154000000.0,22588407296.0,798000000.0,-289000000.0,-338000000.0,818000000.0,-291000000.0,583000000.0,-1227000000.0,-18000000.0,1333000000.0,109000000.0,1327000000.0,1327000000.0,1327000000.0,-242000000.0,65000000.0,0.099,1201000000.0,1497000000.0,2282000000.0,0.219,6.515,17.022,17.062,2890000000.0,0.0,84.97,1.689,1.688,2646000000.0,2278000000.0,13371000000.0,13371000000.0,0.0,0.102,0.413,0.189,0.129,62000000.0,986000000.0,1.0,265839794.0,265690000.0,266440000.0,50.326,9376000000.0,0.0,263000000.0,0.0,35.289,2218000000.0
14,APTV,MRT,2017-12-31,2017-12-31,2017-12-31,2021-08-25,-471000000.0,12169000000.0,12972000000.0,5641000000.0,6528000000.0,0.993,12.348,-698000000.0,1597000000.0,1597000000.0,10270000000.0,1428000000.0,1.594,2.623,4149000000.0,17000000.0,4132000000.0,4149000000.0,0.0,546000000.0,0.0,0.014,1.16,1718000000.0,2264000000.0,0.176,2264000000.0,1718000000.0,1578000000.0,5.07,5.06,5.07,3299000000.0,2994000000.0,3299000000.0,26096189725.0,15.0,11.527,770000000.0,2.882,1.0,2614000000.0,0.203,3163000000.0,140000000.0,8018000000.0,9265750000.0,1083000000.0,91000000.0,0.0,91000000.0,8652000000.0,3540000000.0,5112000000.0,22551189725.0,758000000.0,-324000000.0,-383000000.0,779000000.0,-310000000.0,456000000.0,-1252000000.0,-21000000.0,1468000000.0,86000000.0,1355000000.0,1355000000.0,1355000000.0,-365000000.0,73000000.0,0.105,1198000000.0,1416000000.0,2227000000.0,0.229,6.836,16.643,16.732,2804000000.0,0.0,84.83,1.75,1.759,2440000000.0,2118000000.0,12884000000.0,12884000000.0,0.0,0.104,0.453,0.185,0.133,62000000.0,952000000.0,1.0,265839794.0,267160000.0,268030000.0,48.226,9006000000.0,0.0,223000000.0,0.0,33.71,2101000000.0
15,APTV,MRT,2017-09-30,2017-09-30,2017-09-30,2021-08-25,-913000000.0,14166000000.0,13002750000.0,6710000000.0,7456000000.0,0.721,12.03,-523000000.0,1354000000.0,1354000000.0,7206000000.0,1457000000.0,1.62,3.294,4899000000.0,15000000.0,4884000000.0,4899000000.0,0.0,355000000.0,0.0,0.012,1.16,1554000000.0,1909000000.0,0.204,1909000000.0,1554000000.0,1419000000.0,5.14,5.13,5.14,3203000000.0,2769500000.0,3203000000.0,29536465738.0,19.0,15.472,1200000000.0,4.507,1.0,2164000000.0,0.231,2883000000.0,135000000.0,10685000000.0,9441000000.0,1642000000.0,130000000.0,0.0,130000000.0,10552000000.0,4143000000.0,6409000000.0,26257465738.0,958000000.0,153000000.0,-487000000.0,768000000.0,-312000000.0,-116000000.0,-673000000.0,14000000.0,1723000000.0,24000000.0,1380000000.0,1380000000.0,1380000000.0,-79000000.0,77000000.0,0.147,823000000.0,1341000000.0,2745000000.0,0.226,8.198,19.027,19.144,3819000000.0,0.0,98.4,2.802,2.796,3225000000.0,2485000000.0,9370000000.0,9370000000.0,0.0,0.106,0.498,0.165,0.166,58000000.0,777000000.0,1.0,266844164.0,266240000.0,267160000.0,35.194,11283000000.0,0.0,39000000.0,0.0,42.379,2567000000.0
16,APTV,MRT,2017-06-30,2017-06-30,2017-06-30,2021-08-25,-982000000.0,13056000000.0,12491750000.0,5849000000.0,7207000000.0,0.826,10.826,-556000000.0,793000000.0,793000000.0,7961000000.0,1350000000.0,1.403,3.375,4072000000.0,13000000.0,4059000000.0,4072000000.0,0.0,393000000.0,0.0,0.013,1.16,1484000000.0,1877000000.0,0.182,1877000000.0,1484000000.0,1343000000.0,4.74,4.72,4.74,2895000000.0,2606750000.0,2895000000.0,26931602676.0,18.0,14.348,1431000000.0,5.351,1.0,2352000000.0,0.228,2860000000.0,141000000.0,9305000000.0,9033000000.0,1485000000.0,127000000.0,0.0,127000000.0,9771000000.0,4170000000.0,5601000000.0,23480602676.0,355000000.0,153000000.0,-488000000.0,-100000000.0,-314000000.0,-999000000.0,-651000000.0,16000000.0,1987000000.0,18000000.0,1278000000.0,1278000000.0,1278000000.0,28000000.0,72000000.0,0.124,990000000.0,1362000000.0,2603000000.0,0.245,8.111,18.373,18.492,3671000000.0,0.0,87.65,2.277,2.273,3127000000.0,2257000000.0,10313000000.0,10313000000.0,0.0,0.102,0.49,0.164,0.144,62000000.0,825000000.0,1.0,267890504.0,267410000.0,268030000.0,38.566,10196000000.0,0.0,65000000.0,0.0,38.129,1679000000.0
17,APTV,MRT,2017-03-31,2017-03-31,2017-03-31,2021-08-25,-1087000000.0,12497000000.0,12217000000.0,5487000000.0,7010000000.0,0.93,9.58,-581000000.0,548000000.0,548000000.0,8809000000.0,1235000000.0,1.341,3.702,3999000000.0,8000000.0,3991000000.0,3999000000.0,0.0,453000000.0,0.0,0.014,1.16,1425000000.0,1878000000.0,0.165,1878000000.0,1425000000.0,1278000000.0,4.31,4.28,4.31,2579000000.0,2478250000.0,2579000000.0,24829032260.0,17.0,13.221,1382000000.0,5.134,1.0,2557000000.0,0.225,2801000000.0,147000000.0,9055000000.0,8899250000.0,1375000000.0,118000000.0,0.0,118000000.0,9548000000.0,4092000000.0,5456000000.0,21697032260.0,84000000.0,153000000.0,-470000000.0,-369000000.0,-315000000.0,-1247000000.0,-624000000.0,32000000.0,1963000000.0,-8000000.0,1167000000.0,1167000000.0,1167000000.0,108000000.0,68000000.0,0.103,1165000000.0,1392000000.0,2549000000.0,0.269,8.413,18.592,18.675,3569000000.0,0.0,80.49,1.909,1.906,3132000000.0,2057000000.0,11366000000.0,11366000000.0,0.0,0.096,0.471,0.16,0.125,58000000.0,872000000.0,1.0,269561837.0,269200000.0,269540000.0,42.221,9696000000.0,0.0,111000000.0,0.0,36.018,1395000000.0
18,APTV,MRT,2016-12-31,2016-12-31,2016-12-31,2021-08-25,-1215000000.0,12292000000.0,12110500000.0,5419000000.0,6873000000.0,1.014,8.794,-657000000.0,738000000.0,738000000.0,9527000000.0,1326000000.0,1.306,3.969,3963000000.0,10000000.0,3953000000.0,3963000000.0,0.0,489000000.0,0.0,0.017,1.16,1579000000.0,2068000000.0,0.168,2068000000.0,1579000000.0,1424000000.0,4.6,4.59,4.6,2401000000.0,2399750000.0,2401000000.0,21918051774.0,14.0,10.599,1284000000.0,4.703,1.0,2747000000.0,0.224,2650000000.0,155000000.0,8719000000.0,8869500000.0,859000000.0,67000000.0,0.0,67000000.0,9529000000.0,4148000000.0,5381000000.0,18241051774.0,259000000.0,230000000.0,-634000000.0,-44000000.0,-317000000.0,-1081000000.0,-578000000.0,18000000.0,1941000000.0,-23000000.0,1257000000.0,1257000000.0,1257000000.0,0.0,69000000.0,0.102,1208000000.0,1539000000.0,1820000000.0,0.252,7.597,14.512,14.641,2325000000.0,0.0,67.35,1.486,1.498,2130000000.0,1980000000.0,12274000000.0,12274000000.0,0.0,0.104,0.524,0.178,0.129,62000000.0,924000000.0,1.0,270839670.0,273020000.0,273700000.0,44.956,9642000000.0,0.0,167000000.0,0.0,35.316,1271000000.0
19,APTV,MRT,2016-09-30,2016-09-30,2016-09-30,2021-08-25,-941000000.0,12122000000.0,12030750000.0,5147000000.0,6975000000.0,0.991,9.376,-578000000.0,397000000.0,397000000.0,9558000000.0,1241000000.0,1.34,3.605,4074000000.0,36000000.0,4038000000.0,4074000000.0,0.0,476000000.0,0.0,0.016,1.12,1498000000.0,1974000000.0,0.166,1974000000.0,1498000000.0,1343000000.0,4.27,4.24,4.27,2552000000.0,2362000000.0,2552000000.0,23081580972.0,15.0,11.693,1375000000.0,5.052,1.0,2368000000.0,0.199,2905000000.0,155000000.0,9053000000.0,8838750000.0,1375000000.0,104000000.0,0.0,104000000.0,9201000000.0,3841000000.0,5360000000.0,19453580972.0,-64000000.0,-782000000.0,-743000000.0,653000000.0,-308000000.0,-467000000.0,-1551000000.0,-2000000.0,1953000000.0,1000000.0,1168000000.0,1168000000.0,1168000000.0,0.0,73000000.0,0.098,1336000000.0,1032000000.0,2544000000.0,0.262,7.623,16.655,16.703,3522000000.0,0.0,71.32,1.631,1.628,2983000000.0,1870000000.0,11926000000.0,11926000000.0,0.0,0.097,0.494,0.169,0.126,62000000.0,871000000.0,1.0,272764736.0,272190000.0,272770000.0,43.815,9217000000.0,0.0,175000000.0,0.0,33.862,1306000000.0
20,APTV,MRT,2016-06-30,2016-06-30,2016-06-30,2021-08-25,-979000000.0,11957000000.0,11698250000.0,5051000000.0,6906000000.0,0.98,8.724,-555000000.0,438000000.0,438000000.0,9167000000.0,1353000000.0,1.295,3.858,4066000000.0,97000000.0,3969000000.0,4066000000.0,0.0,433000000.0,0.0,0.017,1.08,1602000000.0,2035000000.0,0.177,2035000000.0,1602000000.0,1458000000.0,4.62,4.59,4.62,2381000000.0,2303000000.0,2381000000.0,20977363080.0,13.0,10.308,1322000000.0,4.844,1.0,2299000000.0,0.201,2916000000.0,144000000.0,8770000000.0,8612000000.0,1318000000.0,96000000.0,0.0,96000000.0,9187000000.0,3899000000.0,5288000000.0,17088363080.0,-798000000.0,-1546000000.0,-1052000000.0,1120000000.0,-300000000.0,-335000000.0,-2297000000.0,-4000000.0,1877000000.0,-43000000.0,1279000000.0,1279000000.0,1279000000.0,0.0,74000000.0,0.112,1211000000.0,1088000000.0,2527000000.0,0.234,7.177,13.361,13.55,3430000000.0,0.0,62.6,1.49,1.49,2900000000.0,1749000000.0,11466000000.0,11466000000.0,0.0,0.109,0.555,0.186,0.14,60000000.0,842000000.0,1.0,272977046.0,272920000.0,273370000.0,42.012,9041000000.0,0.0,179000000.0,0.0,33.127,1152000000.0
21,APTV,MRT,2016-03-31,2016-03-31,2016-03-31,2021-08-25,-969000000.0,12071000000.0,11411250000.0,5082000000.0,6989000000.0,0.974,8.188,-530000000.0,464000000.0,464000000.0,8897000000.0,1749000000.0,1.251,4.162,4353000000.0,368000000.0,3985000000.0,4353000000.0,0.0,378000000.0,0.0,0.014,1.04,1974000000.0,2352000000.0,0.212,2352000000.0,1974000000.0,1841000000.0,5.91,5.88,5.91,2265000000.0,2330250000.0,2265000000.0,24292575848.0,12.0,10.328,1306000000.0,4.721,1.0,2221000000.0,0.2,2963000000.0,133000000.0,8936000000.0,8249750000.0,1287000000.0,100000000.0,0.0,100000000.0,9427000000.0,4061000000.0,5366000000.0,20820575848.0,-138000000.0,-893000000.0,-1277000000.0,1387000000.0,-293000000.0,-283000000.0,-1673000000.0,-7000000.0,1836000000.0,-18000000.0,1666000000.0,1666000000.0,1666000000.0,0.0,83000000.0,0.15,1046000000.0,1175000000.0,2514000000.0,0.176,9.192,12.497,12.694,3446000000.0,0.0,75.02,1.873,1.867,2934000000.0,1629000000.0,11118000000.0,11118000000.0,0.0,0.146,0.715,0.239,0.178,71000000.0,825000000.0,1.0,277533669.0,276620000.0,277040000.0,40.192,9108000000.0,0.0,175000000.0,0.0,32.926,1021000000.0
22,APTV,MRT,2015-12-31,2015-12-31,2015-12-31,2021-08-25,-1033000000.0,11973000000.0,11009500000.0,5121000000.0,6852000000.0,0.987,7.889,-503000000.0,536000000.0,536000000.0,8691000000.0,1535000000.0,1.304,4.107,4008000000.0,52000000.0,3956000000.0,4008000000.0,0.0,344000000.0,0.0,0.012,1.0,1735000000.0,2079000000.0,0.191,2079000000.0,1735000000.0,1611000000.0,5.08,5.06,5.08,2250000000.0,2302750000.0,2250000000.0,26697958814.0,15.0,12.842,1200000000.0,4.208,1.0,2173000000.0,0.2,2922000000.0,124000000.0,8596000000.0,7893750000.0,1181000000.0,94000000.0,0.0,94000000.0,9240000000.0,3927000000.0,5313000000.0,24011958814.0,-325000000.0,-930000000.0,-1159000000.0,1283000000.0,-286000000.0,-284000000.0,-1699000000.0,7000000.0,1703000000.0,-45000000.0,1450000000.0,1450000000.0,1450000000.0,0.0,85000000.0,0.133,1052000000.0,1121000000.0,2541000000.0,0.197,10.672,16.56,16.876,3377000000.0,0.0,85.73,2.21,2.251,2750000000.0,1627000000.0,10864000000.0,10864000000.0,0.0,0.132,0.63,0.22,0.16,67000000.0,803000000.0,1.0,280088170.0,285200000.0,286640000.0,38.093,9051000000.0,0.0,161000000.0,0.0,31.736,1194000000.0
23,APTV,MRT,2015-09-30,2015-09-30,2015-09-30,2021-08-25,-1015000000.0,10792000000.0,10696500000.0,5054000000.0,5738000000.0,1.408,8.185,-717000000.0,436000000.0,436000000.0,11998000000.0,1682000000.0,1.255,3.462,3122000000.0,424000000.0,2698000000.0,3122000000.0,0.0,528000000.0,0.0,0.013,1.0,2004000000.0,2532000000.0,0.168,2532000000.0,2004000000.0,1878000000.0,5.56,5.53,5.56,2316000000.0,2367750000.0,2316000000.0,23185872258.0,12.0,9.157,1164000000.0,4.114,1.0,3066000000.0,0.204,1304000000.0,126000000.0,8146000000.0,7498250000.0,1187000000.0,93000000.0,0.0,93000000.0,8018000000.0,4028000000.0,3990000000.0,21621872258.0,-567000000.0,-456000000.0,-1308000000.0,604000000.0,-289000000.0,-1126000000.0,-1264000000.0,15000000.0,1881000000.0,-58000000.0,1602000000.0,1602000000.0,1602000000.0,0.0,80000000.0,0.106,1233000000.0,1833000000.0,2327000000.0,0.18,9.336,13.497,13.676,3010000000.0,0.0,76.04,1.435,1.428,2615000000.0,1693000000.0,15064000000.0,15064000000.0,0.0,0.15,0.677,0.267,0.133,72000000.0,1033000000.0,1.0,284348662.0,282970000.0,284400000.0,53.235,9488000000.0,0.0,276000000.0,0.0,33.53,1026000000.0
24,APTV,MRT,2015-06-30,2015-06-30,2015-06-30,2021-08-25,-897000000.0,10809000000.0,10729250000.0,5934000000.0,4875000000.0,1.416,8.653,-722000000.0,1172000000.0,1172000000.0,12177000000.0,1589000000.0,1.573,3.128,2736000000.0,43000000.0,2693000000.0,2736000000.0,0.0,534000000.0,0.0,0.012,1.0,1903000000.0,2437000000.0,0.16,2437000000.0,1903000000.0,1774000000.0,5.15,5.13,5.15,2490000000.0,2512250000.0,2490000000.0,26726703146.0,14.0,10.967,1319000000.0,4.584,1.0,3018000000.0,0.199,1280000000.0,129000000.0,7321000000.0,7317250000.0,1150000000.0,93000000.0,0.0,93000000.0,7788000000.0,3772000000.0,4016000000.0,24568703146.0,69000000.0,308000000.0,-1208000000.0,215000000.0,-293000000.0,-1423000000.0,-512000000.0,13000000.0,2041000000.0,-37000000.0,1503000000.0,1503000000.0,1503000000.0,0.0,86000000.0,0.099,1243000000.0,1775000000.0,2386000000.0,0.194,9.867,16.346,16.522,2988000000.0,0.0,85.09,1.617,1.611,2700000000.0,1739000000.0,15195000000.0,15195000000.0,0.0,0.14,0.598,0.26,0.125,76000000.0,1043000000.0,1.0,288737844.0,287770000.0,288850000.0,52.803,9529000000.0,0.0,271000000.0,0.0,33.113,2162000000.0
25,APTV,MRT,2015-03-31,2015-03-31,2015-03-31,2021-08-25,-950000000.0,10464000000.0,10890000000.0,5687000000.0,4777000000.0,1.414,7.408,-720000000.0,559000000.0,559000000.0,12363000000.0,1328000000.0,1.49,3.62,2717000000.0,44000000.0,2673000000.0,2717000000.0,0.0,534000000.0,0.0,0.013,1.0,1619000000.0,2153000000.0,0.14,2153000000.0,1619000000.0,1487000000.0,4.17,4.16,4.17,2155000000.0,2671000000.0,2155000000.0,24692848816.0,15.0,11.469,1414000000.0,4.861,1.0,3036000000.0,0.197,1292000000.0,132000000.0,7512000000.0,7381250000.0,1081000000.0,101000000.0,0.0,101000000.0,7801000000.0,3818000000.0,3983000000.0,23146848816.0,-377000000.0,-345000000.0,-1111000000.0,221000000.0,-297000000.0,-1324000000.0,-1136000000.0,14000000.0,2134000000.0,-51000000.0,1240000000.0,1240000000.0,1240000000.0,0.0,88000000.0,0.081,1280000000.0,1756000000.0,2287000000.0,0.24,10.741,18.667,19.122,2905000000.0,0.0,79.74,1.503,1.506,2677000000.0,1460000000.0,15399000000.0,15399000000.0,0.0,0.114,0.464,0.219,0.105,73000000.0,1043000000.0,1.0,290279017.0,290900000.0,291810000.0,52.936,9172000000.0,0.0,247000000.0,0.0,31.53,1869000000.0
26,APTV,MRT,2014-12-31,2014-12-31,2014-12-31,2021-08-25,-741000000.0,10721000000.0,11069500000.0,5224000000.0,5497000000.0,1.4,8.359,-779000000.0,860000000.0,860000000.0,12471000000.0,1440000000.0,1.343,3.071,2426000000.0,34000000.0,2392000000.0,2426000000.0,0.0,540000000.0,0.0,0.014,1.0,1741000000.0,2281000000.0,0.147,2281000000.0,1741000000.0,1606000000.0,4.5,4.48,4.5,2510000000.0,2872500000.0,2510000000.0,22956891568.0,13.0,10.064,1356000000.0,4.516,1.0,3028000000.0,0.195,1384000000.0,135000000.0,7014000000.0,7384750000.0,1013000000.0,98000000.0,0.0,98000000.0,7708000000.0,3889000000.0,3819000000.0,21530891568.0,-485000000.0,-345000000.0,-1024000000.0,8000000.0,-301000000.0,-1398000000.0,-1186000000.0,15000000.0,2135000000.0,-36000000.0,1351000000.0,1351000000.0,1351000000.0,0.0,89000000.0,0.087,1278000000.0,1750000000.0,2278000000.0,0.222,8.578,15.937,16.16,3021000000.0,0.0,72.72,1.389,1.409,2400000000.0,1548000000.0,15499000000.0,15499000000.0,0.0,0.122,0.47,0.236,0.112,73000000.0,1036000000.0,1.0,296079367.0,300270000.0,301890000.0,51.617,9337000000.0,0.0,255000000.0,0.0,31.095,1335000000.0
27,APTV,MRT,2014-09-30,2014-09-30,2014-09-30,2021-08-25,-406000000.0,10923000000.0,11151000000.0,5682000000.0,5241000000.0,1.3,9.692,-694000000.0,1028000000.0,1028000000.0,11600000000.0,1393000000.0,1.478,2.607,2454000000.0,37000000.0,2417000000.0,2454000000.0,0.0,504000000.0,0.0,0.015,0.92,1682000000.0,2186000000.0,0.151,2186000000.0,1682000000.0,1544000000.0,4.3,4.29,4.3,2894000000.0,2972750000.0,2894000000.0,19660422095.0,12.0,8.994,1248000000.0,4.18,1.0,2891000000.0,0.2,1083000000.0,138000000.0,7422000000.0,7369500000.0,1227000000.0,243000000.0,0.0,243000000.0,7544000000.0,3844000000.0,3700000000.0,18379422095.0,-27000000.0,12000000.0,-766000000.0,5000000.0,-280000000.0,-1139000000.0,-817000000.0,16000000.0,1942000000.0,-13000000.0,1305000000.0,1305000000.0,1305000000.0,0.0,88000000.0,0.09,1254000000.0,1637000000.0,2521000000.0,0.214,6.351,14.084,14.265,3273000000.0,0.0,61.34,1.268,1.264,2839000000.0,1602000000.0,14491000000.0,14491000000.0,0.0,0.117,0.439,0.228,0.116,63000000.0,985000000.0,1.0,299631922.0,298590000.0,300140000.0,48.531,9840000000.0,0.0,239000000.0,0.0,32.955,1838000000.0
28,APTV,MRT,2014-06-30,2014-06-30,2014-06-30,2021-08-25,-219000000.0,11452000000.0,11123000000.0,6082000000.0,5370000000.0,1.326,10.324,-686000000.0,1171000000.0,1171000000.0,11897000000.0,1361000000.0,1.521,2.486,2452000000.0,32000000.0,2420000000.0,2452000000.0,0.0,505000000.0,0.0,0.012,0.84,1665000000.0,2170000000.0,0.147,2170000000.0,1665000000.0,1526000000.0,4.16,4.14,4.16,3125000000.0,2935750000.0,3125000000.0,22337881164.0,13.0,10.294,1155000000.0,3.816,1.0,2849000000.0,0.193,1158000000.0,139000000.0,7577000000.0,7285750000.0,1262000000.0,248000000.0,0.0,248000000.0,7768000000.0,3998000000.0,3770000000.0,20873881164.0,165000000.0,0.0,-575000000.0,-6000000.0,-258000000.0,-901000000.0,-794000000.0,34000000.0,1841000000.0,19000000.0,1271000000.0,1271000000.0,1271000000.0,0.0,90000000.0,0.086,1217000000.0,1632000000.0,2696000000.0,0.202,6.68,16.423,16.524,3311000000.0,0.0,68.74,1.416,1.411,3049000000.0,1646000000.0,14746000000.0,14746000000.0,0.0,0.114,0.433,0.229,0.113,54000000.0,954000000.0,1.0,303664259.0,302680000.0,303740000.0,48.718,10294000000.0,0.0,255000000.0,0.0,34.01,2084000000.0
29,APTV,MRT,2014-03-31,2014-03-31,2014-03-31,2021-08-25,-279000000.0,11182000000.0,10897750000.0,5880000000.0,5302000000.0,1.369,9.681,-664000000.0,985000000.0,985000000.0,12099000000.0,1344000000.0,1.496,2.596,2449000000.0,31000000.0,2418000000.0,2449000000.0,0.0,502000000.0,0.0,0.011,0.76,1670000000.0,2172000000.0,0.146,2172000000.0,1670000000.0,1528000000.0,4.08,4.05,4.08,2961000000.0,2784750000.0,2961000000.0,21810567651.0,13.0,10.042,1073000000.0,3.508,1.0,2825000000.0,0.189,1190000000.0,142000000.0,7526000000.0,7126000000.0,1235000000.0,229000000.0,0.0,229000000.0,7688000000.0,3930000000.0,3758000000.0,20791567651.0,148000000.0,0.0,-488000000.0,-62000000.0,-235000000.0,-847000000.0,-750000000.0,32000000.0,1737000000.0,8000000.0,1256000000.0,1256000000.0,1256000000.0,0.0,88000000.0,0.084,1172000000.0,1653000000.0,2681000000.0,0.186,7.022,16.554,16.632,3251000000.0,0.0,67.86,1.393,1.391,3066000000.0,1544000000.0,14924000000.0,14924000000.0,0.0,0.115,0.451,0.234,0.112,49000000.0,934000000.0,1.0,306389149.0,305850000.0,306890000.0,48.795,9992000000.0,0.0,272000000.0,0.0,32.67,1950000000.0
30,APTV,MRT,2013-12-31,2013-12-31,2013-12-31,2021-08-25,-237000000.0,11047000000.0,10670500000.0,5752000000.0,5295000000.0,1.411,9.366,-605000000.0,1393000000.0,1393000000.0,12274000000.0,1301000000.0,1.477,2.615,2412000000.0,61000000.0,2351000000.0,2412000000.0,0.0,499000000.0,0.0,0.011,0.68,1595000000.0,2094000000.0,0.139,2094000000.0,1595000000.0,1452000000.0,3.9,3.89,3.9,2911000000.0,2644000000.0,2911000000.0,19863056883.0,12.0,9.486,1145000000.0,3.684,1.0,2777000000.0,0.185,1219000000.0,143000000.0,6953000000.0,6997250000.0,1093000000.0,234000000.0,0.0,234000000.0,7613000000.0,3894000000.0,3719000000.0,18503056883.0,284000000.0,2000000.0,-457000000.0,-85000000.0,-211000000.0,-822000000.0,-655000000.0,33000000.0,1750000000.0,11000000.0,1212000000.0,1212000000.0,1212000000.0,0.0,89000000.0,0.081,1150000000.0,1627000000.0,2595000000.0,0.174,6.356,15.267,15.418,3216000000.0,0.0,60.13,1.229,1.242,2662000000.0,1446000000.0,15051000000.0,15051000000.0,0.0,0.114,0.458,0.228,0.106,46000000.0,916000000.0,1.0,307717560.0,310820000.0,311800000.0,48.424,9828000000.0,0.0,240000000.0,0.0,31.62,1858000000.0
31,APTV,MRT,2013-09-30,2013-09-30,2013-09-30,2021-08-25,-262000000.0,10811000000.0,10452750000.0,5787000000.0,5024000000.0,1.535,8.867,-654000000.0,1058000000.0,1058000000.0,13299000000.0,1135000000.0,1.5,2.763,2418000000.0,59000000.0,2359000000.0,2418000000.0,0.0,547000000.0,0.0,0.009,0.51,1359000000.0,1906000000.0,0.119,1906000000.0,1359000000.0,1217000000.0,3.39,3.36,3.39,2746000000.0,2502500000.0,2746000000.0,19541884000.0,14.0,10.253,726000000.0,2.344,1.0,2749000000.0,0.171,1227000000.0,142000000.0,7087000000.0,6907000000.0,1233000000.0,217000000.0,0.0,217000000.0,7588000000.0,3857000000.0,3731000000.0,18121884000.0,-581000000.0,-990000000.0,-456000000.0,286000000.0,-159000000.0,-377000000.0,-1600000000.0,40000000.0,1380000000.0,16000000.0,1050000000.0,1050000000.0,1050000000.0,0.0,85000000.0,0.065,1305000000.0,1444000000.0,2504000000.0,0.15,6.599,17.259,17.233,2982000000.0,0.0,58.42,1.129,1.127,2856000000.0,1287000000.0,16048000000.0,16048000000.0,0.0,0.1,0.42,0.197,0.085,37000000.0,953000000.0,1.0,310200000.0,309680000.0,310620000.0,51.821,9584000000.0,0.0,167000000.0,0.0,30.948,1930000000.0
32,APTV,MRT,2013-06-30,2013-06-30,2013-06-30,2021-08-25,-377000000.0,10551000000.0,10159750000.0,5633000000.0,4918000000.0,1.545,8.082,-641000000.0,1006000000.0,1006000000.0,13019000000.0,1134000000.0,1.479,2.979,2426000000.0,59000000.0,2367000000.0,2426000000.0,0.0,522000000.0,0.0,0.007,0.34,1335000000.0,1857000000.0,0.118,1857000000.0,1335000000.0,1195000000.0,3.35,3.33,3.35,2521000000.0,2417500000.0,2521000000.0,17492004602.0,13.0,9.419,755000000.0,2.42,1.0,2675000000.0,0.17,1224000000.0,140000000.0,6938000000.0,6601750000.0,1162000000.0,208000000.0,0.0,208000000.0,7509000000.0,3809000000.0,3700000000.0,15848004602.0,-522000000.0,-978000000.0,-493000000.0,311000000.0,-106000000.0,-352000000.0,-1592000000.0,22000000.0,1396000000.0,26000000.0,1048000000.0,1048000000.0,1048000000.0,0.0,86000000.0,0.067,1251000000.0,1424000000.0,2501000000.0,0.101,6.286,15.122,15.131,2875000000.0,0.0,50.69,1.01,1.008,2868000000.0,1177000000.0,15694000000.0,15694000000.0,0.0,0.103,0.434,0.202,0.085,33000000.0,940000000.0,1.0,312645583.0,311930000.0,312690000.0,50.313,9327000000.0,0.0,147000000.0,0.0,29.901,1824000000.0
33,APTV,MRT,2013-03-31,2013-03-31,2013-03-31,2021-08-25,-292000000.0,10273000000.0,9881250000.0,5387000000.0,4886000000.0,1.564,7.62,-658000000.0,834000000.0,834000000.0,12827000000.0,1095000000.0,1.466,3.076,2478000000.0,103000000.0,2375000000.0,2478000000.0,0.0,503000000.0,0.0,0.004,0.17,1320000000.0,1823000000.0,0.118,1823000000.0,1320000000.0,1183000000.0,3.18,3.17,3.18,2398000000.0,2333500000.0,2398000000.0,15350283725.0,12.0,8.42,676000000.0,2.148,1.0,2624000000.0,0.17,1232000000.0,137000000.0,7011000000.0,6296750000.0,1148000000.0,223000000.0,0.0,223000000.0,7376000000.0,3674000000.0,3702000000.0,13999283725.0,-582000000.0,-978000000.0,-525000000.0,344000000.0,-53000000.0,-298000000.0,-1596000000.0,33000000.0,1334000000.0,-22000000.0,1011000000.0,1011000000.0,1011000000.0,0.0,84000000.0,0.065,1215000000.0,1409000000.0,2386000000.0,0.053,5.838,13.847,13.962,2843000000.0,0.0,44.4,0.906,0.904,2795000000.0,971000000.0,15451000000.0,15451000000.0,0.0,0.102,0.433,0.21,0.085,27000000.0,929000000.0,1.0,315299183.0,314680000.0,315360000.0,49.101,9041000000.0,0.0,172000000.0,0.0,28.731,1713000000.0
34,APTV,MRT,2012-12-31,2012-12-31,2012-12-31,2021-08-25,-237000000.0,10176000000.0,9735000000.0,5227000000.0,4949000000.0,1.594,7.261,-705000000.0,1113000000.0,1113000000.0,12861000000.0,1160000000.0,1.429,3.133,2464000000.0,140000000.0,2324000000.0,2464000000.0,0.0,486000000.0,0.0,0.0,0.0,1425000000.0,1911000000.0,0.123,1911000000.0,1425000000.0,1289000000.0,3.34,3.33,3.34,2345000000.0,2274500000.0,2345000000.0,12591442030.0,9.0,6.589,773000000.0,2.394,1.0,2658000000.0,0.171,1276000000.0,136000000.0,6592000000.0,6014000000.0,1066000000.0,231000000.0,0.0,231000000.0,7346000000.0,3659000000.0,3687000000.0,12146442030.0,-258000000.0,-996000000.0,-403000000.0,345000000.0,0.0,-105000000.0,-1631000000.0,34000000.0,1478000000.0,0.0,1077000000.0,1077000000.0,1077000000.0,0.0,83000000.0,0.069,1182000000.0,1476000000.0,2278000000.0,0.0,5.18,11.278,11.452,2860000000.0,0.0,38.25,0.783,0.796,2425000000.0,856000000.0,15519000000.0,15519000000.0,0.0,0.111,0.474,0.237,0.092,21000000.0,927000000.0,1.0,317554040.0,322940000.0,323290000.0,48.055,8900000000.0,0.0,212000000.0,0.0,27.559,1568000000.0
35,APTV,MRT,2012-09-30,2012-09-30,2012-09-30,2021-08-25,-114000000.0,9639000000.0,9473000000.0,5897000000.0,3742000000.0,1.652,7.497,-739000000.0,1645000000.0,1645000000.0,12924000000.0,1317000000.0,1.607,2.813,2090000000.0,92000000.0,1998000000.0,2090000000.0,0.0,459000000.0,0.0,0.0,0.0,1626000000.0,2085000000.0,0.133,2085000000.0,1626000000.0,1487000000.0,3.72,3.72,3.72,2406000000.0,2110250000.0,2406000000.0,10541914843.0,6.0,5.056,897000000.0,2.795,1.0,2728000000.0,0.174,548000000.0,139000000.0,5866000000.0,5753750000.0,1121000000.0,222000000.0,0.0,222000000.0,6769000000.0,3670000000.0,3099000000.0,10012914843.0,248000000.0,-11000000.0,-300000000.0,-91000000.0,-93000000.0,-646000000.0,-711000000.0,12000000.0,1636000000.0,-31000000.0,1231000000.0,1231000000.0,1231000000.0,0.0,86000000.0,0.079,1018000000.0,1710000000.0,2244000000.0,0.0,4.162,8.134,8.333,2466000000.0,0.0,31.0,0.64,0.636,2540000000.0,796000000.0,15652000000.0,15652000000.0,0.0,0.13,0.583,0.283,0.104,28000000.0,907000000.0,1.0,322997253.0,320930000.0,321280000.0,48.771,9091000000.0,0.0,256000000.0,0.0,28.327,2227000000.0
36,APTV,MRT,2012-06-30,2012-06-30,2012-06-30,2021-08-25,-220000000.0,9437000000.0,9392750000.0,5850000000.0,3587000000.0,1.695,6.705,-738000000.0,1535000000.0,1535000000.0,13160000000.0,1310000000.0,1.583,3.1,2064000000.0,69000000.0,1995000000.0,2064000000.0,0.0,469000000.0,0.0,0.0,0.0,1663000000.0,2132000000.0,0.134,2132000000.0,1663000000.0,1519000000.0,3.67,3.67,3.67,2185000000.0,1917750000.0,2185000000.0,9030235005.0,5.0,4.236,894000000.0,2.743,1.0,2760000000.0,0.173,552000000.0,144000000.0,5718000000.0,5685000000.0,1106000000.0,207000000.0,0.0,207000000.0,6774000000.0,3696000000.0,3078000000.0,8370235005.0,201000000.0,-11000000.0,-150000000.0,-163000000.0,-93000000.0,-630000000.0,-687000000.0,25000000.0,1632000000.0,-114000000.0,1228000000.0,1228000000.0,1228000000.0,0.0,82000000.0,0.077,1024000000.0,1736000000.0,2356000000.0,0.0,3.831,6.816,6.948,2367000000.0,0.0,25.5,0.526,0.522,2635000000.0,660000000.0,15920000000.0,15920000000.0,0.0,0.131,0.64,0.293,0.104,22000000.0,914000000.0,1.0,328244510.0,325870000.0,326140000.0,48.854,8885000000.0,0.0,291000000.0,0.0,27.265,2154000000.0
37,APTV,MRT,2012-03-31,2012-03-31,2012-03-31,2021-08-25,-55000000.0,9688000000.0,,6016000000.0,3672000000.0,,6.587,-709000000.0,1425000000.0,1425000000.0,13406000000.0,1276000000.0,1.547,3.258,2085000000.0,89000000.0,1996000000.0,2085000000.0,0.0,472000000.0,0.0,0.0,0.0,1614000000.0,2086000000.0,0.129,2086000000.0,1614000000.0,1462000000.0,3.54,3.54,3.54,2162000000.0,,2162000000.0,11103526516.0,7.0,5.323,805000000.0,2.452,1.0,2730000000.0,0.169,580000000.0,152000000.0,5880000000.0,,1137000000.0,209000000.0,0.0,209000000.0,7043000000.0,3888000000.0,3155000000.0,10372526516.0,-221000000.0,-28000000.0,0.0,-682000000.0,-93000000.0,-1013000000.0,-683000000.0,14000000.0,1514000000.0,-39000000.0,1196000000.0,1196000000.0,1196000000.0,0.0,80000000.0,0.074,1034000000.0,1696000000.0,2469000000.0,0.0,4.798,8.673,8.927,2403000000.0,0.0,31.6,0.643,0.643,2854000000.0,452000000.0,16136000000.0,16136000000.0,0.0,,,,0.1,16000000.0,924000000.0,1.0,328244510.0,328240000.0,328470000.0,49.159,9108000000.0,0.0,266000000.0,0.0,27.748,2128000000.0
38,APTV,MRT,2011-12-31,2011-12-31,2011-12-31,2021-08-25,-183000000.0,9128000000.0,10105000000.0,5501000000.0,3627000000.0,1.587,4.007,-630000000.0,1372000000.0,1372000000.0,13386000000.0,1223000000.0,1.482,4.121,2103000000.0,107000000.0,1996000000.0,2103000000.0,0.0,475000000.0,0.0,0.0,0.0,1573000000.0,2048000000.0,0.128,2048000000.0,1573000000.0,1450000000.0,2.72,2.72,2.72,1688000000.0,3664500000.0,1688000000.0,,,,747000000.0,1.773,1.0,2655000000.0,0.166,596000000.0,123000000.0,5551000000.0,4361000000.0,1054000000.0,257000000.0,0.0,257000000.0,6957000000.0,3712000000.0,3245000000.0,7070386745.0,-1856000000.0,-17000000.0,0.0,1689000000.0,-93000000.0,-3194000000.0,-10000000.0,608000000.0,1377000000.0,-29000000.0,1145000000.0,1145000000.0,1145000000.0,0.0,78000000.0,0.071,1011000000.0,1644000000.0,2397000000.0,0.0,4.189,6.175,7.919,2315000000.0,0.0,21.54,0.441,0.566,2459000000.0,110000000.0,16041000000.0,16041000000.0,0.0,0.113,0.312,0.361,0.098,14000000.0,901000000.0,1.0,328244510.0,421260000.0,421260000.0,38.079,8532000000.0,0.0,305000000.0,0.0,20.254,1789000000.0
39,APTV,MRT,2011-09-30,2011-09-30,2011-09-30,2021-08-25,-70000000.0,9318000000.0,,5807000000.0,3511000000.0,,4.857,-689000000.0,1396000000.0,1396000000.0,13375000000.0,1002000000.0,1.496,4.413,2173000000.0,122000000.0,2051000000.0,2173000000.0,0.0,466000000.0,0.0,,0.0,1347000000.0,1813000000.0,0.115,1813000000.0,1347000000.0,1255000000.0,,,,1636000000.0,,1636000000.0,,,,507000000.0,1.505,1.0,2418000000.0,0.153,623000000.0,92000000.0,5591000000.0,,1146000000.0,259000000.0,0.0,259000000.0,7220000000.0,3881000000.0,3339000000.0,,-2319000000.0,-105000000.0,0.0,1752000000.0,0.0,-2917000000.0,-588000000.0,157000000.0,1196000000.0,-10000000.0,930000000.0,930000000.0,930000000.0,0.0,72000000.0,0.059,1072000000.0,1346000000.0,2385000000.0,,,,,2185000000.0,0.0,,,,2644000000.0,,15793000000.0,15793000000.0,0.0,,,,0.085,11000000.0,878000000.0,1.0,328244510.0,336830000.0,,46.887,8695000000.0,0.0,325000000.0,0.0,25.814,1926000000.0
40,APTV,MRT,2011-06-30,2011-06-30,2011-06-30,2021-08-25,,,,,,,,,,,12888000000.0,861000000.0,,,,,,,,,,,0.0,1152000000.0,,,,1152000000.0,1091000000.0,,,,,,,,,,,,1.0,2283000000.0,0.15,,61000000.0,,,,,,,,,,,,,,,,,,,,,791000000.0,791000000.0,791000000.0,0.0,70000000.0,0.052,1124000000.0,1159000000.0,,,,,,,0.0,,,,,,15171000000.0,15171000000.0,0.0,,,,0.076,,863000000.0,1.0,,337780000.0,,44.914,,,300000000.0,,,
41,APTV,MRT,2011-03-31,2011-03-31,2011-03-31,2021-08-25,,,,,,,,,,,,,,,,,,,,,,,0.0,,,,,,,,,,,,,,,,,,1.0,,,,,,,,,,,,,,,,,,,,,,,,,,,,,,,,,,,,,,,,,,,,,,,,,,,,,,1.0,,686990000.0,,,,,,,,
42,APTV,MRT,2010-12-31,2010-12-31,2010-12-31,2021-08-25,91000000.0,11082000000.0,,7666000000.0,3416000000.0,,8.223,-500000000.0,3816000000.0,3816000000.0,11768000000.0,703000000.0,2.061,0.883,289000000.0,218000000.0,71000000.0,289000000.0,0.0,421000000.0,0.0,,0.0,919000000.0,1340000000.0,0.097,1340000000.0,919000000.0,889000000.0,0.92,0.92,0.92,5641000000.0,,5641000000.0,,,,642000000.0,0.936,1.0,2049000000.0,0.148,665000000.0,30000000.0,3171000000.0,,988000000.0,281000000.0,0.0,281000000.0,4983000000.0,3719000000.0,1264000000.0,,112000000.0,0.0,0.0,-99000000.0,0.0,-126000000.0,-911000000.0,-457000000.0,1142000000.0,7000000.0,631000000.0,631000000.0,631000000.0,0.0,72000000.0,0.046,1109000000.0,940000000.0,2236000000.0,0.0,,,,2067000000.0,0.0,,,,2307000000.0,0.0,13817000000.0,13817000000.0,0.0,,,,0.067,5000000.0,815000000.0,1.0,,686020000.0,686020000.0,20.141,10417000000.0,0.0,258000000.0,0.0,15.185,3947000000.0
43,APTV,MRT,2010-09-30,2010-09-30,2010-09-30,2021-08-25,,,,,,,,,,,,,,,,,,,,,,,0.0,,,,,,,,,,,,,,,,,,1.0,,,,,,,,,,,,,,,,,,,,,,,,,,,,,,,,,,,,,,,,,,,,,,,,,,,,,,1.0,,,,,,,,,,
