None,ticker,dimension,calendardate,datekey,reportperiod,lastupdated,accoci,assets,assetsavg,assetsc,assetsnc,assetturnover,bvps,capex,cashneq,cashnequsd,cor,consolinc,currentratio,de,debt,debtc,debtnc,debtusd,deferredrev,depamor,deposits,divyield,dps,ebit,ebitda,ebitdamargin,ebitdausd,ebitusd,ebt,eps,epsdil,epsusd,equity,equityavg,equityusd,ev,evebit,evebitda,fcf,fcfps,fxusd,gp,grossmargin,intangibles,intexp,invcap,invcapavg,inventory,investments,investmentsc,investmentsnc,liabilities,liabilitiesc,liabilitiesnc,marketcap,ncf,ncfbus,ncfcommon,ncfdebt,ncfdiv,ncff,ncfi,ncfinv,ncfo,ncfx,netinc,netinccmn,netinccmnusd,netincdis,netincnci,netmargin,opex,opinc,payables,payoutratio,pb,pe,pe1,ppnenet,prefdivis,price,ps,ps1,receivables,retearn,revenue,revenueusd,rnd,roa,roe,roic,ros,sbcomp,sgna,sharefactor,sharesbas,shareswa,shareswadil,sps,tangibles,taxassets,taxexp,taxliabilities,tbvps,workingcapital
0,RRC,MRY,2020-12-31,2020-12-31,2020-12-31,2021-07-26,-479000.0,6136936000.0,6297920750.0,289840000.0,5847096000.0,0.313,6.784,-435306000.0,458000.0,458000.0,1393580000.0,-711777000.0,0.41,2.748,3128763000.0,45356000.0,3083407000.0,3128763000.0,0.0,473285000.0,0.0,0.0,0.0,-544662000.0,-71377000.0,-0.036,-71377000.0,-544662000.0,-737329000.0,-2.95,-2.95,-2.95,1637535000.0,2027610750.0,1637535000.0,4836620278.0,-9.0,-67.762,-166626000.0,-0.69,1.0,575117000.0,0.292,0.0,192667000.0,8558400000.0,8891027000.0,0.0,40012000.0,23332000.0,16680000.0,4499401000.0,706841000.0,3792560000.0,1717433278.0,-88000.0,246127000.0,-22296000.0,-59066000.0,0.0,-84686000.0,-184082000.0,5097000.0,268680000.0,0.0,-711777000.0,-711777000.0,-711777000.0,0.0,0.0,-0.362,1244638000.0,-669521000.0,132421000.0,0.0,1.049,-2.413,-2.271,5754551000.0,0.0,6.7,0.872,0.821,252642000.0,-4018685000.0,1968697000.0,1968697000.0,32654000.0,-0.113,-0.351,-0.061,-0.277,48552000.0,159415000.0,1.0,256333325.0,241373000.0,241373000.0,8.156,6136936000.0,0.0,-25552000.0,135267000.0,25.425,-417001000.0
1,RRC,MRY,2019-12-31,2019-12-31,2019-12-31,2021-07-26,-788000.0,6612403000.0,8707493500.0,427802000.0,6184601000.0,0.325,9.467,-748425000.0,546000.0,546000.0,1733432000.0,-1716297000.0,0.755,1.817,3214005000.0,0.0,3214005000.0,3214005000.0,0.0,1644477000.0,0.0,0.016,0.08,-2022303000.0,-377826000.0,-0.134,-377826000.0,-2022303000.0,-2216588000.0,-6.92,-6.92,-6.92,2347488000.0,3687649000.0,2347488000.0,4393405980.0,-2.0,-11.628,-66582000.0,-0.269,1.0,1094183000.0,0.387,0.0,194285000.0,9259318000.0,11618194750.0,0.0,137554000.0,136848000.0,706000.0,4264915000.0,566544000.0,3698371000.0,1219419980.0,1000.0,784937000.0,-6241000.0,-691625000.0,-20070000.0,-721320000.0,39478000.0,2966000.0,681843000.0,0.0,-1716297000.0,-1716297000.0,-1716297000.0,0.0,0.0,-0.607,3091645000.0,-1997462000.0,155341000.0,-0.012,0.519,-0.71,-0.701,6108463000.0,0.0,4.85,0.431,0.425,272900000.0,-3306834000.0,2827615000.0,2827615000.0,36683000.0,-0.197,-0.465,-0.174,-0.715,24891000.0,181109000.0,1.0,251426800.0,247970000.0,247970000.0,11.403,6612403000.0,0.0,-500291000.0,160196000.0,26.666,-138742000.0
2,RRC,MRY,2018-12-31,2018-12-31,2018-12-31,2021-07-26,-658000.0,9708154000.0,11282633750.0,602185000.0,9105969000.0,0.291,16.49,-1022996000.0,545000.0,545000.0,1799543000.0,-1746481000.0,0.798,1.392,3836861000.0,0.0,3836861000.0,3836861000.0,0.0,658081000.0,0.0,0.008,0.08,-1566761000.0,-908680000.0,-0.277,-908680000.0,-1566761000.0,-1776970000.0,-7.1,-7.1,-7.1,4059431000.0,5368836500.0,4059431000.0,6548307238.0,-4.0,-7.206,-32306000.0,-0.131,1.0,1483102000.0,0.452,0.0,210209000.0,12789659000.0,13391046000.0,0.0,92795000.0,87953000.0,4842000.0,5648723000.0,754811000.0,4893912000.0,2387764238.0,97000.0,324549000.0,9747000.0,-281783000.0,-19940000.0,-295159000.0,-695434000.0,3013000.0,990690000.0,0.0,-1746481000.0,-1746481000.0,-1746481000.0,0.0,0.0,-0.532,3039197000.0,-1556095000.0,227344000.0,-0.011,0.588,-1.367,-1.348,9032961000.0,0.0,9.57,0.727,0.718,490723000.0,-1570462000.0,3282645000.0,3282645000.0,34117000.0,-0.155,-0.325,-0.117,-0.477,29757000.0,209812000.0,1.0,249505145.0,246171000.0,246171000.0,13.335,9708154000.0,0.0,-30489000.0,666668000.0,39.437,-152626000.0
3,RRC,MRY,2017-12-31,2017-12-31,2017-12-31,2021-07-26,-1332000.0,11728841000.0,11602415250.0,429234000.0,11299607000.0,0.225,23.56,-1212536000.0,448000.0,448000.0,1158628000.0,333146000.0,0.568,1.031,4108806000.0,0.0,4108806000.0,4108806000.0,0.0,688671000.0,0.0,0.005,0.08,277799000.0,966470000.0,0.37,966470000.0,277799000.0,82120000.0,1.34,1.34,1.34,5774272000.0,5639029750.0,5774272000.0,8214689919.0,30.0,8.5,-396282000.0,-1.617,1.0,1452402000.0,0.556,1641197000.0,195679000.0,13440529000.0,13211866000.0,21346000.0,58880000.0,58607000.0,273000.0,5954569000.0,755473000.0,5199096000.0,4233256919.0,134000.0,72468000.0,4482000.0,345277000.0,-19839000.0,322937000.0,-1139057000.0,1011000.0,816254000.0,0.0,333146000.0,333146000.0,333146000.0,0.0,0.0,0.128,1174603000.0,277799000.0,343871000.0,0.06,0.733,12.707,12.731,9581403000.0,0.0,17.06,1.621,1.601,348833000.0,195990000.0,2611030000.0,2611030000.0,53662000.0,0.029,0.059,0.021,0.106,30706000.0,233406000.0,1.0,248139327.0,245091000.0,245458000.0,10.653,10087644000.0,0.0,-251026000.0,693356000.0,41.159,-326239000.0
4,RRC,MRY,2016-12-31,2016-12-31,2016-12-31,2021-07-26,0.0,11282245000.0,8923708250.0,281883000.0,11000362000.0,0.123,28.485,-512786000.0,314000.0,314000.0,856616000.0,-521388000.0,0.401,1.086,3773517000.0,0.0,3773517000.0,3773517000.0,0.0,567142000.0,0.0,0.002,0.08,-633925000.0,-66783000.0,-0.061,-66783000.0,-633925000.0,-802138000.0,-2.75,-2.75,-2.75,5408368000.0,4001363000.0,5408368000.0,12318079302.0,-19.0,-184.449,-125718000.0,-0.662,1.0,243323000.0,0.221,1654292000.0,168213000.0,12698503000.0,10830352750.0,26573000.0,13483000.0,13278000.0,205000.0,5873877000.0,702653000.0,5171224000.0,8491912302.0,-157000.0,200935000.0,13102000.0,-70961000.0,-16682000.0,-78390000.0,-308835000.0,3016000.0,387068000.0,0.0,-521388000.0,-521388000.0,-521388000.0,0.0,0.0,-0.474,877248000.0,-633925000.0,229190000.0,-0.029,1.57,-16.287,-12.495,9273210000.0,0.0,34.36,7.72,5.931,241718000.0,-117317000.0,1099939000.0,1099939000.0,32325000.0,-0.058,-0.13,-0.059,-0.576,74685000.0,184772000.0,1.0,247145294.0,189868000.0,189868000.0,5.793,9627953000.0,0.0,-280750000.0,943343000.0,50.709,-420770000.0
5,RRC,MRY,2015-12-31,2015-12-31,2015-12-31,2021-07-26,0.0,6900031000.0,8237188250.0,439074000.0,6460957000.0,0.194,16.586,-1109965000.0,471000.0,471000.0,682828000.0,-713685000.0,1.248,1.5,2651303000.0,0.0,2651303000.0,2651303000.0,0.0,1171329000.0,0.0,0.007,0.16,-885923000.0,285406000.0,0.179,285406000.0,-885923000.0,-1052362000.0,-4.29,-4.29,-4.29,2759658000.0,3178802500.0,2759658000.0,7754697800.0,-9.0,27.171,-418563000.0,-2.516,1.0,915240000.0,0.573,0.0,166439000.0,9199143000.0,10993866500.0,33217000.0,288762000.0,281544000.0,7218000.0,4140373000.0,351720000.0,3788653000.0,4168187800.0,23000.0,890901000.0,8298000.0,-446120000.0,-27083000.0,-472607000.0,-218772000.0,367000.0,691402000.0,0.0,-713685000.0,-713685000.0,-713685000.0,0.0,0.0,-0.447,1371812000.0,-456572000.0,117346000.0,-0.037,1.51,-5.84,-5.737,6380760000.0,0.0,24.61,2.608,2.562,123842000.0,317587000.0,1598068000.0,1598068000.0,21406000.0,-0.087,-0.225,-0.081,-0.554,-20411000.0,194015000.0,1.0,169369679.0,166389000.0,166389000.0,9.604,6900031000.0,0.0,-338677000.0,777947000.0,41.469,87354000.0
6,RRC,MRY,2014-12-31,2014-12-31,2014-12-31,2021-07-26,0.0,8704604000.0,8005596750.0,570292000.0,8134312000.0,0.303,21.13,-1424253000.0,448000.0,448000.0,650307000.0,634382000.0,0.892,1.518,3030824000.0,0.0,3030824000.0,3030824000.0,0.0,579056000.0,0.0,0.003,0.16,1199862000.0,1778918000.0,0.733,1778918000.0,1199862000.0,1030885000.0,3.81,3.79,3.81,3457429000.0,3024050250.0,3457429000.0,12015593822.0,10.0,6.754,-449900000.0,-2.75,1.0,1775750000.0,0.732,0.0,168977000.0,11095303000.0,10475532250.0,17854000.0,403363000.0,363049000.0,40314000.0,5247175000.0,639677000.0,4607498000.0,9017061822.0,100000.0,180508000.0,412526000.0,-94495000.0,-26610000.0,271203000.0,-1245456000.0,-2814000.0,974353000.0,0.0,634382000.0,634382000.0,634382000.0,0.0,0.0,0.261,551292000.0,1224458000.0,396942000.0,0.042,2.608,14.214,14.029,8015154000.0,0.0,53.45,3.717,3.605,188941000.0,1058355000.0,2426057000.0,2426057000.0,63548000.0,0.079,0.21,0.115,0.495,-4295000.0,213426000.0,1.0,168700876.0,163625000.0,164403000.0,14.827,8704604000.0,0.0,396503000.0,1113081000.0,53.198,-69385000.0
7,RRC,MRY,2013-12-31,2013-12-31,2013-12-31,2021-07-26,6236000.0,7299086000.0,7031607250.0,248301000.0,7050785000.0,0.252,15.049,-1297322000.0,348000.0,348000.0,561359000.0,115722000.0,0.501,2.023,3140516000.0,0.0,3140516000.0,3140516000.0,0.0,500150000.0,0.0,0.002,0.16,326136000.0,826286000.0,0.467,826286000.0,326136000.0,149579000.0,0.71,0.7,0.71,2414452000.0,2362157000.0,2414452000.0,16844989759.0,52.0,20.386,-553784000.0,-3.452,1.0,1209069000.0,0.683,0.0,176557000.0,9943693000.0,9539297750.0,12451000.0,142688000.0,4421000.0,138267000.0,4884634000.0,495561000.0,4389073000.0,13778074759.0,96000.0,315522000.0,21024000.0,245099000.0,-26129000.0,239994000.0,-983436000.0,-5435000.0,743538000.0,0.0,115722000.0,115722000.0,115722000.0,0.0,0.0,0.065,870653000.0,338416000.0,258431000.0,0.225,5.707,119.062,118.746,6791221000.0,0.0,84.31,7.782,7.64,179667000.0,450583000.0,1770428000.0,1770428000.0,64409000.0,0.016,0.049,0.034,0.184,119398000.0,291171000.0,1.0,163421596.0,160438000.0,161407000.0,11.035,7299086000.0,51414000.0,33857000.0,771980000.0,45.495,-247260000.0
8,RRC,MRY,2012-12-31,2012-12-31,2012-12-31,2021-07-26,83909000.0,6728735000.0,6552073500.0,327614000.0,6401121000.0,0.222,14.786,-1694455000.0,252000.0,252000.0,395904000.0,13002000.0,0.72,1.854,2878185000.0,0.0,2878185000.0,2878185000.0,0.0,480782000.0,0.0,0.003,0.16,193854000.0,674636000.0,0.463,674636000.0,193854000.0,25056000.0,0.08,0.08,0.08,2357392000.0,2362257250.0,2357392000.0,13067705987.0,67.0,19.37,-1047356000.0,-6.569,1.0,1061800000.0,0.728,0.0,168798000.0,9151525000.0,8682197250.0,22315000.0,285716000.0,137552000.0,148164000.0,4371343000.0,455143000.0,3916200000.0,10217987987.0,160000.0,168219000.0,28706000.0,878894000.0,-25981000.0,881619000.0,-1528558000.0,-2322000.0,647099000.0,0.0,13002000.0,13002000.0,13002000.0,0.0,0.0,0.009,856883000.0,204917000.0,234651000.0,2.0,4.334,785.878,785.375,6137751000.0,0.0,62.83,7.01,6.872,167495000.0,360990000.0,1457704000.0,1457704000.0,69807000.0,0.002,0.006,0.022,0.133,60136000.0,173813000.0,1.0,162629126.0,159431000.0,160307000.0,9.143,6728735000.0,0.0,12054000.0,0.0,42.205,-127529000.0
9,RRC,MRY,2011-12-31,2011-12-31,2011-12-31,2021-07-26,156627000.0,5845470000.0,5561775500.0,315263000.0,5530207000.0,0.221,15.139,-1437652000.0,92000.0,92000.0,273379000.0,58026000.0,0.616,1.443,1974967000.0,0.0,1974967000.0,1974967000.0,0.0,379902000.0,0.0,0.003,0.16,218635000.0,598537000.0,0.486,598537000.0,218635000.0,93583000.0,0.36,0.1,0.36,2392420000.0,2286179500.0,2392420000.0,11723977695.0,54.0,19.588,-806015000.0,-5.1,1.0,957263000.0,0.778,0.0,125052000.0,7308413000.0,7000023500.0,14070000.0,138130000.0,0.0,138130000.0,3453050000.0,511932000.0,2941118000.0,9988183695.0,-2756000.0,53926000.0,13518000.0,-74174000.0,-25756000.0,-86412000.0,-547981000.0,-4978000.0,631637000.0,0.0,58026000.0,58026000.0,58026000.0,-15320000.0,0.0,0.047,735372000.0,221891000.0,311369000.0,0.444,4.175,172.133,172.056,5210244000.0,0.0,61.94,8.116,7.954,127180000.0,373969000.0,1230642000.0,1230642000.0,81367000.0,0.01,0.025,0.031,0.178,86979000.0,151191000.0,1.0,161255791.0,158030000.0,159441000.0,7.787,5845470000.0,0.0,35557000.0,0.0,36.99,-196669000.0
10,RRC,MRY,2010-12-31,2010-12-31,2010-12-31,2021-07-26,67470000.0,5511714000.0,5688456250.0,1113570000.0,4398144000.0,0.169,14.175,-1044307000.0,2848000.0,2848000.0,194979000.0,-239256000.0,2.51,1.479,1960536000.0,0.0,1960536000.0,1960536000.0,0.0,281743000.0,0.0,0.004,0.16,-97681000.0,184062000.0,0.191,184062000.0,-97681000.0,-188346000.0,-1.53,-1.53,-1.53,2223761000.0,2465201500.0,2223761000.0,9049211429.0,-93.0,49.164,-530985000.0,-3.385,1.0,766418000.0,0.797,0.0,90665000.0,7025712000.0,7048303750.0,21352000.0,155105000.0,0.0,155105000.0,3287953000.0,443690000.0,2844263000.0,7200029429.0,2081000.0,327765000.0,11149000.0,302042000.0,-25574000.0,287617000.0,-798858000.0,1857000.0,513322000.0,0.0,-239256000.0,-239256000.0,-239256000.0,327954000.0,0.0,-0.249,530794000.0,235624000.0,289109000.0,-0.105,3.238,-30.093,-29.399,4158062000.0,0.0,44.98,7.489,7.34,88536000.0,341699000.0,961397000.0,961397000.0,60506000.0,-0.042,-0.097,-0.014,-0.102,34964000.0,140571000.0,1.0,160071797.0,156874000.0,158428000.0,6.128,5511714000.0,0.0,50910000.0,0.0,35.135,669880000.0
11,RRC,MRY,2009-12-31,2009-12-31,2009-12-31,2021-07-26,6421000.0,5395881000.0,5485880000.0,175280000.0,5220601000.0,0.149,15.394,-528715000.0,767000.0,767000.0,160972000.0,-53870000.0,0.558,1.269,1707833000.0,0.0,1707833000.0,1707833000.0,0.0,268078000.0,0.0,0.003,0.16,67184000.0,335262000.0,0.409,335262000.0,67184000.0,-8077000.0,-0.35,-0.35,-0.35,2378589000.0,2428828750.0,2378589000.0,9643657959.0,144.0,28.765,62960000.0,0.407,1.0,658194000.0,0.803,0.0,75261000.0,6788843000.0,7001874750.0,21292000.0,146809000.0,0.0,146809000.0,3017292000.0,314104000.0,2703188000.0,7863036959.0,14000.0,234076000.0,19883000.0,-112568000.0,-25169000.0,-117854000.0,-473807000.0,5685000.0,591675000.0,0.0,-53870000.0,-53870000.0,-53870000.0,92850000.0,0.0,-0.066,498160000.0,160034000.0,214548000.0,-0.457,3.306,-145.963,-142.429,4990654000.0,0.0,49.85,9.599,9.403,123622000.0,606529000.0,819166000.0,819166000.0,44276000.0,-0.01,-0.022,0.01,0.082,73402000.0,115319000.0,1.0,157733941.0,154514000.0,158778000.0,5.302,5395881000.0,8054000.0,45793000.0,0.0,34.922,-138824000.0
12,RRC,MRY,2008-12-31,2008-12-31,2008-12-31,2021-07-26,77507000.0,5551879000.0,5047606000.0,404311000.0,5147568000.0,0.262,16.222,-1752784000.0,753000.0,753000.0,197559000.0,351040000.0,1.144,1.265,1790668000.0,0.0,1790668000.0,1790668000.0,0.0,299831000.0,0.0,0.005,0.16,644619000.0,944450000.0,0.713,944450000.0,644619000.0,544871000.0,2.32,2.25,2.32,2451342000.0,2018287000.0,2451342000.0,6989186316.0,11.0,7.4,-928017000.0,-6.141,1.0,1127114000.0,0.851,0.0,99748000.0,6988280000.0,6055012250.0,19927000.0,147126000.0,0.0,147126000.0,3100537000.0,353514000.0,2747023000.0,5341992316.0,-3265000.0,68231000.0,293160000.0,635210000.0,-24625000.0,903745000.0,-1731777000.0,-3062000.0,824767000.0,0.0,351040000.0,351040000.0,351040000.0,0.0,0.0,0.265,482495000.0,644619000.0,250640000.0,0.069,2.179,15.218,14.823,4928274000.0,0.0,34.39,4.033,3.923,162201000.0,685568000.0,1324673000.0,1324673000.0,67690000.0,0.07,0.174,0.106,0.487,6621000.0,92308000.0,1.0,155335630.0,151116000.0,155943000.0,8.766,5551879000.0,0.0,193831000.0,0.0,36.739,50797000.0
13,RRC,MRY,2007-12-31,2007-12-31,2007-12-31,2021-07-26,-26825000.0,4016508000.0,3705373500.0,261814000.0,3754694000.0,0.232,12.018,-808442000.0,4018000.0,4018000.0,149942000.0,217268000.0,0.857,1.324,1150658000.0,0.0,1150658000.0,1150658000.0,0.0,220578000.0,0.0,0.003,0.13,391312000.0,611890000.0,0.711,611890000.0,391312000.0,313575000.0,1.51,1.51,1.51,1728022000.0,1595964250.0,1728022000.0,8775461224.0,22.0,14.342,-166151000.0,-1.156,1.0,710423000.0,0.826,0.0,77737000.0,4857715000.0,4522435500.0,11387000.0,113722000.0,0.0,113722000.0,2288486000.0,305433000.0,1983053000.0,7662586224.0,1636000.0,-102121000.0,297308000.0,101691000.0,-19082000.0,379917000.0,-1020572000.0,-8004000.0,642291000.0,0.0,217268000.0,217268000.0,217268000.0,-63593000.0,0.0,0.253,382704000.0,327719000.0,212514000.0,0.086,4.434,35.268,34.013,3564934000.0,0.0,51.36,8.906,8.584,166484000.0,371800000.0,860365000.0,860365000.0,45782000.0,0.059,0.136,0.087,0.455,61258000.0,69670000.0,1.0,149193657.0,143791000.0,149911000.0,5.983,4016508000.0,26907000.0,96307000.0,0.0,27.933,-43619000.0
14,RRC,MRY,2006-12-31,2006-12-31,2006-12-31,2021-07-26,36521000.0,3187674000.0,2786415750.0,388925000.0,2798749000.0,0.267,9.392,-501694000.0,2382000.0,2382000.0,117676000.0,158702000.0,1.545,1.538,1048782000.0,0.0,1048782000.0,1048782000.0,0.0,154482000.0,0.0,0.003,0.09,336303000.0,490785000.0,0.659,490785000.0,336303000.0,280454000.0,1.19,1.19,1.19,1256161000.0,1095397250.0,1256161000.0,4785920850.0,14.0,9.752,-21819000.0,-0.163,1.0,627136000.0,0.842,0.0,55849000.0,3982389000.0,3424177000.0,10069000.0,13618000.0,0.0,13618000.0,1931513000.0,251685000.0,1679828000.0,3806777850.0,-2368000.0,-359761000.0,16265000.0,425340000.0,-12189000.0,429416000.0,-911659000.0,0.0,479875000.0,0.0,158702000.0,158702000.0,158702000.0,35247000.0,0.0,0.213,255586000.0,371550000.0,171914000.0,0.076,3.03,23.987,23.076,2655231000.0,0.0,27.46,5.111,4.931,125421000.0,160313000.0,744812000.0,744812000.0,44088000.0,0.057,0.145,0.098,0.452,27455000.0,49886000.0,1.0,138629929.0,133751000.0,138711000.0,5.569,3187674000.0,0.0,121752000.0,468643000.0,23.833,137240000.0
15,RRC,MRY,2005-12-31,2005-12-31,2005-12-31,2021-07-26,-147127000.0,2018985000.0,1852310250.0,207977000.0,1811008000.0,0.275,5.614,-277706000.0,4750000.0,4750000.0,88688000.0,111011000.0,0.646,1.897,616148000.0,0.0,616148000.0,616148000.0,0.0,114364000.0,0.0,0.002,0.06,214510000.0,328874000.0,0.646,328874000.0,214510000.0,176891000.0,0.89,0.89,0.89,696923000.0,622822500.0,696923000.0,4041949784.0,19.0,12.29,48039000.0,0.387,1.0,420415000.0,0.826,0.0,37619000.0,2308623000.0,2179458250.0,12593000.0,0.0,0.0,0.0,1322062000.0,321760000.0,1000302000.0,3416664784.0,-13632000.0,-144160000.0,111662000.0,-8835000.0,-7614000.0,93000000.0,-432377000.0,0.0,325745000.0,0.0,111011000.0,111011000.0,111011000.0,-906000.0,0.0,0.218,206811000.0,213604000.0,119907000.0,0.067,4.902,30.778,29.596,1780426000.0,0.0,26.34,6.711,6.422,128532000.0,13800000.0,509103000.0,509103000.0,29529000.0,0.06,0.178,0.098,0.421,37391000.0,33444000.0,1.0,129713925.0,124130000.0,129126000.0,4.101,2018985000.0,61677000.0,65880000.0,174817000.0,16.265,-113783000.0
16,RRC,MRY,2004-12-31,2004-12-31,2004-12-31,2021-07-26,-43301000.0,1595406000.0,1225249250.0,136336000.0,1459070000.0,0.262,5.433,-170797000.0,18382000.0,18382000.0,66812000.0,42231000.0,0.77,1.817,620561000.0,0.0,620561000.0,620561000.0,0.0,102971000.0,0.0,0.002,0.033,89895000.0,192866000.0,0.601,192866000.0,89895000.0,66776000.0,0.4,0.38,0.4,566340000.0,413784000.0,566340000.0,1924956348.0,21.0,9.981,38452000.0,0.369,1.0,253895000.0,0.792,0.0,23119000.0,2020423000.0,1556428000.0,9168000.0,0.0,0.0,0.0,1029066000.0,177162000.0,851904000.0,1421970348.0,17751000.0,-453504000.0,250460000.0,188512000.0,-3219000.0,432803000.0,-624301000.0,0.0,209249000.0,0.0,42231000.0,37068000.0,37068000.0,0.0,0.0,0.116,164000000.0,89895000.0,78723000.0,0.083,2.511,38.361,34.1,1439641000.0,5163000.0,13.64,4.434,4.434,81942000.0,-89597000.0,320707000.0,320707000.0,21219000.0,0.03,0.09,0.058,0.28,20667000.0,20634000.0,1.0,104250026.0,104250026.0,,3.076,1595406000.0,26310000.0,24545000.0,117713000.0,15.304,-40826000.0
17,RRC,MRY,2003-12-31,2003-12-31,2003-12-31,2021-07-26,-42852000.0,830091000.0,763095000.0,66092000.0,763999000.0,0.322,3.25,-93277000.0,631000.0,631000.0,49317000.0,35415000.0,0.618,2.029,358180000.0,0.0,358180000.0,358180000.0,0.0,86549000.0,0.0,0.0,0.0,76069000.0,162618000.0,0.662,162618000.0,76069000.0,53904000.0,0.37,0.36,0.37,274066000.0,238091500.0,274066000.0,808012776.0,11.0,4.969,31403000.0,0.372,1.0,196450000.0,0.799,0.0,22165000.0,1080676000.0,961269750.0,3329000.0,0.0,0.0,0.0,556025000.0,106964000.0,449061000.0,531191776.0,-703000.0,-103869000.0,2777000.0,59481000.0,0.0,61455000.0,-186838000.0,10308000.0,124680000.0,0.0,35415000.0,34612000.0,34612000.0,0.0,0.0,0.141,124872000.0,71578000.0,32105000.0,0.0,1.938,15.347,17.027,745688000.0,803000.0,6.3,2.161,2.161,42145000.0,-124011000.0,245767000.0,245767000.0,13946000.0,0.045,0.145,0.079,0.31,0.0,17818000.0,1.0,84316155.0,84316155.0,,2.915,830091000.0,19871000.0,18489000.0,10843000.0,9.845,-40872000.0
18,RRC,MRY,2002-12-31,2002-12-31,2002-12-31,2021-07-26,-21151000.0,658484000.0,645277250.0,50619000.0,607865000.0,0.297,2.509,-94375000.0,1334000.0,1334000.0,40443000.0,25766000.0,0.753,2.195,283201000.0,0.0,283201000.0,283201000.0,0.0,76820000.0,0.0,0.0,0.0,45561000.0,122381000.0,0.639,122381000.0,45561000.0,22408000.0,0.327,0.313,0.327,206109000.0,215138750.0,206109000.0,575197787.0,13.0,4.7,20097000.0,0.245,1.0,151146000.0,0.789,0.0,23153000.0,873145000.0,882089500.0,3084000.0,0.0,0.0,0.0,452375000.0,67206000.0,385169000.0,295754787.0,-2046000.0,-21790000.0,1004000.0,-13572000.0,0.0,-12568000.0,-103950000.0,12215000.0,114472000.0,0.0,25766000.0,25766000.0,25766000.0,0.0,0.0,0.134,105585000.0,45561000.0,27044000.0,0.0,1.435,11.478,11.009,582478000.0,0.0,3.6,1.544,1.544,51283000.0,-158059000.0,191589000.0,191589000.0,11525000.0,0.04,0.12,0.052,0.238,0.0,17240000.0,1.0,82154108.0,82154108.0,,2.332,658484000.0,15785000.0,-3358000.0,0.0,8.015,-16587000.0
19,RRC,MRY,2001-12-31,2001-12-31,2001-12-31,2021-07-26,45523000.0,682462000.0,702687500.0,77735000.0,604727000.0,0.318,3.023,-80848000.0,3380000.0,3380000.0,47191000.0,17663000.0,1.804,1.896,302491000.0,0.0,302491000.0,302491000.0,0.0,77573000.0,0.0,0.0,0.0,49436000.0,127009000.0,0.569,127009000.0,49436000.0,17257000.0,0.24,0.24,0.24,235621000.0,169456500.0,235621000.0,550954178.0,11.0,4.338,49724000.0,0.638,1.0,176185000.0,0.789,0.0,32179000.0,938473000.0,969430000.0,4895000.0,0.0,0.0,0.0,446841000.0,43100000.0,403741000.0,236414178.0,768000.0,-9491000.0,1488000.0,-52046000.0,0.0,-50641000.0,-79163000.0,7405000.0,130572000.0,0.0,17663000.0,18209000.0,18209000.0,0.0,0.0,0.082,126749000.0,49436000.0,27202000.0,0.0,1.003,12.983,12.639,551537000.0,-546000.0,3.033,1.058,1.058,66697000.0,-183825000.0,223376000.0,223376000.0,5879000.0,0.026,0.107,0.051,0.221,0.0,12212000.0,1.0,77938740.0,77938740.0,,2.866,682462000.0,0.0,-406000.0,4496000.0,8.756,34635000.0
20,RRC,MRY,2000-12-31,2000-12-31,2000-12-31,2021-07-26,-639000.0,671826000.0,696744750.0,62886000.0,608940000.0,0.265,2.291,-49737000.0,2612000.0,2612000.0,42526000.0,36578000.0,1.182,3.2,365459000.0,0.0,365459000.0,365459000.0,0.0,66968000.0,0.0,0.0,0.0,74957000.0,141925000.0,0.768,141925000.0,74957000.0,35004000.0,0.647,0.36,0.647,159944000.0,151094750.0,159944000.0,703972802.0,9.0,4.96,25142000.0,0.36,1.0,142302000.0,0.77,0.0,39953000.0,981452000.0,1054341750.0,6196000.0,0.0,0.0,0.0,511882000.0,53221000.0,458661000.0,319962802.0,-10392000.0,0.0,1798000.0,-79611000.0,0.0,-79257000.0,-6014000.0,17779000.0,74879000.0,0.0,36578000.0,40990000.0,40990000.0,0.0,0.0,0.222,85108000.0,57194000.0,27823000.0,0.0,2.0,7.806,7.084,574427000.0,-4412000.0,4.583,1.731,1.731,82206000.0,-201478000.0,184828000.0,184828000.0,3187000.0,0.059,0.271,0.071,0.406,0.0,14953000.0,1.0,69810066.0,69810066.0,,2.648,671826000.0,0.0,-1574000.0,0.0,9.624,9665000.0
21,RRC,MRY,1999-12-31,1999-12-31,1999-12-31,2021-07-26,-7000.0,752368000.0,832338000.0,75873000.0,676495000.0,0.232,2.253,-8273000.0,12937000.0,12937000.0,49463000.0,-23542000.0,1.414,4.916,458894000.0,5014000.0,453880000.0,458894000.0,0.0,80598000.0,0.0,0.009,0.02,24313000.0,104911000.0,0.543,104911000.0,24313000.0,-22772000.0,-0.473,-0.473,-0.473,127171000.0,128779250.0,127171000.0,578487698.0,24.0,5.514,41914000.0,0.742,1.0,143584000.0,0.744,0.0,47085000.0,1144677000.0,1276374500.0,9130000.0,0.0,0.0,0.0,625197000.0,53648000.0,571549000.0,119982698.0,1983000.0,98715000.0,2126000.0,-145129000.0,-1107000.0,-146444000.0,98240000.0,7798000.0,50187000.0,0.0,-23542000.0,-23542000.0,-23542000.0,0.0,0.0,-0.122,121701000.0,21883000.0,23925000.0,-0.042,0.943,-5.097,-4.493,615568000.0,0.0,2.125,0.622,0.622,87059000.0,-214630000.0,193047000.0,193047000.0,2409000.0,-0.028,-0.183,0.019,0.126,2217000.0,8793000.0,1.0,56453590.0,56453590.0,,3.42,752368000.0,0.0,770000.0,0.0,13.327,22225000.0
22,RRC,MRY,1998-12-31,1998-12-31,1998-12-31,2021-07-26,292000.0,921612000.0,895239750.0,106931000.0,814681000.0,0.166,2.512,-122050000.0,10954000.0,10954000.0,39001000.0,-175150000.0,0.919,5.918,607162000.0,55187000.0,551975000.0,607162000.0,0.0,60153000.0,0.0,0.026,0.06,-188976000.0,-128823000.0,-0.865,-128823000.0,-188976000.0,-229618000.0,-4.547,-4.547,-4.547,133222000.0,190650500.0,133222000.0,713830788.0,-4.0,-5.541,-77028000.0,-1.453,1.0,109928000.0,0.738,0.0,40642000.0,1401405000.0,1333069250.0,3373000.0,3258000.0,3258000.0,0.0,788390000.0,116415000.0,671975000.0,121533788.0,1229000.0,-41170000.0,-1021000.0,135375000.0,-3500000.0,128520000.0,-172313000.0,-9093000.0,45022000.0,0.0,-175150000.0,-175150000.0,-175150000.0,0.0,0.0,-1.176,290908000.0,-180980000.0,28163000.0,-0.013,0.912,-0.694,-0.504,736424000.0,0.0,2.292,0.816,0.816,107556000.0,-203396000.0,148929000.0,148929000.0,11265000.0,-0.196,-0.919,-0.142,-1.269,0.0,9215000.0,1.0,53025213.0,53025213.0,,2.809,921612000.0,0.0,-54468000.0,0.0,17.381,-9484000.0
23,RRC,MRY,1997-12-31,1997-12-31,1997-12-31,2021-07-26,370000.0,758833000.0,520690000.0,47481000.0,711352000.0,0.279,6.203,-557204000.0,9725000.0,9725000.0,31481000.0,-23332000.0,0.959,2.853,367125000.0,413000.0,366712000.0,367125000.0,0.0,55407000.0,0.0,0.006,0.067,-7988000.0,47419000.0,0.326,47419000.0,-7988000.0,-35163000.0,-0.873,-0.873,-0.873,196950000.0,157239500.0,196950000.0,,,,-480138000.0,-15.122,1.0,113936000.0,0.784,0.0,27175000.0,1066701000.0,717561000.0,2779000.0,5777000.0,5777000.0,0.0,561883000.0,49532000.0,512351000.0,343971144.0,1100000.0,56070000.0,67541000.0,245999000.0,-2037000.0,425168000.0,-501134000.0,0.0,77066000.0,0.0,-23332000.0,-23332000.0,-23332000.0,0.0,0.0,-0.16,121924000.0,-7988000.0,26878000.0,-0.077,1.746,-14.742,-12.409,699981000.0,0.0,10.833,2.365,2.365,29200000.0,-22412000.0,145417000.0,145417000.0,2527000.0,-0.045,-0.148,-0.011,-0.055,0.0,5290000.0,1.0,31751182.0,31751182.0,,4.58,758833000.0,0.0,-11831000.0,25639000.0,23.899,-2051000.0
24,RRC,MRY,1996-12-31,1996-12-31,1996-12-31,2021-07-26,692000.0,282547000.0,,35203000.0,247344000.0,,,-60387000.0,8625000.0,8625000.0,20676000.0,12615000.0,1.578,1.404,116806000.0,26000.0,116780000.0,116806000.0,0.0,22303000.0,0.0,0.004,0.04,26936000.0,49239000.0,0.654,49239000.0,26936000.0,19449000.0,0.473,0.46,0.473,117529000.0,,117529000.0,,,,-21942000.0,,1.0,54665000.0,0.726,0.0,7487000.0,368421000.0,,799000.0,7658000.0,7658000.0,0.0,165018000.0,22307000.0,142711000.0,,5578000.0,-9279000.0,8177000.0,31933000.0,-857000.0,36799000.0,-69666000.0,0.0,38445000.0,0.0,12615000.0,12615000.0,12615000.0,0.0,0.0,0.167,27729000.0,26936000.0,14433000.0,0.085,,,24.144,245559000.0,0.0,11.42,,,18121000.0,5291000.0,75341000.0,75341000.0,1460000.0,,,,0.358,0.0,3966000.0,1.0,,,,,282547000.0,0.0,6834000.0,25931000.0,,12896000.0
25,RRC,MRY,1995-12-31,1995-12-31,1995-12-31,2021-07-26,,,,,,,,-79094000.0,,,12151000.0,4390000.0,,,,,,,,14863000.0,,0.001,0.007,11756000.0,26619000.0,0.634,26619000.0,11756000.0,6172000.0,0.207,0.207,0.207,,,,,,,-62533000.0,,1.0,29867000.0,0.711,,5584000.0,,,,,,,,,,,-1850000.0,2981000.0,10258000.0,20496000.0,-128000.0,57702000.0,-76113000.0,0.0,16561000.0,0.0,4390000.0,4390000.0,4390000.0,0.0,0.0,0.104,18111000.0,11756000.0,,0.034,,,31.401,,0.0,6.5,,,,,42018000.0,42018000.0,512000.0,,,,0.28,0.0,2736000.0,1.0,,,,,,,1782000.0,,,
0,RRC,MRQ,2021-06-30,2021-06-30,2021-06-30,2021-07-26,-338000.0,6229433000.0,,339712000.0,5889721000.0,,6.279,-110923000.0,464000.0,464000.0,380020000.0,-156472000.0,0.367,3.09,3069427000.0,0.0,3069427000.0,3069427000.0,0.0,90629000.0,0.0,0.0,0.0,-100447000.0,-9818000.0,-0.023,-9818000.0,-100447000.0,-157734000.0,-0.65,-0.65,-0.65,1523261000.0,,1523261000.0,7488987105.0,-11.0,-25.63,63260000.0,0.261,1.0,54702000.0,0.126,0.0,57287000.0,8372477000.0,,0.0,47348000.0,25865000.0,21483000.0,4706172000.0,925919000.0,3780253000.0,4350816105.0,15000.0,187000.0,4491000.0,-72382000.0,0.0,-68043000.0,-106125000.0,4611000.0,174183000.0,0.0,-156472000.0,-156472000.0,-156472000.0,0.0,0.0,-0.36,157592000.0,-102890000.0,144454000.0,0.0,2.856,-5.183,-4.789,5789516000.0,0.0,16.76,2.221,2.075,299590000.0,-4148154000.0,434722000.0,434722000.0,5028000.0,,,,,45059000.0,40242000.0,1.0,259595233.0,242592000.0,242592000.0,1.792,6229433000.0,0.0,-1262000.0,134000000.0,25.679,-586207000.0
1,RRC,MRQ,2021-03-31,2021-03-31,2021-03-31,2021-07-26,-409000.0,6174660000.0,,308632000.0,5866028000.0,,6.871,-111569000.0,449000.0,449000.0,368940000.0,27151000.0,0.444,2.711,3138620000.0,45377000.0,3093243000.0,3138620000.0,0.0,88383000.0,0.0,0.0,0.0,86718000.0,175101000.0,0.28,175101000.0,86718000.0,29840000.0,0.11,0.11,0.11,1663848000.0,,1663848000.0,5799341860.0,-8.0,-18.181,-2317000.0,-0.01,1.0,257092000.0,0.411,0.0,56878000.0,8617397000.0,,0.0,29353000.0,8111000.0,21242000.0,4510812000.0,695434000.0,3815378000.0,2671036860.0,-9000.0,8000.0,441000.0,11795000.0,0.0,3139000.0,-112400000.0,-839000.0,109252000.0,0.0,27151000.0,27151000.0,27151000.0,0.0,0.0,0.043,170339000.0,86753000.0,160323000.0,0.0,1.605,-3.14,-2.91,5765431000.0,0.0,10.33,1.405,1.316,286491000.0,-3991682000.0,626032000.0,626032000.0,5538000.0,,,,,30054000.0,38004000.0,1.0,258570848.0,242159000.0,247527000.0,2.585,6174660000.0,0.0,2689000.0,137810000.0,25.498,-386802000.0
2,RRC,MRQ,2020-12-31,2020-12-31,2020-12-31,2021-07-26,-479000.0,6136936000.0,,289840000.0,5847096000.0,,6.818,-92410000.0,458000.0,458000.0,346454000.0,-30135000.0,0.41,2.748,3128763000.0,45356000.0,3083407000.0,3128763000.0,0.0,90551000.0,0.0,0.0,0.0,91152000.0,181703000.0,0.303,181703000.0,91152000.0,42626000.0,-0.13,-0.13,-0.13,1637535000.0,,1637535000.0,4836620278.0,-9.0,-67.762,-2704000.0,-0.011,1.0,252432000.0,0.422,0.0,48526000.0,8558400000.0,,0.0,40012000.0,23332000.0,16680000.0,4499401000.0,706841000.0,3792560000.0,1717433278.0,-59000.0,44000.0,6000.0,4100000.0,0.0,3623000.0,-93388000.0,-1022000.0,89706000.0,0.0,-30135000.0,-30135000.0,-30135000.0,0.0,0.0,-0.05,272046000.0,-19614000.0,132421000.0,0.0,1.049,-2.413,-2.271,5754551000.0,0.0,6.7,0.872,0.821,252642000.0,-4018685000.0,598886000.0,598886000.0,9464000.0,,,,,10172000.0,40720000.0,1.0,256333325.0,240182000.0,240182000.0,2.493,6136936000.0,0.0,72761000.0,135267000.0,25.551,-417001000.0
3,RRC,MRQ,2020-09-30,2020-09-30,2020-09-30,2021-07-26,-574000.0,6012898000.0,,209147000.0,5803751000.0,,6.93,-72486000.0,517000.0,517000.0,341696000.0,-680048000.0,0.332,2.617,3119704000.0,45334000.0,3074370000.0,3119704000.0,0.0,98122000.0,0.0,0.003,0.0,-737300000.0,-639178000.0,-2.135,-639178000.0,-737300000.0,-785299000.0,-2.83,-2.83,-2.83,1662504000.0,,1662504000.0,4954253480.0,-2.0,-3.85,-96780000.0,-0.403,1.0,-42351000.0,-0.141,0.0,47999000.0,8501965000.0,,0.0,20326000.0,5264000.0,15062000.0,4350394000.0,630120000.0,3720274000.0,1695250480.0,-51000.0,245012000.0,548000.0,-149481000.0,0.0,-149422000.0,173665000.0,1139000.0,-24294000.0,0.0,-680048000.0,-680048000.0,-680048000.0,0.0,0.0,-2.272,687128000.0,-729479000.0,84554000.0,0.0,1.02,-0.682,-0.654,5719163000.0,0.0,6.62,0.858,0.804,182698000.0,-3988550000.0,299345000.0,299345000.0,8086000.0,,,,,15267000.0,38153000.0,1.0,256080133.0,239895000.0,239895000.0,1.248,6012898000.0,0.0,-105251000.0,62319000.0,25.065,-420973000.0
4,RRC,MRQ,2020-06-30,2020-06-30,2020-06-30,2021-07-26,-644000.0,6452211000.0,,331839000.0,6120372000.0,,9.754,-128741000.0,568000.0,568000.0,346987000.0,-167583000.0,0.626,1.762,3259571000.0,59334000.0,3200237000.0,3259571000.0,0.0,104626000.0,0.0,0.007,0.0,-141225000.0,-36599000.0,-0.097,-36599000.0,-141225000.0,-189849000.0,-0.7,-0.7,-0.7,2335816000.0,,2335816000.0,4663126507.0,-2.0,-8.674,-49979000.0,-0.209,1.0,29559000.0,0.079,0.0,48624000.0,9180961000.0,,0.0,146236000.0,143252000.0,2984000.0,4116395000.0,530253000.0,3586142000.0,1439857507.0,40000.0,12000.0,-315000.0,46885000.0,0.0,45772000.0,-124494000.0,4235000.0,78762000.0,0.0,-167583000.0,-167583000.0,-167583000.0,0.0,0.0,-0.445,179349000.0,-149790000.0,97494000.0,0.0,0.616,-0.785,-0.76,6049716000.0,0.0,5.63,0.626,0.587,169151000.0,-3308502000.0,376546000.0,376546000.0,8027000.0,,,,,22637000.0,38288000.0,1.0,255747337.0,239472000.0,239472000.0,1.572,6452211000.0,0.0,-22266000.0,167548000.0,26.943,-198414000.0
5,RRC,MRQ,2020-03-31,2020-03-31,2020-03-31,2021-07-26,-715000.0,6589638000.0,,467117000.0,6122521000.0,,10.05,-141669000.0,528000.0,528000.0,358443000.0,166195000.0,0.953,1.663,3223797000.0,0.0,3223797000.0,3223797000.0,0.0,179986000.0,0.0,0.026,0.0,242711000.0,422697000.0,0.609,422697000.0,242711000.0,195193000.0,0.67,0.66,0.67,2474588000.0,,2474588000.0,3794209941.0,-2.0,-24.882,-17163000.0,-0.07,1.0,335477000.0,0.483,0.0,47518000.0,9322782000.0,,0.0,263555000.0,257347000.0,6208000.0,4115050000.0,490125000.0,3624925000.0,580750941.0,-18000.0,1059000.0,-22535000.0,39430000.0,0.0,15341000.0,-139865000.0,745000.0,124506000.0,0.0,166195000.0,166195000.0,166195000.0,0.0,0.0,0.24,105689000.0,229788000.0,163277000.0,0.0,0.235,-0.374,-0.365,6051773000.0,0.0,2.28,0.209,0.202,188162000.0,-3161859000.0,693920000.0,693920000.0,7077000.0,,,,,476000.0,42254000.0,1.0,254715325.0,246218000.0,247684000.0,2.818,6589638000.0,0.0,28998000.0,210803000.0,26.763,-23008000.0
6,RRC,MRQ,2019-12-31,2019-12-31,2019-12-31,2021-07-26,-788000.0,6612403000.0,,427802000.0,6184601000.0,,9.456,-157472000.0,546000.0,546000.0,388798000.0,-1805320000.0,0.755,1.817,3214005000.0,0.0,3214005000.0,3214005000.0,0.0,1226503000.0,0.0,0.016,0.02,-2260155000.0,-1033652000.0,-1.707,-1033652000.0,-2260155000.0,-2304179000.0,-7.27,-7.27,-7.27,2347488000.0,,2347488000.0,4393405980.0,-2.0,-11.628,-25060000.0,-0.101,1.0,216806000.0,0.358,0.0,44024000.0,9259318000.0,,0.0,137554000.0,136848000.0,706000.0,4264915000.0,566544000.0,3698371000.0,1219419980.0,192000.0,410000.0,-6908000.0,38393000.0,-4993000.0,26479000.0,-158699000.0,-1637000.0,132412000.0,0.0,-1805320000.0,-1805320000.0,-1805320000.0,0.0,0.0,-2.981,2449135000.0,-2232329000.0,155341000.0,-0.003,0.519,-0.71,-0.701,6108463000.0,0.0,4.85,0.431,0.425,272900000.0,-3306834000.0,605604000.0,605604000.0,9350000.0,,,,,10481000.0,42793000.0,1.0,251426800.0,248246000.0,245411000.0,2.44,6612403000.0,0.0,-498859000.0,160196000.0,26.636,-138742000.0
7,RRC,MRQ,2019-09-30,2019-09-30,2019-09-30,2021-07-26,-478000.0,8854199000.0,,412458000.0,8441741000.0,,16.761,-177618000.0,354000.0,354000.0,418931000.0,-27581000.0,0.74,1.129,3174340000.0,0.0,3174340000.0,3174340000.0,0.0,137751000.0,0.0,0.021,0.02,-27803000.0,109948000.0,0.177,109948000.0,-27803000.0,-74800000.0,-0.11,-0.11,-0.11,4158192000.0,,4158192000.0,4792110526.0,-3.0,-4.888,-73703000.0,-0.297,1.0,203514000.0,0.327,0.0,46997000.0,11470755000.0,,25895000.0,156847000.0,137019000.0,19828000.0,4696007000.0,557430000.0,4138577000.0,960265526.0,-153000.0,750161000.0,154000.0,-673256000.0,-5028000.0,-678158000.0,574090000.0,1547000.0,103915000.0,0.0,-27581000.0,-27581000.0,-27581000.0,0.0,0.0,-0.044,234302000.0,-30788000.0,163327000.0,-0.182,0.231,-0.573,-0.561,8349095000.0,0.0,3.82,0.291,0.288,249190000.0,-1496521000.0,622445000.0,622445000.0,11013000.0,,,,,683000.0,41047000.0,1.0,251378410.0,248082000.0,248082000.0,2.509,8854199000.0,0.0,-47219000.0,661216000.0,35.691,-144972000.0
8,RRC,MRQ,2019-06-30,2019-06-30,2019-06-30,2021-07-26,-538000.0,9728308000.0,,459099000.0,9269209000.0,,16.88,-199099000.0,507000.0,507000.0,446206000.0,115185000.0,0.748,1.326,3832352000.0,0.0,3832352000.0,3832352000.0,0.0,141505000.0,0.0,0.011,0.02,207011000.0,348516000.0,0.409,348516000.0,207011000.0,155284000.0,0.46,0.46,0.46,4182253000.0,,4182253000.0,5584933110.0,-4.0,-6.994,-14277000.0,-0.058,1.0,405223000.0,0.476,0.0,51727000.0,12946522000.0,,26706000.0,163136000.0,142591000.0,20545000.0,5546055000.0,613631000.0,4932424000.0,1753013110.0,19000.0,34034000.0,339000.0,-15980000.0,-5026000.0,-20849000.0,-163954000.0,1111000.0,184822000.0,0.0,115185000.0,115185000.0,115185000.0,0.0,0.0,0.135,198212000.0,207011000.0,193190000.0,0.043,0.419,-1.096,-1.072,9176913000.0,0.0,6.98,0.503,0.496,289295000.0,-1463912000.0,851429000.0,851429000.0,8109000.0,,,,,-385000.0,50631000.0,1.0,251148010.0,247770000.0,248436000.0,3.436,9728308000.0,0.0,40099000.0,712495000.0,39.263,-154532000.0
9,RRC,MRQ,2019-03-31,2019-03-31,2019-03-31,2021-07-26,-598000.0,9635064000.0,,388478000.0,9246586000.0,,16.397,-214236000.0,488000.0,488000.0,479497000.0,1419000.0,0.579,1.372,3832408000.0,0.0,3832408000.0,3832408000.0,0.0,138718000.0,0.0,0.007,0.02,58644000.0,197362000.0,0.264,197362000.0,58644000.0,7107000.0,0.01,0.01,0.01,4062663000.0,,4062663000.0,6648135666.0,-4.0,-6.485,46458000.0,0.188,1.0,268640000.0,0.359,0.0,51537000.0,12796184000.0,,25128000.0,14552000.0,6146000.0,8406000.0,5572401000.0,670800000.0,4901601000.0,2811819666.0,-57000.0,332000.0,174000.0,-40782000.0,-5023000.0,-48792000.0,-211959000.0,1945000.0,260694000.0,0.0,1419000.0,1419000.0,1419000.0,0.0,0.0,0.002,209807000.0,58833000.0,215073000.0,2.0,0.692,-1.567,-1.542,9163423000.0,0.0,11.24,0.855,0.847,356716000.0,-1574070000.0,748137000.0,748137000.0,8211000.0,,,,,14112000.0,46638000.0,1.0,250161892.0,247776000.0,249154000.0,3.019,9635064000.0,0.0,5688000.0,672376000.0,38.886,-282322000.0
10,RRC,MRQ,2018-12-31,2018-12-31,2018-12-31,2021-07-26,-658000.0,9708154000.0,,602185000.0,9105969000.0,,16.459,-189751000.0,545000.0,545000.0,572393000.0,-1764422000.0,0.798,1.392,3836861000.0,0.0,3836861000.0,3836861000.0,0.0,147909000.0,0.0,0.008,0.02,-1784045000.0,-1636136000.0,-1.525,-1636136000.0,-1784045000.0,-1833206000.0,-7.17,-7.17,-7.17,4059431000.0,,4059431000.0,6548307238.0,-4.0,-7.206,25992000.0,0.105,1.0,500244000.0,0.466,0.0,49161000.0,12789659000.0,,0.0,92795000.0,87953000.0,4842000.0,5648723000.0,754811000.0,4893912000.0,2387764238.0,188000.0,300210000.0,1234000.0,-322873000.0,-4990000.0,-326669000.0,111114000.0,655000.0,215743000.0,0.0,-1764422000.0,-1764422000.0,-1764422000.0,0.0,0.0,-1.645,2273623000.0,-1773379000.0,227344000.0,-0.003,0.588,-1.367,-1.348,9032961000.0,0.0,9.57,0.727,0.718,490723000.0,-1570462000.0,1072637000.0,1072637000.0,10600000.0,,,,,-11495000.0,50090000.0,1.0,249505145.0,246636000.0,244047000.0,4.349,9708154000.0,0.0,-68784000.0,666668000.0,39.362,-152626000.0
11,RRC,MRQ,2018-09-30,2018-09-30,2018-09-30,2021-07-26,-1124000.0,11866136000.0,,422484000.0,11443652000.0,,23.604,-209050000.0,357000.0,357000.0,460995000.0,48539000.0,0.56,1.04,4160900000.0,0.0,4160900000.0,4160900000.0,0.0,164266000.0,0.0,0.005,0.02,127477000.0,291743000.0,0.36,291743000.0,127477000.0,72676000.0,0.19,0.19,0.19,5817288000.0,,5817288000.0,8444979720.0,60.0,10.375,20382000.0,0.083,1.0,350230000.0,0.432,1641197000.0,54801000.0,13631615000.0,,24488000.0,1217000.0,103000.0,1114000.0,6048848000.0,753867000.0,5294981000.0,4238232720.0,-58000.0,23973000.0,2864000.0,-46335000.0,-4990000.0,-48583000.0,-180907000.0,4170000.0,229432000.0,0.0,48539000.0,48539000.0,48539000.0,0.0,0.0,0.06,222753000.0,127477000.0,225874000.0,0.105,0.729,17.724,17.698,9725138000.0,0.0,16.99,1.467,1.449,397536000.0,198950000.0,811225000.0,811225000.0,8299000.0,,,,,7085000.0,43722000.0,1.0,249454545.0,246451000.0,247166000.0,3.292,10224939000.0,0.0,24137000.0,731723000.0,41.489,-331383000.0
12,RRC,MRQ,2018-06-30,2018-06-30,2018-06-30,2021-07-26,-1194000.0,11826077000.0,,384872000.0,11441205000.0,,23.442,-289960000.0,415000.0,415000.0,417885000.0,-79836000.0,0.52,1.052,4207162000.0,0.0,4207162000.0,4207162000.0,0.0,176328000.0,0.0,0.005,0.02,-54492000.0,121836000.0,0.186,121836000.0,-54492000.0,-108354000.0,-0.32,-0.32,-0.32,5764035000.0,,5764035000.0,8250905640.0,-60.0,13.864,-115017000.0,-0.468,1.0,238299000.0,0.363,1641197000.0,53862000.0,13651618000.0,,21967000.0,3295000.0,0.0,3295000.0,6062042000.0,740009000.0,5322033000.0,4169738640.0,-112000.0,326000.0,5014000.0,115503000.0,-4989000.0,115166000.0,-290221000.0,-587000.0,174943000.0,0.0,-79836000.0,-79836000.0,-79836000.0,0.0,0.0,-0.122,292791000.0,-54492000.0,248226000.0,-0.062,0.723,66.305,66.92,9718312000.0,0.0,16.73,1.629,1.607,362490000.0,155432000.0,656184000.0,656184000.0,7499000.0,,,,,15640000.0,47583000.0,1.0,249237217.0,245880000.0,245880000.0,2.669,10184880000.0,0.0,-28518000.0,707563000.0,41.422,-355137000.0
13,RRC,MRQ,2018-03-31,2018-03-31,2018-03-31,2021-07-26,-1263000.0,11730168000.0,,337947000.0,11392221000.0,,23.746,-334235000.0,527000.0,527000.0,348270000.0,49238000.0,0.498,1.01,4081694000.0,0.0,4081694000.0,4081694000.0,0.0,169578000.0,0.0,0.006,0.02,144299000.0,313877000.0,0.423,313877000.0,144299000.0,91914000.0,0.2,0.2,0.2,5834592000.0,,5834592000.0,7722117517.0,83.0,9.642,36337000.0,0.148,1.0,394329000.0,0.531,1641197000.0,52385000.0,13491292000.0,,30064000.0,23132000.0,12908000.0,10224000.0,5895576000.0,678846000.0,5216730000.0,3613759517.0,79000.0,40000.0,635000.0,-28078000.0,-4971000.0,-35073000.0,-335420000.0,-1225000.0,370572000.0,0.0,49238000.0,49238000.0,49238000.0,0.0,0.0,0.066,250030000.0,144299000.0,314819000.0,0.1,0.619,17.024,17.106,9663570000.0,0.0,14.54,1.402,1.386,294448000.0,240257000.0,742599000.0,742599000.0,7719000.0,,,,,18527000.0,68417000.0,1.0,248539169.0,245709000.0,246594000.0,3.022,10088971000.0,0.0,42676000.0,736054000.0,41.061,-340899000.0
14,RRC,MRQ,2017-12-31,2017-12-31,2017-12-31,2021-07-26,-1332000.0,11728841000.0,,429234000.0,11299607000.0,,23.541,-389815000.0,448000.0,448000.0,301109000.0,221185000.0,0.568,1.031,4108806000.0,0.0,4108806000.0,4108806000.0,0.0,162918000.0,0.0,0.005,0.02,-76422000.0,86496000.0,0.127,86496000.0,-76422000.0,-127895000.0,0.89,0.89,0.89,5774272000.0,,5774272000.0,8214689919.0,30.0,8.5,-174093000.0,-0.71,1.0,377923000.0,0.557,1641197000.0,51473000.0,13440529000.0,,21346000.0,58880000.0,58607000.0,273000.0,5954569000.0,755473000.0,5199096000.0,4233256919.0,-81000.0,44885000.0,0.0,136436000.0,-4963000.0,131461000.0,-347264000.0,-2334000.0,215722000.0,0.0,221185000.0,221185000.0,221185000.0,0.0,0.0,0.326,454345000.0,-76422000.0,343871000.0,0.022,0.733,12.707,12.731,9581403000.0,0.0,17.06,1.621,1.601,348833000.0,195990000.0,679032000.0,679032000.0,7893000.0,,,,,26769000.0,80553000.0,1.0,248139327.0,245283000.0,245992000.0,2.768,10087644000.0,0.0,-349080000.0,693356000.0,41.127,-326239000.0
15,RRC,MRQ,2017-09-30,2017-09-30,2017-09-30,2021-07-26,0.0,11637739000.0,,337250000.0,11300489000.0,,22.579,-312124000.0,529000.0,529000.0,300299000.0,-127700000.0,0.502,1.102,3981962000.0,0.0,3981962000.0,3981962000.0,0.0,223428000.0,0.0,0.004,0.02,-150513000.0,72915000.0,0.151,72915000.0,-150513000.0,-199692000.0,-0.52,-0.52,-0.52,5537480000.0,,5537480000.0,8704017152.0,60.0,10.613,-122920000.0,-0.501,1.0,181933000.0,0.377,1641197000.0,49179000.0,13306609000.0,,21379000.0,30688000.0,30176000.0,512000.0,6100259000.0,671366000.0,5428893000.0,4855948152.0,9000.0,295000.0,334000.0,126502000.0,-4962000.0,120980000.0,-310175000.0,1654000.0,189204000.0,0.0,-127700000.0,-127700000.0,-127700000.0,0.0,0.0,-0.265,332446000.0,-150513000.0,317112000.0,-0.038,0.877,-99.613,-97.85,9584380000.0,0.0,19.57,2.222,2.196,285166000.0,-20232000.0,482232000.0,482232000.0,22767000.0,,,,,1985000.0,53035000.0,1.0,248132251.0,245244000.0,245244000.0,1.966,9996542000.0,0.0,-71992000.0,1042889000.0,40.762,-334116000.0
16,RRC,MRQ,2017-06-30,2017-06-30,2017-06-30,2021-07-26,0.0,11621336000.0,,360614000.0,11260722000.0,,23.093,-293580000.0,520000.0,520000.0,288836000.0,69550000.0,0.604,1.053,3848589000.0,0.0,3848589000.0,3848589000.0,0.0,152504000.0,0.0,0.003,0.02,175127000.0,327631000.0,0.487,327631000.0,175127000.0,127201000.0,0.28,0.28,0.28,5661891000.0,,5661891000.0,9474917761.0,33.0,10.904,-108114000.0,-0.441,1.0,384275000.0,0.571,1646710000.0,47926000.0,13225703000.0,,18406000.0,97429000.0,80559000.0,16870000.0,5959445000.0,596992000.0,5362453000.0,5736667761.0,-25000.0,1235000.0,1131000.0,107036000.0,-4963000.0,103006000.0,-288497000.0,3848000.0,185466000.0,0.0,69550000.0,69550000.0,69550000.0,0.0,0.0,0.103,209148000.0,175127000.0,286619000.0,0.071,1.013,155.125,257.444,9521602000.0,0.0,23.17,2.71,2.684,261129000.0,112430000.0,673111000.0,673111000.0,14498000.0,,,,,990000.0,52322000.0,1.0,247590322.0,245177000.0,245335000.0,2.745,9974626000.0,0.0,57651000.0,1114583000.0,40.683,-236378000.0
17,RRC,MRQ,2017-03-31,2017-03-31,2017-03-31,2021-07-26,0.0,11421745000.0,,297537000.0,11124208000.0,,22.818,-217017000.0,545000.0,545000.0,268384000.0,170111000.0,0.471,1.046,3738795000.0,0.0,3738795000.0,3738795000.0,0.0,149821000.0,0.0,0.003,0.02,329607000.0,479428000.0,0.617,479428000.0,329607000.0,282506000.0,0.69,0.69,0.69,5582476000.0,,5582476000.0,10975935420.0,-53.0,31.626,8845000.0,0.036,1.0,508271000.0,0.654,1654292000.0,47101000.0,12874623000.0,,20146000.0,46245000.0,30454000.0,15791000.0,5839269000.0,631080000.0,5208189000.0,7202732420.0,231000.0,26053000.0,3017000.0,-24697000.0,-4951000.0,-32510000.0,-193121000.0,-2157000.0,225862000.0,0.0,170111000.0,170111000.0,170111000.0,0.0,0.0,0.219,178664000.0,329607000.0,299839000.0,0.029,1.29,-27.971,-18.896,9376613000.0,0.0,29.1,4.661,4.607,246392000.0,47843000.0,776655000.0,776655000.0,8504000.0,,,,,962000.0,47496000.0,1.0,247516578.0,244652000.0,244803000.0,3.175,9767453000.0,0.0,112395000.0,1055737000.0,39.924,-333543000.0
18,RRC,MRQ,2016-12-31,2016-12-31,2016-12-31,2021-07-26,0.0,11282245000.0,,281883000.0,11000362000.0,,28.485,-142595000.0,314000.0,314000.0,247875000.0,-160709000.0,0.401,1.086,3773517000.0,0.0,3773517000.0,3773517000.0,0.0,149662000.0,0.0,0.002,0.02,-209541000.0,-59879000.0,-0.236,-59879000.0,-209541000.0,-256290000.0,-0.65,-0.65,-0.65,5408368000.0,,5408368000.0,12318079302.0,-19.0,-184.449,38636000.0,0.203,1.0,5647000.0,0.022,1654292000.0,46749000.0,12698503000.0,,26573000.0,13483000.0,13278000.0,205000.0,5873877000.0,702653000.0,5171224000.0,8491912302.0,-228000.0,1921000.0,2717000.0,-37001000.0,-5028000.0,-39361000.0,-142098000.0,-1424000.0,181231000.0,0.0,-160709000.0,-160709000.0,-160709000.0,0.0,0.0,-0.634,222732000.0,-217085000.0,229190000.0,-0.031,1.57,-16.287,-12.495,9273210000.0,0.0,34.36,7.72,5.931,241718000.0,-117317000.0,253522000.0,253522000.0,13684000.0,,,,,1996000.0,57027000.0,1.0,247145294.0,189868000.0,189868000.0,1.335,9627953000.0,0.0,-95581000.0,943343000.0,50.709,-420770000.0
19,RRC,MRQ,2016-09-30,2016-09-30,2016-09-30,2021-07-26,0.0,11327259000.0,,379210000.0,10948049000.0,,30.223,-104224000.0,542000.0,542000.0,212490000.0,-41971000.0,0.821,1.074,3826709000.0,0.0,3826709000.0,3826709000.0,0.0,131489000.0,0.0,0.003,0.02,-9709000.0,121780000.0,0.295,121780000.0,-9709000.0,-55676000.0,-0.23,-0.23,-0.23,5460813000.0,,5460813000.0,9157580876.0,-11.0,-38.762,-71588000.0,-0.396,1.0,200717000.0,0.486,1630981000.0,45967000.0,13060311000.0,,36445000.0,179820000.0,158340000.0,21480000.0,5866446000.0,462134000.0,5404312000.0,6591001876.0,160000.0,8211000.0,72000.0,64968000.0,-4858000.0,59979000.0,-92455000.0,3558000.0,32636000.0,0.0,-41971000.0,-41971000.0,-41971000.0,0.0,0.0,-0.102,207829000.0,-7112000.0,124348000.0,-0.087,1.207,-9.657,-9.521,9224408000.0,0.0,38.75,5.243,5.569,183883000.0,-52684000.0,413207000.0,413207000.0,6943000.0,,,,,971000.0,41024000.0,1.0,170090371.0,180683000.0,180683000.0,2.287,9696278000.0,0.0,-13705000.0,1176353000.0,53.665,-82924000.0
20,RRC,MRQ,2016-06-30,2016-06-30,2016-06-30,2021-07-26,0.0,6380179000.0,,145712000.0,6234467000.0,,14.749,-138824000.0,382000.0,382000.0,204489000.0,-224936000.0,0.429,1.588,2566961000.0,0.0,2566961000.0,2566961000.0,0.0,122390000.0,0.0,0.003,0.02,-316666000.0,-194276000.0,-1.908,-194276000.0,-316666000.0,-354424000.0,-1.35,-1.35,-1.35,2464927000.0,,2464927000.0,9911358854.0,-8.0,-104.738,-56408000.0,-0.338,1.0,-102692000.0,-1.009,0.0,37758000.0,8607145000.0,,20662000.0,44063000.0,43250000.0,813000.0,3915252000.0,339613000.0,3575639000.0,7322822854.0,-147000.0,77724000.0,8899000.0,-28436000.0,-3401000.0,-23174000.0,-59389000.0,1711000.0,82416000.0,0.0,-224936000.0,-224936000.0,-224936000.0,0.0,0.0,-2.21,210670000.0,-313362000.0,92081000.0,-0.015,2.971,-7.778,-7.635,6157142000.0,0.0,43.14,5.531,5.446,81418000.0,-5855000.0,101797000.0,101797000.0,6785000.0,,,,,42590000.0,46064000.0,1.0,169745546.0,167126000.0,167126000.0,0.609,6380179000.0,0.0,-129488000.0,606482000.0,38.176,-193901000.0
21,RRC,MRQ,2016-03-31,2016-03-31,2016-03-31,2021-07-26,0.0,6705150000.0,,391726000.0,6313424000.0,,16.015,-127143000.0,529000.0,529000.0,191762000.0,-93772000.0,1.158,1.51,2589065000.0,0.0,2589065000.0,2589065000.0,0.0,163601000.0,0.0,0.004,0.02,-98009000.0,65592000.0,0.198,65592000.0,-98009000.0,-135748000.0,-0.56,-0.56,-0.56,2671344000.0,,2671344000.0,8142014538.0,-8.0,71.14,-36358000.0,-0.218,1.0,139651000.0,0.421,0.0,37739000.0,8955452000.0,,25224000.0,266509000.0,261079000.0,5430000.0,4033806000.0,338234000.0,3695572000.0,5491182538.0,58000.0,113079000.0,1414000.0,-70492000.0,-3395000.0,-75834000.0,-14893000.0,-829000.0,90785000.0,0.0,-93772000.0,-93772000.0,-93772000.0,0.0,0.0,-0.283,236017000.0,-96366000.0,133853000.0,-0.036,2.056,-6.575,-6.463,6234616000.0,0.0,32.38,3.744,3.683,104894000.0,222482000.0,331413000.0,331413000.0,4913000.0,,,,,29128000.0,40657000.0,1.0,169585625.0,166803000.0,166803000.0,1.987,6705150000.0,0.0,-41976000.0,735971000.0,40.198,53492000.0
22,RRC,MRQ,2015-12-31,2015-12-31,2015-12-31,2021-07-26,0.0,6900031000.0,,439074000.0,6460957000.0,,16.567,-144647000.0,471000.0,471000.0,184165000.0,-321827000.0,1.248,1.5,2651303000.0,0.0,2651303000.0,2651303000.0,0.0,215918000.0,0.0,0.007,0.04,-445265000.0,-229347000.0,-0.558,-229347000.0,-445265000.0,-486114000.0,-1.93,-1.93,-1.93,2759658000.0,,2759658000.0,7754697800.0,-9.0,27.171,31195000.0,0.187,1.0,226562000.0,0.552,0.0,40849000.0,9199143000.0,,33217000.0,288762000.0,281544000.0,7218000.0,4140373000.0,351720000.0,3788653000.0,4168187800.0,-19000.0,876076000.0,360000.0,-888966000.0,-6775000.0,-903083000.0,727222000.0,-4207000.0,175842000.0,0.0,-321827000.0,-321827000.0,-321827000.0,0.0,0.0,-0.784,264971000.0,-38409000.0,117346000.0,-0.021,1.51,-5.84,-5.737,6380760000.0,0.0,24.61,2.608,2.562,123842000.0,317587000.0,410727000.0,410727000.0,4260000.0,,,,,-9732000.0,43544000.0,1.0,169369679.0,166575000.0,166575000.0,2.466,6900031000.0,0.0,-164287000.0,777947000.0,41.423,87354000.0
23,RRC,MRQ,2015-09-30,2015-09-30,2015-09-30,2021-07-26,0.0,8397904000.0,,423428000.0,7974476000.0,,18.525,-241128000.0,490000.0,490000.0,174359000.0,-300948000.0,0.909,1.722,3587000000.0,0.0,3587000000.0,3587000000.0,0.0,656226000.0,0.0,0.005,0.04,-392825000.0,263401000.0,0.549,263401000.0,-392825000.0,-435729000.0,-1.81,-1.81,-1.81,3084682000.0,,3084682000.0,8903370765.0,184.0,7.72,-95710000.0,-0.575,1.0,305574000.0,0.637,0.0,42904000.0,11518602000.0,,23038000.0,333175000.0,289108000.0,44067000.0,5313222000.0,465812000.0,4847410000.0,5439891765.0,-31000.0,524000.0,754000.0,101696000.0,-6774000.0,95676000.0,-241125000.0,-521000.0,145418000.0,0.0,-300948000.0,-300948000.0,-300948000.0,0.0,0.0,-0.627,675904000.0,-370330000.0,147870000.0,-0.022,1.764,-50.461,-48.667,7814629000.0,0.0,32.12,3.067,3.015,110792000.0,646189000.0,479933000.0,479933000.0,4235000.0,,,,,-30471000.0,46178000.0,1.0,169361512.0,166517000.0,166517000.0,2.882,8397904000.0,0.0,-134781000.0,938691000.0,50.433,-42384000.0
24,RRC,MRQ,2015-06-30,2015-06-30,2015-06-30,2021-07-26,0.0,8805931000.0,,373608000.0,8432323000.0,,20.318,-335612000.0,521000.0,521000.0,166251000.0,-118594000.0,0.737,1.604,3464000000.0,0.0,3464000000.0,3464000000.0,0.0,151895000.0,0.0,0.003,0.04,-137090000.0,14805000.0,0.061,14805000.0,-137090000.0,-180569000.0,-0.71,-0.71,-0.71,3381414000.0,,3381414000.0,11610269594.0,16.0,8.853,-176108000.0,-1.058,1.0,78350000.0,0.32,0.0,43479000.0,11762658000.0,,20914000.0,268821000.0,237167000.0,31654000.0,5424517000.0,506752000.0,4917765000.0,8348788594.0,2000.0,3641000.0,5291000.0,169191000.0,-6775000.0,167707000.0,-327209000.0,4837000.0,159504000.0,0.0,-118594000.0,-118594000.0,-118594000.0,0.0,0.0,-0.485,215440000.0,-137090000.0,206748000.0,-0.056,2.469,24.587,24.446,8272972000.0,0.0,49.38,4.37,4.301,115006000.0,953911000.0,244601000.0,244601000.0,5025000.0,,,,,10574000.0,55964000.0,1.0,169072268.0,166421000.0,166421000.0,1.47,8805931000.0,0.0,-61975000.0,1073473000.0,52.914,-133144000.0
25,RRC,MRQ,2015-03-31,2015-03-31,2015-03-31,2021-07-26,0.0,8844887000.0,,510639000.0,8334248000.0,,21.016,-388578000.0,519000.0,519000.0,158053000.0,27684000.0,0.835,1.535,3262000000.0,0.0,3262000000.0,3262000000.0,0.0,147290000.0,0.0,0.003,0.04,89257000.0,236547000.0,0.511,236547000.0,89257000.0,50050000.0,0.16,0.16,0.16,3489456000.0,,3489456000.0,11862591295.0,10.0,6.628,-177940000.0,-1.072,1.0,304754000.0,0.658,0.0,39207000.0,11495063000.0,,17315000.0,429855000.0,358544000.0,71311000.0,5355431000.0,611305000.0,4744126000.0,8790039295.0,71000.0,10660000.0,1893000.0,171959000.0,-6759000.0,167093000.0,-377660000.0,258000.0,210638000.0,0.0,27684000.0,27684000.0,27684000.0,0.0,0.0,0.06,215497000.0,89257000.0,278248000.0,0.25,2.519,13.963,13.804,8140960000.0,0.0,52.04,3.615,3.554,134261000.0,1079280000.0,462807000.0,462807000.0,7886000.0,,,,,9218000.0,48329000.0,1.0,168909287.0,166039000.0,166066000.0,2.787,8844887000.0,0.0,22366000.0,1135448000.0,53.27,-100666000.0
26,RRC,MRQ,2014-12-31,2014-12-31,2014-12-31,2021-07-26,0.0,8704604000.0,,570292000.0,8134312000.0,,20.84,-401933000.0,448000.0,448000.0,171796000.0,284054000.0,0.892,1.518,3030824000.0,0.0,3030824000.0,3030824000.0,0.0,149572000.0,0.0,0.003,0.04,489002000.0,638574000.0,1.089,638574000.0,489002000.0,450102000.0,1.7,1.69,1.7,3457429000.0,,3457429000.0,12015593822.0,10.0,6.754,-82518000.0,-0.497,1.0,414780000.0,0.707,0.0,38900000.0,11095303000.0,,17854000.0,403363000.0,363049000.0,40314000.0,5247175000.0,639677000.0,4607498000.0,9017061822.0,-20000.0,33382000.0,239000.0,80810000.0,-6748000.0,54083000.0,-373518000.0,-4967000.0,319415000.0,0.0,284054000.0,284054000.0,284054000.0,0.0,0.0,0.484,-74222000.0,489002000.0,396942000.0,0.024,2.608,14.214,14.029,8015154000.0,0.0,53.45,3.717,3.605,188941000.0,1058355000.0,586576000.0,586576000.0,23638000.0,,,,,-19781000.0,52363000.0,1.0,168700876.0,165902000.0,166557000.0,3.536,8704604000.0,0.0,166048000.0,1113081000.0,52.468,-69385000.0
27,RRC,MRQ,2014-09-30,2014-09-30,2014-09-30,2021-07-26,-222000.0,8034450000.0,,236642000.0,7797808000.0,,19.108,-360376000.0,468000.0,468000.0,161385000.0,146418000.0,0.507,1.535,2999000000.0,0.0,2999000000.0,2999000000.0,0.0,142450000.0,0.0,0.002,0.04,279128000.0,421578000.0,0.684,421578000.0,279128000.0,239940000.0,0.87,0.86,0.87,3168917000.0,,3168917000.0,14269090086.0,19.0,10.875,-146961000.0,-0.886,1.0,455230000.0,0.738,0.0,39188000.0,10566570000.0,,16961000.0,61808000.0,44774000.0,17034000.0,4865533000.0,466412000.0,4399121000.0,11439382086.0,176000.0,986000.0,822000.0,152016000.0,-6748000.0,146090000.0,-359329000.0,61000.0,213415000.0,0.0,146418000.0,146418000.0,146418000.0,0.0,0.0,0.237,176102000.0,279128000.0,266702000.0,0.046,3.61,30.223,29.741,7668640000.0,0.0,67.81,5.259,5.17,172429000.0,781049000.0,616615000.0,616615000.0,11443000.0,,,,,-32426000.0,54963000.0,1.0,168697568.0,165841000.0,166460000.0,3.718,8034450000.0,2010000.0,93522000.0,0.0,48.447,-229770000.0
28,RRC,MRQ,2014-06-30,2014-06-30,2014-06-30,2021-07-26,1950000.0,7800558000.0,,247579000.0,7552979000.0,,18.654,-381839000.0,292000.0,292000.0,157363000.0,171389000.0,0.443,1.583,2830000000.0,0.0,2830000000.0,2830000000.0,0.0,158352000.0,0.0,0.002,0.04,334853000.0,493205000.0,0.644,493205000.0,334853000.0,289365000.0,1.04,1.04,1.04,3020174000.0,,3020174000.0,17483944612.0,32.0,15.848,-121537000.0,-0.751,1.0,608161000.0,0.794,0.0,45488000.0,10071396000.0,,18664000.0,10223000.0,5463000.0,4760000.0,4780384000.0,558870000.0,4221514000.0,14249324612.0,46000.0,145846000.0,402879000.0,-420199000.0,-6564000.0,-23884000.0,-236372000.0,-1482000.0,260302000.0,0.0,171389000.0,171389000.0,171389000.0,0.0,0.0,0.224,248712000.0,359449000.0,291107000.0,0.038,4.718,56.712,56.83,7434008000.0,0.0,86.95,7.122,7.037,183749000.0,641379000.0,765524000.0,765524000.0,13621000.0,,,,,35319000.0,56888000.0,1.0,163879524.0,161909000.0,162813000.0,4.728,7800558000.0,39411000.0,117976000.0,0.0,48.179,-311291000.0
29,RRC,MRQ,2014-03-31,2014-03-31,2014-03-31,2021-07-26,4996000.0,7482775000.0,,279345000.0,7203430000.0,,15.235,-280105000.0,246000.0,246000.0,159763000.0,32521000.0,0.509,2.055,3234866000.0,0.0,3234866000.0,3234866000.0,0.0,128682000.0,0.0,0.002,0.04,96879000.0,225561000.0,0.493,225561000.0,96879000.0,51478000.0,0.2,0.2,0.2,2449681000.0,,2449681000.0,16721279386.0,33.0,16.437,-98884000.0,-0.615,1.0,297579000.0,0.651,0.0,45401000.0,10168860000.0,,17353000.0,139788000.0,80000.0,139708000.0,5033094000.0,548535000.0,4484559000.0,13581111386.0,-102000.0,294000.0,8586000.0,92878000.0,-6550000.0,94914000.0,-276237000.0,3574000.0,181221000.0,0.0,32521000.0,32521000.0,32521000.0,0.0,0.0,0.071,200700000.0,96879000.0,273756000.0,0.2,5.544,60.67,60.562,6944735000.0,0.0,82.97,7.116,6.99,221304000.0,476554000.0,457342000.0,457342000.0,14846000.0,,,,,12593000.0,49212000.0,1.0,163687012.0,160794000.0,161825000.0,2.844,7482775000.0,40362000.0,18957000.0,0.0,46.536,-269190000.0
30,RRC,MRQ,2013-12-31,2013-12-31,2013-12-31,2021-07-26,6236000.0,7299086000.0,,248301000.0,7050785000.0,,15.038,-314996000.0,348000.0,348000.0,154162000.0,28171000.0,0.501,2.023,3140516000.0,0.0,3140516000.0,3140516000.0,0.0,126958000.0,0.0,0.002,0.04,44803000.0,171761000.0,0.512,171761000.0,44803000.0,-152000.0,0.17,0.17,0.17,2414452000.0,,2414452000.0,16844989759.0,52.0,20.386,-74324000.0,-0.463,1.0,181633000.0,0.541,0.0,44955000.0,9943693000.0,,12451000.0,142688000.0,4421000.0,138267000.0,4884634000.0,495561000.0,4389073000.0,13778074759.0,93000.0,3774000.0,4354000.0,73906000.0,-6536000.0,71724000.0,-312303000.0,-4880000.0,240672000.0,0.0,28171000.0,28171000.0,28171000.0,0.0,0.0,0.084,136830000.0,44803000.0,258431000.0,0.235,5.707,119.062,118.746,6791221000.0,0.0,84.31,7.782,7.64,179667000.0,450583000.0,335795000.0,335795000.0,14065000.0,,,,,45211000.0,60207000.0,1.0,163421596.0,160558000.0,161665000.0,2.091,7299086000.0,51414000.0,-28323000.0,771980000.0,45.461,-247260000.0
31,RRC,MRQ,2013-09-30,2013-09-30,2013-09-30,2021-07-26,19733000.0,7030630000.0,,222732000.0,6807898000.0,,14.897,-360152000.0,255000.0,255000.0,154436000.0,19178000.0,0.491,1.94,3067170000.0,0.0,3067170000.0,3067170000.0,0.0,137355000.0,0.0,0.002,0.04,75365000.0,212720000.0,0.481,212720000.0,75365000.0,31044000.0,0.12,0.12,0.12,2391001000.0,,2391001000.0,15348703492.0,38.0,16.51,-137175000.0,-0.855,1.0,287602000.0,0.651,0.0,44321000.0,9643962000.0,,12898000.0,127236000.0,0.0,127236000.0,4639629000.0,453583000.0,4186046000.0,12400152492.0,-29000.0,15680000.0,2836000.0,123735000.0,-6536000.0,120035000.0,-343041000.0,1431000.0,222977000.0,0.0,19178000.0,19178000.0,19178000.0,0.0,0.0,0.043,212237000.0,75365000.0,251635000.0,0.333,5.186,88.249,88.244,6542218000.0,0.0,75.89,6.552,6.436,151407000.0,428948000.0,442038000.0,442038000.0,20496000.0,,,,,10862000.0,44919000.0,1.0,163396396.0,160500000.0,161374000.0,2.754,7030630000.0,2179000.0,11866000.0,0.0,43.805,-230851000.0
32,RRC,MRQ,2013-06-30,2013-06-30,2013-06-30,2021-07-26,36888000.0,6930182000.0,,273448000.0,6656734000.0,,14.859,-352708000.0,284000.0,284000.0,126459000.0,143983000.0,0.542,1.905,2948835000.0,0.0,2948835000.0,2948835000.0,0.0,120736000.0,0.0,0.002,0.04,286548000.0,407284000.0,0.605,407284000.0,286548000.0,241477000.0,0.88,0.88,0.88,2385783000.0,,2385783000.0,15545083427.0,53.0,19.374,-274068000.0,-1.707,1.0,546897000.0,0.812,0.0,45071000.0,9374357000.0,,16131000.0,132115000.0,0.0,132115000.0,4544399000.0,504376000.0,4040023000.0,12608772427.0,90000.0,257872000.0,1059000.0,14014000.0,-6536000.0,8537000.0,-87087000.0,7749000.0,78640000.0,0.0,143983000.0,143983000.0,143983000.0,0.0,0.0,0.214,248069000.0,298828000.0,303618000.0,0.045,5.285,186.799,193.3,6369998000.0,0.0,77.32,7.203,7.093,159981000.0,416306000.0,673356000.0,673356000.0,13068000.0,,,,,8334000.0,101987000.0,1.0,163072587.0,160565000.0,161414000.0,4.194,6930182000.0,0.0,97494000.0,0.0,43.161,-230928000.0
33,RRC,MRQ,2013-03-31,2013-03-31,2013-03-31,2021-07-26,56051000.0,6866531000.0,,370640000.0,6495891000.0,,14.098,-269466000.0,194000.0,194000.0,126302000.0,-75610000.0,0.61,2.042,2936505000.0,0.0,2936505000.0,2936505000.0,0.0,115101000.0,0.0,0.002,0.04,-80580000.0,34521000.0,0.108,34521000.0,-80580000.0,-122790000.0,-0.47,-0.47,-0.47,2257392000.0,,2257392000.0,16074690335.0,110.0,25.06,-68217000.0,-0.426,1.0,192937000.0,0.604,0.0,42210000.0,9195179000.0,,16600000.0,129954000.0,0.0,129954000.0,4609139000.0,607663000.0,4001476000.0,13196757335.0,-58000.0,38196000.0,12775000.0,33444000.0,-6521000.0,39698000.0,-241005000.0,-9735000.0,201249000.0,0.0,-75610000.0,-75610000.0,-75610000.0,0.0,0.0,-0.237,273517000.0,-80580000.0,363273000.0,-0.085,5.846,-634.216,-578.857,6222247000.0,0.0,81.04,8.648,8.504,152670000.0,278859000.0,319239000.0,319239000.0,16780000.0,,,,,54991000.0,84058000.0,1.0,162842514.0,160125000.0,160125000.0,1.994,6866531000.0,12646000.0,-47180000.0,0.0,42.882,-237023000.0
34,RRC,MRQ,2012-12-31,2012-12-31,2012-12-31,2021-07-26,83909000.0,6728735000.0,,327614000.0,6401121000.0,,14.749,-365191000.0,252000.0,252000.0,100370000.0,52962000.0,0.72,1.854,2878185000.0,0.0,2878185000.0,2878185000.0,0.0,147489000.0,0.0,0.003,0.04,127634000.0,275123000.0,0.601,275123000.0,127634000.0,82926000.0,0.33,0.33,0.33,2357392000.0,,2357392000.0,13067705987.0,67.0,19.37,-179215000.0,-1.121,1.0,357668000.0,0.781,0.0,44708000.0,9151525000.0,,22315000.0,285716000.0,137552000.0,148164000.0,4371343000.0,455143000.0,3916200000.0,10217987987.0,101000.0,136137000.0,6245000.0,33250000.0,-6506000.0,32989000.0,-218864000.0,10190000.0,185976000.0,0.0,52962000.0,52962000.0,52962000.0,0.0,0.0,0.116,218971000.0,138697000.0,234651000.0,0.121,4.334,785.878,785.375,6137751000.0,0.0,62.83,7.01,6.872,167495000.0,360990000.0,458038000.0,458038000.0,18022000.0,,,,,1563000.0,46582000.0,1.0,162629126.0,159833000.0,163337000.0,2.866,6728735000.0,0.0,29964000.0,0.0,42.099,-127529000.0
35,RRC,MRQ,2012-09-30,2012-09-30,2012-09-30,2021-07-26,67297000.0,6657720000.0,,270535000.0,6387185000.0,,14.3,-398220000.0,151000.0,151000.0,94934000.0,-53836000.0,0.496,1.918,2849869000.0,0.0,2849869000.0,2849869000.0,0.0,124340000.0,0.0,0.002,0.04,-38913000.0,85427000.0,0.285,85427000.0,-38913000.0,-82910000.0,-0.34,-0.34,-0.34,2281827000.0,,2281827000.0,13976258828.0,142.0,26.443,-220043000.0,-1.379,1.0,204846000.0,0.683,0.0,43997000.0,8961694000.0,,18423000.0,135867000.0,0.0,135867000.0,4375893000.0,545744000.0,3830149000.0,11352854828.0,-7000.0,16462000.0,11554000.0,206753000.0,-6503000.0,211804000.0,-389988000.0,-8230000.0,178177000.0,0.0,-53836000.0,-53836000.0,-53836000.0,0.0,0.0,-0.18,243759000.0,-38913000.0,318492000.0,-0.118,4.975,-264.333,-249.536,6102369000.0,0.0,69.87,8.655,8.499,120120000.0,314534000.0,299780000.0,299780000.0,14752000.0,,,,,32232000.0,44497000.0,1.0,162485399.0,159563000.0,159563000.0,1.879,6657720000.0,0.0,-29074000.0,0.0,41.725,-275209000.0
36,RRC,MRQ,2012-06-30,2012-06-30,2012-06-30,2021-07-26,157038000.0,6543894000.0,,372343000.0,6171551000.0,,15.16,-478211000.0,158000.0,158000.0,90062000.0,55676000.0,0.689,1.708,2623562000.0,0.0,2623562000.0,2623562000.0,0.0,108802000.0,0.0,0.003,0.04,137571000.0,246373000.0,0.549,246373000.0,137571000.0,94683000.0,0.34,0.34,0.34,2416721000.0,,2416721000.0,12299711137.0,54.0,18.444,-351242000.0,-2.203,1.0,358869000.0,0.799,0.0,42888000.0,8626798000.0,,15997000.0,135825000.0,0.0,135825000.0,4127173000.0,540500000.0,3586673000.0,10034349137.0,-122740000.0,5768000.0,8473000.0,224164000.0,-6499000.0,226138000.0,-475847000.0,-3404000.0,126969000.0,0.0,55676000.0,55676000.0,55676000.0,0.0,0.0,0.124,221298000.0,137571000.0,266412000.0,0.118,4.152,219.849,220.964,5817658000.0,0.0,61.87,7.258,7.134,104952000.0,374873000.0,448931000.0,448931000.0,15517000.0,,,,,23833000.0,44005000.0,1.0,162184405.0,159412000.0,160030000.0,2.816,6543894000.0,0.0,39007000.0,0.0,41.05,-168157000.0
37,RRC,MRQ,2012-03-31,2012-03-31,2012-03-31,2021-07-26,200159000.0,6277945000.0,,462879000.0,5815066000.0,,15.059,-452833000.0,122898000.0,122898000.0,110538000.0,-41800000.0,0.835,1.623,2388260000.0,0.0,2388260000.0,2388260000.0,0.0,100151000.0,0.0,0.003,0.04,-32438000.0,67713000.0,0.27,67713000.0,-32438000.0,-69643000.0,-0.26,-0.26,-0.26,2393089000.0,,2393089000.0,11378958255.0,55.0,18.527,-296856000.0,-1.868,1.0,140417000.0,0.56,0.0,37205000.0,7988772000.0,,14589000.0,137873000.0,0.0,137873000.0,3884856000.0,554535000.0,3330321000.0,9404083255.0,122806000.0,9852000.0,2434000.0,414727000.0,-6473000.0,410688000.0,-443859000.0,-878000.0,155977000.0,0.0,-41800000.0,-41800000.0,-41800000.0,0.0,0.0,-0.167,172855000.0,-32438000.0,300284000.0,-0.154,3.93,227.928,223.615,5489585000.0,0.0,58.14,7.411,7.281,108884000.0,325696000.0,250955000.0,250955000.0,21516000.0,,,,,2508000.0,38729000.0,1.0,161748938.0,158913000.0,158913000.0,1.579,6277945000.0,0.0,-27843000.0,0.0,39.506,-91656000.0
38,RRC,MRQ,2011-12-31,2011-12-31,2011-12-31,2021-07-26,156627000.0,5845470000.0,,315263000.0,5530207000.0,,15.102,-420834000.0,92000.0,92000.0,78400000.0,-2989000.0,0.616,1.443,1974967000.0,0.0,1974967000.0,1974967000.0,0.0,97092000.0,0.0,0.003,0.04,31931000.0,129023000.0,0.413,129023000.0,31931000.0,-2778000.0,-0.02,-0.28,-0.02,2392420000.0,,2392420000.0,11723977695.0,54.0,19.588,-237542000.0,-1.499,1.0,233653000.0,0.749,0.0,34709000.0,7308413000.0,,14070000.0,138130000.0,0.0,138130000.0,3453050000.0,511932000.0,2941118000.0,9988183695.0,-51792000.0,13662000.0,1055000.0,175288000.0,-6451000.0,169892000.0,-404976000.0,2196000.0,183292000.0,0.0,-2989000.0,-2989000.0,-2989000.0,164000.0,0.0,-0.01,201558000.0,32095000.0,311369000.0,-2.0,4.175,172.133,172.056,5210244000.0,0.0,61.94,8.116,7.954,127180000.0,373969000.0,312053000.0,312053000.0,24982000.0,,,,,20220000.0,42205000.0,1.0,161255791.0,158417000.0,160947000.0,1.97,5845470000.0,0.0,211000.0,0.0,36.899,-196669000.0
39,RRC,MRQ,2011-09-30,2011-09-30,2011-09-30,2021-07-26,86209000.0,5476478000.0,,290770000.0,5185708000.0,,14.693,-404143000.0,51884000.0,51884000.0,69576000.0,34755000.0,0.715,1.357,1787678000.0,0.0,1787678000.0,1787678000.0,0.0,132300000.0,0.0,0.003,0.04,91476000.0,223776000.0,0.604,223776000.0,91476000.0,57295000.0,0.22,0.22,0.22,2323753000.0,,2323753000.0,10914050836.0,-94.0,45.64,-265303000.0,-1.677,1.0,301060000.0,0.812,0.0,34181000.0,6805345000.0,,13600000.0,136244000.0,0.0,136244000.0,3152725000.0,406927000.0,2745798000.0,9415491836.0,-236955000.0,16855000.0,5112000.0,17788000.0,-6445000.0,16455000.0,-392250000.0,-4962000.0,138840000.0,0.0,34755000.0,34755000.0,34755000.0,-1569000.0,0.0,0.094,211157000.0,89903000.0,299097000.0,0.182,4.052,-36.678,-35.646,4901099000.0,0.0,58.46,7.878,7.735,86172000.0,383409000.0,370636000.0,370636000.0,17606000.0,,,,,18598000.0,35907000.0,1.0,161058704.0,158154000.0,159322000.0,2.344,5476478000.0,0.0,22540000.0,0.0,34.628,-116157000.0
40,RRC,MRQ,2011-06-30,2011-06-30,2011-06-30,2021-07-26,45940000.0,5309907000.0,,443888000.0,4866019000.0,,14.209,-336571000.0,288839000.0,288839000.0,64725000.0,51293000.0,1.261,1.365,1787398000.0,0.0,1787398000.0,1787398000.0,0.0,78294000.0,0.0,0.003,0.04,115379000.0,193673000.0,0.578,193673000.0,115379000.0,83996000.0,0.32,0.32,0.32,2244927000.0,,2244927000.0,11084200174.0,-58.0,109.673,-167688000.0,-1.061,1.0,270570000.0,0.807,0.0,31383000.0,6456426000.0,,11912000.0,139935000.0,0.0,139935000.0,3064980000.0,352040000.0,2712940000.0,8919065174.0,287158000.0,8212000.0,3556000.0,-399915000.0,-6440000.0,-402799000.0,521074000.0,491000.0,168883000.0,0.0,51293000.0,51293000.0,51293000.0,-5517000.0,0.0,0.153,142128000.0,128442000.0,246549000.0,0.125,3.973,-29.767,-29.058,4609811000.0,0.0,55.5,8.746,8.599,66772000.0,355099000.0,335295000.0,335295000.0,11592000.0,,,,,7511000.0,39120000.0,1.0,160703877.0,157997000.0,158833000.0,2.122,5309907000.0,6340000.0,32703000.0,0.0,33.608,91848000.0
41,RRC,MRQ,2011-03-31,2011-03-31,2011-03-31,2021-07-26,43694000.0,5615247000.0,,1015936000.0,4599311000.0,,13.86,-276104000.0,1681000.0,1681000.0,60678000.0,-25033000.0,2.899,1.572,2166816000.0,0.0,2166816000.0,2166816000.0,0.0,72216000.0,0.0,0.003,0.04,-20151000.0,52065000.0,0.245,52065000.0,-20151000.0,-44930000.0,-0.16,-0.16,-0.16,2183618000.0,,2183618000.0,11340015186.0,-43.0,655.758,-135482000.0,-0.86,1.0,151980000.0,0.715,0.0,24779000.0,7429910000.0,,18605000.0,142353000.0,0.0,142353000.0,3431629000.0,350472000.0,3081157000.0,9382327186.0,-1167000.0,15197000.0,3795000.0,132665000.0,-6420000.0,130040000.0,-271829000.0,-2703000.0,140622000.0,0.0,-25033000.0,-25033000.0,-25033000.0,-8398000.0,0.0,-0.118,180529000.0,-28549000.0,245446000.0,-0.25,4.297,-27.444,-26.94,4356110000.0,0.0,58.46,10.715,10.518,75530000.0,310246000.0,212658000.0,212658000.0,27187000.0,,,,,40650000.0,33959000.0,1.0,160491399.0,157545000.0,157545000.0,1.35,5615247000.0,1639000.0,-19897000.0,0.0,35.642,665464000.0
42,RRC,MRQ,2010-12-31,2010-12-31,2010-12-31,2021-07-26,67470000.0,5511714000.0,,1113570000.0,4398144000.0,,14.149,-241760000.0,2848000.0,2848000.0,107329000.0,-317719000.0,2.51,1.479,1960536000.0,0.0,1960536000.0,1960536000.0,0.0,72888000.0,0.0,0.004,0.04,-303268000.0,-230380000.0,-0.833,-230380000.0,-303268000.0,-328368000.0,-2.02,-2.02,-2.02,2223761000.0,,2223761000.0,9049211429.0,-93.0,49.164,-127306000.0,-0.81,1.0,169313000.0,0.612,0.0,25100000.0,7025712000.0,,21352000.0,155105000.0,0.0,155105000.0,3287953000.0,443690000.0,2844263000.0,7200029429.0,770000.0,311000.0,437000.0,165326000.0,-6404000.0,159359000.0,-273043000.0,3313000.0,114454000.0,0.0,-317719000.0,-317719000.0,-317719000.0,308412000.0,0.0,-1.148,164169000.0,5144000.0,289109000.0,-0.02,3.238,-30.093,-29.399,4158062000.0,0.0,44.98,7.489,7.34,88536000.0,341699000.0,276642000.0,276642000.0,16722000.0,,,,,24651000.0,40042000.0,1.0,160071797.0,157165000.0,158233000.0,1.76,5511714000.0,0.0,-10649000.0,0.0,35.07,669880000.0
43,RRC,MRQ,2010-09-30,2010-09-30,2010-09-30,2021-07-26,99988000.0,5837165000.0,,276963000.0,5560202000.0,,16.392,-282690000.0,2078000.0,2078000.0,32438000.0,-8168000.0,0.731,1.267,1851260000.0,0.0,1851260000.0,1851260000.0,0.0,69729000.0,0.0,0.004,0.04,15979000.0,85708000.0,0.439,85708000.0,15979000.0,-7384000.0,-0.05,-0.05,-0.05,2575270000.0,,2575270000.0,7794642524.0,32.0,17.372,-144259000.0,-0.918,1.0,162717000.0,0.834,0.0,23363000.0,7307700000.0,,23699000.0,152269000.0,0.0,152269000.0,3261895000.0,378647000.0,2883248000.0,6101938524.0,-164780000.0,8822000.0,367000.0,-899000.0,-6402000.0,-6934000.0,-296277000.0,-199000.0,138431000.0,0.0,-8168000.0,-8168000.0,-8168000.0,10821000.0,0.0,-0.042,130566000.0,32151000.0,232332000.0,-0.8,2.369,98.919,95.325,5273753000.0,0.0,38.13,7.235,7.103,97601000.0,665822000.0,195155000.0,195155000.0,15225000.0,,,,,4447000.0,36523000.0,1.0,160029859.0,157109000.0,158184000.0,1.242,5837165000.0,0.0,784000.0,0.0,37.154,-101684000.0
44,RRC,MRQ,2010-06-30,2010-06-30,2010-06-30,2021-07-26,42622000.0,5762845000.0,,373412000.0,5389433000.0,,16.113,-339682000.0,166858000.0,166858000.0,26834000.0,9052000.0,1.062,1.281,1859562000.0,0.0,1859562000.0,1859562000.0,0.0,67814000.0,0.0,0.004,0.04,42086000.0,109900000.0,0.575,109900000.0,42086000.0,20815000.0,0.06,0.06,0.06,2526839000.0,,2526839000.0,7852436603.0,37.0,17.616,-232119000.0,-1.48,1.0,164341000.0,0.86,0.0,21271000.0,7103928000.0,,21391000.0,150748000.0,0.0,150748000.0,3236006000.0,351621000.0,2884385000.0,6400756603.0,-119656000.0,16984000.0,4015000.0,112777000.0,-6395000.0,110397000.0,-337616000.0,-180000.0,107563000.0,0.0,9052000.0,9052000.0,9052000.0,8594000.0,0.0,0.047,113661000.0,50680000.0,254405000.0,0.667,2.533,159.875,154.423,5136320000.0,0.0,40.15,7.514,7.391,101299000.0,680392000.0,191175000.0,191175000.0,14420000.0,,,,,-1411000.0,35836000.0,1.0,159421086.0,156820000.0,158472000.0,1.219,5762845000.0,0.0,11763000.0,0.0,36.748,21791000.0
45,RRC,MRQ,2010-03-31,2010-03-31,2010-03-31,2021-07-26,58250000.0,5642101000.0,,560946000.0,5081155000.0,,16.209,-180175000.0,286514000.0,286514000.0,28378000.0,77579000.0,1.66,1.226,1738194000.0,0.0,1738194000.0,1738194000.0,0.0,71312000.0,0.0,0.003,0.04,147522000.0,218834000.0,0.733,218834000.0,147522000.0,126591000.0,0.5,0.5,0.5,2534936000.0,,2534936000.0,9166075256.0,67.0,23.4,-27301000.0,-0.175,1.0,270047000.0,0.905,0.0,20931000.0,6755875000.0,,21743000.0,147662000.0,0.0,147662000.0,3107165000.0,337906000.0,2769259000.0,7459009256.0,285747000.0,301648000.0,6330000.0,24838000.0,-6373000.0,24795000.0,108078000.0,-1077000.0,152874000.0,0.0,77579000.0,77579000.0,77579000.0,127000.0,0.0,0.26,122398000.0,147649000.0,214854000.0,0.08,2.942,-838.185,-781.167,4823366000.0,0.0,46.87,8.868,8.714,113467000.0,677735000.0,298425000.0,298425000.0,14139000.0,,,,,7277000.0,28170000.0,1.0,159142506.0,156393000.0,160292000.0,1.908,5642101000.0,0.0,49012000.0,0.0,36.076,223040000.0
46,RRC,MRQ,2009-12-31,2009-12-31,2009-12-31,2021-07-26,6421000.0,5395881000.0,,175280000.0,5220601000.0,,15.318,37344000.0,767000.0,767000.0,36071000.0,-16777000.0,0.558,1.269,1707833000.0,0.0,1707833000.0,1707833000.0,0.0,-2163000.0,0.0,0.003,0.04,36420000.0,34257000.0,0.216,34257000.0,36420000.0,47976000.0,-0.11,-0.11,-0.11,2378589000.0,,2378589000.0,9643657959.0,144.0,28.765,185251000.0,1.193,1.0,122585000.0,0.773,0.0,-11556000.0,6788843000.0,,21292000.0,146809000.0,0.0,146809000.0,3017292000.0,314104000.0,2703188000.0,7863036959.0,-92000.0,51846000.0,5713000.0,-58680000.0,-6326000.0,-59293000.0,-88706000.0,15561000.0,147907000.0,0.0,-16777000.0,-16777000.0,-16777000.0,92850000.0,0.0,-0.106,-6685000.0,129270000.0,214548000.0,-0.364,3.306,-145.963,-142.429,4990654000.0,0.0,49.85,9.599,9.403,123622000.0,606529000.0,158656000.0,158656000.0,8667000.0,,,,,14558000.0,31378000.0,1.0,157733941.0,155285000.0,172341000.0,1.022,5395881000.0,8054000.0,64753000.0,0.0,34.748,-138824000.0
47,RRC,MRQ,2009-09-30,2009-09-30,2009-09-30,2021-07-26,19402000.0,5396382000.0,,197176000.0,5199206000.0,,15.424,-167890000.0,859000.0,859000.0,38711000.0,-29818000.0,0.8,1.262,1781480000.0,0.0,1781480000.0,1781480000.0,0.0,97208000.0,0.0,0.003,0.04,-14446000.0,82762000.0,0.406,82762000.0,-14446000.0,-45079000.0,-0.19,-0.19,-0.19,2385329000.0,,2385329000.0,9546116836.0,51.0,17.68,7444000.0,0.048,1.0,164930000.0,0.81,0.0,30633000.0,6930639000.0,,20735000.0,151824000.0,0.0,151824000.0,3011053000.0,246364000.0,2764689000.0,7762134836.0,-1293000.0,108000.0,4500000.0,-4716000.0,-6302000.0,-6518000.0,-170109000.0,-1852000.0,175334000.0,0.0,-29818000.0,-29818000.0,-29818000.0,0.0,0.0,-0.146,179376000.0,-14446000.0,135881000.0,-0.211,3.254,137.376,133.405,4966217000.0,0.0,49.36,7.721,7.593,97172000.0,629632000.0,203641000.0,203641000.0,10902000.0,,,,,26050000.0,29928000.0,1.0,157255568.0,154653000.0,154653000.0,1.317,5396382000.0,0.0,-15261000.0,0.0,34.893,-49188000.0
48,RRC,MRQ,2009-06-30,2009-06-30,2009-06-30,2021-07-26,54868000.0,5435999000.0,,293252000.0,5142747000.0,,15.823,-148435000.0,2152000.0,2152000.0,42392000.0,-39883000.0,1.236,1.225,1786134000.0,0.0,1786134000.0,1786134000.0,0.0,88713000.0,0.0,0.004,0.04,-32854000.0,55859000.0,0.31,55859000.0,-32854000.0,-62409000.0,-0.26,-0.26,-0.26,2442826000.0,,2442826000.0,8386690698.0,12.0,8.248,-29162000.0,-0.189,1.0,138040000.0,0.765,0.0,29555000.0,6982715000.0,,22179000.0,150979000.0,0.0,150979000.0,2993173000.0,237266000.0,2755907000.0,6482676698.0,1396000.0,181837000.0,3746000.0,-150446000.0,-6284000.0,-152984000.0,35107000.0,-7126000.0,119273000.0,0.0,-39883000.0,-39883000.0,-39883000.0,0.0,0.0,-0.221,170894000.0,-32854000.0,131436000.0,-0.154,2.654,17.461,17.041,4916633000.0,0.0,41.41,4.551,4.488,99065000.0,665752000.0,180432000.0,180432000.0,11368000.0,,,,,11630000.0,29103000.0,1.0,156548580.0,154389000.0,154389000.0,1.169,5435999000.0,0.0,-22526000.0,0.0,35.21,55986000.0
49,RRC,MRQ,2009-03-31,2009-03-31,2009-03-31,2021-07-26,91355000.0,5715258000.0,,412563000.0,5302695000.0,,16.319,-249734000.0,756000.0,756000.0,43798000.0,32608000.0,1.314,1.278,1904770000.0,0.0,1904770000.0,1904770000.0,0.0,84320000.0,0.0,0.004,0.04,78064000.0,162384000.0,0.587,162384000.0,78064000.0,51435000.0,0.21,0.21,0.21,2508571000.0,,2508571000.0,8219366925.0,12.0,8.178,-100573000.0,-0.654,1.0,232639000.0,0.842,0.0,26629000.0,7305302000.0,,22052000.0,152132000.0,0.0,152132000.0,3206687000.0,313970000.0,2892717000.0,6429451925.0,3000.0,285000.0,5924000.0,101274000.0,-6257000.0,100941000.0,-250099000.0,-898000.0,149161000.0,0.0,32608000.0,32608000.0,32608000.0,0.0,0.0,0.118,154575000.0,78064000.0,197457000.0,0.19,2.563,16.973,16.664,5084847000.0,0.0,41.16,4.606,4.533,110372000.0,718410000.0,276437000.0,276437000.0,13339000.0,,,,,21164000.0,24910000.0,1.0,156206315.0,153719000.0,157231000.0,1.798,5715258000.0,0.0,18827000.0,0.0,37.18,98593000.0
50,RRC,MRQ,2008-12-31,2008-12-31,2008-12-31,2021-07-26,77507000.0,5551879000.0,,404311000.0,5147568000.0,,16.022,-351963000.0,753000.0,753000.0,45743000.0,93596000.0,1.144,1.265,1790668000.0,0.0,1790668000.0,1790668000.0,0.0,80893000.0,0.0,0.005,0.04,158054000.0,238947000.0,0.693,238947000.0,158054000.0,130667000.0,0.61,0.6,0.61,2451342000.0,,2451342000.0,6989186316.0,11.0,7.4,-127584000.0,-0.834,1.0,299119000.0,0.867,0.0,27387000.0,6988280000.0,,19927000.0,147126000.0,0.0,147126000.0,3100537000.0,353514000.0,2747023000.0,5341992316.0,488000.0,1538000.0,2693000.0,123635000.0,-6221000.0,120107000.0,-343998000.0,-367000.0,224379000.0,0.0,93596000.0,93596000.0,93596000.0,0.0,0.0,0.271,141065000.0,158054000.0,250640000.0,0.066,2.179,15.218,14.823,4928274000.0,0.0,34.39,4.033,3.923,162201000.0,685568000.0,344862000.0,344862000.0,12486000.0,,,,,-6792000.0,26308000.0,1.0,155335630.0,153003000.0,156084000.0,2.254,5551879000.0,0.0,37071000.0,0.0,36.286,50797000.0
51,RRC,MRQ,2008-09-30,2008-09-30,2008-09-30,2021-07-26,-31321000.0,5271194000.0,,315356000.0,4955838000.0,,14.754,-568691000.0,265000.0,265000.0,51742000.0,284950000.0,0.746,1.339,1647459000.0,0.0,1647459000.0,1647459000.0,0.0,76690000.0,0.0,0.004,0.04,482899000.0,559589000.0,0.899,559589000.0,482899000.0,457526000.0,1.87,1.81,1.87,2253953000.0,,2253953000.0,7952507583.0,14.0,9.518,-313165000.0,-2.05,1.0,570928000.0,0.917,0.0,25373000.0,6495900000.0,,15869000.0,140394000.0,0.0,140394000.0,3017241000.0,422488000.0,2594753000.0,6649224583.0,192000.0,33000.0,-1839000.0,361694000.0,-6208000.0,353647000.0,-608981000.0,-167000.0,255526000.0,0.0,284950000.0,284950000.0,284950000.0,0.0,0.0,0.458,88029000.0,482899000.0,301992000.0,0.021,2.95,24.149,23.817,4740218000.0,0.0,42.87,5.534,5.451,246682000.0,604604000.0,622670000.0,622670000.0,19149000.0,,,,,-30188000.0,24650000.0,1.0,155102043.0,152765000.0,157729000.0,4.076,5271194000.0,28582000.0,172576000.0,744070000.0,34.505,-107132000.0
52,RRC,MRQ,2008-06-30,2008-06-30,2008-06-30,2021-07-26,-279428000.0,4879656000.0,,438111000.0,4441545000.0,,11.434,-618173000.0,73000.0,73000.0,53284000.0,-32355000.0,0.502,1.831,1303356000.0,0.0,1303356000.0,1303356000.0,0.0,72115000.0,0.0,0.002,0.04,-28009000.0,44106000.0,0.291,44106000.0,-28009000.0,-51851000.0,-0.22,-0.22,-0.22,1723855000.0,,1723855000.0,11291272710.0,62.0,25.274,-479614000.0,-3.181,1.0,98519000.0,0.649,0.0,23842000.0,5310563000.0,,40371000.0,127812000.0,0.0,127812000.0,3155801000.0,872376000.0,2283425000.0,9851605710.0,-17000.0,336727000.0,288602000.0,-127415000.0,-6193000.0,154994000.0,-293570000.0,-1324000.0,138559000.0,0.0,-32355000.0,-32355000.0,-32355000.0,0.0,0.0,-0.213,126528000.0,-28009000.0,273083000.0,-0.182,5.715,199.789,198.606,4233711000.0,0.0,65.54,11.997,12.034,253512000.0,325488000.0,151803000.0,151803000.0,19462000.0,,,,,16390000.0,23938000.0,1.0,150314399.0,150772000.0,150772000.0,1.007,4879656000.0,142552000.0,-19496000.0,535575000.0,32.364,-434265000.0
53,RRC,MRQ,2008-03-31,2008-03-31,2008-03-31,2021-07-26,-110533000.0,4487695000.0,,273033000.0,4214662000.0,,11.127,-213957000.0,90000.0,90000.0,46790000.0,1740000.0,0.544,1.73,1439757000.0,0.0,1439757000.0,1439757000.0,0.0,70133000.0,0.0,0.002,0.04,32362000.0,102495000.0,0.499,102495000.0,32362000.0,9216000.0,0.01,0.01,0.01,1643998000.0,,1643998000.0,10658025006.0,33.0,18.691,-7654000.0,-0.052,1.0,158548000.0,0.772,0.0,23146000.0,5425306000.0,,9381000.0,114766000.0,0.0,114766000.0,2843697000.0,502056000.0,2341641000.0,9511385006.0,-3928000.0,-270067000.0,3704000.0,277296000.0,-6003000.0,274997000.0,-485228000.0,-1204000.0,206303000.0,0.0,1740000.0,1740000.0,1740000.0,0.0,0.0,0.008,126186000.0,32362000.0,234008000.0,4.0,5.786,65.204,64.091,4026160000.0,0.0,63.45,10.419,10.269,195013000.0,366263000.0,205338000.0,205338000.0,16593000.0,,,,,27211000.0,17412000.0,1.0,149903625.0,147742000.0,153790000.0,1.39,4487695000.0,68549000.0,7476000.0,586932000.0,30.375,-229023000.0
54,RRC,MRQ,2007-12-31,2007-12-31,2007-12-31,2021-07-26,-26825000.0,4016508000.0,,261814000.0,3754694000.0,,11.947,-187078000.0,4018000.0,4018000.0,38751000.0,21010000.0,0.857,1.324,1150658000.0,0.0,1150658000.0,1150658000.0,0.0,64780000.0,0.0,0.003,0.04,64584000.0,129364000.0,0.584,129364000.0,64584000.0,43203000.0,0.14,0.62,0.14,1728022000.0,,1728022000.0,8775461224.0,22.0,14.342,-506000.0,-0.003,1.0,182906000.0,0.825,0.0,21381000.0,4857715000.0,,11387000.0,113722000.0,0.0,113722000.0,2288486000.0,305433000.0,1983053000.0,7662586224.0,3831000.0,-26790000.0,6667000.0,38864000.0,-5984000.0,39547000.0,-222288000.0,-7103000.0,186572000.0,0.0,21010000.0,21010000.0,21010000.0,0.0,0.0,0.095,118322000.0,64584000.0,212514000.0,0.286,4.434,35.268,34.013,3564934000.0,0.0,51.36,8.906,8.584,166484000.0,371800000.0,221657000.0,221657000.0,16114000.0,,,,,14488000.0,19096000.0,1.0,149193657.0,144640000.0,153631000.0,1.532,4016508000.0,26907000.0,22193000.0,0.0,27.769,-43619000.0
55,RRC,MRQ,2007-09-30,2007-09-30,2007-09-30,2021-07-26,12974000.0,3848426000.0,,231060000.0,3617366000.0,,11.61,-232105000.0,187000.0,187000.0,39319000.0,58915000.0,0.947,1.252,1113062000.0,0.0,1113062000.0,1113062000.0,0.0,57001000.0,0.0,0.003,0.03,113785000.0,170786000.0,0.705,170786000.0,113785000.0,93850000.0,0.4,0.39,0.4,1708812000.0,,1708812000.0,7064611025.0,19.0,12.412,-53049000.0,-0.36,1.0,203034000.0,0.838,0.0,19935000.0,4717334000.0,,12102000.0,111735000.0,0.0,111735000.0,2139614000.0,243967000.0,1895647000.0,6037738025.0,-16407000.0,-27603000.0,1078000.0,68533000.0,-4463000.0,65148000.0,-260611000.0,-901000.0,179056000.0,0.0,58915000.0,58915000.0,58915000.0,196000.0,0.0,0.243,89053000.0,113981000.0,182483000.0,0.075,3.533,30.698,29.897,3420703000.0,0.0,40.66,7.406,7.34,146618000.0,343473000.0,242353000.0,242353000.0,6233000.0,,,,,14081000.0,18058000.0,1.0,148493311.0,147182000.0,152391000.0,1.647,3848426000.0,0.0,34935000.0,562703000.0,26.147,-12907000.0
56,RRC,MRQ,2007-06-30,2007-06-30,2007-06-30,2021-07-26,11239000.0,3675676000.0,,237090000.0,3438586000.0,,11.135,-199152000.0,16594000.0,16594000.0,36046000.0,64206000.0,0.947,1.23,1043467000.0,0.0,1043467000.0,1043467000.0,0.0,51465000.0,0.0,0.003,0.03,116127000.0,167592000.0,0.688,167592000.0,116127000.0,98554000.0,0.44,0.43,0.44,1648109000.0,,1648109000.0,6503782596.0,18.0,11.911,-14122000.0,-0.095,1.0,207468000.0,0.852,0.0,17573000.0,4452234000.0,,10238000.0,109992000.0,0.0,109992000.0,2027567000.0,250315000.0,1777252000.0,5537263596.0,-151261000.0,-232923000.0,284663000.0,-91035000.0,-4452000.0,189176000.0,-525467000.0,0.0,185030000.0,0.0,64206000.0,64206000.0,64206000.0,979000.0,0.0,0.264,90362000.0,117106000.0,189548000.0,0.068,3.36,29.282,28.128,3249595000.0,0.0,37.41,6.987,6.987,144973000.0,289021000.0,243514000.0,243514000.0,11725000.0,,,,,16252000.0,17838000.0,1.0,148015600.0,148015600.0,,1.645,3675676000.0,0.0,34348000.0,527036000.0,24.833,-13225000.0
57,RRC,MRQ,2007-03-31,2007-03-31,2007-03-31,2021-07-26,-2105000.0,3280884000.0,,345249000.0,2935635000.0,,9.331,-190107000.0,167855000.0,167855000.0,35826000.0,73137000.0,1.867,1.526,1134374000.0,0.0,1134374000.0,1134374000.0,0.0,47332000.0,0.0,0.003,0.03,96816000.0,144148000.0,0.943,144148000.0,96816000.0,77968000.0,0.53,0.06,0.53,1298914000.0,,1298914000.0,5696027494.0,17.0,11.265,-98474000.0,-0.707,1.0,117015000.0,0.766,0.0,18848000.0,4062459000.0,,12819000.0,14761000.0,0.0,14761000.0,1981970000.0,184944000.0,1797026000.0,4649627494.0,165473000.0,185195000.0,4900000.0,85329000.0,-4183000.0,86046000.0,-12206000.0,0.0,91633000.0,0.0,73137000.0,73137000.0,73137000.0,-64768000.0,0.0,0.479,84967000.0,32048000.0,122028000.0,0.057,3.58,26.394,26.094,2840971000.0,0.0,33.4,6.472,6.472,134132000.0,229267000.0,152841000.0,152841000.0,11710000.0,,,,,16437000.0,14678000.0,1.0,139210404.0,139210404.0,,1.098,3280884000.0,0.0,4831000.0,485279000.0,23.568,160305000.0
58,RRC,MRQ,2006-12-31,2006-12-31,2006-12-31,2021-07-26,36521000.0,3187674000.0,,388925000.0,2798749000.0,,9.121,-163299000.0,2382000.0,2382000.0,32304000.0,427000.0,1.545,1.538,1048782000.0,0.0,1048782000.0,1048782000.0,0.0,48230000.0,0.0,0.003,0.03,38414000.0,86644000.0,0.491,86644000.0,38414000.0,20831000.0,-0.01,-0.01,-0.01,1256161000.0,,1256161000.0,4785920850.0,14.0,9.752,-31564000.0,-0.229,1.0,144263000.0,0.817,0.0,17583000.0,3982389000.0,,10069000.0,13618000.0,0.0,13618000.0,1931513000.0,251685000.0,1679828000.0,3806777850.0,131000.0,-23192000.0,3721000.0,65900000.0,-4168000.0,65453000.0,-197057000.0,21008000.0,131735000.0,0.0,427000.0,427000.0,427000.0,25375000.0,0.0,0.002,80474000.0,63789000.0,171914000.0,-3.0,3.03,23.987,23.076,2655231000.0,0.0,27.46,5.111,4.931,125421000.0,160313000.0,176567000.0,176567000.0,10895000.0,,,,,13616000.0,13872000.0,1.0,138629929.0,137726000.0,142446000.0,1.282,3187674000.0,0.0,20404000.0,468643000.0,23.145,137240000.0
59,RRC,MRQ,2006-09-30,2006-09-30,2006-09-30,2021-07-26,11866000.0,3051250000.0,,311586000.0,2739664000.0,,8.936,-143716000.0,2251000.0,2251000.0,32210000.0,51330000.0,1.442,1.493,981394000.0,0.0,981394000.0,981394000.0,0.0,40606000.0,0.0,0.003,0.02,107041000.0,147647000.0,0.672,147647000.0,107041000.0,90652000.0,0.37,0.37,0.37,1224129000.0,,1224129000.0,4372939317.0,12.0,8.698,-53155000.0,-0.388,1.0,187415000.0,0.853,0.0,16389000.0,3814385000.0,,15493000.0,12523000.0,0.0,12523000.0,1827121000.0,216008000.0,1611113000.0,3485025317.0,-4537000.0,-28063000.0,6883000.0,84702000.0,-2770000.0,88815000.0,-183913000.0,-223000.0,90561000.0,0.0,51330000.0,51330000.0,51330000.0,13728000.0,0.0,0.234,66646000.0,120769000.0,150996000.0,0.054,2.847,17.342,16.605,2590337000.0,0.0,25.24,4.923,4.884,121362000.0,164054000.0,219625000.0,219625000.0,16508000.0,,,,,2085000.0,12170000.0,1.0,138075488.0,136983000.0,142022000.0,1.603,3051250000.0,2647000.0,39322000.0,469612000.0,22.275,95578000.0
60,RRC,MRQ,2006-06-30,2006-06-30,2006-06-30,2021-07-26,-69770000.0,2871786000.0,,302845000.0,2568941000.0,,8.279,-100218000.0,6788000.0,6788000.0,25478000.0,51270000.0,1.089,1.642,894702000.0,0.0,894702000.0,894702000.0,0.0,33995000.0,0.0,0.003,0.02,93211000.0,127206000.0,0.751,127206000.0,93211000.0,81568000.0,0.39,0.37,0.39,1086819000.0,,1086819000.0,4160953817.0,13.0,9.515,31852000.0,0.243,1.0,143912000.0,0.85,0.0,11643000.0,3481589000.0,,14680000.0,12268000.0,0.0,12268000.0,1784967000.0,278111000.0,1506856000.0,3569177817.0,5439000.0,-298675000.0,950000.0,298288000.0,-2628000.0,296610000.0,-423241000.0,-20785000.0,132070000.0,0.0,51270000.0,51270000.0,51270000.0,-1383000.0,0.0,0.303,52084000.0,91828000.0,143346000.0,0.051,3.284,20.478,20.291,2475768000.0,0.0,27.19,5.665,5.665,100520000.0,115494000.0,169390000.0,169390000.0,7763000.0,,,,,3698000.0,12514000.0,1.0,131268033.0,131268033.0,,1.29,2871786000.0,37375000.0,30298000.0,418835000.0,21.877,24734000.0
61,RRC,MRQ,2006-03-31,2006-03-31,2006-03-31,2021-07-26,-93491000.0,2034953000.0,,145281000.0,1889672000.0,,6.233,-94461000.0,1349000.0,1349000.0,27684000.0,55675000.0,0.697,1.498,593125000.0,0.0,593125000.0,593125000.0,0.0,31651000.0,0.0,0.002,0.02,97637000.0,129288000.0,0.721,129288000.0,97637000.0,87403000.0,0.43,0.4,0.43,814480000.0,,814480000.0,4179776728.0,16.0,10.865,31048000.0,0.238,1.0,151546000.0,0.846,0.0,10234000.0,2418345000.0,,14255000.0,0.0,0.0,0.0,1220473000.0,208384000.0,1012089000.0,3568378728.0,-3401000.0,-9831000.0,4711000.0,-23550000.0,-2623000.0,-21462000.0,-107448000.0,0.0,125509000.0,0.0,55675000.0,55675000.0,55675000.0,-2473000.0,0.0,0.311,56382000.0,95164000.0,97829000.0,0.047,4.381,24.663,24.168,1845302000.0,0.0,27.31,6.148,6.148,92508000.0,66852000.0,179230000.0,179230000.0,8922000.0,,,,,8056000.0,11330000.0,1.0,130661982.0,130661982.0,,1.372,2034953000.0,36969000.0,31728000.0,213234000.0,15.574,-63103000.0
62,RRC,MRQ,2005-12-31,2005-12-31,2005-12-31,2021-07-26,-147127000.0,2018985000.0,,207977000.0,1811008000.0,,5.614,-76395000.0,4750000.0,4750000.0,18313000.0,42682000.0,0.646,1.897,616148000.0,0.0,616148000.0,616148000.0,0.0,21266000.0,0.0,0.002,0.02,77325000.0,98591000.0,0.706,98591000.0,77325000.0,67747000.0,0.33,0.35,0.33,696923000.0,,696923000.0,4041949784.0,19.0,12.29,30352000.0,0.245,1.0,121356000.0,0.869,0.0,9578000.0,2308623000.0,,12593000.0,0.0,0.0,0.0,1322062000.0,321760000.0,1000302000.0,3416664784.0,3362000.0,-3960000.0,706000.0,-10601000.0,-2624000.0,-12519000.0,-90866000.0,0.0,106747000.0,0.0,42682000.0,42682000.0,42682000.0,-906000.0,0.0,0.306,44937000.0,76419000.0,119907000.0,0.061,4.902,30.778,29.596,1780426000.0,0.0,26.34,6.711,6.422,128532000.0,13800000.0,139669000.0,139669000.0,9409000.0,,,,,37391000.0,11581000.0,1.0,129713925.0,124130000.0,,1.125,2018985000.0,61677000.0,25065000.0,174817000.0,16.265,-113783000.0
63,RRC,MRQ,2005-09-30,2005-09-30,2005-09-30,2021-07-26,-224796000.0,1970424000.0,,212684000.0,1757740000.0,,4.382,-90471000.0,1388000.0,1388000.0,25359000.0,24665000.0,0.534,2.471,626673000.0,0.0,626673000.0,626673000.0,0.0,32900000.0,0.0,0.002,0.013,49337000.0,82237000.0,0.58,82237000.0,49337000.0,39427000.0,0.19,0.19,0.19,567656000.0,,567656000.0,3942365708.0,23.0,13.46,-12769000.0,-0.099,1.0,116431000.0,0.821,0.0,9910000.0,2197107000.0,,14243000.0,0.0,0.0,0.0,1402768000.0,398602000.0,1004166000.0,3334807708.0,-3553000.0,-4508000.0,1361000.0,14090000.0,-1727000.0,13724000.0,-94979000.0,0.0,77702000.0,0.0,24665000.0,24665000.0,24665000.0,0.0,0.0,0.174,67094000.0,49337000.0,101317000.0,0.068,5.875,41.726,38.418,1732840000.0,0.0,25.74,7.07,7.07,99953000.0,-26258000.0,141790000.0,141790000.0,7725000.0,,,,,0.0,9019000.0,1.0,129557409.0,129557409.0,,1.094,1970424000.0,96520000.0,14762000.0,141292000.0,15.209,-185918000.0
64,RRC,MRQ,2005-06-30,2005-06-30,2005-06-30,2021-07-26,-82058000.0,1802678000.0,,122596000.0,1680082000.0,,5.577,-65898000.0,4941000.0,4941000.0,24453000.0,21661000.0,0.612,1.641,612499000.0,0.0,612499000.0,612499000.0,0.0,30436000.0,0.0,0.003,0.013,44154000.0,74590000.0,0.623,74590000.0,44154000.0,34607000.0,0.18,0.17,0.18,682616000.0,,682616000.0,2785684620.0,19.0,10.549,11877000.0,0.097,1.0,95231000.0,0.796,0.0,9547000.0,2209879000.0,,15903000.0,0.0,0.0,0.0,1120062000.0,200357000.0,919705000.0,2195034620.0,-14038000.0,-133655000.0,107594000.0,1779000.0,-1633000.0,107740000.0,-199553000.0,0.0,77775000.0,0.0,21661000.0,21661000.0,21661000.0,0.0,0.0,0.181,51077000.0,44154000.0,68224000.0,0.072,3.216,32.568,29.889,1655662000.0,0.0,17.933,5.275,5.275,64862000.0,-49196000.0,119684000.0,119684000.0,9124000.0,,,,,0.0,6241000.0,1.0,122399700.0,122399700.0,,0.978,1802678000.0,36249000.0,12946000.0,151050000.0,14.728,-77761000.0
65,RRC,MRQ,2005-03-31,2005-03-31,2005-03-31,2021-07-26,-90492000.0,1617154000.0,,134818000.0,1482336000.0,,4.454,-44942000.0,18979000.0,18979000.0,20563000.0,22003000.0,0.656,1.972,609629000.0,0.0,609629000.0,609629000.0,0.0,29762000.0,0.0,0.003,0.013,43694000.0,73456000.0,0.68,73456000.0,43694000.0,35110000.0,0.18,0.18,0.18,544095000.0,,544095000.0,2504513051.0,21.0,10.917,18579000.0,0.152,1.0,87397000.0,0.81,0.0,8584000.0,2002224000.0,,7691000.0,0.0,0.0,0.0,1073059000.0,205580000.0,867479000.0,1902334051.0,597000.0,-2037000.0,2001000.0,-14103000.0,-1630000.0,-15945000.0,-46979000.0,0.0,63521000.0,0.0,22003000.0,22003000.0,22003000.0,0.0,0.0,0.204,43703000.0,43694000.0,62323000.0,0.072,3.496,35.766,30.717,1458828000.0,0.0,15.573,5.21,5.21,63725000.0,-69224000.0,107960000.0,107960000.0,3271000.0,,,,,0.0,6603000.0,1.0,122153300.0,122153300.0,,0.884,1617154000.0,43702000.0,13107000.0,119109000.0,13.239,-70762000.0
66,RRC,MRQ,2004-12-31,2004-12-31,2004-12-31,2021-07-26,-43301000.0,1595406000.0,,136336000.0,1459070000.0,,5.433,-66799000.0,18382000.0,18382000.0,19311000.0,14543000.0,0.77,1.817,620561000.0,0.0,620561000.0,620561000.0,0.0,31973000.0,0.0,0.002,0.013,30639000.0,62612000.0,0.612,62612000.0,30639000.0,23000000.0,0.12,0.113,0.12,566340000.0,,566340000.0,1924956348.0,21.0,9.981,-399000.0,-0.004,1.0,82953000.0,0.811,0.0,7639000.0,2020423000.0,,9168000.0,0.0,0.0,0.0,1029066000.0,177162000.0,851904000.0,1421970348.0,17881000.0,-194996000.0,103798000.0,116774000.0,-1391000.0,218444000.0,-266963000.0,-5168000.0,66400000.0,0.0,14543000.0,11592000.0,11592000.0,0.0,0.0,0.113,52314000.0,30639000.0,78723000.0,0.108,2.511,38.361,34.1,1439641000.0,2951000.0,13.64,4.434,4.434,81942000.0,-89597000.0,102264000.0,102264000.0,8837000.0,,,,,20667000.0,5845000.0,1.0,104250026.0,104250026.0,,0.981,1595406000.0,26310000.0,8457000.0,117713000.0,15.304,-40826000.0
67,RRC,MRQ,2004-09-30,2004-09-30,2004-09-30,2021-07-26,-81215000.0,1243591000.0,,100405000.0,1143186000.0,,3.931,-43214000.0,501000.0,501000.0,18049000.0,12879000.0,0.519,2.043,503487000.0,0.0,503487000.0,503487000.0,0.0,26306000.0,0.0,0.002,0.007,27114000.0,53420000.0,0.62,53420000.0,27114000.0,20201000.0,0.12,0.113,0.12,408722000.0,,408722000.0,1730136734.0,25.0,10.551,18285000.0,0.176,1.0,68165000.0,0.791,0.0,6913000.0,1553149000.0,,13522000.0,0.0,0.0,0.0,834869000.0,193428000.0,641441000.0,1212285734.0,-7070000.0,-4912000.0,563000.0,-22410000.0,-694000.0,-23279000.0,-45290000.0,2836000.0,61499000.0,0.0,12879000.0,12142000.0,12142000.0,0.0,0.0,0.141,41051000.0,27114000.0,49205000.0,0.058,2.966,41.275,43.185,1124717000.0,737000.0,11.66,4.351,4.351,51965000.0,-99799000.0,86214000.0,86214000.0,4615000.0,,,,,0.0,5301000.0,1.0,103969617.0,103969617.0,,0.829,1243591000.0,37084000.0,7322000.0,19425000.0,11.961,-93023000.0
68,RRC,MRQ,2004-06-30,2004-06-30,2004-06-30,2021-07-26,-62838000.0,1219680000.0,,106102000.0,1113578000.0,,4.83,-39821000.0,7571000.0,7571000.0,15207000.0,8189000.0,0.697,1.956,525422000.0,0.0,525422000.0,525422000.0,0.0,22444000.0,0.0,0.001,0.007,17490000.0,39934000.0,0.581,39934000.0,17490000.0,13068000.0,0.087,0.08,0.087,412574000.0,,412574000.0,1179104826.0,15.0,7.108,9307000.0,0.109,1.0,53489000.0,0.779,0.0,4422000.0,1585229000.0,,9191000.0,0.0,0.0,0.0,807106000.0,152302000.0,654804000.0,831406826.0,6658000.0,-250309000.0,143908000.0,103748000.0,-570000.0,246349000.0,-288819000.0,1311000.0,49128000.0,0.0,8189000.0,7452000.0,7452000.0,0.0,0.0,0.108,35999000.0,17490000.0,38924000.0,0.08,2.015,24.525,27.264,1094469000.0,737000.0,9.733,3.103,3.103,60384000.0,-111246000.0,68696000.0,68696000.0,4200000.0,,,,,0.0,9355000.0,1.0,85418510.0,85418510.0,,0.804,1219680000.0,32533000.0,4879000.0,18748000.0,14.279,-46200000.0
69,RRC,MRQ,2004-03-31,2004-03-31,2004-03-31,2021-07-26,-57971000.0,842320000.0,,80162000.0,762158000.0,,3.147,-20963000.0,913000.0,913000.0,14245000.0,6620000.0,0.651,2.149,348611000.0,0.0,348611000.0,348611000.0,0.0,22248000.0,0.0,0.001,0.007,14652000.0,36900000.0,0.581,36900000.0,14652000.0,10507000.0,0.073,0.067,0.073,267500000.0,,267500000.0,1045009775.0,15.0,6.553,11259000.0,0.132,1.0,49288000.0,0.776,0.0,4145000.0,1066911000.0,,9774000.0,0.0,0.0,0.0,574820000.0,123107000.0,451713000.0,687460775.0,282000.0,-3287000.0,2191000.0,-9600000.0,-564000.0,-8711000.0,-23229000.0,1021000.0,32222000.0,0.0,6620000.0,5882000.0,5882000.0,0.0,0.0,0.093,34636000.0,14652000.0,29056000.0,0.096,2.57,22.148,25.036,745173000.0,738000.0,8.087,2.713,2.713,45935000.0,-118129000.0,63533000.0,63533000.0,3567000.0,,,,,0.0,8821000.0,1.0,85011638.0,85011638.0,,0.747,842320000.0,30159000.0,3887000.0,15374000.0,9.908,-42945000.0
70,RRC,MRQ,2003-12-31,2003-12-31,2003-12-31,2021-07-26,-42852000.0,830091000.0,,66092000.0,763999000.0,,3.25,-25965000.0,631000.0,631000.0,12525000.0,4633000.0,0.618,2.029,358180000.0,0.0,358180000.0,358180000.0,0.0,22437000.0,0.0,0.0,0.0,11288000.0,33725000.0,0.561,33725000.0,11288000.0,7547000.0,-0.01,-0.007,-0.01,274066000.0,,274066000.0,808012776.0,11.0,4.969,11757000.0,0.139,1.0,47623000.0,0.792,0.0,3741000.0,1080676000.0,,3329000.0,0.0,0.0,0.0,556025000.0,106964000.0,449061000.0,531191776.0,-1004000.0,-91489000.0,682000.0,78292000.0,0.0,78171000.0,-116897000.0,10308000.0,37722000.0,0.0,4633000.0,3895000.0,3895000.0,0.0,0.0,0.065,36335000.0,11288000.0,32105000.0,0.0,1.938,15.347,17.027,745688000.0,738000.0,6.3,2.161,2.161,42145000.0,-124011000.0,60148000.0,60148000.0,5173000.0,,,,,0.0,2166000.0,1.0,84316155.0,84316155.0,,0.713,830091000.0,19871000.0,2914000.0,10843000.0,9.845,-40872000.0
71,RRC,MRQ,2003-09-30,2003-09-30,2003-09-30,2021-07-26,-28897000.0,736549000.0,,63602000.0,672947000.0,,3.37,-23097000.0,1635000.0,1635000.0,11120000.0,16737000.0,0.751,1.602,278456000.0,0.0,278456000.0,278456000.0,0.0,21869000.0,0.0,0.0,0.0,33463000.0,55332000.0,0.732,55332000.0,33463000.0,25758000.0,0.207,0.193,0.207,283072000.0,,283072000.0,655370447.0,9.0,4.089,10045000.0,0.12,1.0,64458000.0,0.853,0.0,7705000.0,928700000.0,,5564000.0,0.0,0.0,0.0,453477000.0,84670000.0,368807000.0,383058447.0,326000.0,-2651000.0,276000.0,-9183000.0,0.0,-8907000.0,-23909000.0,0.0,33142000.0,0.0,16737000.0,16672000.0,16672000.0,0.0,0.0,0.221,30995000.0,33463000.0,30465000.0,0.0,1.353,10.757,10.201,658589000.0,65000.0,4.56,1.664,1.664,50978000.0,-127342000.0,75578000.0,75578000.0,3633000.0,,,,,0.0,5493000.0,1.0,84004046.0,84004046.0,,0.9,736549000.0,14956000.0,9021000.0,12918000.0,8.768,-21068000.0
72,RRC,MRQ,2003-06-30,2003-06-28,2003-06-28,2021-07-26,-51638000.0,743437000.0,,73804000.0,669633000.0,,2.318,-22858000.0,1309000.0,1309000.0,12644000.0,4591000.0,0.665,2.848,273621000.0,0.0,273621000.0,273621000.0,0.0,21276000.0,0.0,0.0,0.0,12230000.0,33506000.0,0.619,33506000.0,12230000.0,7055000.0,0.053,0.053,0.053,193185000.0,,193185000.0,650706362.0,11.0,4.644,14893000.0,0.179,1.0,41506000.0,0.767,0.0,5175000.0,904822000.0,,2301000.0,0.0,0.0,0.0,550252000.0,110927000.0,439325000.0,361773362.0,-79000.0,-3741000.0,1638000.0,-17392000.0,0.0,-15754000.0,-22076000.0,0.0,37751000.0,0.0,4591000.0,4591000.0,4591000.0,0.0,0.0,0.085,29276000.0,12230000.0,26101000.0,0.0,1.873,12.847,12.295,653494000.0,0.0,4.34,1.756,1.756,55661000.0,-144014000.0,54150000.0,54150000.0,2687000.0,,,,,0.0,5313000.0,1.0,83357918.0,83357918.0,,0.65,743437000.0,25284000.0,2464000.0,1991000.0,8.919,-37123000.0
73,RRC,MRQ,2003-03-31,2003-03-31,2003-03-31,2021-07-26,-36453000.0,742303000.0,,75610000.0,666693000.0,,2.434,-21357000.0,1388000.0,1388000.0,13028000.0,9454000.0,0.753,2.674,290321000.0,0.0,290321000.0,290321000.0,0.0,20967000.0,0.0,0.0,0.0,19088000.0,40055000.0,0.717,40055000.0,19088000.0,13544000.0,0.12,0.113,0.12,202043000.0,,202043000.0,597853130.0,10.0,4.34,-5292000.0,-0.064,1.0,42863000.0,0.767,0.0,5544000.0,930881000.0,,3474000.0,0.0,0.0,0.0,540260000.0,100355000.0,439905000.0,315986130.0,54000.0,-5988000.0,181000.0,7764000.0,0.0,7945000.0,-23956000.0,0.0,16065000.0,0.0,9454000.0,9454000.0,9454000.0,0.0,0.0,0.169,28266000.0,14597000.0,29425000.0,0.0,1.564,10.233,9.686,646152000.0,0.0,3.807,1.564,1.564,66439000.0,-148605000.0,55891000.0,55891000.0,2453000.0,,,,,0.0,4846000.0,1.0,83008616.0,83008616.0,,0.673,742303000.0,19820000.0,4090000.0,2319000.0,8.942,-24745000.0
74,RRC,MRQ,2002-12-31,2002-12-31,2002-12-31,2021-07-26,-21151000.0,658484000.0,,50619000.0,607865000.0,,2.509,-21912000.0,1334000.0,1334000.0,6027000.0,4893000.0,0.753,2.195,283201000.0,0.0,283201000.0,283201000.0,0.0,19700000.0,0.0,0.0,0.0,11694000.0,31394000.0,0.703,31394000.0,11694000.0,6017000.0,0.067,0.06,0.067,206109000.0,,206109000.0,575197787.0,13.0,4.7,4170000.0,0.051,1.0,38619000.0,0.865,0.0,5677000.0,873145000.0,,3084000.0,0.0,0.0,0.0,452375000.0,67206000.0,385169000.0,295754787.0,871000.0,-21790000.0,372000.0,3314000.0,0.0,3686000.0,-28897000.0,6428000.0,26082000.0,0.0,4893000.0,4893000.0,4893000.0,0.0,0.0,0.11,26925000.0,11694000.0,27044000.0,0.0,1.435,11.478,11.009,582478000.0,0.0,3.6,1.544,1.544,51283000.0,-158059000.0,44646000.0,44646000.0,2268000.0,,,,,0.0,4957000.0,1.0,82154108.0,82154108.0,,0.543,658484000.0,15785000.0,1124000.0,0.0,8.015,-16587000.0
75,RRC,MRQ,2002-09-30,2002-09-30,2002-09-30,2021-07-26,-2662000.0,637901000.0,,39084000.0,598817000.0,,2.649,-33859000.0,463000.0,463000.0,11324000.0,9222000.0,0.853,1.932,279906000.0,0.0,279906000.0,279906000.0,0.0,19716000.0,0.0,0.0,0.0,15453000.0,35169000.0,0.684,35169000.0,15453000.0,9608000.0,0.113,0.113,0.113,217586000.0,,217586000.0,538161529.0,53.0,5.984,1074000.0,0.013,1.0,40063000.0,0.78,0.0,5845000.0,871535000.0,,3939000.0,0.0,0.0,0.0,420315000.0,45809000.0,374506000.0,256295529.0,-3662000.0,0.0,-582000.0,-7453000.0,0.0,-8035000.0,-30560000.0,4253000.0,34933000.0,0.0,9222000.0,9222000.0,9222000.0,0.0,0.0,0.179,24610000.0,15453000.0,24559000.0,0.0,1.178,-38.345,-27.611,560741000.0,0.0,3.12,1.316,1.316,56919000.0,-162952000.0,51387000.0,51387000.0,1814000.0,,,,,0.0,3080000.0,1.0,82146003.0,82146003.0,,0.626,637901000.0,8877000.0,386000.0,0.0,7.765,-6725000.0
76,RRC,MRQ,2002-06-30,2002-06-30,2002-06-30,2021-07-26,9645000.0,640222000.0,,48274000.0,591948000.0,,2.693,-19581000.0,4125000.0,4125000.0,12116000.0,7310000.0,1.115,1.902,285991000.0,0.0,285991000.0,285991000.0,0.0,19304000.0,0.0,0.0,0.0,11827000.0,31131000.0,0.621,31131000.0,11827000.0,5553000.0,0.093,0.087,0.093,220639000.0,,220639000.0,606292706.0,44.0,6.538,13149000.0,0.161,1.0,38036000.0,0.758,0.0,6274000.0,878801000.0,,3091000.0,0.0,0.0,0.0,419583000.0,43287000.0,376296000.0,305849706.0,3441000.0,0.0,1157000.0,-10318000.0,0.0,-9161000.0,-20128000.0,1640000.0,32730000.0,0.0,7310000.0,7310000.0,7310000.0,0.0,0.0,0.146,26209000.0,11827000.0,22976000.0,0.0,1.386,-39.798,-31.111,549027000.0,0.0,3.733,1.564,1.564,63024000.0,-172174000.0,50152000.0,50152000.0,2172000.0,,,,,0.0,4733000.0,1.0,81924028.0,81924028.0,,0.612,640222000.0,0.0,-1757000.0,0.0,7.815,4987000.0
77,RRC,MRQ,2002-03-31,2002-03-31,2002-03-31,2021-07-26,18110000.0,644502000.0,,48811000.0,595691000.0,,2.728,-19023000.0,684000.0,684000.0,10976000.0,4341000.0,1.222,1.981,301000000.0,0.0,301000000.0,301000000.0,0.0,18100000.0,0.0,0.0,0.0,6587000.0,24687000.0,0.544,24687000.0,6587000.0,1230000.0,0.053,0.053,0.053,216221000.0,,216221000.0,573486766.0,21.0,5.475,1704000.0,0.021,1.0,34428000.0,0.758,0.0,5357000.0,904877000.0,,4580000.0,0.0,0.0,0.0,428281000.0,39941000.0,388340000.0,274248766.0,-2696000.0,0.0,57000.0,885000.0,0.0,942000.0,-24365000.0,-106000.0,20727000.0,0.0,4341000.0,4341000.0,4341000.0,0.0,0.0,0.096,27841000.0,6587000.0,21429000.0,0.0,1.268,139.001,266.154,549637000.0,0.0,3.46,1.346,1.346,66876000.0,-179483000.0,45404000.0,45404000.0,5271000.0,,,,,0.0,4470000.0,1.0,79262649.0,79262649.0,,0.573,644502000.0,0.0,-3111000.0,0.0,8.131,8870000.0
78,RRC,MRQ,2001-12-31,2001-12-31,2001-12-31,2021-07-26,45523000.0,682462000.0,,77735000.0,604727000.0,,3.023,-19266000.0,3380000.0,3380000.0,9847000.0,-27556000.0,1.804,1.896,302491000.0,0.0,302491000.0,302491000.0,0.0,22715000.0,0.0,0.0,0.0,-23773000.0,-1058000.0,-0.022,-1058000.0,-23773000.0,-30004000.0,-0.373,-0.34,-0.373,235621000.0,,235621000.0,550954178.0,11.0,4.338,17982000.0,0.231,1.0,37957000.0,0.794,0.0,6231000.0,938473000.0,,4895000.0,0.0,0.0,0.0,446841000.0,43100000.0,403741000.0,236414178.0,-1548000.0,-9491000.0,79000.0,-12391000.0,0.0,-12386000.0,-26410000.0,516000.0,37248000.0,0.0,-27556000.0,-27557000.0,-27557000.0,0.0,0.0,-0.576,60084000.0,-22127000.0,27202000.0,0.0,1.003,12.983,12.639,551537000.0,1000.0,3.033,1.058,1.058,66697000.0,-183825000.0,47804000.0,47804000.0,2195000.0,,,,,0.0,4089000.0,1.0,77938740.0,77938740.0,,0.613,682462000.0,0.0,-2448000.0,4496000.0,8.756,34635000.0
79,RRC,MRQ,2001-09-30,2001-09-30,2001-09-30,2021-07-26,32420000.0,739645000.0,,88393000.0,651252000.0,,3.46,-28987000.0,4801000.0,4801000.0,11417000.0,8198000.0,2.218,1.772,319341000.0,0.0,319341000.0,319341000.0,0.0,18690000.0,0.0,0.0,0.0,19283000.0,37973000.0,0.728,37973000.0,19283000.0,11006000.0,0.107,0.1,0.107,266852000.0,,266852000.0,563437681.0,6.0,3.357,1289000.0,0.017,1.0,40726000.0,0.781,0.0,8277000.0,1014325000.0,,3629000.0,0.0,0.0,0.0,472793000.0,39860000.0,432933000.0,244210681.0,1972000.0,0.0,195000.0,-447000.0,0.0,-253000.0,-28051000.0,27000.0,30276000.0,0.0,8198000.0,8221000.0,8221000.0,0.0,0.0,0.158,21762000.0,18964000.0,16298000.0,0.0,0.915,3.731,3.546,601041000.0,-23000.0,3.167,1.064,1.064,73799000.0,-138291000.0,52143000.0,52143000.0,1239000.0,,,,,-548000.0,1833000.0,1.0,77119162.0,77119162.0,,0.676,739645000.0,0.0,2808000.0,23302000.0,9.591,48533000.0
80,RRC,MRQ,2001-06-30,2001-06-30,2001-06-30,2021-07-26,17406000.0,712167000.0,,88925000.0,623242000.0,,0.0,-19211000.0,2829000.0,2829000.0,11332000.0,16968000.0,2.001,89019.875,322056000.0,14000.0,322042000.0,322056000.0,0.0,18359000.0,0.0,0.0,0.0,24781000.0,43140000.0,0.738,43140000.0,24781000.0,16917000.0,0.227,0.22,0.227,8000.0,,8000.0,639011064.0,7.0,3.875,11254000.0,0.148,1.0,47113000.0,0.806,0.0,7864000.0,986955000.0,,3759000.0,0.0,0.0,0.0,712159000.0,44439000.0,667720000.0,304775064.0,1305000.0,0.0,842000.0,-11105000.0,0.0,-10267000.0,-18893000.0,-409000.0,30465000.0,0.0,16968000.0,16968000.0,16968000.0,0.0,0.0,0.29,23942000.0,23171000.0,23382000.0,0.0,38096.883,4.689,4.381,588808000.0,0.0,4.0,1.372,1.372,83159000.0,-144979000.0,58445000.0,58445000.0,1362000.0,,,,,568000.0,4221000.0,1.0,76193766.0,76193766.0,,0.767,712167000.0,0.0,-51000.0,11615000.0,9.347,44486000.0
81,RRC,MRQ,2001-03-31,2001-03-31,2001-03-31,2021-07-26,-32027000.0,676476000.0,,51630000.0,624846000.0,,2.315,-13384000.0,1524000.0,1524000.0,12716000.0,20053000.0,0.71,2.858,335760000.0,14000.0,335746000.0,335760000.0,0.0,17809000.0,0.0,0.0,0.0,29860000.0,47669000.0,0.755,47669000.0,29860000.0,20053000.0,0.28,0.273,0.28,175345000.0,,175345000.0,640682483.0,7.0,4.084,19199000.0,0.254,1.0,50389000.0,0.798,0.0,9807000.0,937967000.0,,3977000.0,0.0,0.0,0.0,501131000.0,72745000.0,428386000.0,277694483.0,-961000.0,0.0,372000.0,-28103000.0,0.0,-27735000.0,-5809000.0,7271000.0,32583000.0,0.0,20053000.0,20053000.0,20053000.0,0.0,0.0,0.318,20961000.0,29428000.0,21939000.0,0.0,1.584,4.892,4.365,589700000.0,0.0,3.667,1.354,1.354,75883000.0,-159714000.0,63105000.0,63105000.0,1083000.0,,,,,-20000.0,2069000.0,1.0,75734859.0,75734859.0,,0.833,676476000.0,0.0,0.0,0.0,8.932,-21115000.0
82,RRC,MRQ,2000-12-31,2000-12-31,2000-12-31,2021-07-26,-639000.0,671826000.0,,62886000.0,608940000.0,,2.291,-15078000.0,2612000.0,2612000.0,11218000.0,15806000.0,1.182,3.2,365459000.0,0.0,365459000.0,365459000.0,0.0,14222000.0,0.0,0.0,0.0,24833000.0,39055000.0,0.699,39055000.0,24833000.0,15118000.0,0.28,-0.007,0.28,159944000.0,,159944000.0,703972802.0,9.0,4.96,12981000.0,0.186,1.0,44616000.0,0.799,0.0,9715000.0,981452000.0,,6196000.0,0.0,0.0,0.0,511882000.0,53221000.0,458661000.0,319962802.0,969000.0,0.0,379000.0,-17004000.0,0.0,-16635000.0,-10455000.0,3796000.0,28059000.0,0.0,15806000.0,20218000.0,20218000.0,0.0,0.0,0.362,22770000.0,21846000.0,27823000.0,0.0,2.0,7.806,7.084,574427000.0,-4412000.0,4.583,1.731,1.731,82206000.0,-201478000.0,55834000.0,55834000.0,909000.0,,,,,0.0,7639000.0,1.0,69810066.0,69810066.0,,0.8,671826000.0,0.0,-688000.0,0.0,9.624,9665000.0
83,RRC,MRQ,2000-09-30,2000-09-30,2000-09-30,2021-07-26,-1045000.0,687500000.0,,50536000.0,636964000.0,,2.48,-19701000.0,1576000.0,1576000.0,10535000.0,7756000.0,1.197,3.234,385586000.0,14000.0,385572000.0,385586000.0,0.0,17425000.0,0.0,0.0,0.0,17598000.0,35023000.0,0.781,35023000.0,17598000.0,7964000.0,0.127,0.127,0.127,162371000.0,,162371000.0,621245707.0,18.0,5.635,8853000.0,0.135,1.0,34284000.0,0.765,0.0,9634000.0,1029293000.0,,6014000.0,0.0,0.0,0.0,525129000.0,42217000.0,482912000.0,210115707.0,1366000.0,0.0,864000.0,-16603000.0,0.0,-16188000.0,-11000000.0,6502000.0,28554000.0,0.0,7756000.0,7756000.0,7756000.0,0.0,0.0,0.173,20947000.0,13337000.0,21114000.0,0.0,1.294,-47.495,-28.395,591887000.0,0.0,3.209,1.307,1.307,80645000.0,-195292000.0,44819000.0,44819000.0,858000.0,,,,,0.0,2665000.0,1.0,65483806.0,65483806.0,,0.684,687500000.0,0.0,208000.0,0.0,10.499,8319000.0
84,RRC,MRQ,2000-06-30,2000-06-30,2000-06-30,2021-07-26,0.0,700439000.0,,58529000.0,641910000.0,,2.465,-8826000.0,210000.0,210000.0,10264000.0,8735000.0,1.428,3.736,411340000.0,14000.0,411326000.0,411340000.0,0.0,17215000.0,0.0,0.003,0.0,17910000.0,35125000.0,0.85,35125000.0,17910000.0,7642000.0,0.153,0.153,0.153,147900000.0,,147900000.0,573718222.0,13.0,4.77,6706000.0,0.112,1.0,31072000.0,0.752,0.0,10268000.0,1070596000.0,,8450000.0,0.0,0.0,0.0,552539000.0,40973000.0,511566000.0,125025222.0,-3912000.0,0.0,290000.0,-36103000.0,0.0,-36278000.0,16834000.0,3836000.0,15532000.0,0.0,8735000.0,8735000.0,8735000.0,0.0,0.0,0.211,20144000.0,10928000.0,13100000.0,0.0,0.845,230.674,-104.167,592274000.0,0.0,2.083,0.634,0.634,86962000.0,-202599000.0,41336000.0,41336000.0,541000.0,,,,,0.0,2387000.0,1.0,60012106.0,60012106.0,,0.689,700439000.0,0.0,-1093000.0,0.0,11.672,17556000.0
85,RRC,MRQ,2000-03-31,2000-03-31,2000-03-31,2021-07-26,-4000.0,727214000.0,,,,,2.245,-6132000.0,0.0,0.0,10505000.0,4281000.0,,4.42,448693000.0,7014000.0,441679000.0,448693000.0,0.0,18106000.0,0.0,0.009,0.0,14618000.0,32724000.0,0.764,32724000.0,14618000.0,4281000.0,0.08,0.08,0.08,134164000.0,,134164000.0,530632255.0,15.0,4.604,-3398000.0,-0.057,1.0,32334000.0,0.755,0.0,10337000.0,1136026000.0,,5537000.0,1430000.0,,,593050000.0,39881000.0,553169000.0,84675255.0,-8815000.0,0.0,265000.0,-9901000.0,0.0,-10156000.0,-1393000.0,3645000.0,2734000.0,0.0,4281000.0,4281000.0,4281000.0,0.0,0.0,0.1,21249000.0,11085000.0,14375000.0,0.0,0.631,-8.237,-5.306,606389000.0,0.0,1.417,0.428,0.428,82447000.0,-210869000.0,42839000.0,42839000.0,878000.0,,,,,0.0,2265000.0,1.0,59770768.0,59770768.0,,0.717,727214000.0,0.0,0.0,0.0,12.167,
86,RRC,MRQ,1999-12-31,1999-12-31,1999-12-31,2021-07-26,-7000.0,752368000.0,,75873000.0,676495000.0,,2.253,1060000.0,12937000.0,12937000.0,11946000.0,-25196000.0,1.414,4.916,458894000.0,5014000.0,453880000.0,458894000.0,0.0,22890000.0,0.0,0.009,0.0,-15514000.0,7376000.0,0.232,7376000.0,-15514000.0,-26020000.0,-0.473,-0.473,-0.473,127171000.0,,127171000.0,578487698.0,24.0,5.514,25332000.0,0.449,1.0,19857000.0,0.624,0.0,10506000.0,1144677000.0,,9130000.0,0.0,0.0,0.0,625197000.0,53648000.0,571549000.0,119982698.0,1648000.0,-15650000.0,1095000.0,-11400000.0,1000.0,-10888000.0,-11736000.0,2854000.0,24272000.0,0.0,-25196000.0,-25196000.0,-25196000.0,0.0,0.0,-0.792,35371000.0,-15514000.0,23925000.0,0.0,0.943,-5.097,-4.493,615568000.0,0.0,2.125,0.622,0.622,87059000.0,-214630000.0,31803000.0,31803000.0,679000.0,,,,,2217000.0,2889000.0,1.0,56453590.0,56453590.0,,0.563,752368000.0,0.0,-824000.0,0.0,13.327,22225000.0
87,RRC,MRQ,1999-09-30,1999-09-30,1999-09-30,2021-07-26,977000.0,775785000.0,,80904000.0,694881000.0,,2.433,6472000.0,11289000.0,11289000.0,12453000.0,12722000.0,1.578,4.659,469794000.0,29000.0,469765000.0,469794000.0,0.0,18769000.0,0.0,0.012,0.007,26272000.0,45041000.0,0.555,45041000.0,26272000.0,14146000.0,0.22,0.22,0.22,137090000.0,,137090000.0,769449727.0,-10.0,54960.695,13862000.0,0.246,1.0,68642000.0,0.846,0.0,12126000.0,1183029000.0,,9562000.0,3219000.0,3219000.0,0.0,638695000.0,51261000.0,587434000.0,185509727.0,-4468000.0,110166000.0,162000.0,-129903000.0,-375000.0,-130699000.0,118841000.0,2203000.0,7390000.0,0.0,12722000.0,12722000.0,12722000.0,0.0,0.0,0.157,42370000.0,26272000.0,26847000.0,0.032,1.353,-1.711,-1.244,628265000.0,0.0,3.292,0.899,0.899,95230000.0,-204600000.0,81095000.0,81095000.0,368000.0,,,,,0.0,2244000.0,1.0,56351679.0,56351679.0,,1.439,775785000.0,0.0,1424000.0,0.0,13.767,29643000.0
88,RRC,MRQ,1999-06-30,1999-06-30,1999-06-30,2021-07-26,1783000.0,895677000.0,,110456000.0,785221000.0,,2.283,-8038000.0,15757000.0,15757000.0,12290000.0,-2087000.0,1.058,6.11,599697000.0,52052000.0,547645000.0,599697000.0,0.0,19809000.0,0.0,0.008,0.007,10316000.0,30125000.0,0.714,30125000.0,10316000.0,-2037000.0,-0.093,-0.093,-0.093,125970000.0,,125970000.0,825460789.0,-4.0,-6.754,10054000.0,0.182,1.0,29906000.0,0.709,0.0,12353000.0,1375224000.0,,5289000.0,4422000.0,4422000.0,0.0,769707000.0,104393000.0,665314000.0,225329789.0,3144000.0,-90000.0,801000.0,-9408000.0,-371000.0,-9561000.0,-5387000.0,2741000.0,18092000.0,0.0,-2087000.0,-2087000.0,-2087000.0,0.0,0.0,-0.049,22020000.0,7886000.0,21987000.0,-0.075,1.789,-1.198,-0.892,714031000.0,0.0,4.083,1.401,1.401,99935000.0,-216364000.0,42196000.0,42196000.0,432000.0,,,,,0.0,1779000.0,1.0,55182806.0,55182806.0,,0.765,895677000.0,0.0,50000.0,0.0,16.231,6063000.0
89,RRC,MRQ,1999-03-31,1999-03-31,1999-03-31,2021-07-26,868000.0,905522000.0,,104593000.0,800929000.0,,2.295,-7767000.0,12613000.0,12613000.0,12771000.0,-8981000.0,1.015,6.251,612744000.0,55193000.0,557551000.0,612744000.0,0.0,19130000.0,0.0,0.02,0.007,3239000.0,22369000.0,0.589,22369000.0,3239000.0,-8861000.0,-0.173,-0.173,-0.173,124886000.0,,124886000.0,723164186.0,-4.0,-5.486,-7334000.0,-0.135,1.0,25182000.0,0.664,0.0,12100000.0,1402568000.0,,4534000.0,3661000.0,3661000.0,0.0,780636000.0,103085000.0,677551000.0,126956186.0,1659000.0,4289000.0,68000.0,5582000.0,-362000.0,4704000.0,-3478000.0,0.0,433000.0,0.0,-8981000.0,-8981000.0,-8981000.0,0.0,0.0,-0.237,21943000.0,3239000.0,21152000.0,-0.04,1.017,-0.679,-0.515,725474000.0,0.0,2.333,0.841,0.841,100838000.0,-212377000.0,37953000.0,37953000.0,930000.0,,,,,0.0,1883000.0,1.0,54409794.0,54409794.0,,0.698,905522000.0,0.0,120000.0,0.0,16.643,1508000.0
90,RRC,MRQ,1998-12-31,1998-12-31,1998-12-31,2021-07-26,292000.0,921612000.0,,106931000.0,814681000.0,,2.512,7566000.0,10954000.0,10954000.0,12508000.0,-110066000.0,0.919,5.918,607162000.0,55187000.0,551975000.0,607162000.0,0.0,20782000.0,0.0,0.026,0.02,-118303000.0,-97521000.0,-2.162,-97521000.0,-118303000.0,-129842000.0,-2.6,-2.6,-2.6,133222000.0,,133222000.0,713830788.0,-4.0,-5.541,16792000.0,0.317,1.0,32604000.0,0.723,0.0,11539000.0,1401405000.0,,3373000.0,3258000.0,3258000.0,0.0,788390000.0,116415000.0,671975000.0,121533788.0,1261000.0,-10287000.0,269000.0,5173000.0,-1010000.0,3849000.0,-11814000.0,-9093000.0,9226000.0,0.0,-110066000.0,-110066000.0,-110066000.0,0.0,0.0,-2.44,142911000.0,-110307000.0,28163000.0,-0.008,0.912,-0.694,-0.504,736424000.0,0.0,2.292,0.816,0.816,107556000.0,-203396000.0,45112000.0,45112000.0,6837000.0,,,,,0.0,2879000.0,1.0,53025213.0,53025213.0,,0.851,921612000.0,0.0,-19776000.0,0.0,17.381,-9484000.0
91,RRC,MRQ,1998-09-30,1998-09-30,1998-09-30,2021-07-26,-3716000.0,1036111000.0,,54584000.0,981527000.0,,7.348,-21281000.0,9693000.0,9693000.0,10451000.0,-66907000.0,0.914,3.417,601990000.0,19000.0,601971000.0,601990000.0,0.0,14607000.0,0.0,0.013,0.0,-91794000.0,-77187000.0,-2.172,-77187000.0,-91794000.0,-102789000.0,-1.713,-1.713,-1.713,234575000.0,,234575000.0,570346199.0,-5.0,-9.597,-18293000.0,-0.573,1.0,25084000.0,0.706,0.0,10995000.0,1568705000.0,,5802000.0,1956000.0,1956000.0,0.0,801536000.0,59703000.0,741833000.0,151646199.0,-3833000.0,-47246000.0,-1626000.0,65101000.0,-1185000.0,61706000.0,-68527000.0,0.0,2988000.0,0.0,-66907000.0,-66907000.0,-66907000.0,0.0,0.0,-1.883,116878000.0,-91794000.0,32070000.0,0.0,0.646,-1.514,-1.631,900426000.0,0.0,4.75,1.044,1.044,106541000.0,-91738000.0,35535000.0,35535000.0,1997000.0,,,,,0.0,2401000.0,1.0,31925516.0,31925516.0,,1.113,1036111000.0,0.0,-35882000.0,19862000.0,32.454,-5119000.0
92,RRC,MRQ,1998-06-30,1998-06-30,1998-06-30,2021-07-26,-1579000.0,822984000.0,,45419000.0,777565000.0,,5.9,-30841000.0,13526000.0,13526000.0,7647000.0,-944000.0,0.939,3.204,432226000.0,26000.0,432200000.0,432226000.0,0.0,12566000.0,0.0,0.011,0.02,7956000.0,20522000.0,0.636,20522000.0,7956000.0,-1418000.0,-0.047,-0.047,-0.047,195747000.0,,195747000.0,638609583.0,-51.0,14.87,-9756000.0,-0.294,1.0,24626000.0,0.763,0.0,9374000.0,1193337000.0,,1919000.0,4051000.0,4051000.0,0.0,627237000.0,48347000.0,578890000.0,230933583.0,6269000.0,11000.0,-21000.0,17293000.0,-675000.0,16014000.0,-30830000.0,0.0,21085000.0,0.0,-944000.0,-944000.0,-944000.0,0.0,0.0,-0.029,16670000.0,7956000.0,24253000.0,-0.426,1.18,-7.587,-6.176,768671000.0,0.0,6.96,1.595,1.595,25923000.0,-23069000.0,32273000.0,32273000.0,2018000.0,,,,,0.0,2096000.0,1.0,33180112.0,33180112.0,,0.973,822984000.0,0.0,-474000.0,26690000.0,24.804,-2928000.0
93,RRC,MRQ,1998-03-31,1998-03-31,1998-03-31,2021-07-26,566000.0,800252000.0,,40728000.0,759524000.0,,6.269,-77494000.0,7257000.0,7257000.0,8396000.0,2769000.0,1.042,3.02,414933000.0,28000.0,414905000.0,414933000.0,0.0,12198000.0,0.0,0.007,0.02,13163000.0,25361000.0,0.704,25361000.0,13163000.0,4429000.0,0.067,0.067,0.067,199058000.0,,199058000.0,704122913.0,-77.0,15.39,-65771000.0,-2.071,1.0,27614000.0,0.767,0.0,8734000.0,1168830000.0,,1975000.0,8393000.0,8393000.0,0.0,601194000.0,39098000.0,562096000.0,346722913.0,-2468000.0,16352000.0,357000.0,47808000.0,-630000.0,46951000.0,-61142000.0,0.0,11723000.0,0.0,2769000.0,2769000.0,2769000.0,0.0,0.0,0.077,14451000.0,13163000.0,19645000.0,0.299,1.742,-12.782,-10.706,750695000.0,0.0,10.92,2.387,2.387,23103000.0,-20857000.0,36010000.0,36010000.0,413000.0,,,,,0.0,1840000.0,1.0,31751182.0,31751182.0,,1.134,800252000.0,0.0,1660000.0,27191000.0,25.204,1630000.0
94,RRC,MRQ,1997-12-31,1997-12-31,1997-12-31,2021-07-26,370000.0,758833000.0,,47481000.0,711352000.0,,6.203,-67254000.0,9725000.0,9725000.0,8185000.0,-35072000.0,0.959,2.853,367125000.0,413000.0,366712000.0,367125000.0,0.0,17365000.0,0.0,0.006,0.02,-45491000.0,-28126000.0,-0.679,-28126000.0,-45491000.0,-54138000.0,-1.22,-1.2,-1.22,196950000.0,,196950000.0,,,,-37611000.0,-1.185,1.0,33212000.0,0.802,0.0,8647000.0,1066701000.0,,2779000.0,5777000.0,5777000.0,0.0,561883000.0,49532000.0,512351000.0,343971144.0,-1510000.0,42974000.0,835000.0,-122503000.0,-621000.0,-6873000.0,-24280000.0,0.0,29643000.0,0.0,-35072000.0,-35072000.0,-35072000.0,0.0,0.0,-0.847,78703000.0,-45491000.0,26878000.0,-0.016,1.746,-14.742,-12.409,699981000.0,0.0,10.833,2.365,2.365,29200000.0,-22412000.0,41397000.0,41397000.0,995000.0,,,,,0.0,1643000.0,1.0,31751182.0,31751182.0,,1.304,758833000.0,0.0,-19066000.0,25639000.0,23.899,-2051000.0
95,RRC,MRQ,1997-09-30,1997-09-30,1997-09-30,2021-07-26,,,,,,,,-110674000.0,,,8012000.0,2809000.0,,,,,,,,13376000.0,,0.005,0.02,11812000.0,25188000.0,0.718,25188000.0,11812000.0,4469000.0,0.073,0.073,0.073,,,,,,,-107893000.0,,1.0,27057000.0,0.772,,7343000.0,,,,,,,,,,,-2082000.0,3836000.0,875000.0,102293000.0,-609000.0,101975000.0,-106838000.0,0.0,2781000.0,0.0,2809000.0,2809000.0,2809000.0,0.0,0.0,0.08,15245000.0,11812000.0,,0.274,,,,,0.0,12.873,,,,,35069000.0,35069000.0,355000.0,,,,,0.0,1514000.0,1.0,,,,,,,1660000.0,,,
96,RRC,MRQ,1997-06-30,1997-06-30,1997-06-30,2021-07-26,,,,,,,,-16382000.0,,,8224000.0,2368000.0,,,,,,,,12015000.0,,0.004,0.013,11313000.0,23328000.0,0.712,23328000.0,11313000.0,4088000.0,0.06,0.06,0.06,,,,,,,9015000.0,,1.0,24557000.0,0.749,,7225000.0,,,,,,,,,,,4902000.0,166000.0,224000.0,-3516000.0,-404000.0,-4279000.0,-16216000.0,0.0,25397000.0,0.0,2368000.0,2368000.0,2368000.0,0.0,0.0,0.072,13244000.0,11313000.0,,0.217,,,,,0.0,11.833,,,,,32781000.0,32781000.0,178000.0,,,,,0.0,1051000.0,1.0,,,,,,,1720000.0,,,
97,RRC,MRQ,1997-03-31,1997-03-31,1997-03-31,2021-07-26,,,,,,,,-362894000.0,,,8641000.0,6562000.0,,,,,,,,12651000.0,,0.004,0.013,14374000.0,27025000.0,0.716,27025000.0,14374000.0,10415000.0,0.233,0.227,0.233,,,,,,,-343649000.0,,1.0,29109000.0,0.771,,3959000.0,,,,,,,,,,,-210000.0,9094000.0,65607000.0,269725000.0,-403000.0,334345000.0,-353800000.0,0.0,19245000.0,0.0,6562000.0,6562000.0,6562000.0,0.0,0.0,0.174,14735000.0,14374000.0,,0.056,,,,,0.0,12.667,,,,,37750000.0,37750000.0,1002000.0,,,,,0.0,1082000.0,1.0,,,,,,,3853000.0,,,
98,RRC,MRQ,1996-12-31,1996-12-31,1996-12-31,2021-07-26,692000.0,282547000.0,,35203000.0,247344000.0,,,,8625000.0,8625000.0,,,1.578,1.404,116806000.0,26000.0,116780000.0,116806000.0,0.0,,0.0,0.004,0.013,,,,,,,,,,117529000.0,,117529000.0,,,,,,1.0,,,0.0,,368421000.0,,799000.0,7658000.0,7658000.0,0.0,165018000.0,22307000.0,142711000.0,,,,,,,,,,,,,,,,,,,,14433000.0,,,,24.144,245559000.0,,11.42,,,18121000.0,5291000.0,,,,,,,,,,1.0,,,,,282547000.0,0.0,,25931000.0,,12896000.0
0,RRC,MRT,2021-06-30,2021-06-30,2021-06-30,2021-07-26,-338000.0,6229433000.0,6138481750.0,339712000.0,5889721000.0,0.319,6.279,-387388000.0,464000.0,464000.0,1437110000.0,-839504000.0,0.367,3.09,3069427000.0,0.0,3069427000.0,3069427000.0,0.0,367685000.0,0.0,0.0,0.0,-659877000.0,-292192000.0,-0.149,-292192000.0,-659877000.0,-870567000.0,-3.5,-3.5,-3.5,1523261000.0,1621787000.0,1523261000.0,7488987105.0,-11.0,-25.63,-38541000.0,-0.159,1.0,521875000.0,0.266,0.0,210690000.0,8372477000.0,8512559750.0,0.0,47348000.0,25865000.0,21483000.0,4706172000.0,925919000.0,3780253000.0,4350816105.0,-104000.0,245251000.0,5486000.0,-205968000.0,0.0,-210703000.0,-138248000.0,3889000.0,348847000.0,0.0,-839504000.0,-839504000.0,-839504000.0,0.0,0.0,-0.429,1287105000.0,-765230000.0,144454000.0,0.0,2.856,-5.183,-4.789,5789516000.0,0.0,16.76,2.221,2.075,299590000.0,-4148154000.0,1958985000.0,1958985000.0,28116000.0,-0.137,-0.518,-0.078,-0.337,100552000.0,157119000.0,1.0,259595233.0,242592000.0,242592000.0,8.075,6229433000.0,0.0,-31063000.0,134000000.0,25.679,-586207000.0
1,RRC,MRT,2021-03-31,2021-03-31,2021-03-31,2021-07-26,-409000.0,6174660000.0,6194176250.0,308632000.0,5866028000.0,0.307,6.871,-405206000.0,449000.0,449000.0,1404077000.0,-850615000.0,0.444,2.711,3138620000.0,45377000.0,3093243000.0,3138620000.0,0.0,381682000.0,0.0,0.0,0.0,-700655000.0,-318973000.0,-0.168,-318973000.0,-700655000.0,-902682000.0,-3.55,-3.55,-3.55,1663848000.0,1824925750.0,1663848000.0,5799341860.0,-8.0,-18.181,-151780000.0,-0.627,1.0,496732000.0,0.261,0.0,202027000.0,8617397000.0,8714680750.0,0.0,29353000.0,8111000.0,21242000.0,4510812000.0,695434000.0,3815378000.0,2671036860.0,-79000.0,245076000.0,680000.0,-86701000.0,0.0,-96888000.0,-156617000.0,3513000.0,253426000.0,0.0,-850615000.0,-850615000.0,-850615000.0,0.0,0.0,-0.448,1308862000.0,-812130000.0,160323000.0,0.0,1.605,-3.14,-2.91,5765431000.0,0.0,10.33,1.405,1.316,286491000.0,-3991682000.0,1900809000.0,1900809000.0,31115000.0,-0.137,-0.466,-0.08,-0.369,78130000.0,155165000.0,1.0,258570848.0,242159000.0,247527000.0,7.849,6174660000.0,0.0,-52067000.0,137810000.0,25.498,-386802000.0
2,RRC,MRT,2020-12-31,2020-12-31,2020-12-31,2021-07-26,-479000.0,6136936000.0,6297920750.0,289840000.0,5847096000.0,0.313,6.784,-435306000.0,458000.0,458000.0,1393580000.0,-711777000.0,0.41,2.748,3128763000.0,45356000.0,3083407000.0,3128763000.0,0.0,473285000.0,0.0,0.0,0.0,-544662000.0,-71377000.0,-0.036,-71377000.0,-544662000.0,-737329000.0,-2.95,-2.95,-2.95,1637535000.0,2027610750.0,1637535000.0,4836620278.0,-9.0,-67.762,-166626000.0,-0.69,1.0,575117000.0,0.292,0.0,192667000.0,8558400000.0,8891027000.0,0.0,40012000.0,23332000.0,16680000.0,4499401000.0,706841000.0,3792560000.0,1717433278.0,-88000.0,246127000.0,-22296000.0,-59066000.0,0.0,-84686000.0,-184082000.0,5097000.0,268680000.0,0.0,-711777000.0,-711777000.0,-711777000.0,0.0,0.0,-0.362,1244638000.0,-669521000.0,132421000.0,0.0,1.049,-2.413,-2.271,5754551000.0,0.0,6.7,0.872,0.821,252642000.0,-4018685000.0,1968697000.0,1968697000.0,32654000.0,-0.113,-0.351,-0.061,-0.277,48552000.0,159415000.0,1.0,256333325.0,241373000.0,241373000.0,8.156,6136936000.0,0.0,-25552000.0,135267000.0,25.425,-417001000.0
3,RRC,MRT,2020-09-30,2020-09-30,2020-09-30,2021-07-26,-574000.0,6012898000.0,6416787500.0,209147000.0,5803751000.0,0.308,6.93,-500368000.0,517000.0,517000.0,1435924000.0,-2486756000.0,0.332,2.617,3119704000.0,45334000.0,3074370000.0,3119704000.0,0.0,1609237000.0,0.0,0.003,0.02,-2895969000.0,-1286732000.0,-0.651,-1286732000.0,-2895969000.0,-3084134000.0,-10.13,-10.14,-10.13,1662504000.0,2205099000.0,1662504000.0,4954253480.0,-2.0,-3.85,-188982000.0,-0.788,1.0,539491000.0,0.273,0.0,188165000.0,8501965000.0,9066256500.0,0.0,20326000.0,5264000.0,15062000.0,4350394000.0,630120000.0,3720274000.0,1695250480.0,163000.0,246493000.0,-29210000.0,-24773000.0,-4993000.0,-61830000.0,-249393000.0,4482000.0,311386000.0,0.0,-2486756000.0,-2486756000.0,-2486756000.0,0.0,0.0,-1.259,3421301000.0,-2881810000.0,84554000.0,-0.002,1.02,-0.682,-0.654,5719163000.0,0.0,6.62,0.858,0.804,182698000.0,-3988550000.0,1975415000.0,1975415000.0,32540000.0,-0.388,-1.128,-0.319,-1.466,48861000.0,161488000.0,1.0,256080133.0,239895000.0,239895000.0,8.234,6012898000.0,0.0,-597378000.0,62319000.0,25.065,-420973000.0
4,RRC,MRT,2020-06-30,2020-06-30,2020-06-30,2021-07-26,-644000.0,6452211000.0,7127112750.0,331839000.0,6120372000.0,0.323,9.754,-605500000.0,568000.0,568000.0,1513159000.0,-1834289000.0,0.626,1.762,3259571000.0,59334000.0,3200237000.0,3259571000.0,0.0,1648866000.0,0.0,0.007,0.04,-2186472000.0,-537606000.0,-0.234,-537606000.0,-2186472000.0,-2373635000.0,-7.41,-7.42,-7.41,2335816000.0,2829021000.0,2335816000.0,4663126507.0,-2.0,-8.674,-165905000.0,-0.693,1.0,785356000.0,0.342,0.0,187163000.0,9180961000.0,9808454000.0,0.0,146236000.0,143252000.0,2984000.0,4116395000.0,530253000.0,3586142000.0,1439857507.0,61000.0,751642000.0,-29604000.0,-548548000.0,-10021000.0,-590566000.0,151032000.0,4890000.0,439595000.0,0.0,-1834289000.0,-1834289000.0,-1834289000.0,0.0,0.0,-0.798,2968475000.0,-2183119000.0,97494000.0,-0.005,0.616,-0.785,-0.76,6049716000.0,0.0,5.63,0.626,0.587,169151000.0,-3308502000.0,2298515000.0,2298515000.0,35467000.0,-0.257,-0.648,-0.223,-0.951,34277000.0,164382000.0,1.0,255747337.0,239472000.0,239472000.0,9.598,6452211000.0,0.0,-539346000.0,167548000.0,26.943,-198414000.0
5,RRC,MRT,2020-03-31,2020-03-31,2020-03-31,2021-07-26,-715000.0,6589638000.0,7946137000.0,467117000.0,6122521000.0,0.349,10.05,-675858000.0,528000.0,528000.0,1612378000.0,-1551521000.0,0.953,1.663,3223797000.0,0.0,3223797000.0,3223797000.0,0.0,1685745000.0,0.0,0.026,0.06,-1838236000.0,-152491000.0,-0.055,-152491000.0,-1838236000.0,-2028502000.0,-6.25,-6.26,-6.25,2474588000.0,3290630250.0,2474588000.0,3794209941.0,-2.0,-24.882,-130203000.0,-0.529,1.0,1161020000.0,0.419,0.0,190266000.0,9322782000.0,10749844250.0,0.0,263555000.0,257347000.0,6208000.0,4115050000.0,490125000.0,3624925000.0,580750941.0,40000.0,785664000.0,-28950000.0,-611413000.0,-15047000.0,-657187000.0,111572000.0,1766000.0,545655000.0,0.0,-1551521000.0,-1551521000.0,-1551521000.0,0.0,0.0,-0.559,2987338000.0,-1826318000.0,163277000.0,-0.01,0.235,-0.374,-0.365,6051773000.0,0.0,2.28,0.209,0.202,188162000.0,-3161859000.0,2773398000.0,2773398000.0,35549000.0,-0.195,-0.471,-0.171,-0.663,11255000.0,176725000.0,1.0,254715325.0,246218000.0,247684000.0,11.264,6589638000.0,0.0,-476981000.0,210803000.0,26.763,-23008000.0
6,RRC,MRT,2019-12-31,2019-12-31,2019-12-31,2021-07-26,-788000.0,6612403000.0,8707493500.0,427802000.0,6184601000.0,0.325,9.467,-748425000.0,546000.0,546000.0,1733432000.0,-1716297000.0,0.755,1.817,3214005000.0,0.0,3214005000.0,3214005000.0,0.0,1644477000.0,0.0,0.016,0.08,-2022303000.0,-377826000.0,-0.134,-377826000.0,-2022303000.0,-2216588000.0,-6.92,-6.92,-6.92,2347488000.0,3687649000.0,2347488000.0,4393405980.0,-2.0,-11.628,-66582000.0,-0.269,1.0,1094183000.0,0.387,0.0,194285000.0,9259318000.0,11618194750.0,0.0,137554000.0,136848000.0,706000.0,4264915000.0,566544000.0,3698371000.0,1219419980.0,1000.0,784937000.0,-6241000.0,-691625000.0,-20070000.0,-721320000.0,39478000.0,2966000.0,681843000.0,0.0,-1716297000.0,-1716297000.0,-1716297000.0,0.0,0.0,-0.607,3091645000.0,-1997462000.0,155341000.0,-0.012,0.519,-0.71,-0.701,6108463000.0,0.0,4.85,0.431,0.425,272900000.0,-3306834000.0,2827615000.0,2827615000.0,36683000.0,-0.197,-0.465,-0.174,-0.715,24891000.0,181109000.0,1.0,251426800.0,247970000.0,247970000.0,11.403,6612403000.0,0.0,-500291000.0,160196000.0,26.666,-138742000.0
7,RRC,MRT,2019-09-30,2019-09-30,2019-09-30,2021-07-26,-478000.0,8854199000.0,9481431250.0,412458000.0,8441741000.0,0.347,16.761,-780704000.0,354000.0,354000.0,1917027000.0,-1675399000.0,0.74,1.129,3174340000.0,0.0,3174340000.0,3174340000.0,0.0,565883000.0,0.0,0.021,0.08,-1546193000.0,-980310000.0,-0.298,-980310000.0,-1546193000.0,-1745615000.0,-6.81,-6.81,-6.81,4158192000.0,4115634750.0,4158192000.0,4792110526.0,-3.0,-4.888,-15530000.0,-0.063,1.0,1377621000.0,0.418,0.0,199422000.0,11470755000.0,12500780000.0,25895000.0,156847000.0,137019000.0,19828000.0,4696007000.0,557430000.0,4138577000.0,960265526.0,-3000.0,1084737000.0,1901000.0,-1052891000.0,-20067000.0,-1074468000.0,309291000.0,5258000.0,765174000.0,0.0,-1675399000.0,-1675399000.0,-1675399000.0,0.0,0.0,-0.509,2915944000.0,-1538323000.0,163327000.0,-0.012,0.231,-0.573,-0.561,8349095000.0,0.0,3.82,0.291,0.288,249190000.0,-1496521000.0,3294648000.0,3294648000.0,37933000.0,-0.177,-0.407,-0.124,-0.469,2915000.0,188406000.0,1.0,251378410.0,248082000.0,248082000.0,13.28,8854199000.0,0.0,-70216000.0,661216000.0,35.691,-144972000.0
8,RRC,MRT,2019-06-30,2019-06-30,2019-06-30,2021-07-26,-538000.0,9728308000.0,10234415500.0,459099000.0,9269209000.0,0.34,16.88,-812136000.0,507000.0,507000.0,1959091000.0,-1599279000.0,0.748,1.326,3832352000.0,0.0,3832352000.0,3832352000.0,0.0,592398000.0,0.0,0.011,0.08,-1390913000.0,-798515000.0,-0.229,-798515000.0,-1390913000.0,-1598139000.0,-6.51,-6.51,-6.51,4182253000.0,4530408750.0,4182253000.0,5584933110.0,-4.0,-6.994,78555000.0,0.317,1.0,1524337000.0,0.438,0.0,207226000.0,12946522000.0,13040995000.0,26706000.0,163136000.0,142591000.0,20545000.0,5546055000.0,613631000.0,4932424000.0,1753013110.0,92000.0,358549000.0,4611000.0,-425970000.0,-20029000.0,-444893000.0,-445706000.0,7881000.0,890691000.0,0.0,-1599279000.0,-1599279000.0,-1599279000.0,0.0,0.0,-0.459,2904395000.0,-1380058000.0,193190000.0,-0.012,0.419,-1.096,-1.072,9176913000.0,0.0,6.98,0.503,0.496,289295000.0,-1463912000.0,3483428000.0,3483428000.0,35219000.0,-0.156,-0.353,-0.107,-0.399,9317000.0,191081000.0,1.0,251148010.0,247770000.0,248436000.0,14.059,9728308000.0,0.0,1140000.0,712495000.0,39.263,-154532000.0
9,RRC,MRT,2019-03-31,2019-03-31,2019-03-31,2021-07-26,-598000.0,9635064000.0,10758857750.0,388478000.0,9246586000.0,0.306,16.397,-902997000.0,488000.0,488000.0,1930770000.0,-1794300000.0,0.579,1.372,3832408000.0,0.0,3832408000.0,3832408000.0,0.0,627221000.0,0.0,0.007,0.08,-1652416000.0,-1025195000.0,-0.312,-1025195000.0,-1652416000.0,-1861777000.0,-7.29,-7.29,-7.29,4062663000.0,4925854250.0,4062663000.0,6648135666.0,-4.0,-6.485,-22185000.0,-0.09,1.0,1357413000.0,0.413,0.0,209361000.0,12796184000.0,13217269000.0,25128000.0,14552000.0,6146000.0,8406000.0,5572401000.0,670800000.0,4901601000.0,2811819666.0,-39000.0,324841000.0,9286000.0,-294487000.0,-19992000.0,-308878000.0,-571973000.0,6183000.0,880812000.0,0.0,-1794300000.0,-1794300000.0,-1794300000.0,0.0,0.0,-0.546,2998974000.0,-1641561000.0,215073000.0,-0.011,0.692,-1.567,-1.542,9163423000.0,0.0,11.24,0.855,0.847,356716000.0,-1574070000.0,3288183000.0,3288183000.0,34609000.0,-0.167,-0.364,-0.125,-0.503,25342000.0,188033000.0,1.0,250161892.0,247776000.0,249154000.0,13.271,9635064000.0,0.0,-67477000.0,672376000.0,38.886,-282322000.0
10,RRC,MRT,2018-12-31,2018-12-31,2018-12-31,2021-07-26,-658000.0,9708154000.0,11282633750.0,602185000.0,9105969000.0,0.291,16.49,-1022996000.0,545000.0,545000.0,1799543000.0,-1746481000.0,0.798,1.392,3836861000.0,0.0,3836861000.0,3836861000.0,0.0,658081000.0,0.0,0.008,0.08,-1566761000.0,-908680000.0,-0.277,-908680000.0,-1566761000.0,-1776970000.0,-7.1,-7.1,-7.1,4059431000.0,5368836500.0,4059431000.0,6548307238.0,-4.0,-7.206,-32306000.0,-0.131,1.0,1483102000.0,0.452,0.0,210209000.0,12789659000.0,13391046000.0,0.0,92795000.0,87953000.0,4842000.0,5648723000.0,754811000.0,4893912000.0,2387764238.0,97000.0,324549000.0,9747000.0,-281783000.0,-19940000.0,-295159000.0,-695434000.0,3013000.0,990690000.0,0.0,-1746481000.0,-1746481000.0,-1746481000.0,0.0,0.0,-0.532,3039197000.0,-1556095000.0,227344000.0,-0.011,0.588,-1.367,-1.348,9032961000.0,0.0,9.57,0.727,0.718,490723000.0,-1570462000.0,3282645000.0,3282645000.0,34117000.0,-0.155,-0.325,-0.117,-0.477,29757000.0,209812000.0,1.0,249505145.0,246171000.0,246171000.0,13.335,9708154000.0,0.0,-30489000.0,666668000.0,39.437,-152626000.0
11,RRC,MRT,2018-09-30,2018-09-30,2018-09-30,2021-07-26,-1124000.0,11866136000.0,11787805500.0,422484000.0,11443652000.0,0.245,23.604,-1223060000.0,357000.0,357000.0,1528259000.0,239126000.0,0.56,1.04,4160900000.0,0.0,4160900000.0,4160900000.0,0.0,673090000.0,0.0,0.005,0.08,140862000.0,813952000.0,0.282,813952000.0,140862000.0,-71659000.0,0.96,0.96,0.96,5817288000.0,5797546750.0,5817288000.0,8444979720.0,60.0,10.375,-232391000.0,-0.943,1.0,1360781000.0,0.471,1641197000.0,212521000.0,13631615000.0,13553763500.0,24488000.0,1217000.0,103000.0,1114000.0,6048848000.0,753867000.0,5294981000.0,4238232720.0,-172000.0,69224000.0,8513000.0,177526000.0,-19913000.0,162971000.0,-1153812000.0,24000.0,990669000.0,0.0,239126000.0,239126000.0,239126000.0,0.0,0.0,0.083,1219919000.0,140862000.0,225874000.0,0.083,0.729,17.724,17.698,9725138000.0,0.0,16.99,1.467,1.449,397536000.0,198950000.0,2889040000.0,2889040000.0,31410000.0,0.02,0.041,0.01,0.049,68021000.0,240275000.0,1.0,249454545.0,246451000.0,247166000.0,11.723,10224939000.0,0.0,-310785000.0,731723000.0,41.489,-331383000.0
12,RRC,MRT,2018-06-30,2018-06-30,2018-06-30,2021-07-26,-1194000.0,11826077000.0,11730706250.0,384872000.0,11441205000.0,0.218,23.442,-1326134000.0,415000.0,415000.0,1367563000.0,62887000.0,0.52,1.052,4207162000.0,0.0,4207162000.0,4207162000.0,0.0,732252000.0,0.0,0.005,0.08,-137128000.0,595124000.0,0.232,595124000.0,-137128000.0,-344027000.0,0.25,0.25,0.25,5764035000.0,5727594750.0,5764035000.0,8250905640.0,-60.0,13.864,-375693000.0,-1.528,1.0,1192484000.0,0.466,1641197000.0,206899000.0,13651618000.0,13472512000.0,21967000.0,3295000.0,0.0,3295000.0,6062042000.0,740009000.0,5322033000.0,4169738640.0,-105000.0,45546000.0,5983000.0,350363000.0,-19885000.0,332534000.0,-1283080000.0,-2492000.0,950441000.0,0.0,62887000.0,62887000.0,62887000.0,0.0,0.0,0.025,1329612000.0,-137128000.0,248226000.0,0.32,0.723,66.305,66.92,9718312000.0,0.0,16.73,1.629,1.607,362490000.0,155432000.0,2560047000.0,2560047000.0,45878000.0,0.005,0.011,-0.01,-0.054,62921000.0,249588000.0,1.0,249237217.0,245880000.0,245880000.0,10.412,10184880000.0,0.0,-406914000.0,707563000.0,41.422,-355137000.0
13,RRC,MRT,2018-03-31,2018-03-31,2018-03-31,2021-07-26,-1263000.0,11730168000.0,11679521000.0,337947000.0,11392221000.0,0.221,23.746,-1329754000.0,527000.0,527000.0,1238514000.0,212273000.0,0.498,1.01,4081694000.0,0.0,4081694000.0,4081694000.0,0.0,708428000.0,0.0,0.006,0.08,92491000.0,800919000.0,0.311,800919000.0,92491000.0,-108472000.0,0.85,0.85,0.85,5834592000.0,5702058750.0,5834592000.0,7722117517.0,83.0,9.642,-368790000.0,-1.501,1.0,1338460000.0,0.519,1641197000.0,200963000.0,13491292000.0,13366033250.0,30064000.0,23132000.0,12908000.0,10224000.0,5895576000.0,678846000.0,5216730000.0,3613759517.0,-18000.0,46455000.0,2100000.0,341896000.0,-19859000.0,320374000.0,-1281356000.0,1943000.0,960964000.0,0.0,212273000.0,212273000.0,212273000.0,0.0,0.0,0.082,1245969000.0,92491000.0,314819000.0,0.094,0.619,17.024,17.106,9663570000.0,0.0,14.54,1.402,1.386,294448000.0,240257000.0,2576974000.0,2576974000.0,52877000.0,0.018,0.037,0.007,0.036,48271000.0,254327000.0,1.0,248539169.0,245709000.0,246594000.0,10.488,10088971000.0,0.0,-320745000.0,736054000.0,41.061,-340899000.0
14,RRC,MRT,2017-12-31,2017-12-31,2017-12-31,2021-07-26,-1332000.0,11728841000.0,11602415250.0,429234000.0,11299607000.0,0.225,23.56,-1212536000.0,448000.0,448000.0,1158628000.0,333146000.0,0.568,1.031,4108806000.0,0.0,4108806000.0,4108806000.0,0.0,688671000.0,0.0,0.005,0.08,277799000.0,966470000.0,0.37,966470000.0,277799000.0,82120000.0,1.34,1.34,1.34,5774272000.0,5639029750.0,5774272000.0,8214689919.0,30.0,8.5,-396282000.0,-1.617,1.0,1452402000.0,0.556,1641197000.0,195679000.0,13440529000.0,13211866000.0,21346000.0,58880000.0,58607000.0,273000.0,5954569000.0,755473000.0,5199096000.0,4233256919.0,134000.0,72468000.0,4482000.0,345277000.0,-19839000.0,322937000.0,-1139057000.0,1011000.0,816254000.0,0.0,333146000.0,333146000.0,333146000.0,0.0,0.0,0.128,1174603000.0,277799000.0,343871000.0,0.06,0.733,12.707,12.731,9581403000.0,0.0,17.06,1.621,1.601,348833000.0,195990000.0,2611030000.0,2611030000.0,53662000.0,0.029,0.059,0.021,0.106,30706000.0,233406000.0,1.0,248139327.0,245091000.0,245458000.0,10.653,10087644000.0,0.0,-251026000.0,693356000.0,41.159,-326239000.0
15,RRC,MRT,2017-09-30,2017-09-30,2017-09-30,2021-07-26,0.0,11637739000.0,11490766250.0,337250000.0,11300489000.0,0.19,22.579,-965316000.0,529000.0,529000.0,1105394000.0,-48748000.0,0.502,1.102,3981962000.0,0.0,3981962000.0,3981962000.0,0.0,675415000.0,0.0,0.004,0.08,144680000.0,820095000.0,0.375,820095000.0,144680000.0,-46275000.0,-0.2,-0.2,-0.2,5537480000.0,5547553750.0,5537480000.0,8704017152.0,60.0,10.613,-183553000.0,-0.748,1.0,1080126000.0,0.494,1641197000.0,190955000.0,13306609000.0,13026359500.0,21379000.0,30688000.0,30176000.0,512000.0,6100259000.0,671366000.0,5428893000.0,4855948152.0,-13000.0,29504000.0,7199000.0,171840000.0,-19904000.0,152115000.0,-933891000.0,1921000.0,781763000.0,0.0,-48748000.0,-48748000.0,-48748000.0,0.0,0.0,-0.022,942990000.0,137136000.0,317112000.0,-0.4,0.877,-99.613,-97.85,9584380000.0,0.0,19.57,2.222,2.196,285166000.0,-20232000.0,2185520000.0,2185520000.0,59453000.0,-0.004,-0.009,0.011,0.066,5933000.0,209880000.0,1.0,248132251.0,245244000.0,245244000.0,8.912,9996542000.0,0.0,2473000.0,1042889000.0,40.762,-334116000.0
16,RRC,MRT,2017-06-30,2017-06-30,2017-06-30,2021-07-26,0.0,11621336000.0,11413146250.0,360614000.0,11260722000.0,0.185,23.093,-757416000.0,520000.0,520000.0,1017585000.0,36981000.0,0.604,1.053,3848589000.0,0.0,3848589000.0,3848589000.0,0.0,583476000.0,0.0,0.003,0.08,285484000.0,868960000.0,0.411,868960000.0,285484000.0,97741000.0,0.09,0.09,0.09,5661891000.0,5528387000.0,5661891000.0,9474917761.0,33.0,10.904,-132221000.0,-0.539,1.0,1098910000.0,0.519,1646710000.0,187743000.0,13225703000.0,12964785000.0,18406000.0,97429000.0,80559000.0,16870000.0,5959445000.0,596992000.0,5362453000.0,5736667761.0,138000.0,37420000.0,6937000.0,110306000.0,-19800000.0,91114000.0,-716171000.0,3825000.0,625195000.0,0.0,36981000.0,36981000.0,36981000.0,0.0,0.0,0.017,818373000.0,280537000.0,286619000.0,0.889,1.013,155.125,257.444,9521602000.0,0.0,23.17,2.71,2.684,261129000.0,112430000.0,2116495000.0,2116495000.0,43629000.0,0.003,0.007,0.022,0.135,4919000.0,197869000.0,1.0,247590322.0,245177000.0,245335000.0,8.633,9974626000.0,0.0,60760000.0,1114583000.0,40.683,-236378000.0
17,RRC,MRT,2017-03-31,2017-03-31,2017-03-31,2021-07-26,0.0,11421745000.0,10102857000.0,297537000.0,11124208000.0,0.153,22.818,-602660000.0,545000.0,545000.0,933238000.0,-257505000.0,0.471,1.046,3738795000.0,0.0,3738795000.0,3738795000.0,0.0,553362000.0,0.0,0.003,0.08,-206309000.0,347053000.0,0.225,347053000.0,-206309000.0,-383884000.0,-1.54,-1.54,-1.54,5582476000.0,4729146000.0,5582476000.0,10975935420.0,-53.0,31.626,-80515000.0,-0.329,1.0,611943000.0,0.396,1654292000.0,177575000.0,12874623000.0,11810145500.0,20146000.0,46245000.0,30454000.0,15791000.0,5839269000.0,631080000.0,5208189000.0,7202732420.0,16000.0,113909000.0,14705000.0,-25166000.0,-18238000.0,-35066000.0,-487063000.0,1688000.0,522145000.0,0.0,-257505000.0,-257505000.0,-257505000.0,0.0,0.0,-0.167,819895000.0,-207952000.0,299839000.0,-0.052,1.29,-27.971,-18.896,9376613000.0,0.0,29.1,4.661,4.607,246392000.0,47843000.0,1545181000.0,1545181000.0,35916000.0,-0.025,-0.054,-0.017,-0.134,46519000.0,191611000.0,1.0,247516578.0,244652000.0,244803000.0,6.316,9767453000.0,0.0,-126379000.0,1055737000.0,39.924,-333543000.0
18,RRC,MRT,2016-12-31,2016-12-31,2016-12-31,2021-07-26,0.0,11282245000.0,8923708250.0,281883000.0,11000362000.0,0.123,28.485,-512786000.0,314000.0,314000.0,856616000.0,-521388000.0,0.401,1.086,3773517000.0,0.0,3773517000.0,3773517000.0,0.0,567142000.0,0.0,0.002,0.08,-633925000.0,-66783000.0,-0.061,-66783000.0,-633925000.0,-802138000.0,-2.75,-2.75,-2.75,5408368000.0,4001363000.0,5408368000.0,12318079302.0,-19.0,-184.449,-125718000.0,-0.662,1.0,243323000.0,0.221,1654292000.0,168213000.0,12698503000.0,10830352750.0,26573000.0,13483000.0,13278000.0,205000.0,5873877000.0,702653000.0,5171224000.0,8491912302.0,-157000.0,200935000.0,13102000.0,-70961000.0,-16682000.0,-78390000.0,-308835000.0,3016000.0,387068000.0,0.0,-521388000.0,-521388000.0,-521388000.0,0.0,0.0,-0.474,877248000.0,-633925000.0,229190000.0,-0.029,1.57,-16.287,-12.495,9273210000.0,0.0,34.36,7.72,5.931,241718000.0,-117317000.0,1099939000.0,1099939000.0,32325000.0,-0.058,-0.13,-0.059,-0.576,74685000.0,184772000.0,1.0,247145294.0,189868000.0,189868000.0,5.793,9627953000.0,0.0,-280750000.0,943343000.0,50.709,-420770000.0
19,RRC,MRT,2016-09-30,2016-09-30,2016-09-30,2021-07-26,0.0,11327259000.0,7828154750.0,379210000.0,10948049000.0,0.161,30.223,-514838000.0,542000.0,542000.0,792906000.0,-682506000.0,0.821,1.074,3826709000.0,0.0,3826709000.0,3826709000.0,0.0,633398000.0,0.0,0.003,0.1,-869649000.0,-236251000.0,-0.188,-236251000.0,-869649000.0,-1031962000.0,-4.07,-4.07,-4.07,5460813000.0,3339185500.0,5460813000.0,9157580876.0,-11.0,-38.762,-133159000.0,-0.737,1.0,464238000.0,0.369,1630981000.0,162313000.0,13060311000.0,9955512750.0,36445000.0,179820000.0,158340000.0,21480000.0,5866446000.0,462134000.0,5404312000.0,6591001876.0,52000.0,1075090000.0,10745000.0,-922926000.0,-18429000.0,-942112000.0,560485000.0,233000.0,381679000.0,0.0,-682506000.0,-682506000.0,-682506000.0,0.0,0.0,-0.543,919487000.0,-455249000.0,124348000.0,-0.025,1.207,-9.657,-9.521,9224408000.0,0.0,38.75,5.243,5.569,183883000.0,-52684000.0,1257144000.0,1257144000.0,22901000.0,-0.087,-0.204,-0.087,-0.692,62957000.0,171289000.0,1.0,170090371.0,180683000.0,180683000.0,6.958,9696278000.0,0.0,-349456000.0,1176353000.0,53.665,-82924000.0
20,RRC,MRT,2016-06-30,2016-06-30,2016-06-30,2021-07-26,0.0,6380179000.0,7095816000.0,145712000.0,6234467000.0,0.187,14.749,-651742000.0,382000.0,382000.0,754775000.0,-941483000.0,0.429,1.588,2566961000.0,0.0,2566961000.0,2566961000.0,0.0,1158135000.0,0.0,0.003,0.12,-1252765000.0,-94630000.0,-0.071,-94630000.0,-1252765000.0,-1412015000.0,-5.65,-5.65,-5.65,2464927000.0,2745152750.0,2464927000.0,9911358854.0,-8.0,-104.738,-157281000.0,-0.941,1.0,569095000.0,0.43,0.0,159250000.0,8607145000.0,9570085500.0,20662000.0,44063000.0,43250000.0,813000.0,3915252000.0,339613000.0,3575639000.0,7322822854.0,-139000.0,1067403000.0,11427000.0,-886198000.0,-20345000.0,-906415000.0,411815000.0,-3846000.0,494461000.0,0.0,-941483000.0,-941483000.0,-941483000.0,0.0,0.0,-0.711,1387562000.0,-818467000.0,92081000.0,-0.021,2.971,-7.778,-7.635,6157142000.0,0.0,43.14,5.531,5.446,81418000.0,-5855000.0,1323870000.0,1323870000.0,20193000.0,-0.133,-0.343,-0.131,-0.946,31515000.0,176443000.0,1.0,169745546.0,167126000.0,167126000.0,7.921,6380179000.0,0.0,-470532000.0,606482000.0,38.176,-193901000.0
21,RRC,MRT,2016-03-31,2016-03-31,2016-03-31,2021-07-26,0.0,6705150000.0,7702254000.0,391726000.0,6313424000.0,0.19,16.015,-848530000.0,529000.0,529000.0,716537000.0,-835141000.0,1.158,1.51,2589065000.0,0.0,2589065000.0,2589065000.0,0.0,1187640000.0,0.0,0.004,0.14,-1073189000.0,114451000.0,0.078,114451000.0,-1073189000.0,-1238160000.0,-5.01,-5.01,-5.01,2671344000.0,2974274500.0,2671344000.0,8142014538.0,-8.0,71.14,-276981000.0,-1.661,1.0,750137000.0,0.511,0.0,164971000.0,8955452000.0,10358963750.0,25224000.0,266509000.0,261079000.0,5430000.0,4033806000.0,338234000.0,3695572000.0,5491182538.0,10000.0,993320000.0,7819000.0,-688571000.0,-23719000.0,-715534000.0,143995000.0,-720000.0,571549000.0,0.0,-835141000.0,-835141000.0,-835141000.0,0.0,0.0,-0.569,1392332000.0,-642195000.0,133853000.0,-0.028,2.056,-6.575,-6.463,6234616000.0,0.0,32.38,3.744,3.683,104894000.0,222482000.0,1466674000.0,1466674000.0,18433000.0,-0.108,-0.281,-0.104,-0.732,-501000.0,186343000.0,1.0,169585625.0,166803000.0,166803000.0,8.793,6705150000.0,0.0,-403019000.0,735971000.0,40.198,53492000.0
22,RRC,MRT,2015-12-31,2015-12-31,2015-12-31,2021-07-26,0.0,6900031000.0,8237188250.0,439074000.0,6460957000.0,0.194,16.586,-1109965000.0,471000.0,471000.0,682828000.0,-713685000.0,1.248,1.5,2651303000.0,0.0,2651303000.0,2651303000.0,0.0,1171329000.0,0.0,0.007,0.16,-885923000.0,285406000.0,0.179,285406000.0,-885923000.0,-1052362000.0,-4.29,-4.29,-4.29,2759658000.0,3178802500.0,2759658000.0,7754697800.0,-9.0,27.171,-418563000.0,-2.516,1.0,915240000.0,0.573,0.0,166439000.0,9199143000.0,10993866500.0,33217000.0,288762000.0,281544000.0,7218000.0,4140373000.0,351720000.0,3788653000.0,4168187800.0,23000.0,890901000.0,8298000.0,-446120000.0,-27083000.0,-472607000.0,-218772000.0,367000.0,691402000.0,0.0,-713685000.0,-713685000.0,-713685000.0,0.0,0.0,-0.447,1371812000.0,-456572000.0,117346000.0,-0.037,1.51,-5.84,-5.737,6380760000.0,0.0,24.61,2.608,2.562,123842000.0,317587000.0,1598068000.0,1598068000.0,21406000.0,-0.087,-0.225,-0.081,-0.554,-20411000.0,194015000.0,1.0,169369679.0,166389000.0,166389000.0,9.604,6900031000.0,0.0,-338677000.0,777947000.0,41.469,87354000.0
23,RRC,MRT,2015-09-30,2015-09-30,2015-09-30,2021-07-26,0.0,8397904000.0,8688331500.0,423428000.0,7974476000.0,0.204,18.525,-1367251000.0,490000.0,490000.0,670459000.0,-107804000.0,0.909,1.722,3587000000.0,0.0,3587000000.0,3587000000.0,0.0,1104983000.0,0.0,0.005,0.16,48344000.0,1153327000.0,0.65,1153327000.0,48344000.0,-116146000.0,-0.66,-0.67,-0.66,3084682000.0,3353245250.0,3084682000.0,8903370765.0,184.0,7.72,-532276000.0,-3.197,1.0,1103458000.0,0.622,0.0,164490000.0,11518602000.0,11467906500.0,23038000.0,333175000.0,289108000.0,44067000.0,5313222000.0,465812000.0,4847410000.0,5439891765.0,22000.0,48207000.0,8177000.0,523656000.0,-27056000.0,484559000.0,-1319512000.0,-393000.0,834975000.0,0.0,-107804000.0,-107804000.0,-107804000.0,0.0,0.0,-0.061,1032619000.0,70839000.0,147870000.0,-0.242,1.764,-50.461,-48.667,7814629000.0,0.0,32.12,3.067,3.015,110792000.0,646189000.0,1773917000.0,1773917000.0,40784000.0,-0.012,-0.032,0.004,0.027,-30460000.0,202834000.0,1.0,169361512.0,166517000.0,166517000.0,10.653,8397904000.0,0.0,-8342000.0,938691000.0,50.433,-42384000.0
24,RRC,MRT,2015-06-30,2015-06-30,2015-06-30,2021-07-26,0.0,8805931000.0,8597468000.0,373608000.0,8432323000.0,0.222,20.318,-1486499000.0,521000.0,521000.0,657485000.0,339562000.0,0.737,1.604,3464000000.0,0.0,3464000000.0,3464000000.0,0.0,591207000.0,0.0,0.003,0.16,720297000.0,1311504000.0,0.686,1311504000.0,720297000.0,559523000.0,2.02,2.0,2.02,3381414000.0,3374304000.0,3381414000.0,11610269594.0,16.0,8.853,-583527000.0,-3.506,1.0,1253114000.0,0.656,0.0,160774000.0,11762658000.0,11229898500.0,20914000.0,268821000.0,237167000.0,31654000.0,5424517000.0,506752000.0,4917765000.0,8348788594.0,229000.0,48669000.0,8245000.0,573976000.0,-27030000.0,534973000.0,-1437716000.0,189000.0,902972000.0,0.0,339562000.0,339562000.0,339562000.0,0.0,0.0,0.178,532817000.0,720297000.0,206748000.0,0.079,2.469,24.587,24.446,8272972000.0,0.0,49.38,4.37,4.301,115006000.0,953911000.0,1910599000.0,1910599000.0,47992000.0,0.039,0.101,0.064,0.377,-32415000.0,211619000.0,1.0,169072268.0,166421000.0,166421000.0,11.481,8805931000.0,0.0,219961000.0,1073473000.0,52.914,-133144000.0
25,RRC,MRT,2015-03-31,2015-03-31,2015-03-31,2021-07-26,0.0,8844887000.0,8346124750.0,510639000.0,8334248000.0,0.291,21.016,-1532726000.0,519000.0,519000.0,648597000.0,629545000.0,0.835,1.535,3262000000.0,0.0,3262000000.0,3262000000.0,0.0,597664000.0,0.0,0.003,0.16,1192240000.0,1789904000.0,0.736,1789904000.0,1192240000.0,1029457000.0,3.77,3.75,3.77,3489456000.0,3283994000.0,3489456000.0,11862591295.0,10.0,6.628,-528956000.0,-3.186,1.0,1782925000.0,0.733,0.0,162783000.0,11495063000.0,10807083000.0,17315000.0,429855000.0,358544000.0,71311000.0,5355431000.0,611305000.0,4744126000.0,8790039295.0,273000.0,190874000.0,405833000.0,-15414000.0,-26819000.0,343382000.0,-1346879000.0,-6130000.0,1003770000.0,0.0,629545000.0,629545000.0,629545000.0,0.0,0.0,0.259,566089000.0,1216836000.0,278248000.0,0.042,2.519,13.963,13.804,8140960000.0,0.0,52.04,3.615,3.554,134261000.0,1079280000.0,2431522000.0,2431522000.0,56588000.0,0.075,0.192,0.11,0.49,-7670000.0,212543000.0,1.0,168909287.0,166039000.0,166066000.0,14.644,8844887000.0,0.0,399912000.0,1135448000.0,53.27,-100666000.0
26,RRC,MRT,2014-12-31,2014-12-31,2014-12-31,2021-07-26,0.0,8704604000.0,8005596750.0,570292000.0,8134312000.0,0.303,21.13,-1424253000.0,448000.0,448000.0,650307000.0,634382000.0,0.892,1.518,3030824000.0,0.0,3030824000.0,3030824000.0,0.0,579056000.0,0.0,0.003,0.16,1199862000.0,1778918000.0,0.733,1778918000.0,1199862000.0,1030885000.0,3.81,3.79,3.81,3457429000.0,3024050250.0,3457429000.0,12015593822.0,10.0,6.754,-449900000.0,-2.75,1.0,1775750000.0,0.732,0.0,168977000.0,11095303000.0,10475532250.0,17854000.0,403363000.0,363049000.0,40314000.0,5247175000.0,639677000.0,4607498000.0,9017061822.0,100000.0,180508000.0,412526000.0,-94495000.0,-26610000.0,271203000.0,-1245456000.0,-2814000.0,974353000.0,0.0,634382000.0,634382000.0,634382000.0,0.0,0.0,0.261,551292000.0,1224458000.0,396942000.0,0.042,2.608,14.214,14.029,8015154000.0,0.0,53.45,3.717,3.605,188941000.0,1058355000.0,2426057000.0,2426057000.0,63548000.0,0.079,0.21,0.115,0.495,-4295000.0,213426000.0,1.0,168700876.0,163625000.0,164403000.0,14.827,8704604000.0,0.0,396503000.0,1113081000.0,53.198,-69385000.0
27,RRC,MRT,2014-09-30,2014-09-30,2014-09-30,2021-07-26,-222000.0,8034450000.0,7654217250.0,236642000.0,7797808000.0,0.284,19.108,-1337316000.0,468000.0,468000.0,632673000.0,378499000.0,0.507,1.535,2999000000.0,0.0,2999000000.0,2999000000.0,0.0,556442000.0,0.0,0.002,0.16,755663000.0,1312105000.0,0.603,1312105000.0,755663000.0,580631000.0,2.28,2.27,2.28,3168917000.0,2763306000.0,3168917000.0,14269090086.0,19.0,10.875,-441706000.0,-2.663,1.0,1542603000.0,0.709,0.0,175032000.0,10566570000.0,10187629750.0,16961000.0,61808000.0,44774000.0,17034000.0,4865533000.0,466412000.0,4399121000.0,11439382086.0,213000.0,150900000.0,416641000.0,-101399000.0,-26398000.0,288844000.0,-1184241000.0,-2727000.0,895610000.0,0.0,378499000.0,378499000.0,378499000.0,0.0,0.0,0.174,762344000.0,780259000.0,266702000.0,0.07,3.61,30.223,29.741,7668640000.0,0.0,67.81,5.259,5.17,172429000.0,781049000.0,2175276000.0,2175276000.0,53975000.0,0.049,0.137,0.074,0.347,60697000.0,221270000.0,1.0,168697568.0,165841000.0,166460000.0,13.117,8034450000.0,2010000.0,202132000.0,0.0,48.447,-229770000.0
28,RRC,MRT,2014-06-30,2014-06-30,2014-06-30,2021-07-26,1950000.0,7800558000.0,7403262250.0,247579000.0,7552979000.0,0.27,18.654,-1337092000.0,292000.0,292000.0,625724000.0,251259000.0,0.443,1.583,2830000000.0,0.0,2830000000.0,2830000000.0,0.0,551347000.0,0.0,0.002,0.16,551900000.0,1103247000.0,0.551,1103247000.0,551900000.0,371735000.0,1.53,1.53,1.53,3020174000.0,2568827000.0,3020174000.0,17483944612.0,32.0,15.848,-431920000.0,-2.668,1.0,1374975000.0,0.687,0.0,180165000.0,10071396000.0,9956977750.0,18664000.0,10223000.0,5463000.0,4760000.0,4780384000.0,558870000.0,4221514000.0,14249324612.0,8000.0,165594000.0,418655000.0,-129680000.0,-26186000.0,262789000.0,-1167953000.0,-1357000.0,905172000.0,0.0,251259000.0,251259000.0,251259000.0,0.0,0.0,0.126,798479000.0,576496000.0,291107000.0,0.105,4.718,56.712,56.83,7434008000.0,0.0,86.95,7.122,7.037,183749000.0,641379000.0,2000699000.0,2000699000.0,63028000.0,0.034,0.098,0.055,0.276,103985000.0,211226000.0,1.0,163879524.0,161909000.0,162813000.0,12.357,7800558000.0,39411000.0,120476000.0,0.0,48.179,-311291000.0
29,RRC,MRT,2014-03-31,2014-03-31,2014-03-31,2021-07-26,4996000.0,7482775000.0,7185668250.0,279345000.0,7203430000.0,0.266,15.235,-1307961000.0,246000.0,246000.0,594820000.0,223853000.0,0.509,2.055,3234866000.0,0.0,3234866000.0,3234866000.0,0.0,513731000.0,0.0,0.002,0.16,503595000.0,1017326000.0,0.533,1017326000.0,503595000.0,323847000.0,1.37,1.37,1.37,2449681000.0,2410229250.0,2449681000.0,16721279386.0,33.0,16.437,-584451000.0,-3.635,1.0,1313711000.0,0.688,0.0,179748000.0,10168860000.0,9782718000.0,17353000.0,139788000.0,80000.0,139708000.0,5033094000.0,548535000.0,4484559000.0,13581111386.0,52000.0,277620000.0,16835000.0,304533000.0,-26158000.0,295210000.0,-1018668000.0,7874000.0,723510000.0,0.0,223853000.0,223853000.0,223853000.0,0.0,0.0,0.117,797836000.0,515875000.0,273756000.0,0.117,5.544,60.67,60.562,6944735000.0,0.0,82.97,7.116,6.99,221304000.0,476554000.0,1908531000.0,1908531000.0,62475000.0,0.031,0.093,0.051,0.264,77000000.0,256325000.0,1.0,163687012.0,160794000.0,161825000.0,11.869,7482775000.0,40362000.0,99994000.0,0.0,46.536,-269190000.0
30,RRC,MRT,2013-12-31,2013-12-31,2013-12-31,2021-07-26,6236000.0,7299086000.0,7031607250.0,248301000.0,7050785000.0,0.252,15.049,-1297322000.0,348000.0,348000.0,561359000.0,115722000.0,0.501,2.023,3140516000.0,0.0,3140516000.0,3140516000.0,0.0,500150000.0,0.0,0.002,0.16,326136000.0,826286000.0,0.467,826286000.0,326136000.0,149579000.0,0.71,0.7,0.71,2414452000.0,2362157000.0,2414452000.0,16844989759.0,52.0,20.386,-553784000.0,-3.452,1.0,1209069000.0,0.683,0.0,176557000.0,9943693000.0,9539297750.0,12451000.0,142688000.0,4421000.0,138267000.0,4884634000.0,495561000.0,4389073000.0,13778074759.0,96000.0,315522000.0,21024000.0,245099000.0,-26129000.0,239994000.0,-983436000.0,-5435000.0,743538000.0,0.0,115722000.0,115722000.0,115722000.0,0.0,0.0,0.065,870653000.0,338416000.0,258431000.0,0.225,5.707,119.062,118.746,6791221000.0,0.0,84.31,7.782,7.64,179667000.0,450583000.0,1770428000.0,1770428000.0,64409000.0,0.016,0.049,0.034,0.184,119398000.0,291171000.0,1.0,163421596.0,160438000.0,161407000.0,11.035,7299086000.0,51414000.0,33857000.0,771980000.0,45.495,-247260000.0
31,RRC,MRT,2013-09-30,2013-09-30,2013-09-30,2021-07-26,19733000.0,7030630000.0,6889019500.0,222732000.0,6807898000.0,0.275,14.897,-1347517000.0,255000.0,255000.0,507567000.0,140513000.0,0.491,1.94,3067170000.0,0.0,3067170000.0,3067170000.0,0.0,520681000.0,0.0,0.002,0.16,408967000.0,929648000.0,0.491,929648000.0,408967000.0,232657000.0,0.86,0.86,0.86,2391001000.0,2347892000.0,2391001000.0,15348703492.0,38.0,16.51,-658675000.0,-4.104,1.0,1385104000.0,0.732,0.0,176310000.0,9643962000.0,9341255750.0,12898000.0,127236000.0,0.0,127236000.0,4639629000.0,453583000.0,4186046000.0,12400152492.0,104000.0,447885000.0,22915000.0,204443000.0,-26099000.0,201259000.0,-889997000.0,9635000.0,688842000.0,0.0,140513000.0,140513000.0,140513000.0,0.0,0.0,0.074,952794000.0,432310000.0,251635000.0,0.186,5.186,88.249,88.244,6542218000.0,0.0,75.89,6.552,6.436,151407000.0,428948000.0,1892671000.0,1892671000.0,68366000.0,0.02,0.06,0.044,0.216,75750000.0,277546000.0,1.0,163396396.0,160500000.0,161374000.0,11.792,7030630000.0,2179000.0,92144000.0,0.0,43.805,-230851000.0
32,RRC,MRT,2013-06-30,2013-06-30,2013-06-30,2021-07-26,36888000.0,6930182000.0,6795792000.0,273448000.0,6656734000.0,0.258,14.859,-1385585000.0,284000.0,284000.0,448065000.0,67499000.0,0.542,1.905,2948835000.0,0.0,2948835000.0,2948835000.0,0.0,507666000.0,0.0,0.002,0.16,294689000.0,802355000.0,0.458,802355000.0,294689000.0,118703000.0,0.4,0.4,0.4,2385783000.0,2320598500.0,2385783000.0,15545083427.0,53.0,19.374,-741543000.0,-4.618,1.0,1302348000.0,0.744,0.0,175986000.0,9374357000.0,9170688750.0,16131000.0,132115000.0,0.0,132115000.0,4544399000.0,504376000.0,4040023000.0,12608772427.0,126000.0,448667000.0,31633000.0,287461000.0,-26066000.0,293028000.0,-936944000.0,-26000.0,644042000.0,0.0,67499000.0,67499000.0,67499000.0,0.0,0.0,0.039,984316000.0,318032000.0,303618000.0,0.4,5.285,186.799,193.3,6369998000.0,0.0,77.32,7.203,7.093,159981000.0,416306000.0,1750413000.0,1750413000.0,62622000.0,0.01,0.029,0.032,0.168,97120000.0,277124000.0,1.0,163072587.0,160565000.0,161414000.0,10.902,6930182000.0,0.0,51204000.0,0.0,43.161,-230928000.0
33,RRC,MRT,2013-03-31,2013-03-31,2013-03-31,2021-07-26,56051000.0,6866531000.0,6699220000.0,370640000.0,6495891000.0,0.228,14.098,-1511088000.0,194000.0,194000.0,411668000.0,-20808000.0,0.61,2.042,2936505000.0,0.0,2936505000.0,2936505000.0,0.0,495732000.0,0.0,0.002,0.16,145712000.0,641444000.0,0.42,641444000.0,145712000.0,-28091000.0,-0.14,-0.14,-0.14,2257392000.0,2328333000.0,2257392000.0,16074690335.0,110.0,25.06,-818717000.0,-5.113,1.0,1114320000.0,0.73,0.0,173803000.0,9195179000.0,8983799000.0,16600000.0,129954000.0,0.0,129954000.0,4609139000.0,607663000.0,4001476000.0,13196757335.0,-122704000.0,196563000.0,39047000.0,497611000.0,-26029000.0,510629000.0,-1325704000.0,-11179000.0,692371000.0,0.0,-20808000.0,-20808000.0,-20808000.0,0.0,0.0,-0.014,957545000.0,156775000.0,363273000.0,-1.143,5.846,-634.216,-578.857,6222247000.0,0.0,81.04,8.648,8.504,152670000.0,278859000.0,1525988000.0,1525988000.0,65071000.0,-0.003,-0.009,0.016,0.095,112619000.0,219142000.0,1.0,162842514.0,160125000.0,160125000.0,9.53,6866531000.0,12646000.0,-7283000.0,0.0,42.882,-237023000.0
34,RRC,MRT,2012-12-31,2012-12-31,2012-12-31,2021-07-26,83909000.0,6728735000.0,6552073500.0,327614000.0,6401121000.0,0.222,14.786,-1694455000.0,252000.0,252000.0,395904000.0,13002000.0,0.72,1.854,2878185000.0,0.0,2878185000.0,2878185000.0,0.0,480782000.0,0.0,0.003,0.16,193854000.0,674636000.0,0.463,674636000.0,193854000.0,25056000.0,0.08,0.08,0.08,2357392000.0,2362257250.0,2357392000.0,13067705987.0,67.0,19.37,-1047356000.0,-6.569,1.0,1061800000.0,0.728,0.0,168798000.0,9151525000.0,8682197250.0,22315000.0,285716000.0,137552000.0,148164000.0,4371343000.0,455143000.0,3916200000.0,10217987987.0,160000.0,168219000.0,28706000.0,878894000.0,-25981000.0,881619000.0,-1528558000.0,-2322000.0,647099000.0,0.0,13002000.0,13002000.0,13002000.0,0.0,0.0,0.009,856883000.0,204917000.0,234651000.0,2.0,4.334,785.878,785.375,6137751000.0,0.0,62.83,7.01,6.872,167495000.0,360990000.0,1457704000.0,1457704000.0,69807000.0,0.002,0.006,0.022,0.133,60136000.0,173813000.0,1.0,162629126.0,159431000.0,160307000.0,9.143,6728735000.0,0.0,12054000.0,0.0,42.205,-127529000.0
35,RRC,MRT,2012-09-30,2012-09-30,2012-09-30,2021-07-26,67297000.0,6657720000.0,6331257250.0,270535000.0,6387185000.0,0.207,14.3,-1750098000.0,151000.0,151000.0,373934000.0,-42949000.0,0.496,1.918,2849869000.0,0.0,2849869000.0,2849869000.0,0.0,430385000.0,0.0,0.002,0.16,98151000.0,528536000.0,0.403,528536000.0,98151000.0,-60648000.0,-0.28,-0.54,-0.28,2281827000.0,2371014250.0,2281827000.0,13976258828.0,142.0,26.443,-1105683000.0,-6.929,1.0,937785000.0,0.715,0.0,158799000.0,8961694000.0,8221419250.0,18423000.0,135867000.0,0.0,135867000.0,4375893000.0,545744000.0,3830149000.0,11352854828.0,-51733000.0,45744000.0,23516000.0,1020932000.0,-25926000.0,1018522000.0,-1714670000.0,-10316000.0,644415000.0,0.0,-42949000.0,-42949000.0,-42949000.0,164000.0,0.0,-0.033,839470000.0,98315000.0,318492000.0,-0.571,4.975,-264.333,-249.536,6102369000.0,0.0,69.87,8.655,8.499,120120000.0,314534000.0,1311719000.0,1311719000.0,76767000.0,-0.007,-0.018,0.012,0.075,78793000.0,169436000.0,1.0,162485399.0,159563000.0,159563000.0,8.221,6657720000.0,0.0,-17699000.0,0.0,41.725,-275209000.0
36,RRC,MRT,2012-06-30,2012-06-30,2012-06-30,2021-07-26,157038000.0,6543894000.0,6035946750.0,372343000.0,6171551000.0,0.229,15.16,-1756021000.0,158000.0,158000.0,348576000.0,45642000.0,0.689,1.708,2623562000.0,0.0,2623562000.0,2623562000.0,0.0,438345000.0,0.0,0.003,0.16,228540000.0,666885000.0,0.482,666885000.0,228540000.0,79557000.0,0.28,0.02,0.28,2416721000.0,2381495750.0,2416721000.0,12299711137.0,54.0,18.444,-1150943000.0,-7.22,1.0,1033999000.0,0.748,0.0,148983000.0,8626798000.0,7682332000.0,15997000.0,135825000.0,0.0,135825000.0,4127173000.0,540500000.0,3586673000.0,10034349137.0,-288681000.0,46137000.0,17074000.0,831967000.0,-25868000.0,823173000.0,-1716932000.0,-7048000.0,605078000.0,0.0,45642000.0,45642000.0,45642000.0,-1405000.0,0.0,0.033,806868000.0,227131000.0,266412000.0,0.571,4.152,219.849,220.964,5817658000.0,0.0,61.87,7.258,7.134,104952000.0,374873000.0,1382575000.0,1382575000.0,79621000.0,0.008,0.019,0.03,0.165,65159000.0,160846000.0,1.0,162184405.0,159412000.0,160030000.0,8.673,6543894000.0,0.0,33915000.0,0.0,41.05,-168157000.0
37,RRC,MRT,2012-03-31,2012-03-31,2012-03-31,2021-07-26,200159000.0,6277945000.0,5727450000.0,462879000.0,5815066000.0,0.222,15.059,-1614381000.0,122898000.0,122898000.0,323239000.0,41259000.0,0.835,1.623,2388260000.0,0.0,2388260000.0,2388260000.0,0.0,407837000.0,0.0,0.003,0.16,206348000.0,614185000.0,0.484,614185000.0,206348000.0,68870000.0,0.26,0.0,0.26,2393089000.0,2338547250.0,2393089000.0,11378958255.0,55.0,18.527,-967389000.0,-6.088,1.0,945700000.0,0.745,0.0,137478000.0,7988772000.0,7139739000.0,14589000.0,137873000.0,0.0,137873000.0,3884856000.0,554535000.0,3330321000.0,9404083255.0,121217000.0,48581000.0,12157000.0,207888000.0,-25809000.0,194236000.0,-720011000.0,-3153000.0,646992000.0,0.0,41259000.0,41259000.0,41259000.0,-6922000.0,0.0,0.033,727698000.0,218002000.0,300284000.0,0.615,3.93,227.928,223.615,5489585000.0,0.0,58.14,7.411,7.281,108884000.0,325696000.0,1268939000.0,1268939000.0,75696000.0,0.007,0.018,0.029,0.163,48837000.0,155961000.0,1.0,161748938.0,158913000.0,158913000.0,7.985,6277945000.0,0.0,27611000.0,0.0,39.506,-91656000.0
38,RRC,MRT,2011-12-31,2011-12-31,2011-12-31,2021-07-26,156627000.0,5845470000.0,5561775500.0,315263000.0,5530207000.0,0.221,15.139,-1437652000.0,92000.0,92000.0,273379000.0,58026000.0,0.616,1.443,1974967000.0,0.0,1974967000.0,1974967000.0,0.0,379902000.0,0.0,0.003,0.16,218635000.0,598537000.0,0.486,598537000.0,218635000.0,93583000.0,0.36,0.1,0.36,2392420000.0,2286179500.0,2392420000.0,11723977695.0,54.0,19.588,-806015000.0,-5.1,1.0,957263000.0,0.778,0.0,125052000.0,7308413000.0,7000023500.0,14070000.0,138130000.0,0.0,138130000.0,3453050000.0,511932000.0,2941118000.0,9988183695.0,-2756000.0,53926000.0,13518000.0,-74174000.0,-25756000.0,-86412000.0,-547981000.0,-4978000.0,631637000.0,0.0,58026000.0,58026000.0,58026000.0,-15320000.0,0.0,0.047,735372000.0,221891000.0,311369000.0,0.444,4.175,172.133,172.056,5210244000.0,0.0,61.94,8.116,7.954,127180000.0,373969000.0,1230642000.0,1230642000.0,81367000.0,0.01,0.025,0.031,0.178,86979000.0,151191000.0,1.0,161255791.0,158030000.0,159441000.0,7.787,5845470000.0,0.0,35557000.0,0.0,36.99,-196669000.0
39,RRC,MRT,2011-09-30,2011-09-30,2011-09-30,2021-07-26,86209000.0,5476478000.0,5478336500.0,290770000.0,5185708000.0,0.218,14.693,-1258578000.0,51884000.0,51884000.0,302308000.0,-256704000.0,0.715,1.357,1787678000.0,0.0,1787678000.0,1787678000.0,0.0,355698000.0,0.0,0.003,0.16,-116564000.0,239134000.0,0.2,239134000.0,-116564000.0,-232007000.0,-1.64,-1.64,-1.64,2323753000.0,2244014750.0,2323753000.0,10914050836.0,-94.0,45.64,-695779000.0,-4.399,1.0,892923000.0,0.747,0.0,115443000.0,6805345000.0,6929348250.0,13600000.0,136244000.0,0.0,136244000.0,3152725000.0,406927000.0,2745798000.0,9415491836.0,49806000.0,40575000.0,12900000.0,-84136000.0,-25709000.0,-96945000.0,-416048000.0,-3861000.0,562799000.0,0.0,-256704000.0,-256704000.0,-256704000.0,292928000.0,0.0,-0.215,697983000.0,194940000.0,299097000.0,-0.098,4.052,-36.678,-35.646,4901099000.0,0.0,58.46,7.878,7.735,86172000.0,383409000.0,1195231000.0,1195231000.0,73107000.0,-0.047,-0.114,-0.017,-0.098,91410000.0,149028000.0,1.0,161058704.0,158154000.0,159322000.0,7.557,5476478000.0,0.0,24697000.0,0.0,34.628,-116157000.0
40,RRC,MRT,2011-06-30,2011-06-30,2011-06-30,2021-07-26,45940000.0,5309907000.0,5568508250.0,443888000.0,4866019000.0,0.183,14.209,-1137125000.0,288839000.0,288839000.0,265170000.0,-299627000.0,1.261,1.365,1787398000.0,0.0,1787398000.0,1787398000.0,0.0,293127000.0,0.0,0.003,0.16,-192061000.0,101066000.0,0.099,101066000.0,-192061000.0,-296686000.0,-1.91,-1.91,-1.91,2244927000.0,2306894000.0,2244927000.0,11084200174.0,-58.0,109.673,-574735000.0,-3.638,1.0,754580000.0,0.74,0.0,104625000.0,6456426000.0,7054937000.0,11912000.0,139935000.0,0.0,139935000.0,3064980000.0,352040000.0,2712940000.0,8919065174.0,121981000.0,32542000.0,8155000.0,-102823000.0,-25666000.0,-120334000.0,-320075000.0,902000.0,562390000.0,0.0,-299627000.0,-299627000.0,-299627000.0,305318000.0,0.0,-0.294,617392000.0,137188000.0,246549000.0,-0.084,3.973,-29.767,-29.058,4609811000.0,0.0,55.5,8.746,8.599,66772000.0,355099000.0,1019750000.0,1019750000.0,70726000.0,-0.054,-0.13,-0.027,-0.188,77259000.0,149644000.0,1.0,160703877.0,157997000.0,158833000.0,6.454,5309907000.0,6340000.0,2941000.0,0.0,33.608,91848000.0
41,RRC,MRT,2011-03-31,2011-03-31,2011-03-31,2021-07-26,43694000.0,5615247000.0,5681742750.0,1015936000.0,4599311000.0,0.154,13.86,-1140236000.0,1681000.0,1681000.0,227279000.0,-341868000.0,2.899,1.572,2166816000.0,0.0,2166816000.0,2166816000.0,0.0,282647000.0,0.0,0.003,0.16,-265354000.0,17293000.0,0.02,17293000.0,-265354000.0,-359867000.0,-2.17,-2.17,-2.17,2183618000.0,2377372000.0,2183618000.0,11340015186.0,-43.0,655.758,-639166000.0,-4.057,1.0,648351000.0,0.74,0.0,94513000.0,7429910000.0,7216812500.0,18605000.0,142353000.0,0.0,142353000.0,3431629000.0,350472000.0,3081157000.0,9382327186.0,-284833000.0,41314000.0,8614000.0,409869000.0,-25621000.0,392862000.0,-1178765000.0,231000.0,501070000.0,0.0,-341868000.0,-341868000.0,-341868000.0,319429000.0,0.0,-0.39,588925000.0,59426000.0,245446000.0,-0.074,4.297,-27.444,-26.94,4356110000.0,0.0,58.46,10.715,10.518,75530000.0,310246000.0,875630000.0,875630000.0,73554000.0,-0.06,-0.144,-0.037,-0.303,68337000.0,146360000.0,1.0,160491399.0,157545000.0,157545000.0,5.558,5615247000.0,1639000.0,-17999000.0,0.0,35.642,665464000.0
42,RRC,MRT,2010-12-31,2010-12-31,2010-12-31,2021-07-26,67470000.0,5511714000.0,5688456250.0,1113570000.0,4398144000.0,0.169,14.175,-1044307000.0,2848000.0,2848000.0,194979000.0,-239256000.0,2.51,1.479,1960536000.0,0.0,1960536000.0,1960536000.0,0.0,281743000.0,0.0,0.004,0.16,-97681000.0,184062000.0,0.191,184062000.0,-97681000.0,-188346000.0,-1.53,-1.53,-1.53,2223761000.0,2465201500.0,2223761000.0,9049211429.0,-93.0,49.164,-530985000.0,-3.385,1.0,766418000.0,0.797,0.0,90665000.0,7025712000.0,7048303750.0,21352000.0,155105000.0,0.0,155105000.0,3287953000.0,443690000.0,2844263000.0,7200029429.0,2081000.0,327765000.0,11149000.0,302042000.0,-25574000.0,287617000.0,-798858000.0,1857000.0,513322000.0,0.0,-239256000.0,-239256000.0,-239256000.0,327954000.0,0.0,-0.249,530794000.0,235624000.0,289109000.0,-0.105,3.238,-30.093,-29.399,4158062000.0,0.0,44.98,7.489,7.34,88536000.0,341699000.0,961397000.0,961397000.0,60506000.0,-0.042,-0.097,-0.014,-0.102,34964000.0,140571000.0,1.0,160071797.0,156874000.0,158428000.0,6.128,5511714000.0,0.0,50910000.0,0.0,35.135,669880000.0
43,RRC,MRT,2010-09-30,2010-09-30,2010-09-30,2021-07-26,99988000.0,5837165000.0,5659498000.0,276963000.0,5560202000.0,0.149,16.392,-765203000.0,2078000.0,2078000.0,123721000.0,61686000.0,0.731,1.267,1851260000.0,0.0,1851260000.0,1851260000.0,0.0,206692000.0,0.0,0.004,0.16,242007000.0,448699000.0,0.532,448699000.0,242007000.0,187998000.0,0.4,0.4,0.4,2575270000.0,2503908500.0,2575270000.0,7794642524.0,32.0,17.372,-218428000.0,-1.39,1.0,719690000.0,0.853,0.0,54009000.0,7307700000.0,6989086500.0,23699000.0,152269000.0,0.0,152269000.0,3261895000.0,378647000.0,2883248000.0,6101938524.0,1219000.0,379300000.0,16425000.0,78036000.0,-25496000.0,68965000.0,-614521000.0,14105000.0,546775000.0,0.0,61686000.0,61686000.0,61686000.0,112392000.0,0.0,0.073,359940000.0,359750000.0,232332000.0,0.4,2.369,98.919,95.325,5273753000.0,0.0,38.13,7.235,7.103,97601000.0,665822000.0,843411000.0,843411000.0,52451000.0,0.011,0.025,0.035,0.287,24871000.0,131907000.0,1.0,160029859.0,157109000.0,158184000.0,5.368,5837165000.0,0.0,126312000.0,0.0,37.154,-101684000.0
44,RRC,MRT,2010-06-30,2010-06-30,2010-06-30,2021-07-26,42622000.0,5762845000.0,5549302250.0,373412000.0,5389433000.0,0.154,16.113,-650403000.0,166858000.0,166858000.0,129994000.0,40036000.0,1.062,1.281,1859562000.0,0.0,1859562000.0,1859562000.0,0.0,234171000.0,0.0,0.004,0.16,211582000.0,445753000.0,0.523,445753000.0,211582000.0,150303000.0,0.26,0.26,0.26,2526839000.0,2456423250.0,2526839000.0,7852436603.0,37.0,17.616,-66725000.0,-0.425,1.0,721903000.0,0.847,0.0,61279000.0,7103928000.0,6894821250.0,21391000.0,150748000.0,0.0,150748000.0,3236006000.0,351621000.0,2884385000.0,6400756603.0,164706000.0,370586000.0,20558000.0,74219000.0,-25396000.0,69381000.0,-488353000.0,12452000.0,583678000.0,0.0,40036000.0,40036000.0,40036000.0,101571000.0,0.0,0.047,408750000.0,313153000.0,254405000.0,0.615,2.533,159.875,154.423,5136320000.0,0.0,40.15,7.514,7.391,101299000.0,680392000.0,851897000.0,851897000.0,48128000.0,0.007,0.016,0.031,0.248,46474000.0,125312000.0,1.0,159421086.0,156820000.0,158472000.0,5.432,5762845000.0,0.0,110267000.0,0.0,36.748,21791000.0
45,RRC,MRT,2010-03-31,2010-03-31,2010-03-31,2021-07-26,58250000.0,5642101000.0,5467590750.0,560946000.0,5081155000.0,0.154,16.209,-459156000.0,286514000.0,286514000.0,145552000.0,-8899000.0,1.66,1.226,1738194000.0,0.0,1738194000.0,1738194000.0,0.0,255070000.0,0.0,0.003,0.16,136642000.0,391712000.0,0.466,391712000.0,136642000.0,67079000.0,-0.06,-0.06,-0.06,2534936000.0,2435420000.0,2534936000.0,9166075256.0,67.0,23.4,136232000.0,0.871,1.0,695602000.0,0.827,0.0,69563000.0,6755875000.0,6864518000.0,21743000.0,147662000.0,0.0,147662000.0,3107165000.0,337906000.0,2769259000.0,7459009256.0,285758000.0,535439000.0,20289000.0,-189004000.0,-25285000.0,-194000000.0,-115630000.0,5506000.0,595388000.0,0.0,-8899000.0,-8899000.0,-8899000.0,92977000.0,0.0,-0.011,465983000.0,229619000.0,214854000.0,-2.667,2.942,-838.185,-781.167,4823366000.0,0.0,46.87,8.868,8.714,113467000.0,677735000.0,841154000.0,841154000.0,45076000.0,-0.002,-0.004,0.02,0.162,59515000.0,118579000.0,1.0,159142506.0,156393000.0,160292000.0,5.378,5642101000.0,0.0,75978000.0,0.0,36.076,223040000.0
46,RRC,MRT,2009-12-31,2009-12-31,2009-12-31,2021-07-26,6421000.0,5395881000.0,5485880000.0,175280000.0,5220601000.0,0.149,15.394,-528715000.0,767000.0,767000.0,160972000.0,-53870000.0,0.558,1.269,1707833000.0,0.0,1707833000.0,1707833000.0,0.0,268078000.0,0.0,0.003,0.16,67184000.0,335262000.0,0.409,335262000.0,67184000.0,-8077000.0,-0.35,-0.35,-0.35,2378589000.0,2428828750.0,2378589000.0,9643657959.0,144.0,28.765,62960000.0,0.407,1.0,658194000.0,0.803,0.0,75261000.0,6788843000.0,7001874750.0,21292000.0,146809000.0,0.0,146809000.0,3017292000.0,314104000.0,2703188000.0,7863036959.0,14000.0,234076000.0,19883000.0,-112568000.0,-25169000.0,-117854000.0,-473807000.0,5685000.0,591675000.0,0.0,-53870000.0,-53870000.0,-53870000.0,92850000.0,0.0,-0.066,498160000.0,160034000.0,214548000.0,-0.457,3.306,-145.963,-142.429,4990654000.0,0.0,49.85,9.599,9.403,123622000.0,606529000.0,819166000.0,819166000.0,44276000.0,-0.01,-0.022,0.01,0.082,73402000.0,115319000.0,1.0,157733941.0,154514000.0,158778000.0,5.302,5395881000.0,8054000.0,45793000.0,0.0,34.922,-138824000.0
47,RRC,MRT,2009-09-30,2009-09-30,2009-09-30,2021-07-26,19402000.0,5396382000.0,5524879500.0,197176000.0,5199206000.0,0.182,15.424,-918022000.0,859000.0,859000.0,170644000.0,56503000.0,0.8,1.262,1781480000.0,0.0,1781480000.0,1781480000.0,0.0,351134000.0,0.0,0.003,0.16,188818000.0,539952000.0,0.537,539952000.0,188818000.0,74614000.0,0.37,0.36,0.37,2385329000.0,2447017000.0,2385329000.0,9546116836.0,51.0,17.68,-249875000.0,-1.616,1.0,834728000.0,0.83,0.0,114204000.0,6930639000.0,7051734000.0,20735000.0,151824000.0,0.0,151824000.0,3011053000.0,246364000.0,2764689000.0,7762134836.0,594000.0,183768000.0,16863000.0,69747000.0,-25064000.0,61546000.0,-729099000.0,-10243000.0,668147000.0,0.0,56503000.0,56503000.0,56503000.0,0.0,0.0,0.056,645910000.0,188818000.0,135881000.0,0.432,3.254,137.376,133.405,4966217000.0,0.0,49.36,7.721,7.593,97172000.0,629632000.0,1005372000.0,1005372000.0,48095000.0,0.01,0.023,0.027,0.188,52052000.0,110249000.0,1.0,157255568.0,154653000.0,154653000.0,6.501,5396382000.0,0.0,18111000.0,0.0,34.893,-49188000.0
48,RRC,MRT,2009-06-30,2009-06-30,2009-06-30,2021-07-26,54868000.0,5435999000.0,5493582500.0,293252000.0,5142747000.0,0.259,15.823,-1318823000.0,2152000.0,2152000.0,183675000.0,371271000.0,1.236,1.225,1786134000.0,0.0,1786134000.0,1786134000.0,0.0,330616000.0,0.0,0.004,0.16,686163000.0,1016779000.0,0.714,1016779000.0,686163000.0,577219000.0,2.43,2.36,2.43,2442826000.0,2414173000.0,2442826000.0,8386690698.0,12.0,8.248,-570484000.0,-3.695,1.0,1240726000.0,0.871,0.0,108944000.0,6982715000.0,6943049250.0,22179000.0,150979000.0,0.0,150979000.0,2993173000.0,237266000.0,2755907000.0,6482676698.0,2079000.0,183693000.0,10524000.0,436157000.0,-24970000.0,421711000.0,-1167971000.0,-8558000.0,748339000.0,0.0,371271000.0,371271000.0,371271000.0,0.0,0.0,0.261,554563000.0,686163000.0,131436000.0,0.066,2.654,17.461,17.041,4916633000.0,0.0,41.41,4.551,4.488,99065000.0,665752000.0,1424401000.0,1424401000.0,56342000.0,0.068,0.154,0.099,0.482,-4186000.0,104971000.0,1.0,156548580.0,154389000.0,154389000.0,9.226,5435999000.0,0.0,205948000.0,0.0,35.21,55986000.0
49,RRC,MRT,2009-03-31,2009-03-31,2009-03-31,2021-07-26,91355000.0,5715258000.0,5354496750.0,412563000.0,5302695000.0,0.261,16.319,-1788561000.0,756000.0,756000.0,194567000.0,378799000.0,1.314,1.278,1904770000.0,0.0,1904770000.0,1904770000.0,0.0,314018000.0,0.0,0.004,0.16,691008000.0,1005026000.0,0.72,1005026000.0,691008000.0,587777000.0,2.47,2.4,2.47,2508571000.0,2234430250.0,2508571000.0,8219366925.0,12.0,8.178,-1020936000.0,-6.642,1.0,1201205000.0,0.861,0.0,103231000.0,7305302000.0,6525011250.0,22052000.0,152132000.0,0.0,152132000.0,3206687000.0,313970000.0,2892717000.0,6429451925.0,666000.0,338583000.0,295380000.0,459188000.0,-24879000.0,729689000.0,-1496648000.0,-2756000.0,767625000.0,0.0,378799000.0,378799000.0,378799000.0,0.0,0.0,0.271,510197000.0,691008000.0,197457000.0,0.065,2.563,16.973,16.664,5084847000.0,0.0,41.16,4.606,4.533,110372000.0,718410000.0,1395772000.0,1395772000.0,64436000.0,0.071,0.17,0.106,0.495,574000.0,99806000.0,1.0,156206315.0,153719000.0,157231000.0,9.08,5715258000.0,0.0,208978000.0,0.0,37.18,98593000.0
50,RRC,MRT,2008-12-31,2008-12-31,2008-12-31,2021-07-26,77507000.0,5551879000.0,5047606000.0,404311000.0,5147568000.0,0.262,16.222,-1752784000.0,753000.0,753000.0,197559000.0,351040000.0,1.144,1.265,1790668000.0,0.0,1790668000.0,1790668000.0,0.0,299831000.0,0.0,0.005,0.16,644619000.0,944450000.0,0.713,944450000.0,644619000.0,544871000.0,2.32,2.25,2.32,2451342000.0,2018287000.0,2451342000.0,6989186316.0,11.0,7.4,-928017000.0,-6.141,1.0,1127114000.0,0.851,0.0,99748000.0,6988280000.0,6055012250.0,19927000.0,147126000.0,0.0,147126000.0,3100537000.0,353514000.0,2747023000.0,5341992316.0,-3265000.0,68231000.0,293160000.0,635210000.0,-24625000.0,903745000.0,-1731777000.0,-3062000.0,824767000.0,0.0,351040000.0,351040000.0,351040000.0,0.0,0.0,0.265,482495000.0,644619000.0,250640000.0,0.069,2.179,15.218,14.823,4928274000.0,0.0,34.39,4.033,3.923,162201000.0,685568000.0,1324673000.0,1324673000.0,67690000.0,0.07,0.174,0.106,0.487,6621000.0,92308000.0,1.0,155335630.0,151116000.0,155943000.0,8.766,5551879000.0,0.0,193831000.0,0.0,36.739,50797000.0
51,RRC,MRT,2008-09-30,2008-09-30,2008-09-30,2021-07-26,-31321000.0,5271194000.0,4663763250.0,315356000.0,4955838000.0,0.258,14.754,-1587899000.0,265000.0,265000.0,190567000.0,275345000.0,0.746,1.339,1647459000.0,0.0,1647459000.0,1647459000.0,0.0,283718000.0,0.0,0.004,0.16,551836000.0,835554000.0,0.695,835554000.0,551836000.0,458094000.0,1.8,2.22,1.8,2253953000.0,1837457000.0,2253953000.0,7952507583.0,14.0,9.518,-800939000.0,-5.243,1.0,1010901000.0,0.841,0.0,93742000.0,6495900000.0,5522371000.0,15869000.0,140394000.0,0.0,140394000.0,3017241000.0,422488000.0,2594753000.0,6649224583.0,78000.0,39903000.0,297134000.0,550439000.0,-24388000.0,823185000.0,-1610067000.0,-9798000.0,786960000.0,0.0,275345000.0,275345000.0,275345000.0,0.0,0.0,0.229,459065000.0,551836000.0,301992000.0,0.089,2.95,24.149,23.817,4740218000.0,0.0,42.87,5.534,5.451,246682000.0,604604000.0,1201468000.0,1201468000.0,71318000.0,0.059,0.15,0.1,0.459,27901000.0,85096000.0,1.0,155102043.0,152765000.0,157729000.0,7.865,5271194000.0,28582000.0,182749000.0,744070000.0,34.505,-107132000.0
52,RRC,MRT,2008-06-30,2008-06-30,2008-06-30,2021-07-26,-279428000.0,4879656000.0,4308071250.0,438111000.0,4441545000.0,0.191,11.434,-1251313000.0,73000.0,73000.0,178144000.0,49310000.0,0.502,1.831,1303356000.0,0.0,1303356000.0,1303356000.0,0.0,264029000.0,0.0,0.002,0.15,182722000.0,446751000.0,0.544,446751000.0,182722000.0,94418000.0,0.33,0.8,0.33,1723855000.0,1701171750.0,1723855000.0,11291272710.0,62.0,25.274,-540823000.0,-3.587,1.0,643007000.0,0.783,0.0,88304000.0,5310563000.0,5077729500.0,40371000.0,127812000.0,0.0,127812000.0,3155801000.0,872376000.0,2283425000.0,9851605710.0,-16521000.0,12267000.0,300051000.0,257278000.0,-22643000.0,534686000.0,-1261697000.0,-10532000.0,710490000.0,0.0,49310000.0,49310000.0,49310000.0,196000.0,0.0,0.06,460089000.0,182918000.0,273083000.0,0.455,5.715,199.789,198.606,4233711000.0,0.0,65.54,11.997,12.034,253512000.0,325488000.0,821151000.0,821151000.0,58402000.0,0.011,0.029,0.036,0.223,72170000.0,78504000.0,1.0,150314399.0,150772000.0,150772000.0,5.446,4879656000.0,142552000.0,45108000.0,535575000.0,32.364,-434265000.0
53,RRC,MRT,2008-03-31,2008-03-31,2008-03-31,2021-07-26,-110533000.0,4487695000.0,4007076250.0,273033000.0,4214662000.0,0.228,11.127,-832292000.0,90000.0,90000.0,160906000.0,145871000.0,0.544,1.73,1439757000.0,0.0,1439757000.0,1439757000.0,0.0,243379000.0,0.0,0.002,0.14,326858000.0,570237000.0,0.625,570237000.0,326858000.0,244823000.0,0.99,1.45,0.99,1643998000.0,1682235250.0,1643998000.0,10658025006.0,33.0,18.691,-75331000.0,-0.51,1.0,751956000.0,0.824,0.0,82035000.0,5425306000.0,4863147250.0,9381000.0,114766000.0,0.0,114766000.0,2843697000.0,502056000.0,2341641000.0,9511385006.0,-167765000.0,-557383000.0,296112000.0,293658000.0,-20902000.0,568868000.0,-1493594000.0,-9208000.0,756961000.0,0.0,145871000.0,145871000.0,145871000.0,1175000.0,0.0,0.16,423923000.0,328033000.0,234008000.0,0.141,5.786,65.204,64.091,4026160000.0,0.0,63.45,10.419,10.269,195013000.0,366263000.0,912862000.0,912862000.0,50665000.0,0.036,0.087,0.067,0.358,72032000.0,72404000.0,1.0,149903625.0,147742000.0,,6.179,4487695000.0,68549000.0,98952000.0,586932000.0,30.375,-229023000.0
54,RRC,MRT,2007-12-31,2007-12-31,2007-12-31,2021-07-26,-26825000.0,4016508000.0,3705373500.0,261814000.0,3754694000.0,0.232,12.018,-808442000.0,4018000.0,4018000.0,149942000.0,217268000.0,0.857,1.324,1150658000.0,0.0,1150658000.0,1150658000.0,0.0,220578000.0,0.0,0.003,0.13,391312000.0,611890000.0,0.711,611890000.0,391312000.0,313575000.0,1.51,1.51,1.51,1728022000.0,1595964250.0,1728022000.0,8775461224.0,22.0,14.342,-166151000.0,-1.156,1.0,710423000.0,0.826,0.0,77737000.0,4857715000.0,4522435500.0,11387000.0,113722000.0,0.0,113722000.0,2288486000.0,305433000.0,1983053000.0,7662586224.0,1636000.0,-102121000.0,297308000.0,101691000.0,-19082000.0,379917000.0,-1020572000.0,-8004000.0,642291000.0,0.0,217268000.0,217268000.0,217268000.0,-63593000.0,0.0,0.253,382704000.0,327719000.0,212514000.0,0.086,4.434,35.268,34.013,3564934000.0,0.0,51.36,8.906,8.584,166484000.0,371800000.0,860365000.0,860365000.0,45782000.0,0.059,0.136,0.087,0.455,61258000.0,69670000.0,1.0,149193657.0,143791000.0,149911000.0,5.983,4016508000.0,26907000.0,96307000.0,0.0,27.933,-43619000.0
55,RRC,MRT,2007-09-30,2007-09-30,2007-09-30,2021-07-26,12974000.0,3848426000.0,3498165000.0,231060000.0,3617366000.0,0.233,11.61,-784663000.0,187000.0,187000.0,143495000.0,196685000.0,0.947,1.252,1113062000.0,0.0,1113062000.0,1113062000.0,0.0,204028000.0,0.0,0.003,0.12,365142000.0,569170000.0,0.698,569170000.0,365142000.0,291203000.0,1.36,0.87,1.36,1708812000.0,1477999000.0,1708812000.0,7064611025.0,19.0,12.412,-197209000.0,-1.34,1.0,671780000.0,0.824,0.0,73939000.0,4717334000.0,4303604000.0,12102000.0,111735000.0,0.0,111735000.0,2139614000.0,243967000.0,1895647000.0,6037738025.0,-2064000.0,-98523000.0,294362000.0,128727000.0,-17266000.0,405823000.0,-995341000.0,20107000.0,587454000.0,0.0,196685000.0,196685000.0,196685000.0,-38218000.0,0.0,0.241,344856000.0,326924000.0,182483000.0,0.088,3.533,30.698,29.897,3420703000.0,0.0,40.66,7.406,7.34,146618000.0,343473000.0,815275000.0,815275000.0,40563000.0,0.056,0.133,0.085,0.448,60386000.0,64446000.0,1.0,148493311.0,147182000.0,,5.539,3848426000.0,0.0,94518000.0,562703000.0,26.147,-12907000.0
56,RRC,MRT,2007-06-30,2007-06-30,2007-06-30,2021-07-26,11239000.0,3675676000.0,3298871000.0,237090000.0,3438586000.0,0.24,11.135,-696274000.0,16594000.0,16594000.0,136386000.0,189100000.0,0.947,1.23,1043467000.0,0.0,1043467000.0,1043467000.0,0.0,187633000.0,0.0,0.003,0.11,358398000.0,546031000.0,0.689,546031000.0,358398000.0,288005000.0,1.33,0.85,1.33,1648109000.0,1356828250.0,1648109000.0,6503782596.0,18.0,11.911,-197315000.0,-1.333,1.0,656161000.0,0.828,0.0,70393000.0,4452234000.0,4077866750.0,10238000.0,109992000.0,0.0,109992000.0,2027567000.0,250315000.0,1777252000.0,5537263596.0,9806000.0,-98983000.0,300167000.0,144896000.0,-15573000.0,429490000.0,-918643000.0,20785000.0,498959000.0,0.0,189100000.0,189100000.0,189100000.0,-24686000.0,0.0,0.239,322449000.0,333712000.0,189548000.0,0.083,3.36,29.282,28.128,3249595000.0,0.0,37.41,6.987,6.987,144973000.0,289021000.0,792547000.0,792547000.0,50838000.0,0.057,0.139,0.088,0.452,48390000.0,58558000.0,1.0,148015600.0,148015600.0,,5.354,3675676000.0,0.0,98905000.0,527036000.0,24.833,-13225000.0
57,RRC,MRT,2007-03-31,2007-03-31,2007-03-31,2021-07-26,-2105000.0,3280884000.0,3097898500.0,345249000.0,2935635000.0,0.232,9.331,-597340000.0,167855000.0,167855000.0,125818000.0,176164000.0,1.867,1.526,1134374000.0,0.0,1134374000.0,1134374000.0,0.0,170163000.0,0.0,0.003,0.1,335482000.0,505645000.0,0.704,505645000.0,335482000.0,271019000.0,1.28,0.79,1.28,1298914000.0,1216505750.0,1298914000.0,5696027494.0,17.0,11.265,-151341000.0,-1.087,1.0,592605000.0,0.825,0.0,64463000.0,4062459000.0,3835205500.0,12819000.0,14761000.0,0.0,14761000.0,1981970000.0,184944000.0,1797026000.0,4649627494.0,166506000.0,-164735000.0,16454000.0,534219000.0,-13749000.0,536924000.0,-816417000.0,0.0,445999000.0,0.0,176164000.0,176164000.0,176164000.0,-27048000.0,0.0,0.245,284171000.0,308434000.0,122028000.0,0.078,3.58,26.394,26.094,2840971000.0,0.0,33.4,6.472,6.472,134132000.0,229267000.0,718423000.0,718423000.0,46876000.0,0.057,0.145,0.087,0.467,35836000.0,53234000.0,1.0,139210404.0,139210404.0,,5.161,3280884000.0,0.0,94855000.0,485279000.0,23.568,160305000.0
58,RRC,MRT,2006-12-31,2006-12-31,2006-12-31,2021-07-26,36521000.0,3187674000.0,2786415750.0,388925000.0,2798749000.0,0.267,9.392,-501694000.0,2382000.0,2382000.0,117676000.0,158702000.0,1.545,1.538,1048782000.0,0.0,1048782000.0,1048782000.0,0.0,154482000.0,0.0,0.003,0.09,336303000.0,490785000.0,0.659,490785000.0,336303000.0,280454000.0,1.19,1.19,1.19,1256161000.0,1095397250.0,1256161000.0,4785920850.0,14.0,9.752,-21819000.0,-0.163,1.0,627136000.0,0.842,0.0,55849000.0,3982389000.0,3424177000.0,10069000.0,13618000.0,0.0,13618000.0,1931513000.0,251685000.0,1679828000.0,3806777850.0,-2368000.0,-359761000.0,16265000.0,425340000.0,-12189000.0,429416000.0,-911659000.0,0.0,479875000.0,0.0,158702000.0,158702000.0,158702000.0,35247000.0,0.0,0.213,255586000.0,371550000.0,171914000.0,0.076,3.03,23.987,23.076,2655231000.0,0.0,27.46,5.111,4.931,125421000.0,160313000.0,744812000.0,744812000.0,44088000.0,0.057,0.145,0.098,0.452,27455000.0,49886000.0,1.0,138629929.0,133751000.0,138711000.0,5.569,3187674000.0,0.0,121752000.0,468643000.0,23.833,137240000.0
59,RRC,MRT,2006-09-30,2006-09-30,2006-09-30,2021-07-26,11866000.0,3051250000.0,2494243500.0,311586000.0,2739664000.0,0.284,8.936,-414790000.0,2251000.0,2251000.0,103685000.0,200957000.0,1.442,1.493,981394000.0,0.0,981394000.0,981394000.0,0.0,127518000.0,0.0,0.003,0.08,375214000.0,502732000.0,0.71,502732000.0,375214000.0,327370000.0,1.52,1.49,1.52,1224129000.0,955587750.0,1224129000.0,4372939317.0,12.0,8.698,40097000.0,0.293,1.0,604229000.0,0.854,0.0,47844000.0,3814385000.0,3005735500.0,15493000.0,12523000.0,0.0,12523000.0,1827121000.0,216008000.0,1611113000.0,3485025317.0,863000.0,-340529000.0,13250000.0,348839000.0,-10645000.0,351444000.0,-805468000.0,-21008000.0,454887000.0,0.0,200957000.0,200957000.0,200957000.0,8966000.0,0.0,0.284,220049000.0,384180000.0,150996000.0,0.053,2.847,17.342,16.605,2590337000.0,0.0,25.24,4.923,4.884,121362000.0,164054000.0,707914000.0,707914000.0,42602000.0,0.081,0.21,0.125,0.53,51230000.0,47595000.0,1.0,138075488.0,136983000.0,,5.168,3051250000.0,2647000.0,126413000.0,469612000.0,22.275,95578000.0
60,RRC,MRT,2006-06-30,2006-06-30,2006-06-30,2021-07-26,-69770000.0,2871786000.0,2224037000.0,302845000.0,2568941000.0,0.283,8.279,-361545000.0,6788000.0,6788000.0,96834000.0,174292000.0,1.089,1.642,894702000.0,0.0,894702000.0,894702000.0,0.0,119812000.0,0.0,0.003,0.073,317510000.0,437322000.0,0.694,437322000.0,317510000.0,276145000.0,1.34,1.31,1.34,1086819000.0,791469500.0,1086819000.0,4160953817.0,13.0,9.515,80483000.0,0.613,1.0,533245000.0,0.846,0.0,41365000.0,3481589000.0,2601416000.0,14680000.0,12268000.0,0.0,12268000.0,1784967000.0,278111000.0,1506856000.0,3569177817.0,1847000.0,-316974000.0,7728000.0,278227000.0,-9602000.0,276353000.0,-716534000.0,-20785000.0,442028000.0,0.0,174292000.0,174292000.0,174292000.0,-4762000.0,0.0,0.277,220497000.0,312748000.0,143346000.0,0.054,3.284,20.478,20.291,2475768000.0,0.0,27.19,5.665,5.665,100520000.0,115494000.0,630079000.0,630079000.0,33819000.0,0.078,0.22,0.122,0.504,49145000.0,44444000.0,1.0,131268033.0,131268033.0,,4.8,2871786000.0,37375000.0,101853000.0,418835000.0,21.877,24734000.0
61,RRC,MRT,2006-03-31,2006-03-31,2006-03-31,2021-07-26,-93491000.0,2034953000.0,1956760000.0,145281000.0,1889672000.0,0.297,6.233,-327225000.0,1349000.0,1349000.0,95809000.0,144683000.0,0.697,1.498,593125000.0,0.0,593125000.0,593125000.0,0.0,116253000.0,0.0,0.002,0.067,268453000.0,384706000.0,0.663,384706000.0,268453000.0,229184000.0,1.13,1.11,1.13,814480000.0,690418750.0,814480000.0,4179776728.0,16.0,10.865,60508000.0,0.463,1.0,484564000.0,0.835,0.0,39269000.0,2418345000.0,2283488500.0,14255000.0,0.0,0.0,0.0,1220473000.0,208384000.0,1012089000.0,3568378728.0,-17630000.0,-151954000.0,114372000.0,-18282000.0,-8607000.0,87483000.0,-492846000.0,0.0,387733000.0,0.0,144683000.0,144683000.0,144683000.0,-3379000.0,0.0,0.249,219490000.0,265074000.0,97829000.0,0.059,4.381,24.663,24.168,1845302000.0,0.0,27.31,6.148,6.148,92508000.0,66852000.0,580373000.0,580373000.0,35180000.0,0.074,0.21,0.118,0.463,45447000.0,38171000.0,1.0,130661982.0,130661982.0,,4.442,2034953000.0,36969000.0,84501000.0,213234000.0,15.574,-63103000.0
62,RRC,MRT,2005-12-31,2005-12-31,2005-12-31,2021-07-26,-147127000.0,2018985000.0,1852310250.0,207977000.0,1811008000.0,0.275,5.614,-277706000.0,4750000.0,4750000.0,88688000.0,111011000.0,0.646,1.897,616148000.0,0.0,616148000.0,616148000.0,0.0,114364000.0,0.0,0.002,0.06,214510000.0,328874000.0,0.646,328874000.0,214510000.0,176891000.0,0.89,0.89,0.89,696923000.0,622822500.0,696923000.0,4041949784.0,19.0,12.29,48039000.0,0.387,1.0,420415000.0,0.826,0.0,37619000.0,2308623000.0,2179458250.0,12593000.0,0.0,0.0,0.0,1322062000.0,321760000.0,1000302000.0,3416664784.0,-13632000.0,-144160000.0,111662000.0,-8835000.0,-7614000.0,93000000.0,-432377000.0,0.0,325745000.0,0.0,111011000.0,111011000.0,111011000.0,-906000.0,0.0,0.218,206811000.0,213604000.0,119907000.0,0.067,4.902,30.778,29.596,1780426000.0,0.0,26.34,6.711,6.422,128532000.0,13800000.0,509103000.0,509103000.0,29529000.0,0.06,0.178,0.098,0.421,37391000.0,33444000.0,1.0,129713925.0,124130000.0,129126000.0,4.101,2018985000.0,61677000.0,65880000.0,174817000.0,16.265,-113783000.0
63,RRC,MRT,2005-09-30,2005-09-30,2005-09-30,2021-07-26,-224796000.0,1970424000.0,1746415500.0,212684000.0,1757740000.0,0.27,4.382,-268110000.0,1388000.0,1388000.0,89686000.0,82872000.0,0.534,2.471,626673000.0,0.0,626673000.0,626673000.0,0.0,125071000.0,0.0,0.002,0.053,167824000.0,292895000.0,0.621,292895000.0,167824000.0,132144000.0,0.67,0.653,0.67,567656000.0,590176750.0,567656000.0,3942365708.0,23.0,13.46,17288000.0,0.133,1.0,382012000.0,0.81,0.0,35680000.0,2197107000.0,2107408250.0,14243000.0,0.0,0.0,0.0,1402768000.0,398602000.0,1004166000.0,3334807708.0,887000.0,-335196000.0,214754000.0,118540000.0,-6381000.0,323963000.0,-608474000.0,-5168000.0,285398000.0,0.0,82872000.0,79921000.0,79921000.0,0.0,0.0,0.169,214188000.0,167824000.0,101317000.0,0.079,5.875,41.726,38.418,1732840000.0,2951000.0,25.74,7.07,7.07,99953000.0,-26258000.0,471698000.0,471698000.0,28957000.0,0.046,0.135,0.08,0.356,20667000.0,27708000.0,1.0,129557409.0,129557409.0,,3.641,1970424000.0,96520000.0,49272000.0,141292000.0,15.209,-185918000.0
64,RRC,MRT,2005-06-30,2005-06-30,2005-06-30,2021-07-26,-82058000.0,1802678000.0,1564707250.0,122596000.0,1680082000.0,0.266,5.577,-220853000.0,4941000.0,4941000.0,82376000.0,71086000.0,0.612,1.641,612499000.0,0.0,612499000.0,612499000.0,0.0,118477000.0,0.0,0.003,0.047,145601000.0,264078000.0,0.635,264078000.0,145601000.0,112918000.0,0.6,0.577,0.6,682616000.0,550443250.0,682616000.0,2785684620.0,19.0,10.549,48342000.0,0.395,1.0,333746000.0,0.802,0.0,32683000.0,2209879000.0,1946418750.0,15903000.0,0.0,0.0,0.0,1120062000.0,200357000.0,919705000.0,2195034620.0,-2630000.0,-335600000.0,213956000.0,82040000.0,-5348000.0,286960000.0,-558785000.0,-2332000.0,269195000.0,0.0,71086000.0,67398000.0,67398000.0,0.0,0.0,0.162,188145000.0,145601000.0,68224000.0,0.078,3.216,32.568,29.889,1655662000.0,3688000.0,17.933,5.275,5.275,64862000.0,-49196000.0,416122000.0,416122000.0,25847000.0,0.043,0.122,0.075,0.35,20667000.0,23990000.0,1.0,122399700.0,122399700.0,,3.4,1802678000.0,36249000.0,41832000.0,151050000.0,14.728,-77761000.0
65,RRC,MRT,2005-03-31,2005-03-31,2005-03-31,2021-07-26,-90492000.0,1617154000.0,1418957750.0,134818000.0,1482336000.0,0.257,4.454,-194776000.0,18979000.0,18979000.0,73130000.0,57614000.0,0.656,1.972,609629000.0,0.0,609629000.0,609629000.0,0.0,110485000.0,0.0,0.003,0.04,118937000.0,229422000.0,0.628,229422000.0,118937000.0,91379000.0,0.507,0.487,0.507,544095000.0,482932750.0,544095000.0,2504513051.0,21.0,10.917,45772000.0,0.375,1.0,292004000.0,0.8,0.0,27558000.0,2002224000.0,1790256250.0,7691000.0,0.0,0.0,0.0,1073059000.0,205580000.0,867479000.0,1902334051.0,18066000.0,-452254000.0,250270000.0,184009000.0,-4285000.0,425569000.0,-648051000.0,-1021000.0,240548000.0,0.0,57614000.0,53189000.0,53189000.0,0.0,0.0,0.146,173067000.0,118937000.0,62323000.0,0.079,3.496,35.766,30.717,1458828000.0,4425000.0,15.573,5.21,5.21,63725000.0,-69224000.0,365134000.0,365134000.0,20923000.0,0.037,0.11,0.066,0.326,20667000.0,27104000.0,1.0,122153300.0,122153300.0,,2.989,1617154000.0,43702000.0,33765000.0,119109000.0,13.239,-70762000.0
66,RRC,MRT,2004-12-31,2004-12-31,2004-12-31,2021-07-26,-43301000.0,1595406000.0,1225249250.0,136336000.0,1459070000.0,0.262,5.433,-170797000.0,18382000.0,18382000.0,66812000.0,42231000.0,0.77,1.817,620561000.0,0.0,620561000.0,620561000.0,0.0,102971000.0,0.0,0.002,0.033,89895000.0,192866000.0,0.601,192866000.0,89895000.0,66776000.0,0.4,0.38,0.4,566340000.0,413784000.0,566340000.0,1924956348.0,21.0,9.981,38452000.0,0.369,1.0,253895000.0,0.792,0.0,23119000.0,2020423000.0,1556428000.0,9168000.0,0.0,0.0,0.0,1029066000.0,177162000.0,851904000.0,1421970348.0,17751000.0,-453504000.0,250460000.0,188512000.0,-3219000.0,432803000.0,-624301000.0,0.0,209249000.0,0.0,42231000.0,37068000.0,37068000.0,0.0,0.0,0.116,164000000.0,89895000.0,78723000.0,0.083,2.511,38.361,34.1,1439641000.0,5163000.0,13.64,4.434,4.434,81942000.0,-89597000.0,320707000.0,320707000.0,21219000.0,0.03,0.09,0.058,0.28,20667000.0,20634000.0,1.0,104250026.0,104250026.0,,3.076,1595406000.0,26310000.0,24545000.0,117713000.0,15.304,-40826000.0
67,RRC,MRT,2004-09-30,2004-09-30,2004-09-30,2021-07-26,-81215000.0,1243591000.0,1033920500.0,100405000.0,1143186000.0,0.269,3.931,-129963000.0,501000.0,501000.0,60026000.0,32321000.0,0.519,2.043,503487000.0,0.0,503487000.0,503487000.0,0.0,93435000.0,0.0,0.002,0.02,70544000.0,163979000.0,0.589,163979000.0,70544000.0,51323000.0,0.27,0.253,0.27,408722000.0,340715500.0,408722000.0,1730136734.0,25.0,10.551,50608000.0,0.487,1.0,218565000.0,0.785,0.0,19221000.0,1553149000.0,1321491250.0,13522000.0,0.0,0.0,0.0,834869000.0,193428000.0,641441000.0,1212285734.0,-1134000.0,-349997000.0,147344000.0,150030000.0,-1828000.0,292530000.0,-474235000.0,15476000.0,180571000.0,0.0,32321000.0,29371000.0,29371000.0,0.0,0.0,0.105,148021000.0,70544000.0,49205000.0,0.074,2.966,41.275,43.185,1124717000.0,2950000.0,11.66,4.351,4.351,51965000.0,-99799000.0,278591000.0,278591000.0,17555000.0,0.028,0.086,0.053,0.253,0.0,25643000.0,1.0,103969617.0,103969617.0,,2.68,1243591000.0,37084000.0,19002000.0,19425000.0,11.961,-93023000.0
68,RRC,MRT,2004-06-30,2004-06-30,2004-06-30,2021-07-26,-62838000.0,1219680000.0,907160000.0,106102000.0,1113578000.0,0.295,4.83,-109846000.0,7571000.0,7571000.0,53097000.0,36179000.0,0.697,1.956,525422000.0,0.0,525422000.0,525422000.0,0.0,88998000.0,0.0,0.001,0.013,76893000.0,165891000.0,0.619,165891000.0,76893000.0,56880000.0,0.357,0.333,0.357,412574000.0,309303000.0,412574000.0,1179104826.0,15.0,7.108,42368000.0,0.496,1.0,214858000.0,0.802,0.0,20013000.0,1585229000.0,1165379000.0,9191000.0,0.0,0.0,0.0,807106000.0,152302000.0,654804000.0,831406826.0,6262000.0,-347736000.0,147057000.0,163257000.0,-1134000.0,306902000.0,-452854000.0,12640000.0,152214000.0,0.0,36179000.0,33901000.0,33901000.0,0.0,0.0,0.127,137965000.0,76893000.0,38924000.0,0.036,2.015,24.525,27.264,1094469000.0,2278000.0,9.733,3.103,3.103,60384000.0,-111246000.0,267955000.0,267955000.0,16573000.0,0.037,0.11,0.066,0.287,0.0,25835000.0,1.0,85418510.0,85418510.0,,3.137,1219680000.0,32533000.0,20701000.0,18748000.0,14.279,-46200000.0
69,RRC,MRT,2004-03-31,2004-03-31,2004-03-31,2021-07-26,-57971000.0,842320000.0,788099250.0,80162000.0,762158000.0,0.322,3.147,-92883000.0,913000.0,913000.0,50534000.0,32581000.0,0.651,2.149,348611000.0,0.0,348611000.0,348611000.0,0.0,87830000.0,0.0,0.001,0.007,71633000.0,159463000.0,0.629,159463000.0,71633000.0,50867000.0,0.323,0.307,0.323,267500000.0,254455750.0,267500000.0,1045009775.0,15.0,6.553,47954000.0,0.564,1.0,202875000.0,0.801,0.0,20766000.0,1066911000.0,995277250.0,9774000.0,0.0,0.0,0.0,574820000.0,123107000.0,451713000.0,687460775.0,-475000.0,-101168000.0,4787000.0,42117000.0,-564000.0,44799000.0,-186111000.0,11329000.0,140837000.0,0.0,32581000.0,31040000.0,31040000.0,0.0,0.0,0.122,131242000.0,71633000.0,29056000.0,0.022,2.57,22.148,25.036,745173000.0,1541000.0,8.087,2.713,2.713,45935000.0,-118129000.0,253409000.0,253409000.0,15060000.0,0.039,0.122,0.072,0.283,0.0,21793000.0,1.0,85011638.0,85011638.0,,2.981,842320000.0,30159000.0,18286000.0,15374000.0,9.908,-42945000.0
70,RRC,MRT,2003-12-31,2003-12-31,2003-12-31,2021-07-26,-42852000.0,830091000.0,763095000.0,66092000.0,763999000.0,0.322,3.25,-93277000.0,631000.0,631000.0,49317000.0,35415000.0,0.618,2.029,358180000.0,0.0,358180000.0,358180000.0,0.0,86549000.0,0.0,0.0,0.0,76069000.0,162618000.0,0.662,162618000.0,76069000.0,53904000.0,0.37,0.36,0.37,274066000.0,238091500.0,274066000.0,808012776.0,11.0,4.969,31403000.0,0.372,1.0,196450000.0,0.799,0.0,22165000.0,1080676000.0,961269750.0,3329000.0,0.0,0.0,0.0,556025000.0,106964000.0,449061000.0,531191776.0,-703000.0,-103869000.0,2777000.0,59481000.0,0.0,61455000.0,-186838000.0,10308000.0,124680000.0,0.0,35415000.0,34612000.0,34612000.0,0.0,0.0,0.141,124872000.0,71578000.0,32105000.0,0.0,1.938,15.347,17.027,745688000.0,803000.0,6.3,2.161,2.161,42145000.0,-124011000.0,245767000.0,245767000.0,13946000.0,0.045,0.145,0.079,0.31,0.0,17818000.0,1.0,84316155.0,84316155.0,,2.915,830091000.0,19871000.0,18489000.0,10843000.0,9.845,-40872000.0
71,RRC,MRT,2003-09-30,2003-09-30,2003-09-30,2021-07-26,-28897000.0,736549000.0,720193250.0,63602000.0,672947000.0,0.32,3.37,-89224000.0,1635000.0,1635000.0,42819000.0,35675000.0,0.751,1.602,278456000.0,0.0,278456000.0,278456000.0,0.0,83812000.0,0.0,0.0,0.0,76475000.0,160287000.0,0.696,160287000.0,76475000.0,52374000.0,0.447,0.42,0.447,283072000.0,221102250.0,283072000.0,655370447.0,9.0,4.089,23816000.0,0.284,1.0,187446000.0,0.814,0.0,24101000.0,928700000.0,909387000.0,5564000.0,0.0,0.0,0.0,453477000.0,84670000.0,368807000.0,383058447.0,1172000.0,-34170000.0,2467000.0,-15497000.0,0.0,-13030000.0,-98838000.0,6428000.0,113040000.0,0.0,35675000.0,35610000.0,35610000.0,0.0,0.0,0.155,115462000.0,71984000.0,30465000.0,0.0,1.353,10.757,10.201,658589000.0,65000.0,4.56,1.664,1.664,50978000.0,-127342000.0,230265000.0,230265000.0,11041000.0,0.049,0.161,0.084,0.332,0.0,20609000.0,1.0,84004046.0,84004046.0,,2.741,736549000.0,14956000.0,16699000.0,12918000.0,8.768,-21068000.0
72,RRC,MRT,2003-06-30,2003-06-28,2003-06-28,2021-07-26,-51638000.0,743437000.0,695531250.0,73804000.0,669633000.0,0.296,2.318,-99986000.0,1309000.0,1309000.0,43023000.0,28160000.0,0.665,2.848,273621000.0,0.0,273621000.0,273621000.0,0.0,81659000.0,0.0,0.0,0.0,58465000.0,140124000.0,0.68,140124000.0,58465000.0,36224000.0,0.353,0.34,0.353,193185000.0,204730750.0,193185000.0,650706362.0,11.0,4.644,14845000.0,0.178,1.0,163051000.0,0.791,0.0,22241000.0,904822000.0,895095750.0,2301000.0,0.0,0.0,0.0,550252000.0,110927000.0,439325000.0,361773362.0,-2816000.0,-31519000.0,1609000.0,-13767000.0,0.0,-12158000.0,-105489000.0,10681000.0,114831000.0,0.0,28160000.0,28160000.0,28160000.0,0.0,0.0,0.137,109077000.0,53974000.0,26101000.0,0.0,1.873,12.847,12.295,653494000.0,0.0,4.34,1.756,1.756,55661000.0,-144014000.0,206074000.0,206074000.0,9222000.0,0.04,0.138,0.065,0.284,0.0,18196000.0,1.0,83357918.0,83357918.0,,2.472,743437000.0,25284000.0,8064000.0,1991000.0,8.919,-37123000.0
73,RRC,MRT,2003-03-31,2003-03-31,2003-03-31,2021-07-26,-36453000.0,742303000.0,669727500.0,75610000.0,666693000.0,0.302,2.434,-96709000.0,1388000.0,1388000.0,42495000.0,30879000.0,0.753,2.674,290321000.0,0.0,290321000.0,290321000.0,0.0,79687000.0,0.0,0.0,0.0,58062000.0,137749000.0,0.682,137749000.0,58062000.0,34722000.0,0.393,0.373,0.393,202043000.0,211594250.0,202043000.0,597853130.0,10.0,4.34,13101000.0,0.158,1.0,159581000.0,0.79,0.0,23340000.0,930881000.0,888590500.0,3474000.0,0.0,0.0,0.0,540260000.0,100355000.0,439905000.0,315986130.0,704000.0,-27778000.0,1128000.0,-6693000.0,0.0,-5565000.0,-103541000.0,12321000.0,109810000.0,0.0,30879000.0,30879000.0,30879000.0,0.0,0.0,0.153,106010000.0,53571000.0,29425000.0,0.0,1.564,10.233,9.686,646152000.0,0.0,3.807,1.564,1.564,66439000.0,-148605000.0,202076000.0,202076000.0,8707000.0,0.046,0.146,0.065,0.287,0.0,17616000.0,1.0,83008616.0,83008616.0,,2.434,742303000.0,19820000.0,3843000.0,2319000.0,8.942,-24745000.0
74,RRC,MRT,2002-12-31,2002-12-31,2002-12-31,2021-07-26,-21151000.0,658484000.0,645277250.0,50619000.0,607865000.0,0.297,2.509,-94375000.0,1334000.0,1334000.0,40443000.0,25766000.0,0.753,2.195,283201000.0,0.0,283201000.0,283201000.0,0.0,76820000.0,0.0,0.0,0.0,45561000.0,122381000.0,0.639,122381000.0,45561000.0,22408000.0,0.327,0.313,0.327,206109000.0,215138750.0,206109000.0,575197787.0,13.0,4.7,20097000.0,0.245,1.0,151146000.0,0.789,0.0,23153000.0,873145000.0,882089500.0,3084000.0,0.0,0.0,0.0,452375000.0,67206000.0,385169000.0,295754787.0,-2046000.0,-21790000.0,1004000.0,-13572000.0,0.0,-12568000.0,-103950000.0,12215000.0,114472000.0,0.0,25766000.0,25766000.0,25766000.0,0.0,0.0,0.134,105585000.0,45561000.0,27044000.0,0.0,1.435,11.478,11.009,582478000.0,0.0,3.6,1.544,1.544,51283000.0,-158059000.0,191589000.0,191589000.0,11525000.0,0.04,0.12,0.052,0.238,0.0,17240000.0,1.0,82154108.0,82154108.0,,2.332,658484000.0,15785000.0,-3358000.0,0.0,8.015,-16587000.0
75,RRC,MRT,2002-09-30,2002-09-30,2002-09-30,2021-07-26,-2662000.0,637901000.0,651271750.0,39084000.0,598817000.0,0.299,2.649,-91729000.0,463000.0,463000.0,44263000.0,-6683000.0,0.853,1.932,279906000.0,0.0,279906000.0,279906000.0,0.0,79835000.0,0.0,0.0,0.0,10094000.0,89929000.0,0.462,89929000.0,10094000.0,-13613000.0,-0.113,-0.087,-0.113,217586000.0,222516750.0,217586000.0,538161529.0,53.0,5.984,33909000.0,0.413,1.0,150484000.0,0.773,0.0,23707000.0,871535000.0,898421500.0,3939000.0,0.0,0.0,0.0,420315000.0,45809000.0,374506000.0,256295529.0,-4465000.0,-9491000.0,711000.0,-29277000.0,0.0,-28640000.0,-101463000.0,6303000.0,125638000.0,0.0,-6683000.0,-6684000.0,-6684000.0,0.0,0.0,-0.034,138744000.0,11740000.0,24559000.0,0.0,1.178,-38.345,-27.611,560741000.0,1000.0,3.12,1.316,1.316,56919000.0,-162952000.0,194747000.0,194747000.0,11452000.0,-0.01,-0.03,0.011,0.052,0.0,16372000.0,1.0,82146003.0,82146003.0,,2.371,637901000.0,8877000.0,-6930000.0,0.0,7.765,-6725000.0
76,RRC,MRT,2002-06-30,2002-06-30,2002-06-30,2021-07-26,9645000.0,640222000.0,676707750.0,48274000.0,591948000.0,0.289,2.693,-86857000.0,4125000.0,4125000.0,44356000.0,-7707000.0,1.115,1.902,285991000.0,0.0,285991000.0,285991000.0,0.0,78809000.0,0.0,0.0,0.0,13924000.0,92733000.0,0.474,92733000.0,13924000.0,-12215000.0,-0.12,-0.1,-0.12,220639000.0,234833250.0,220639000.0,606292706.0,44.0,6.538,34124000.0,0.417,1.0,151147000.0,0.773,0.0,26139000.0,878801000.0,934119000.0,3091000.0,0.0,0.0,0.0,419583000.0,43287000.0,376296000.0,305849706.0,1169000.0,-9491000.0,1488000.0,-22271000.0,0.0,-20858000.0,-98954000.0,2077000.0,120981000.0,0.0,-7707000.0,-7685000.0,-7685000.0,0.0,0.0,-0.039,135896000.0,15251000.0,22976000.0,0.0,1.386,-39.798,-31.111,549027000.0,-22000.0,3.733,1.564,1.564,63024000.0,-172174000.0,195503000.0,195503000.0,10877000.0,-0.011,-0.033,0.015,0.071,-548000.0,15125000.0,1.0,81924028.0,81924028.0,,2.386,640222000.0,0.0,-4508000.0,0.0,7.815,4987000.0
77,RRC,MRT,2002-03-31,2002-03-31,2002-03-31,2021-07-26,18110000.0,644502000.0,694694000.0,48811000.0,595691000.0,0.293,2.728,-86487000.0,684000.0,684000.0,43572000.0,1951000.0,1.222,1.981,301000000.0,0.0,301000000.0,301000000.0,0.0,77864000.0,0.0,0.0,0.0,26878000.0,104742000.0,0.514,104742000.0,26878000.0,-851000.0,0.013,0.033,0.013,216221000.0,179675500.0,216221000.0,573486766.0,21.0,5.475,32229000.0,0.407,1.0,160224000.0,0.786,0.0,27729000.0,904877000.0,961157500.0,4580000.0,0.0,0.0,0.0,428281000.0,39941000.0,388340000.0,274248766.0,-967000.0,-9491000.0,1173000.0,-23058000.0,0.0,-21964000.0,-97719000.0,28000.0,118716000.0,0.0,1951000.0,1973000.0,1973000.0,0.0,0.0,0.01,133629000.0,26595000.0,21429000.0,0.0,1.268,139.001,266.154,549637000.0,-22000.0,3.46,1.346,1.346,66876000.0,-179483000.0,203796000.0,203796000.0,10067000.0,0.003,0.011,0.028,0.132,20000.0,14613000.0,1.0,79262649.0,79262649.0,,2.571,644502000.0,0.0,-2802000.0,0.0,8.131,8870000.0
78,RRC,MRT,2001-12-31,2001-12-31,2001-12-31,2021-07-26,45523000.0,682462000.0,702687500.0,77735000.0,604727000.0,0.318,3.023,-80848000.0,3380000.0,3380000.0,47191000.0,17663000.0,1.804,1.896,302491000.0,0.0,302491000.0,302491000.0,0.0,77573000.0,0.0,0.0,0.0,49436000.0,127009000.0,0.569,127009000.0,49436000.0,17257000.0,0.24,0.24,0.24,235621000.0,169456500.0,235621000.0,550954178.0,11.0,4.338,49724000.0,0.638,1.0,176185000.0,0.789,0.0,32179000.0,938473000.0,969430000.0,4895000.0,0.0,0.0,0.0,446841000.0,43100000.0,403741000.0,236414178.0,768000.0,-9491000.0,1488000.0,-52046000.0,0.0,-50641000.0,-79163000.0,7405000.0,130572000.0,0.0,17663000.0,18209000.0,18209000.0,0.0,0.0,0.082,126749000.0,49436000.0,27202000.0,0.0,1.003,12.983,12.639,551537000.0,-546000.0,3.033,1.058,1.058,66697000.0,-183825000.0,223376000.0,223376000.0,5879000.0,0.026,0.107,0.051,0.221,0.0,12212000.0,1.0,77938740.0,77938740.0,,2.866,682462000.0,0.0,-406000.0,4496000.0,8.756,34635000.0
79,RRC,MRT,2001-09-30,2001-09-30,2001-09-30,2021-07-26,32420000.0,739645000.0,700028500.0,88393000.0,651252000.0,0.328,3.46,-76660000.0,4801000.0,4801000.0,46683000.0,61025000.0,2.218,1.772,319341000.0,0.0,319341000.0,319341000.0,0.0,69080000.0,0.0,0.0,0.0,98757000.0,167837000.0,0.731,167837000.0,98757000.0,63094000.0,0.893,0.587,0.893,266852000.0,150537250.0,266852000.0,563437681.0,6.0,3.357,44723000.0,0.58,1.0,182844000.0,0.797,0.0,35663000.0,1014325000.0,980174750.0,3629000.0,0.0,0.0,0.0,472793000.0,39860000.0,432933000.0,244210681.0,3285000.0,0.0,1788000.0,-56659000.0,0.0,-54890000.0,-63208000.0,10685000.0,121383000.0,0.0,61025000.0,65460000.0,65460000.0,0.0,0.0,0.285,89435000.0,93409000.0,16298000.0,0.0,0.915,3.731,3.546,601041000.0,-4435000.0,3.167,1.064,1.064,73799000.0,-138291000.0,229527000.0,229527000.0,4593000.0,0.094,0.435,0.101,0.43,0.0,15762000.0,1.0,77119162.0,77119162.0,,2.976,739645000.0,0.0,2069000.0,23302000.0,9.591,48533000.0
80,RRC,MRT,2001-06-30,2001-06-30,2001-06-30,2021-07-26,17406000.0,712167000.0,686992250.0,88925000.0,623242000.0,0.323,0.0,-67374000.0,2829000.0,2829000.0,45801000.0,60583000.0,2.001,89019.875,322056000.0,14000.0,322042000.0,322056000.0,0.0,67815000.0,0.0,0.0,0.0,97072000.0,164887000.0,0.742,164887000.0,97072000.0,60052000.0,0.913,0.613,0.913,8000.0,124417000.0,8000.0,639011064.0,7.0,3.875,52287000.0,0.686,1.0,176402000.0,0.794,0.0,37020000.0,986955000.0,983916750.0,3759000.0,0.0,0.0,0.0,712159000.0,44439000.0,667720000.0,304775064.0,2679000.0,0.0,2457000.0,-72815000.0,0.0,-70825000.0,-46157000.0,17160000.0,119661000.0,0.0,60583000.0,64995000.0,64995000.0,0.0,0.0,0.293,88620000.0,87782000.0,23382000.0,0.0,38096.883,4.689,4.381,588808000.0,-4412000.0,4.0,1.372,1.372,83159000.0,-144979000.0,222203000.0,222203000.0,4212000.0,0.095,0.522,0.099,0.437,548000.0,16594000.0,1.0,76193766.0,76193766.0,,2.916,712167000.0,0.0,-531000.0,11615000.0,9.347,44486000.0
81,RRC,MRT,2001-03-31,2001-03-31,2001-03-31,2021-07-26,-32027000.0,676476000.0,684060250.0,51630000.0,624846000.0,0.3,2.315,-56989000.0,1524000.0,1524000.0,44733000.0,52350000.0,0.71,2.858,335760000.0,14000.0,335746000.0,335760000.0,0.0,66671000.0,0.0,0.0,0.0,90201000.0,156872000.0,0.765,156872000.0,90201000.0,50777000.0,0.84,0.547,0.84,175345000.0,161390000.0,175345000.0,640682483.0,7.0,4.084,47739000.0,0.63,1.0,160361000.0,0.782,0.0,39424000.0,937967000.0,1004827000.0,3977000.0,0.0,0.0,0.0,501131000.0,72745000.0,428386000.0,277694483.0,-2538000.0,0.0,1905000.0,-97813000.0,0.0,-96836000.0,-10430000.0,21405000.0,104728000.0,0.0,52350000.0,56762000.0,56762000.0,0.0,0.0,0.277,84822000.0,75539000.0,21939000.0,0.0,1.584,4.892,4.365,589700000.0,-4412000.0,3.667,1.354,1.354,75883000.0,-159714000.0,205094000.0,205094000.0,3391000.0,0.083,0.352,0.09,0.44,-20000.0,14760000.0,1.0,75734859.0,75734859.0,,2.708,676476000.0,0.0,-1573000.0,0.0,8.932,-21115000.0
82,RRC,MRT,2000-12-31,2000-12-31,2000-12-31,2021-07-26,-639000.0,671826000.0,696744750.0,62886000.0,608940000.0,0.265,2.291,-49737000.0,2612000.0,2612000.0,42526000.0,36578000.0,1.182,3.2,365459000.0,0.0,365459000.0,365459000.0,0.0,66968000.0,0.0,0.0,0.0,74957000.0,141925000.0,0.768,141925000.0,74957000.0,35004000.0,0.647,0.36,0.647,159944000.0,151094750.0,159944000.0,703972802.0,9.0,4.96,25142000.0,0.36,1.0,142302000.0,0.77,0.0,39953000.0,981452000.0,1054341750.0,6196000.0,0.0,0.0,0.0,511882000.0,53221000.0,458661000.0,319962802.0,-10392000.0,0.0,1798000.0,-79611000.0,0.0,-79257000.0,-6014000.0,17779000.0,74879000.0,0.0,36578000.0,40990000.0,40990000.0,0.0,0.0,0.222,85108000.0,57194000.0,27823000.0,0.0,2.0,7.806,7.084,574427000.0,-4412000.0,4.583,1.731,1.731,82206000.0,-201478000.0,184828000.0,184828000.0,3187000.0,0.059,0.271,0.071,0.406,0.0,14953000.0,1.0,69810066.0,69810066.0,,2.648,671826000.0,0.0,-1574000.0,0.0,9.624,9665000.0
83,RRC,MRT,2000-09-30,2000-09-30,2000-09-30,2021-07-26,-1045000.0,687500000.0,716880250.0,50536000.0,636964000.0,0.224,2.48,-33599000.0,1576000.0,1576000.0,43250000.0,-4424000.0,1.197,3.234,385586000.0,14000.0,385572000.0,385586000.0,0.0,75636000.0,0.0,0.0,0.0,34612000.0,110248000.0,0.686,110248000.0,34612000.0,-6133000.0,-0.113,-0.113,-0.113,162371000.0,142901500.0,162371000.0,621245707.0,18.0,5.635,37493000.0,0.573,1.0,117547000.0,0.731,0.0,40745000.0,1029293000.0,1095148000.0,6014000.0,0.0,0.0,0.0,525129000.0,42217000.0,482912000.0,210115707.0,-9713000.0,-15650000.0,2514000.0,-74007000.0,1000.0,-73510000.0,-7295000.0,16837000.0,71092000.0,0.0,-4424000.0,-4424000.0,-4424000.0,0.0,0.0,-0.028,97711000.0,19836000.0,21114000.0,0.0,1.294,-47.495,-28.395,591887000.0,0.0,3.209,1.307,1.307,80645000.0,-195292000.0,160797000.0,160797000.0,2956000.0,-0.006,-0.031,0.032,0.215,2217000.0,10206000.0,1.0,65483806.0,65483806.0,,2.456,687500000.0,0.0,-1709000.0,0.0,10.499,8319000.0
84,RRC,MRT,2000-06-30,2000-06-30,2000-06-30,2021-07-26,0.0,700439000.0,738951500.0,58529000.0,641910000.0,0.267,2.465,-7426000.0,210000.0,210000.0,45168000.0,542000.0,1.428,3.736,411340000.0,14000.0,411326000.0,411340000.0,0.0,76980000.0,0.0,0.003,0.007,43286000.0,120266000.0,0.61,120266000.0,43286000.0,49000.0,-0.02,-0.02,-0.02,147900000.0,136581250.0,147900000.0,573718222.0,13.0,4.77,42502000.0,0.708,1.0,151905000.0,0.771,0.0,43237000.0,1070596000.0,1133582000.0,8450000.0,0.0,0.0,0.0,552539000.0,40973000.0,511566000.0,125025222.0,-15547000.0,94516000.0,1812000.0,-187307000.0,-374000.0,-188021000.0,122546000.0,12538000.0,49928000.0,0.0,542000.0,542000.0,542000.0,0.0,0.0,0.003,119134000.0,32771000.0,13100000.0,-0.35,0.845,230.674,-104.167,592274000.0,0.0,2.083,0.634,0.634,86962000.0,-202599000.0,197073000.0,197073000.0,2466000.0,0.001,0.004,0.038,0.22,2217000.0,9785000.0,1.0,60012106.0,60012106.0,,3.284,700439000.0,0.0,-493000.0,0.0,11.672,17556000.0
85,RRC,MRT,2000-03-31,2000-03-31,2000-03-31,2021-07-26,-4000.0,727214000.0,787761000.0,,,0.251,2.245,-6638000.0,0.0,0.0,47194000.0,-10280000.0,,4.42,448693000.0,7014000.0,441679000.0,448693000.0,0.0,79574000.0,0.0,0.009,0.013,35692000.0,115266000.0,0.582,115266000.0,35692000.0,-9630000.0,-0.267,-0.267,-0.267,134164000.0,131098750.0,134164000.0,530632255.0,15.0,4.604,45850000.0,0.767,1.0,150739000.0,0.762,0.0,45322000.0,1136026000.0,1209739000.0,5537000.0,1430000.0,,,593050000.0,39881000.0,553169000.0,84675255.0,-8491000.0,94426000.0,2323000.0,-160612000.0,-745000.0,-161304000.0,100325000.0,11443000.0,52488000.0,0.0,-10280000.0,-10280000.0,-10280000.0,0.0,0.0,-0.052,121010000.0,29729000.0,14375000.0,-0.049,0.631,-8.237,-5.306,606389000.0,0.0,1.417,0.428,0.428,82447000.0,-210869000.0,197933000.0,197933000.0,2357000.0,-0.013,-0.078,0.03,0.18,2217000.0,9177000.0,1.0,59770768.0,59770768.0,,3.312,727214000.0,0.0,650000.0,0.0,12.167,
86,RRC,MRT,1999-12-31,1999-12-31,1999-12-31,2021-07-26,-7000.0,752368000.0,832338000.0,75873000.0,676495000.0,0.232,2.253,-8273000.0,12937000.0,12937000.0,49463000.0,-23542000.0,1.414,4.916,458894000.0,5014000.0,453880000.0,458894000.0,0.0,80598000.0,0.0,0.009,0.02,24313000.0,104911000.0,0.543,104911000.0,24313000.0,-22772000.0,-0.473,-0.473,-0.473,127171000.0,128779250.0,127171000.0,578487698.0,24.0,5.514,41914000.0,0.742,1.0,143584000.0,0.744,0.0,47085000.0,1144677000.0,1276374500.0,9130000.0,0.0,0.0,0.0,625197000.0,53648000.0,571549000.0,119982698.0,1983000.0,98715000.0,2126000.0,-145129000.0,-1107000.0,-146444000.0,98240000.0,7798000.0,50187000.0,0.0,-23542000.0,-23542000.0,-23542000.0,0.0,0.0,-0.122,121701000.0,21883000.0,23925000.0,-0.042,0.943,-5.097,-4.493,615568000.0,0.0,2.125,0.622,0.622,87059000.0,-214630000.0,193047000.0,193047000.0,2409000.0,-0.028,-0.183,0.019,0.126,2217000.0,8793000.0,1.0,56453590.0,56453590.0,,3.42,752368000.0,0.0,770000.0,0.0,13.327,22225000.0
87,RRC,MRT,1999-09-30,1999-09-30,1999-09-30,2021-07-26,977000.0,775785000.0,874649000.0,80904000.0,694881000.0,0.236,2.433,-1767000.0,11289000.0,11289000.0,50022000.0,-108412000.0,1.578,4.659,469794000.0,29000.0,469765000.0,469794000.0,0.0,78490000.0,0.0,0.012,0.04,-78476000.0,14000.0,0.0,14000.0,-78476000.0,-126594000.0,-2.647,-2.647,-2.647,137090000.0,130292000.0,137090000.0,769449727.0,-10.0,54960.695,33374000.0,0.592,1.0,156334000.0,0.758,0.0,48118000.0,1183029000.0,1340556500.0,9562000.0,3219000.0,3219000.0,0.0,638695000.0,51261000.0,587434000.0,185509727.0,1596000.0,104078000.0,1300000.0,-128556000.0,-2118000.0,-131707000.0,98162000.0,-4149000.0,35141000.0,0.0,-108412000.0,-108412000.0,-108412000.0,0.0,0.0,-0.525,229244000.0,-72910000.0,26847000.0,-0.015,1.353,-1.711,-1.244,628265000.0,0.0,3.292,0.899,0.899,95230000.0,-204600000.0,206356000.0,206356000.0,8567000.0,-0.124,-0.832,-0.059,-0.38,0.0,8785000.0,1.0,56351679.0,56351679.0,,3.662,775785000.0,0.0,-18182000.0,0.0,13.767,29643000.0
88,RRC,MRT,1999-06-30,1999-06-30,1999-06-30,2021-07-26,1783000.0,895677000.0,939730500.0,110456000.0,785221000.0,0.171,2.283,-29520000.0,15757000.0,15757000.0,48020000.0,-188041000.0,1.058,6.11,599697000.0,52052000.0,547645000.0,599697000.0,0.0,74328000.0,0.0,0.008,0.033,-196542000.0,-122214000.0,-0.76,-122214000.0,-196542000.0,-243529000.0,-4.58,-4.58,-4.58,125970000.0,154663250.0,125970000.0,825460789.0,-4.0,-6.754,1219000.0,0.022,1.0,112776000.0,0.701,0.0,46987000.0,1375224000.0,1436975500.0,5289000.0,4422000.0,4422000.0,0.0,769707000.0,104393000.0,665314000.0,225329789.0,2231000.0,-53334000.0,-488000.0,66448000.0,-2928000.0,60698000.0,-89206000.0,-6352000.0,30739000.0,0.0,-188041000.0,-188041000.0,-188041000.0,0.0,0.0,-1.169,303752000.0,-190976000.0,21987000.0,-0.007,1.789,-1.198,-0.892,714031000.0,0.0,4.083,1.401,1.401,99935000.0,-216364000.0,160796000.0,160796000.0,10196000.0,-0.2,-1.216,-0.137,-1.222,0.0,8942000.0,1.0,55182806.0,55182806.0,,2.914,895677000.0,0.0,-55488000.0,0.0,16.231,6063000.0
89,RRC,MRT,1999-03-31,1999-03-31,1999-03-31,2021-07-26,868000.0,905522000.0,921557250.0,104593000.0,800929000.0,0.164,2.295,-52323000.0,12613000.0,12613000.0,43377000.0,-186898000.0,1.015,6.251,612744000.0,55193000.0,557551000.0,612744000.0,0.0,67085000.0,0.0,0.02,0.047,-198902000.0,-131817000.0,-0.874,-131817000.0,-198902000.0,-242910000.0,-4.533,-4.533,-4.533,124886000.0,172107500.0,124886000.0,723164186.0,-4.0,-5.486,-18591000.0,-0.342,1.0,107496000.0,0.712,0.0,44008000.0,1402568000.0,1391503750.0,4534000.0,3661000.0,3661000.0,0.0,780636000.0,103085000.0,677551000.0,126956186.0,5356000.0,-53233000.0,-1310000.0,93149000.0,-3232000.0,86273000.0,-114649000.0,-9093000.0,33732000.0,0.0,-186898000.0,-186898000.0,-186898000.0,0.0,0.0,-1.239,298402000.0,-190906000.0,21152000.0,-0.01,1.017,-0.679,-0.515,725474000.0,0.0,2.333,0.841,0.841,100838000.0,-212377000.0,150873000.0,150873000.0,11782000.0,-0.203,-1.086,-0.143,-1.318,0.0,9259000.0,1.0,54409794.0,54409794.0,,2.773,905522000.0,0.0,-56012000.0,0.0,16.643,1508000.0
90,RRC,MRT,1998-12-31,1998-12-31,1998-12-31,2021-07-26,292000.0,921612000.0,895239750.0,106931000.0,814681000.0,0.166,2.512,-122050000.0,10954000.0,10954000.0,39001000.0,-175150000.0,0.919,5.918,607162000.0,55187000.0,551975000.0,607162000.0,0.0,60153000.0,0.0,0.026,0.06,-188976000.0,-128823000.0,-0.865,-128823000.0,-188976000.0,-229618000.0,-4.547,-4.547,-4.547,133222000.0,190650500.0,133222000.0,713830788.0,-4.0,-5.541,-77028000.0,-1.453,1.0,109928000.0,0.738,0.0,40642000.0,1401405000.0,1333069250.0,3373000.0,3258000.0,3258000.0,0.0,788390000.0,116415000.0,671975000.0,121533788.0,1229000.0,-41170000.0,-1021000.0,135375000.0,-3500000.0,128520000.0,-172313000.0,-9093000.0,45022000.0,0.0,-175150000.0,-175150000.0,-175150000.0,0.0,0.0,-1.176,290908000.0,-180980000.0,28163000.0,-0.013,0.912,-0.694,-0.504,736424000.0,0.0,2.292,0.816,0.816,107556000.0,-203396000.0,148929000.0,148929000.0,11265000.0,-0.196,-0.919,-0.142,-1.269,0.0,9215000.0,1.0,53025213.0,53025213.0,,2.809,921612000.0,0.0,-54468000.0,0.0,17.381,-9484000.0
91,RRC,MRT,1998-09-30,1998-09-30,1998-09-30,2021-07-26,-3716000.0,1036111000.0,854545000.0,54584000.0,981527000.0,0.17,7.348,-196870000.0,9693000.0,9693000.0,34679000.0,-100154000.0,0.914,3.417,601990000.0,19000.0,601971000.0,601990000.0,0.0,56736000.0,0.0,0.013,0.06,-116166000.0,-59430000.0,-0.409,-59430000.0,-116166000.0,-153916000.0,-2.913,-2.893,-2.913,234575000.0,206582500.0,234575000.0,570346199.0,-5.0,-9.597,-131431000.0,-4.117,1.0,110536000.0,0.761,0.0,37750000.0,1568705000.0,1249393250.0,5802000.0,1956000.0,1956000.0,0.0,801536000.0,59703000.0,741833000.0,151646199.0,-1542000.0,12091000.0,-455000.0,7699000.0,-3111000.0,117798000.0,-184779000.0,0.0,65439000.0,0.0,-100154000.0,-100154000.0,-100154000.0,0.0,0.0,-0.69,226702000.0,-116166000.0,32070000.0,-0.021,0.646,-1.514,-1.631,900426000.0,0.0,4.75,1.044,1.044,106541000.0,-91738000.0,145215000.0,145215000.0,5423000.0,-0.117,-0.485,-0.093,-0.8,0.0,7980000.0,1.0,31925516.0,31925516.0,,4.549,1036111000.0,0.0,-53762000.0,19862000.0,32.454,-5119000.0
92,RRC,MRT,1998-06-30,1998-06-30,1998-06-30,2021-07-26,-1579000.0,822984000.0,,45419000.0,777565000.0,,5.9,-286263000.0,13526000.0,13526000.0,32240000.0,-30438000.0,0.939,3.204,432226000.0,26000.0,432200000.0,432226000.0,0.0,55505000.0,0.0,0.011,0.08,-12560000.0,42945000.0,0.297,42945000.0,-12560000.0,-46658000.0,-1.127,-1.107,-1.127,195747000.0,,195747000.0,638609583.0,-51.0,14.87,-221031000.0,-6.662,1.0,112509000.0,0.777,0.0,34098000.0,1193337000.0,,1919000.0,4051000.0,4051000.0,0.0,627237000.0,48347000.0,578890000.0,230933583.0,209000.0,63173000.0,2046000.0,44891000.0,-2535000.0,158067000.0,-223090000.0,0.0,65232000.0,0.0,-30438000.0,-30438000.0,-30438000.0,0.0,0.0,-0.21,125069000.0,-12560000.0,24253000.0,-0.071,1.18,-7.587,-6.176,768671000.0,0.0,6.96,1.595,1.595,25923000.0,-23069000.0,144749000.0,144749000.0,3781000.0,,,,-0.087,0.0,7093000.0,1.0,33180112.0,33180112.0,,4.363,822984000.0,0.0,-16220000.0,26690000.0,24.804,-2928000.0
93,RRC,MRT,1998-03-31,1998-03-31,1998-03-31,2021-07-26,566000.0,800252000.0,,40728000.0,759524000.0,,6.269,-271804000.0,7257000.0,7257000.0,32817000.0,-27126000.0,1.042,3.02,414933000.0,28000.0,414905000.0,414933000.0,0.0,54954000.0,0.0,0.007,0.073,-9203000.0,45751000.0,0.315,45751000.0,-9203000.0,-41152000.0,-1.02,-1.0,-1.02,199058000.0,,199058000.0,704122913.0,-77.0,15.39,-202260000.0,-6.37,1.0,112440000.0,0.774,0.0,31949000.0,1168830000.0,,1975000.0,8393000.0,8393000.0,0.0,601194000.0,39098000.0,562096000.0,346722913.0,-1158000.0,63328000.0,2291000.0,24082000.0,-2264000.0,137774000.0,-208476000.0,0.0,69544000.0,0.0,-27126000.0,-27126000.0,-27126000.0,0.0,0.0,-0.187,121643000.0,-9203000.0,19645000.0,-0.072,1.742,-12.782,-10.706,750695000.0,0.0,10.92,2.387,2.387,23103000.0,-20857000.0,145257000.0,145257000.0,1941000.0,,,,-0.063,0.0,6048000.0,1.0,31751182.0,31751182.0,,4.575,800252000.0,0.0,-14026000.0,27191000.0,25.204,1630000.0
94,RRC,MRT,1997-12-31,1997-12-31,1997-12-31,2021-07-26,370000.0,758833000.0,520690000.0,47481000.0,711352000.0,0.279,6.203,-557204000.0,9725000.0,9725000.0,31481000.0,-23332000.0,0.959,2.853,367125000.0,413000.0,366712000.0,367125000.0,0.0,55407000.0,0.0,0.006,0.067,-7988000.0,47419000.0,0.326,47419000.0,-7988000.0,-35163000.0,-0.873,-0.873,-0.873,196950000.0,157239500.0,196950000.0,,,,-480138000.0,-15.122,1.0,113936000.0,0.784,0.0,27175000.0,1066701000.0,717561000.0,2779000.0,5777000.0,5777000.0,0.0,561883000.0,49532000.0,512351000.0,343971144.0,1100000.0,56070000.0,67541000.0,245999000.0,-2037000.0,425168000.0,-501134000.0,0.0,77066000.0,0.0,-23332000.0,-23332000.0,-23332000.0,0.0,0.0,-0.16,121924000.0,-7988000.0,26878000.0,-0.077,1.746,-14.742,-12.409,699981000.0,0.0,10.833,2.365,2.365,29200000.0,-22412000.0,145417000.0,145417000.0,2527000.0,-0.045,-0.148,-0.011,-0.055,0.0,5290000.0,1.0,31751182.0,31751182.0,,4.58,758833000.0,0.0,-11831000.0,25639000.0,23.899,-2051000.0
95,RRC,MRT,1997-09-30,1997-09-30,1997-09-30,2021-07-26,,,,,,,,,,,,,,,,,,,,,,0.005,0.06,,,,,,,,,,,,,,,,,,1.0,,,,,,,,,,,,,,,,,,,,,,,,,,,,,,,,,,,,,,,,12.873,,,,,,,,,,,,,,1.0,,,,,,,,,,
96,RRC,MRT,1997-06-30,1997-06-30,1997-06-30,2021-07-26,,,,,,,,,,,,,,,,,,,,,,0.004,0.053,,,,,,,,,,,,,,,,,,1.0,,,,,,,,,,,,,,,,,,,,,,,,,,,,,,,,,,,,,,,,11.833,,,,,,,,,,,,,,1.0,,,,,,,,,,
97,RRC,MRT,1997-03-31,1997-03-31,1997-03-31,2021-07-26,,,,,,,,,,,,,,,,,,,,,,0.004,0.047,,,,,,,,,,,,,,,,,,1.0,,,,,,,,,,,,,,,,,,,,,,,,,,,,,,,,,,,,,,,,12.667,,,,,,,,,,,,,,1.0,,,,,,,,,,
98,RRC,MRT,1996-12-31,1996-12-31,1996-12-31,2021-07-26,692000.0,282547000.0,,35203000.0,247344000.0,,,-60387000.0,8625000.0,8625000.0,20676000.0,12615000.0,1.578,1.404,116806000.0,26000.0,116780000.0,116806000.0,0.0,22303000.0,0.0,0.004,0.04,26936000.0,49239000.0,0.654,49239000.0,26936000.0,19449000.0,0.473,0.46,0.473,117529000.0,,117529000.0,,,,-21942000.0,,1.0,54665000.0,0.726,0.0,7487000.0,368421000.0,,799000.0,7658000.0,7658000.0,0.0,165018000.0,22307000.0,142711000.0,,5578000.0,-9279000.0,8177000.0,31933000.0,-857000.0,36799000.0,-69666000.0,0.0,38445000.0,0.0,12615000.0,12615000.0,12615000.0,0.0,0.0,0.167,27729000.0,26936000.0,14433000.0,0.085,,,24.144,245559000.0,0.0,11.42,,,18121000.0,5291000.0,75341000.0,75341000.0,1460000.0,,,,0.358,0.0,3966000.0,1.0,,,,,282547000.0,0.0,6834000.0,25931000.0,,12896000.0
99,RRC,MRT,1995-12-31,1995-12-31,1995-12-31,2021-07-26,,,,,,,,-79094000.0,,,12151000.0,4390000.0,,,,,,,,14863000.0,,0.001,0.007,11756000.0,26619000.0,0.634,26619000.0,11756000.0,6172000.0,0.207,0.207,0.207,,,,,,,-62533000.0,,1.0,29867000.0,0.711,,5584000.0,,,,,,,,,,,-1850000.0,2981000.0,10258000.0,20496000.0,-128000.0,57702000.0,-76113000.0,0.0,16561000.0,0.0,4390000.0,4390000.0,4390000.0,0.0,0.0,0.104,18111000.0,11756000.0,,0.034,,,31.401,,0.0,6.5,,,,,42018000.0,42018000.0,512000.0,,,,0.28,0.0,2736000.0,1.0,,,,,,,1782000.0,,,
